2476 3921
9 1190 10 1212 1
20 1180 79 1213 Ratio
94 1181 137 1203 odii

9 1213 10 1230 l
37 1214 110 1237 prima.

6 1447 8 1484 J
34 1437 135 1469 Secunda.

748 234 942 267 COMMENT.
966 233 1003 266 IN
1029 233 1268 266 EVANGELIUM
1292 234 1409 267 LUCAE
1434 235 1465 267 C.
1491 235 1565 268 xxi.

161 329 263 359 mater
286 324 368 363 eius,
385 323 543 366 genitores
570 323 656 363 eius,
681 331 753 356 cum
778 322 1016 365 prophetaverit
1032 335 1063 354 n.
1090 322 1125 354 Et

161 379 238 412 haec
261 377 387 420 quidem
405 376 567 409 tribulatio
584 376 673 409 valde
688 379 736 409 est
751 375 849 415 dura;
867 375 952 408 unde
967 375 1075 408 Glossa
1088 376 1099 394 ¹
1116 387 1122 407 :

167 445 182 461 a
197 430 295 464 Maius
319 433 511 463 tormentum
536 432 600 469 est,
625 438 698 462 cum
722 429 838 471 aliquis
854 428 971 461 abillis
987 428 1123 471 patitur,

160 485 199 518 de
221 483 338 527 quibus
361 482 603 526 praesumebat,
635 482 711 525 quia
742 491 814 515 cum
842 482 957 515 damno
981 481 1124 524 corporis

160 537 242 571 mala
271 536 415 570 cruciant
445 536 577 569 amissae
610 536 749 569 caritatis
764 548 796 567 ».
821 535 858 568 Et
881 535 950 568 ideo
974 534 1123 567 ieremiae

160 591 289 624 non02:
319 603 335 619 «
351 589 576 632 Unusquisque
599 598 618 622 a
641 588 789 631 proximo
805 597 839 621 se
855 587 1012 621 custodiat
1036 590 1067 620 et
1091 587 1121 620 in

160 643 245 676 omni
275 643 375 675 fratre
406 651 464 675 suo
496 651 559 674 non
591 642 706 675 habeat
729 641 896 680 fiduciam,
921 641 997 683 quia
1019 640 1123 673 omnis

159 696 257 729 frater
291 695 497 737 supplantans
532 695 764 737 supplantabit,
801 698 832 727 et
866 694 970 727 omnis
1000 694 1122 726 amicus

159 748 376 781 fraudulenter
400 748 531 781 incedet.
558 748 593 780 Et
616 748 666 781 vir
689 748 820 781 fratrem
838 757 932 781 suum
949 747 1121 787 deridebit,

159 805 190 835 et
212 801 376 834 veritatem
400 810 462 834 non
486 802 658 844 loquentur
674 815 705 834 n.
725 821 765 825 -
784 802 820 834 Et
836 801 911 844 quia
931 802 991 834 1100
1014 801 1135 834 odium·

159 854 219 887 erit
242 854 432 896 pessimum,
464 854 533 887 ideo
564 854 691 888 subdit:
717 856 758 887 Et
780 858 885 887 morte
908 854 1051 898 afficient
1081 864 1121 886 ex

158 906 267 946 vobis,
292 910 322 940 ec
343 907 439 940 eritis
470 907 545 940 odz'o
569 908 724 941 omuibus
747 907 963 941 hominibus3
983 911 1121 950 propter

157 970 275 994 nomen
297 970 407 993 meum
415 973 428 1000 ‚·
452 961 599 995 ieremiae
622 962 745 995 decimo
761 962 889 1004 quinto:
912 975 928 990 «
944 961 1007 994 Vae
1024 960 1119 994 mihil

158 1017 260 1048 mater
283 1024 370 1055 mea;
395 1024 495 1058 quare
518 1004 653 1058 genuisti
678 1024 727 1048 me
751 1016 857 1048 virum
881 1015 990 1053 rixae,
1015 1014 1120 1047 virum

157 1067 330 1101 discordiae
341 1068 373 1101 in
386 1068 536 1101 universa
550 1071 656 1101 terra?
668 1068 785 1101 Omnes
798 1067 989 1101 maledicunt
1001 1066 1078 1099 mihi
1087 1080 1118 1098 ι».

246 1122 298 1154 25.
323 1121 411 1154 Ratio
434 1125 539 1155 autem
564 1121 626 1154 odii
651 1121 748 1154 huius
776 1124 823 1154 est
855 1121 993 1163 duplex:
1018 1120 1121 1162 prima

155 1177 203 1208 est
225 1174 397 1208 discordia
420 1175 640 1208 voluntatum.
666 1174 736 1207 ideo
753 1174 875 1207 loannis
890 1173 1010 1207 decimo
1027 1174 1119 1216 quin-

155 1228 233 1260 t04:
263 1240 279 1256 «
297 1227 327 1260 Si
350 1227 389 1260 de
413 1227 531 1260 mundo
553 1227 710 1266 fuissetis,
735 1226 875 1259 mundus
907 1226 992 1268 quod
1024 1235 1118 1259 suum

155 1282 223 1312 erat
245 1279 410 1322 diligeret;
436 1279 511 1322 quia
535 1288 611 1312 vero
634 1288 696 1312 non
721 1279 797 1312 estis
819 1279 858 1312 de
885 1278 1021 1317 mundo,
1046 1288 1119 1320 pro-

155 1335 263 1374 pterea
286 1332 351 1365 odit
375 1341 431 1365 vos
455 1332 594 1365 mundus
610 1345 640 1364 ».
665 1332 740 1364 Nam
754 1358 761 1371 ‚
786 1332 868 1365 sicut
884 1332 1001 1364 dicitur
1018 1332 1118 1365 Iacobi

155 1388 287 1428 quarto,
309 1398 325 1414 «
341 1385 478 1418 amicitia
494 1385 590 1418 huius
608 1385 716 1418 mundi
734 1385 860 1418 inimica
877 1387 925 1418 est
940 1385 1005 1418 Deo
1021 1399 1037 1414 »
1058 1388 1116 1418 010.

154 1457 199 1462 -
221 1437 287 1470 Α113
309 1438 390 1471 ratio
413 1441 460 1471 est
479 1437 628 1480 perfidia
651 1438 864 1477 animorum,
890 1438 1064 1471 secundum
1082 1438 1117 1470 ii—

154 1491 209 1525 lud
238 1491 362 1524 loannis
392 1491 514 1524 decimo
545 1491 685 1524 sexto⁵:
712 1504 728 1520 <r
745 1491 837 1524 Venit
868 1492 965 1530 hora,
995 1491 1026 1524 in
1055 1500 1118 1533 qua

154 1544 273 1584 omnis,
290 1544 345 1587 qui
362 1544 511 1577 interficit
527 1553 600 1584 vos,
618 1545 755 1587 putabit,
772 1554 806 1578 se
821 1545 1008 1588 obsequium
1026 1554 1115 1587 prae-

155 1600 239 1631 stare
262 1597 335 1630 Deo.
362 1597 397 1630 Et
420 1598 498 1631 haec
521 1597 635 1631 facient
659 1598 764 1637 vobis,
789 1599 864 1641 quia
881 1608 942 1631 non
960 1602 1117 1631 noverunt

154 1650 277 1683 Patrem
300 1659 404 1693 neque
428 1659 478 1684 me
494 1663 525 1683 ι».
555 1651 588 1683 111
620 1651 680 1684 1100
712 1651 793 1684 mira
824 1655 953 1685 notatur
985 1651 1117 1694 perfidia

153 1704 349 1743 animorum,
382 1704 467 1747 quod
498 1713 540 1737 ex
569 1705 656 1737 nulia
680 1705 740 1738 alia
765 1714 859 1738 causa
883 1708 1116 1748 persequentur

153 1757 238 1790 viros
253 1757 371 1797 iustos,
389 1757 448 1791 nisi
471 1758 546 1800 quia
562 1757 677 1791 Christi
696 1767 810 1791 nomen
827 1758 979 1797 credunt,
996 1761 1116 1797 amant,

153 1810 334 1853 praedicant
356 1814 387 1844 et
411 1814 612 1854 sequuntur3
637 1815 668 1844 et
691 1812 760 1845 ideo
783 1812 879 1845 dicit:
902 1815 1042 1854 propter
1059 1822 1116 1844 no-

152 1873 227 1897 men
249 1874 368 1898 meum.
394 1864 430 1897 Et
454 1865 556 1898 11300ὃ
579 1865 640 1898 fuit
663 1874 772 1904 causa,
795 1868 924 1907 propter
942 1858 1117 1907 (1113111113-

153 1920 218 1950 tres
240 1917 350 1959 ioseph
375 1917 511 1951 oderunt
535 1927 626 1958 eum;
651 1918 735 1952 unde
758 1918 833 1952 dicit
850 1919 1114 1961 Chrysostomus:

157 1982 173 1999 α
193 1969 220 2002 Ο
250 1970 383 2003 nefanda
414 1970 518 2004 rabies
549 1971 754 2014 iniquorum!
787 1972 853 2004 Non
886 1972 959 2005 licet
987 1972 1115 2014 Ioseph,

152 2031 214 2055 non
237 2022 327 2062 licet,
351 2023 499 2066 inquam,
532 2024 726 2067 impunitum
751 2033 820 2058 esse
843 2025 898 2067 qui
923 2025 1025 2058 bonus
1048 2028 1113 2065 est,

151 2075 317 2116 nonlicet,
334 2076 497 2110 meliorem
522 2080 627 2111 tutum
651 2087 720 2111 esse
744 2087 817 2111 cum
834 2079 945 2111 malis!
972 2078 1008 2111 Et
1024 2079 1114 2121 quasi

153 2128 249 2161 invidi
273 2129 393 2172 aliquid
417 2130 568 2173 perdant,
592 2135 648 2164 aut
671 2131 868 2174 dispendium
901 2131 1035 2164 alicuius
1067 2131 1113 2164 rei

152 2181 337 2223 incurrant;
363 2183 407 2217 sic
430 2184 586 2217 bonorum
612 2184 677 2217 vita
708 2184 933 2217 detrimentum
965 2188 1012 2216 est
1044 2193 1114 2226 pes-

153 2235 316 2269 simorum.
343 2237 450 2270 Zelant
474 2237 652 2270 modestum
668 2237 817 2280 superbi,
841 2239 1043 2269 mansuetum
1068 2237 1115 2269 in-

151 2287 232 2327 vidi,
263 2289 399 2331 probum
436 2289 590 2332 improbi,
622 2289 730 2322 mitem
762 2289 874 2322 tumidi
906 2288 1033 2321 inimica
1063 2298 1114 2322 ae-

151 2341 323 2375 mulatione
357 2342 525 2375 lacessunt.
559 2342 679 2376 Bonum
708 2342 781 2375 mali
814 2342 921 2376 videre
949 2352 1012 2375 11011
1042 2351 1114 2385 pos-

152 2397 235 2427 sunt.
253 2394 383 2435 Nolunt,
400 2395 563 2428 meliorem
588 2404 621 2428 se
645 2395 771 2435 vivere,
796 2404 836 2429 ne
859 2395 1030 2438 degeneres
1055 2396 1114 2438 ipsi

151 2450 279 2489 possent
309 2448 503 2491 improperia
534 2449 700 2483 sustinere.
734 2449 798 2482 Cur
831 2449 1028 2483 innocentem
1065 2458 1114 2483 ze-

152 2499 216 2540 las,
240 2500 366 2535 inimica
388 2501 594 2536 fraternitas?
610 2502 674 2536 Cur
691 2502 811 2536 invides
832 2502 939 2535 bono?
962 2502 1026 2536 Cur
1050 2502 1114 2545 pati

222 2686 231 2701 ¹
253 2687 354 2714 Scilicet
373 2687 516 2715 ordinaria
537 2689 577 2722 (ex
599 2689 683 2722 Beda,
712 2690 758 2723 qui
788 2690 907 2723 sequitur
934 2691 1059 2723 Gregor.‚
1085 2691 1112 2716 ii.

150 2731 244 2758 iiomil.
264 2732 289 2758 in
308 2733 407 2765 Evang.
426 2733 516 2759 homil.
537 2733 579 2759 35.
599 2741 625 2759 n.
645 2734 679 2767 3.)
700 2734 726 2760 in
746 2735 807 2761 Luc.
829 2735 872 2768 21,
893 2735 935 2761 16.

223 2775 234 2790 ²
253 2776 328 2802 Vers.
349 2776 373 2803 4.
393 2779 419 2802 et
438 2777 462 2803 5.

224 2818 234 2833 Β
254 2820 289 2845 ita
308 2820 386 2846 etiam
406 2820 484 2847 Card.
503 2821 595 2855 Hugo,
614 2822 643 2848 B.
665 2821 777 2855 Albert.‚
797 2823 823 2848 S.
844 2823 939 2849 Thom.
955 2822 1020 2857 (Cat.
1033 2830 1112 2849 aurea

152 2862 178 2888 in
196 2863 260 2888 Luc.
280 2863 324 2889 2¹.
345 2871 372 2889 n.
392 2863 473 2896 4.).οι
491 2864 628 2898 Lyranus;
658 2866 714 2891 Vat.
743 2873 804 2892 cum
825 2866 937 2898 Vulgata
956 2866 1051 2892 omittit
1070 2866 1113 2893 ho-

151 2904 277 2932 minibus.
302 2920 337 2925 —
362 2908 486 2940 Sequitur
513 2909 560 2934 ier.
591 2909 638 2942 i5,
668 2910 716 2941 10,
744 2909 789 2936 ubi
814 2917 863 2942 pro
887 2917 973 2944 quare
997 2910 1115 2944 yenutsti

151 2948 233 2976 CDG
251 2951 282 2977 ut
301 2949 366 2984 quid
384 2951 509 2984 qenuisli.

222 2993 233 3008 ⁴
253 2994 329 3020 Vers.
349 2995 390 3020 19.
410 2997 436 3020 et
454 2995 550 3021 deinde
569 2997 619 3022 inc.
639 2997 668 3030 4,
689 2997 713 3023 4.

223 3037 234 3052 ⁶
254 3038 328 3065 Vers.
348 3039 373 3065 2.
392 3046 447 3072 seq.
466 3052 502 3058 —
521 3040 628 3066 Inferius
647 3048 696 3072 pro
716 3041 789 3075 quod
800 3049 836 3069 ecc
847 3042 927 3069 nulla
945 3043 1028 3069 CDii
1048 3043 1112 3078 quia

151 3088 187 3107 ez·
204 3081 296 3115 nulla,
315 3086 341 3109 et
353 3090 403 3115 pro
412 3085 612 3117 persequentur
630 3085 687 3110 vat.
701 3086 882 3120 persequitur,
895 3094 968 3121 quae
977 3088 1055 3114 etiam
1069 3095 1113 3114 vo-

152 3124 227 3151 cibus
241 3125 342 3153 Christi
352 3134 451 3154 nomen
464 3126 578 3155 credunt
590 3128 712 3161 praefigit
724 3129 754 3156 in
766 3133 792 3155 et
805 3131 901 3157 omittit
913 3133 939 3158 et
949 3134 1111 3165 sequuntur.

224 3168 235 3183 ⁰
248 3170 351 3197 scillcet
357 3171 476 3207 perfidia
485 3171 651 3199 animorum.
662 3187 696 3192 —
706 3174 854 3206 Respicitur
864 3175 928 3201 Gen.
940 3175 982 3209 37,
994 3176 1018 3202 4.
1028 3183 1111 3209 seqq„

152 3211 198 3238 ubi
217 3216 337 3240 narratur
355 3222 447 3247 causa,
467 3219 576 3248 propter
593 3223 674 3250 quam
696 3218 787 3244 fratres
805 3218 898 3250 ioseph
917 3219 1031 3245 oderunt
1048 3227 1110 3246 eum

152 3260 178 3282 et
195 3257 371 3284 vendiderunt
389 3260 531 3287 ismaelitis.
549 3274 585 3280 —
603 3261 734 3287 Sententia
753 3261 933 3294 chrysostomi
952 3262 1063 3289 habetur
1084 3264 1110 3290 in

152 3301 278 3327 Sermone
296 3300 328 3328 de
345 3303 454 3337 Ioseph,
474 3303 521 3331 uin·
537 3311 556 3331 a
573 3304 707 3339 fratribus
734 3305 860 3333 venditur
890 3307 948 3339 (Op.
977 3306 1110 3339 chrysost.

152 3344 269 3371 venetiis
288 3345 356 3371 ⁴583
375 3349 439 3373 tom.
454 3348 477 3374 1.
491 3349 533 3375 fol.
548 3349 607 3375 187.
626 3351 656 3375 Α.
675 3352 700 3375 et
714 3349 756 3376 fol.
773 3350 852 3383 188.).
868 3351 964 3377 Textus
978 3352 1110 3384 originalis

152 3395 201 3420 pro
220 3388 268 3423 qui
285 3387 369 3416 bonus
388 3391 428 3417 est
445 3391 579 3418 substituit
597 3391 670 3426 quod
688 3391 773 3420 bonus
791 3395 832 3420 est
849 3397 874 3419 et
894 3398 953 3426 post
972 3394 1107 3422 lacessunt

260 3441 289 3469 S.
304 3442 408 3469 Βοηαυ.
418 3456 454 3463 -
467 3444 543 3471 Tom.
557 3445 610 3472 vll.

2083 240 2146 272 529

1189 322 1361 364 simplicem
1387 332 1449 355 non
1474 327 1589 365 potes?
1617 324 1681 357 Cur
1713 325 1889 358 modestum
1922 328 2150 369 persequeris?

1188 374 1252 407 Cur
1276 375 1412 416 probum
1437 385 1498 408 non
1522 376 1652 419 diligis?
1676 377 1740 410 Cur
1758 387 1811 411 rea
1828 379 2002 412 innocentis
2025 381 2150 423 sangui-

1188 428 1237 460 nis
1260 428 1439 461 inveniris?
1470 429 1583 461 Saltem
1616 430 1786 464 distractus
1821 432 2020 474 aliquatenus
2048 434 2149 473 vivat,

1188 489 1227 514 ne
1251 480 1283 513 in
1308 484 1338 513 te
1361 485 1526 514 accusator
1558 482 1708 516 innocens
1732 485 1876 526 sanguis,
1908 489 1944 518 ut
1975 486 2005 518 in
2033 486 2150 526 Cain⁷,

1187 534 1356 576 aliquando
1379 534 1521 567 exsistat.
1539 535 1635 568 Serva
1651 536 1725 575 tibi,
1743 546 1848 576 serva,
1866 537 1990 571 inimica
2005 539 2151 572 fraterni—

1187 591 1252 626 tas,
1276 587 1383 620 vivum
1408 596 1503 629 quem
1528 588 1643 621 sentias
1668 589 1836 631 aliquando
1855 591 2035 632 placatum3
2060 601 2151 625 serva

1187 641 1376 674 incolumem
1408 649 1503 683 quem
1528 642 1722 676 necessitatis
1746 647 1887 685 tempore
1914 644 2054 677 invenias
2078 654 2150 687 pro-

1187 694 1323 727 visorem
1336 694 1349 713 3
1366 708 1396 726 ».

1276 748 1328 779 26.
1354 747 1456 787 (Vers.
1484 748 1559 789 18).
1582 749 1725 782 Secundo
1741 753 1895 792 quantum
1913 751 1950 783 ad
1967 761 2149 793 supernum

1187 800 1322 833 tutelam
1346 801 1472 834 subdit:
1501 803 1540 834 Et
1563 802 1706 845 capillus
1737 803 1776 835 cle
1807 803 1914 845 capue
1946 808 2052 837 vestro
2083 815 2149 838 non

1184 853 1305 896 peribit
1311 866 1323 893 ;
1347 854 1432 896 quod
1457 855 1623 898 tripliciter
1641 857 1831 898 exponitur:
1850 857 1987 899 primum
2005 858 2148 900 quidem,

1185 906 1260 949 quia
1283 906 1389 940 divina
1412 908 1609 950 providentia
1633 918 1743 942 curam
1776 909 1814 942 de
1846 910 1993 943 omnibus
2024 911 2087 953 agit
2119 915 2150 944 et

1185 960 1264 992 nihil
1287 960 1393 1002 perire
1417 961 1507 1001 sinit;
1525 970 1623 1004 supra
1639 962 1826 995 duodecimo
1839 962 1869 995 ⁹:
1899 976 1914 991 α
1932 963 2039 996 Nonne
2056 965 2148 1006 quin-

1184 1022 1248 1056 que
1271 1023 1415 1056 passeres
1439 1018 1578 1048 veneunt
1601 1015 1766 1057 dipondio,
1791 1020 1822 1049 et
1846 1026 1930 1049 unus
1951 1017 2070 1050 exiliis
2086 1027 2147 1051 non

1185 1071 1232 1100 est
1255 1068 1287 1100 in
1311 1068 1467 1101 oblivione
1491 1077 1596 1101 coram
1627 1069 1719 1102 Deo?
1752 1070 1810 1103 Sed
1842 1073 1874 1103 et
1904 1071 2006 1113 capilli
2038 1072 2148 1113 capitis

1184 1120 1280 1153 vestri
1294 1130 1404 1154 omnes
1417 1122 1574 1155 numerati
1592 1126 1676 1156 sunt.
1701 1123 1800 1156 Nolite
1817 1132 1892 1166 ergo
1906 1124 2026 1163 timere,
2040 1125 2148 1158 multis

1184 1174 1365 1216 passeribus
1382 1175 1483 1216 pluris
1499 1175 1574 1209 estis
1598 1185 1653 1209 vos
1668 1189 1699 1208 ».
1717 1196 1761 1200 —
1777 1177 1934 1216 Secundo,
1953 1177 2027 1219 quia
2042 1177 2145 1210 divina

1184 1227 1322 1268 potentia
1334 1227 1454 1260 nullam
1467 1228 1548 1261 sinet
1564 1229 1670 1270 perire
1686 1230 1872 1271 particulam
1884 1242 1891 1269 ;
1905 1230 1989 1263 unde
2002 1231 2146 1273 Augusti-

1183 1288 1244 1313 nus
1257 1279 1289 1312 in
1302 1280 1481 1313 Enchiridio
1494 1281 1538 1313 ¹⁰:
1558 1294 1574 1310 «
1590 1282 1655 1314 Non
1672 1283 1755 1324 perit
1767 1283 1831 1315 Deo
1845 1286 1971 1317 terrena
1987 1284 2144 1323 materies,

1182 1334 1221 1366 de
1237 1342 1300 1375 qua
1318 1333 1499 1366 mortalium
1515 1337 1737 1368 creaturarum
1754 1344 1842 1375 caro;
1862 1336 1915 1369 sed
1929 1336 1959 1369 in
1973 1337 2145 1379 quemlibet

1182 1386 1346 1428 pulverem
1372 1386 1550 1419 cineremve
1583 1387 1743 1427 solvatur,
1776 1388 1807 1421 in
1839 1389 1997 1431 quoslibet
2029 1390 2145 1423 halitus

1182 1448 1340 1482 aurasque
1364 1439 1524 1482 diffugiat,
1549 1440 1581 1472 in
1605 1450 1841 1483 quamcumque
1872 1442 2006 1475 aliorum
2035 1452 2146 1485 corpo-

1182 1501 1254 1525 rum
1279 1492 1504 1532 substantiam,
1529 1493 1579 1526 vel
1604 1493 1635 1526 in
1659 1494 1727 1536 ipsa
1751 1494 1905 1528 elementa
1931 1499 2090 1535 vertatur,
2114 1496 2144 1528 in

1181 1555 1460 1588 quorumcumque
1476 1546 1673 1587 animalium,
1687 1547 1781 1580 etiam
1795 1548 1959 1581 hominum
1973 1549 2077 1581 cibum
2095 1558 2145 1582 00-

1181 1599 1234 1632 dat
1258 1608 1451 1642 carnemque
1475 1603 1637 1639 mutetur,
1662 1600 1705 1632 illi
1729 1601 1853 1634 animae
1877 1601 1908 1633 in
1933 1605 2050 1643 puncto
2067 1606 2145 1635 tem-

1181 1652 1268 1695 poris
1291 1652 1390 1692 redit,
1415 1662 1497 1695 quae
1520 1653 1618 1695 ipsam
1644 1654 1810 1696 primitus,
1843 1658 1879 1687 ut
1911 1655 2005 1687 homo
2034 1655 2141 1695 fieret,

1182 1709 1356 1745 cresceret,
1388 1706 1527 1746 viveret,
1558 1707 1756 1740 animavit».
1782 1727 1827 1731 —
1851 1708 1974 1747 Tertio,
2007 1709 2081 1751 quia
2113 1709 2144 1741 in

1181 1759 1328 1792 omnibus
1351 1759 1401 1792 his
1425 1759 1681 1793 tribulationibus
1705 1770 1767 1793 non
1791 1761 1962 1794 incurrunt
1978 1762 2144 1795 laesionem

1182 1812 1231 1845 vel
1256 1812 1427 1852 modicam3
1452 1813 1485 1845 in
1509 1813 1601 1846 cuius
1616 1813 1720 1856 figura
1735 1814 1873 1847 Danielis
1889 1815 1983 1848 tertio
1996 1816 2041 1847 11:
2066 1829 2081 1844 «ι
2098 1816 2143 1848 Si-

1180 1865 1297 1903 drach‚
1329 1865 1445 1898 Misach
1477 1870 1508 1898 et
1539 1866 1704 1909 Abdenago
1732 1867 1770 1900 de
1794 1867 1897 1900 medio
1921 1868 2002 1910 ignis
2026 1869 2143 1910 egressi

1181 1921 1263 1951 sunt.
1290 1919 1327 1951 Et
1350 1922 1494 1961 satrapae
1517 1920 1811 1961 contemplabantur
1836 1921 1920 1954 viros
1945 1922 2031 1961 illos,
2065 1932 2144 1964 quo-

1180 1971 1263 2004 niam
1294 1971 1374 2004 nihil
1405 1972 1567 2013 potestatis
1599 1973 1762 2006 habuisset
1792 1974 1873 2015 ignis
1901 1974 1931 2006 in
1957 1975 2143 2016 corporibus

1180 2034 1309 2064 eorum,
1333 2028 1364 2058 et
1387 2025 1519 2067 capillus
1535 2026 1645 2067 capitis
1665 2035 1777 2059 eorum
1801 2036 1862 2059 non
1887 2030 1969 2060 esset
1992 2027 2141 2066 adustus,

1179 2081 1211 2111 et
1233 2077 1310 2110 odor
1334 2077 1414 2120 ignis
1437 2087 1498 2110 non
1523 2079 1686 2112 transisset
1708 2088 1764 2121 per
1788 2089 1841 2113 eos
1857 2093 1888 2112 n.
1914 2080 1949 2113 Et
1973 2080 2043 2113 ideo
2066 2080 2141 2113 dici-

1180 2133 1233 2163 tur
1263 2130 1383 2172 primae
1417 2131 1496 2163 Petri
1521 2131 1634 2164 tertio:
1665 2144 1680 2160 c<
1699 2132 1734 2164 Et
1766 2133 1838 2174 quis
1869 2136 1933 2172 est,
1967 2133 2021 2175 qui
2054 2133 2142 2166 vobis

1178 2187 1306 2222 noceat,
1331 2183 1356 2217 si
1373 2183 1446 2216 boni
1463 2184 1672 2217 aemulatores
1690 2184 1813 2218 fueritis
1829 2188 1866 2218 »1
1884 2186 1918 2218 Et
1935 2186 1966 2218 in
1985 2187 2044 2219 hoc
2060 2187 2141 2219 mira

1178 2239 1309 2278 apparet
1332 2236 1386 2269 Dei
1412 2245 1508 2278 super
1531 2236 1631 2269 iustos
1655 2238 1831 2279 protecti03
1856 2238 1940 2272 unde
1956 2239 2141 2281 0111550510-

1178 2298 1250 2322 mus
1263 2288 1312 2321 ¹2:
1343 2302 1358 2318 «ι
1375 2289 1452 2322 Mira
1474 2289 1588 2322 Christi
1614 2290 1716 2323 virtus
1740 2294 1771 2324 et
1799 2291 1950 2324 fortitudo
1982 2293 2141 2334 ⁴&postolo-

1179 2351 1262 2375 rum.
1287 2342 1308 2375 Α
1333 2342 1479 2384 gentibus
1502 2342 1701 2376 habebantur
1725 2344 1796 2377 odio
1819 2348 1856 2377 ut
1880 2344 1998 2383 Iudaei,
2024 2354 2042 2377 a
2066 2345 2141 2378 Cae-

1179 2404 1249 2431 sare
1266 2395 1471 2429 eiiciebantur
1495 2399 1531 2429 111
1555 2396 1710 2436 5011111051,
1734 2406 1753 2430 a
1777 2397 1897 2431 ludaeis
1921 2398 2140 2440 lapidabantur

1178 2451 1215 2482 ut
1231 2449 1319 2492 Legis
1335 2449 1463 2482 inimici.
1487 2449 1602 2483 Contra
1626 2450 1921 2493 Apostolos'omnes
1945 2451 2140 2493 proeliaban-

1180 2505 1254 2535 tur:
1279 2502 1443 2545 princeps,
1466 2502 1552 2542 dux,
1577 2502 1672 2536 idiota
1695 2506 1726 2537 et
1758 2503 1855 2546 plebs.
1890 2504 2011 2537 Infinita
2042 2505 2139 2537 millia

1178 2690 1253 2722 plura
1271 2690 1361 2721 addit3
1382 2690 1459 2716 codd.
1479 2689 1563 2716 ACD
1580 2690 1702 2716 omittunt
1720 2692 1894 2717 „tumueram
1913 2689 2010 2722 invidi,
2022 2690 2140 2725 probum

1178 2733 1302 2768 improbi.

1249 2777 1259 2793 ⁷
1278 2779 1342 2804 Gen.
1363 2778 1392 2809 4,
1414 2779 1464 2804 ⁴0:
1485 2778 1542 2804 Vox
1562 2778 1697 2810 sanguinis
1717 2779 1802 2805 fratris
1822 2779 1859 2805 tui
1878 2779 1973 2805 clamat
1992 2780 2025 2806 ad
2045 2787 2088 2806 me
2107 2780 2140 2806 de

1178 2825 1254 2848 terra.

1249 2865 1260 2881 ⁸
1279 2866 1330 2893 Cir.
1349 2868 1412 2893 Gen.
1431 2873 1454 2893 c.
1474 2867 1564 2893 42-45.

1248 2910 1260 2925 ⁹
1278 2912 1353 2937 Vers.
1373 2912 1398 2936 6.
1418 2915 1444 2936 et
1461 2911 1487 2936 7.

1249 2954 1271 2969 ¹⁰
1290 2955 1353 2987 Cap.
1374 2955 1415 2980 88.
1435 2962 1461 2980 n.
1481 2955 1524 2980 23.
1541 2955 1637 2980 Textus
1657 2955 1803 2987 originalis,
1823 2963 1903 2989 quem
1928 2956 2047 2990 sequitur
2068 2957 2139 2987 Vat„

1177 3007 1225 3032 pro
1244 3001 1438 3026 creaturarum
1457 3005 1522 3025 caro
1541 2997 1675 3024 substituit
1693 3001 1804 3025 creatur
1824 3006 1889 3026 caro
1908 3003 1934 3026 et
1952 3007 2001 3032 pro
2020 2999 2062 3026 illi
2082 3000 2139 3026 ani-

1177 3051 1237 3070 mae
1256 3043 1284 3069 in
1299 3044 1400 3076 puncto
1424 3041 1552 3075 temporis
1580 3042 1654 3074 ponit
1678 3042 1721 3068 illi
1737 3043 1846 3070 animm
1874 3043 2011 3070 humanae
2035 3045 2137 3077 puncto

1177 3087 1313 3122 temporss.
1332 3086 1414 3112 Codd.
1435 3086 1548 3112 ACDH
1568 3086 1690 3113 omittunt
1715 3087 1743 3113 in
1771 3094 2034 3122 quorumcumque...
2056 3089 2137 3113 1111110-

1177 3133 1222 3158 tw·
1242 3134 1267 3157 et
1286 3132 1313 3157 in
1332 3131 1384 3156 fine
1403 3130 1493 3162 legunt
1505 3137 1574 3164 quae
1587 3130 1683 3164 ipsum,
1700 3133 1730 3158 ut
1743 3130 1824 3158 homo
1836 3130 1964 3165 primitus
1977 3130 2063 3162 fieret,
2084 3137 2138 3157 cre—

1175 3177 1261 3203 sceret
1278 3178 1327 3201 etc.
1346 3174 1398 3201 Cir.
1418 3175 1460 3200 iV.
1481 3174 1550 3200 Sent.
1570 3174 1595 3200 d.
1617 3174 1659 3200 44.
1679 3182 1704 3207 p.
1733 3176 1750 3201 i.
1778 3181 1825 3207 per
1851 3178 1930 3201 totam
1954 3177 1980 3200 et
2004 3175 2136 3207 Brevi10q.

1175 3227 1201 3252 p.
1222 3220 1274 3245 Vll.
1295 3225 1317 3244 c.
1338 3218 1361 3243 5.

1247 3262 1268 3277 ¹¹
1289 3263 1364 3288 Vers.
1384 3263 1425 3288 93.
1445 3270 1501 3296 seq.
1520 3276 1554 3282 —
1574 3262 1691 3289 Subinde
1720 3263 1847 3294 allegatur
1867 3263 1884 3288 i.
1904 3263 1969 3288 Petr.
1990 3263 2021 3294 3,
2044 3263 2084 3289 13.
2102 3276 2137 3283 -

1176 3307 1302 3340 Superius
1322 3313 1370 3338 pro
1390 3306 1432 3333 vel
1450 3306 1584 3334 modicam
1603 3306 1686 3333 CDG
1701 3305 1896 3341 permodicam.

1245 3350 1268 3365 ¹⁹
1286 3351 1380 3376 Homii.
1400 3351 1442 3376 75.
1463 3351 1537 3384 (alias
1555 3350 1610 3384 76.)
1629 3351 1655 3376 in
1675 3351 1762 3376 Matth.
1776 3357 1801 3375 n.
1817 3350 1847 3381 3,
1868 3349 1914 3376 ubi
1935 3351 1999 3377 haec
2012 3351 2137 3377 sententia

1174 3395 1256 3422 fusius
1275 3394 1420 3421 exhibetur.

1982 3449 2016 3474 67

2171 759 2267 786 Superna
2284 761 2317 781 tu-

2212 786 2262 807 tela.

2172 866 2280 892 expositio

2188 898 2265 919 pruna.

2167 1185 2272 1207 secunda.

2165 1716 2245 1738 Tertia.
