2427 3872
410 209 472 234 PRA

126 255 306 284 contemptum
326 252 439 283 proximi
460 252 503 278 Vll
525 252 575 278 453
597 252 628 278 44
648 266 684 271 —
699 252 771 278 Velle

125 296 230 329 sapiens
248 296 334 322 videri
354 299 393 322 est
412 296 575 328 praesumtio
588 296 620 322 Vl
638 296 671 322 62
691 303 719 322 v.
736 295 770 321 24

126 353 162 359 —
180 341 235 366 Non
255 343 294 366 est
307 340 531 372 praesumendum
545 340 578 366 de
591 340 705 372 propriis
719 346 770 365 me-

127 384 183 410 ritis
211 384 255 410 Vii
282 384 332 410 457
362 384 404 410 24.
424 384 475 410 562
494 384 524 409 71
549 398 584 402 -—
602 384 678 410 stulta
702 384 771 416 parit

125 428 328 454 aemulationem
349 428 400 454 343
420 429 453 454 28

179 486 215 492 —-
234 475 273 498 e'st
301 472 411 498 caecitas
440 473 534 505 culpae
562 473 594 498 Vi
623 472 674 497 579
700 473 715 498 2
734 485 770 492 -

125 517 344 543 praesumtuosus
369 523 462 542 caecus
487 519 526 542 est
546 517 588 542 vit
609 516 660 541 460
680 516 714 542 93
733 529 768 535 ——

125 561 210 586 Homo
229 561 330 587 excedit
348 567 396 593 per
421 560 643 593 praesumtionem
664 560 696 586 Vl
717 560 769 585 567

126 611 153 630 v.
174 605 206 630 44
225 618 260 624 -
279 605 318 630 Ad
337 605 471 631 dexteram
490 604 602 630 declinat
621 605 701 629 homo
721 610 768 636 per

126 649 349 681 praesumtionem
369 649 420 673 640
440 648 456 673 7

177 693 357 719 Pnfflrenrrunt
376 705 411 711 —
429 692 580 717 Praeteritio
599 692 667 717 nulla
688 692 765 717 estin

125 737 277 762 aeternitate
296 736 329 762 Vi
349 736 401 762 247
420 736 436 761 7
455 743 511 768 arg.
524 750 559 754 --
573 735 652 761 habet
671 737 768 761 immu-

125 780 276 806 tabilitatem
306 780 356 806 248
381 780 397 805 7
425 794 458 798 —-
487 787 539 805 non
568 782 607 806 est
625 780 650 805 in
670 780 768 805 divinis

125 825 170 851 371
205 825 237 850 82
257 838 292 844 -
313 824 441 856 Sapientis
469 827 508 850 est
533 824 600 850 scire
628 823 767 856 praeterita

124 869 174 894 462
195 876 220 894 v.
251 869 265 894 8
284 883 319 887 --
343 869 388 894 dat
411 869 539 894 cautelam
559 868 593 894 de
613 870 700 894 futuro
724 868 765 894 vlt

123 913 174 939 554
196 913 228 938 47
242 926 277 932 —
290 913 401 946 Stultus,
414 920 475 938 curn
496 913 600 945 ignoret
617 912 764 945 praeterita,

123 964 174 983 non
194 960 279 989 potest
296 956 452 989 praevidere
473 958 558 983 sutura
579 956 613 983 85
632 964 659 982 v.
680 956 712 982 44

177 1002 341 1027 Ρ11111ετο111011
360 1015 395 1020 -
414 1001 508 1027 dicitur
526 1002 613 1032 iocus,
627 1001 674 1027 ubi
693 1000 767 1027 habi-

123 1045 194 1071 tabat
212 1052 327 1078 praeses,
347 1046 389 1071 vel
410 1045 454 1071 ubi
474 1045 606 1072 iudicabat
621 1046 652 1071 Vl
667 1045 717 1071 487
732 1045 766 1071 57

122 1103 156 1109 —-
177 1093 232 1115 erat
252 1090 275 1115 in
305 1090 385 1116 domo
410 1090 539 1122 Caiphae,
559 1090 600 1116 vei
629 1090 655 1116 in
683 1090 765 1115 domo

122 1134 192 1160 Pilati
212 1133 245 1160 ib.
266 1134 298 1159 58

175 1179 375 1204 Ρ11131Ἀ11101110
394 1192 429 1198 -
457 1179 541 1204 Homo
566 1178 660 1204 excidit
688 1185 702 1204 a
728 1179 765 1204 iu-

122 1222 190 1248 stitia
218 1229 265 1254 per
297 1223 548 1254 praevaricationem
578 1223 762 1248 mandatorum

122 1267 169 1292 Dei
188 1267 221 1292 Vl
244 1267 293 1292 447
314 1274 339 1292 v.
361 1267 393 1292 40

175 1312 308 1337 Pnstzwsto
327 1324 362 1330 —
381 1311 530 1343 praemunit
548 1314 638 1337 contra
658 1311 763 1337 tribula-

121 1355 206 1381 tiones
225 1356 325 1381 suturas
340 1356 371 1381 Vi
386 1355 437 1381 455
453 1356 462 1381 1
480 1370 513 1373 -
528 1356 605 1388 Quod
625 1362 675 1381 non
690 1362 762 1388 prae-

121 1399 226 1425 videtur
245 1400 333 1426 evenit
350 1403 459 1432 repente
478 1400 521 1425 Vll
541 1400 592 1426 538
612 1400 645 1425 56

174 1444 308 1470 Pammene
326 1458 361 1463 —-
386 1447 492 1476 paratur
520 1444 547 1470 in
575 1444 708 1476 praesenti
728 1445 761 1470 vt

121 1488 173 1514 523
194 1489 227 1514 22

148 1538 151 1541 “
175 1533 304 1559 Ρ111111Ατο5
322 1547 357 1552 -
376 1533 537 1565 Quaerentes
555 1533 699 1565 primatum
718 1540 762 1565 po-

121 1577 173 1602 tius
191 1577 334 1603 adhaerent
352 1578 510 1603 contentioni
524 1577 667 1603 carnalium
681 1584 761 1610 quam

121 1621 180 1653 paci
199 1624 224 1647 et
242 1622 332 1647 unitati
352 1622 525 1653 spiritualium
545 1622 589 1647 Vii
609 1622 660 1648 550
680 1621 714 1647 35
726 1635 762 1640 -

121 1665 256 1692 Contentio
275 1666 308 1692 de
327 1666 441 1698 primatu
467 1666 572 1698 signum
601 1669 640 1692 est
664 1665 762 1691 amoris

121 1709 285 1735 excellentiae
304 1713 330 1735 et
349 1709 457 1735 dominii
476 1708 538 1735 ibid.

175 1754 359 1780 Patstoeeutrus
377 1768 412 1772 —
431 1754 557 1786 dignitate
576 1754 708 1786 praecellit
724 1761 762 1779 re-

121 1797 206 1830 liquos
225 1794 291 1824 filios
310 1799 342 1824 Vl
363 1799 415 1824 224
434 1806 461 1824 v.
481 1799 513 1824 12
531 1812 566 1818 -
585 1798 761 1831 Primogenita

121 1844 197 1868 erant
215 1843 269 1868 Deo
288 1843 421 1869 offerenda
441 1843 484 1869 Vll
505 1843 538 1868 46
559 1843 592 1868 10

175 1887 275 1913 Palmum
293 1901 330 1906 —
348 1891 373 1913 et
391 1894 527 1913 summum
546 1887 684 1913 coniuncta
702 1890 763 1913 sunt

121 1930 165 1956 Vii
185 1931 237 1956 362
258 1931 291 1956 45
310 1945 346 1950 -
364 1931 443 1957 Primi
462 1934 523 1957 sunt
541 1932 678 1957 novissimi
704 1938 761 1964 pro-

120 1977 178 2006 pter
197 1975 350 2007 superbiam
370 1976 421 2002 353
442 1977 475 2001 62

174 2020 295 2046 Pmucars
312 2035 348 2038 —
360 2024 400 2047 est
413 2021 531 2046 minister
543 2021 609 2053 legis
624 2021 664 2046 Vll
677 2020 712 2045 78
727 2020 760 2046 34

120 2077 155 2083 -
174 2065 301 2096 Principis
319 2068 359 2090 est
386 2065 473 2091 omnia
498 2065 619 2091 distincte
646 2068 672 2090 et
694 2065 761 2090 ordi-

121 2112 182 2134 nate
199 2116 279 2141 agere
299 2109 333 2135 45
354 2109 368 2135 4
388 2123 423 2127 —
443 2110 559 2135 carnales
577 2116 683 2141 semper
701 2111 762 2134 sunt

121 2152 273 2184 insipientes
298 2153 331 2179 Vl
361 2154 394 2178 86
418 2161 444 2179 v.
466 2154 498 2178 46
517 2167 553 2173 —
572 2156 611 2179 est
635 2154 681 2187 qui
710 2153 761 2179 sibi

120 2204 168 2229 per
186 2196 284 2223 bonam
303 2198 384 2223 vitam
404 2198 566 2231 principatur
586 2198 614 2223 81
639 2205 665 2223 v.
684 2198 699 2223 7

173 2255 209 2261 —-
227 2243 393 2268 sacerdotum
408 2242 761 2275 praecellebantauctoritate

121 2286 164 2312 Vll
184 2286 234 2312 227
256 2288 288 2312 36
308 2301 341 2306 —
362 2287 389 2312 ln
408 2286 572 2319 principibus
594 2286 760 2313 sacerdotum

121 2330 235 2357 debebat
247 2338 304 2357 esse
317 2332 501 2364 praerogativa
515 2332 657 2358 sanctitatis
674 2331 725 2357 540
745 2332 759 2356 3

121 2387 154 2394 ——
175 2375 301 2408 regebant
321 2383 368 2408 per
386 2377 567 2402 auctoritatem
589 2377 640 2402 560
661 2377 695 2402 65

174 2435 209 2439 -
228 2422 255 2446 10
275 2420 440 2453 principibus
465 2424 521 2447 erat
549 2423 629 2447 fastus
652 2424 761 2453 propter

120 2465 295 2490 excellentiam
315 2465 449 2497 dignitatis
467 2465 511 2490 Vll
531 2466 578 2491 501
598 2467 613 2491 2
628 2479 660 2484 -
674 2466 761 2491 minus

120 2515 201 2541 quam
220 2509 263 2535 alii
281 2509 371 2535 volunt
389 2510 525 2541 sustinere,
541 2510 602 2535 vitia
622 2516 669 2535 sua
689 2510 760 2541 tangi

121 2553 173 2579 500
183 2553 217 2579 74
230 2567 266 2573 -
279 2553 405 2580 timebant
417 2554 532 2586 perdere>
542 2555 667 2580 honorem
682 2561 760 2580 suum

121 2599 146 2623 et
165 2597 200 2623 ob
223 2599 290 2624 hanc
314 2605 421 2624 causam
451 2598 603 2624 occiderunt
628 2599 760 2625 Christum

121 2640 183 2668 ibid.
204 2657 238 2662 ——
263 2643 429 2669 sacerdotum
455 2647 564 2676 propter
589 2643 759 2670 ambitionem

121 2686 254 2718 dignitatis
273 2688 441 2714 sacerdotalis
454 2687 617 2721 quaerebant
628 2687 760 2714 Christum

122 2730 234 2762 perdere
262 2738 310 2763 per
334 2732 425 2758 odium
451 2732 618 2765 malignitatis
645 2732 707 2759 ibid.
726 2746 761 2751 —

122 2774 207 2806 plebis
226 2778 335 2808 propter
353 2775 523 2802 ambitionem
543 2777 678 2809 potestatis
697 2777 761 2802 iudi-

122 2818 194 2844 cialis
223 2820 385 2852 quaerebant
415 2820 547 2846 Christum
575 2821 686 2853 perdere
714 2828 762 2853 per

122 2864 212 2890 odium
234 2864 400 2897 malignitatis
418 2864 482 2891 ibid.

174 2920 211 2926 —
223 2914 283 2933 cum
298 2908 428 2934 adiutorio
441 2907 586 2933 scribarum
600 2907 762 2941 quaerebant

123 2950 269 2977 interficere
289 2952 425 2978 doctorem
445 2952 592 2978 veridicum
612 2953 654 2978 Vll
675 2952 721 2978 544
747 2953 761 2978 3

124 3008 159 3013 -
178 2996 344 3022 sacerdotum
364 2996 486 3022 sitiebant
499 2996 654 3028 sanguinem
668 2996 762 3023 Christi

125 3037 158 3065 ib.
179 3039 195 3064 5
213 3053 249 3059 -
268 3039 392 3066 volebant
404 3040 525 3066 occidere
538 3040 668 3066 Christum
683 3041 710 3066 in
723 3047 764 3067 oc-

122 3083 192 3109 culto
216 3082 251 3110 ib.
275 3084 291 3109 3
313 3098 349 3104 -
373 3084 438 3110 dum
464 3086 593 3117 quaerunt
617 3084 763 3110 interficere

124 3128 223 3154 fontem
242 3128 324 3160 vitae,
343 3128 480 3155 inveniunt
507 3131 618 3154 mortem
647 3127 710 3154 ibid.
727 3142 764 3147 —

124 3171 250 3198 miserunt
268 3173 414 3204 ministros,
433 3173 495 3207 quia
515 3172 564 3204 ipsi
583 3175 656 3198 erant
674 3176 763 3204 poten-

123 3215 202 3241 tiores
221 3217 253 3242 Vt
274 3217 325 3243 348
346 3217 379 3243 47

175 3274 211 3279 —-
229 3261 396 3288 sacerdotum
423 3264 613 3288 consenserunt
636 3261 660 3286 in
680 3267 762 3287 unum

123 3305 312 3331 commercium
338 3313 494 3338 perversum
520 3309 546 3332 et
571 3305 681 3338 impium
701 3312 762 3331 cum

797 166 832 198 IN
856 165 1148 198 COMMENTARtOS
1172 167 1201 198 S.
1226 167 1452 199 SCRIPTURAE

807 252 868 278 luda
879 272 885 283 ,
905 253 1028 278 commoti
1049 260 1062 278 a
1082 253 1122 278 siti
1137 253 1296 279 crudelitatis
1311 254 1354 280 Vll
1368 253 1414 280 544
1434 254 1449 279 5

807 310 842 316 -—-
860 297 936 330 quasi
956 299 1062 329 pactum
1083 298 1199 323 fecerunt
1221 298 1255 323 de
1281 298 1384 330 triginta
1409 305 1450 323 ar-

808 341 909 372 genteis
927 340 961 366 ib.
982 341 997 366 6

860 398 896 404 —-
913 385 1080 411 sacerdotum
1101 385 1222 411 videntes
1234 385 1328 411 Christi
1343 386 1450 411 infirmi-

807 432 885 454 tatem
913 428 1071 454 insultabant
1095 429 1119 455 ei
1138 430 1181 455 Vll
1202 430 1253 455 577
1275 430 1306 455 43
1326 444 1362 448 -
1381 431 1448 456 rece-

806 476 868 498 runt
886 476 953 499 51001
971 472 1052 499 Cham
1072 479 1134 504 erga
1160 476 1262 505 patrem
1288 481 1366 499 suum
1386 473 1448 500 ibid.

806 531 841 535 —-
861 516 1038 548 multipliciter
1057 516 1217 542 insultabant
1235 517 1337 543 Christo
1356 520 1382 543 et
1394 524 1449 543 ma-

806 561 915 587 litiosius
933 567 1014 593 quam
1035 561 1177 593 populares
1196 560 1258 587 ibid.
1276 575 1311 579 -
1330 562 1448 587 sacerdo-

806 607 861 630 tum
881 604 1010 630 excaecati
1029 607 1097 635 sunt,
1111 604 1182 637 quia,
1196 611 1257 630 cum
1273 605 1400 630 vidissent
1418 605 1449 630 si-

806 655 857 680 gna
876 650 901 673 et
919 648 1047 679 mirabilia
1067 648 1093 673 in
1113 651 1197 674 morte
1210 647 1317 680 Christi,
1330 655 1382 674 non
1395 648 1447 680 glo-

806 692 974 718 rificaverunt
993 692 1076 718 Deum
1091 692 1148 717 v582
1169 691 1202 717 57

857 737 1004 762 ancwiom
1022 750 1058 756 —
1076 738 1103 762 ln
1122 736 1252 768 principio
1270 743 1328 762 esse
1351 736 1448 762 dicitur

805 781 878 813 quod
898 788 948 806 1100
969 780 1060 807 habuit
1079 781 1238 813 principium
1253 781 1287 806 Vl
1301 781 1351 806 368
1364 780 1399 806 70
1414 794 1448 799 -

805 825 832 850 111
855 825 1006 857 cognitione
1031 825 1222 857 principiorum
1248 824 1446 857 intelligibilium

804 876 857 895 non
878 870 972 895 fallitur
992 870 1025 895 46
1044 877 1070 903 q.
1092 870 1101 895 4
1126 883 1161 888 —-—
1180 869 1264 895 Facile
1288 872 1327 895 est
1352 876 1447 901 cogno-

804 920 877 939 scere
896 914 1025 946 principia
1045 913 1213 946 intelligibilia
1233 912 1295 940 ibid.

856 972 892 978 —
911 958 1052 991 aliquando
1072 958 1199 990 accipitur
1213 958 1391 990 essentialiter,
1405 957 1447 983 ali-

803 1003 910 1036 quando
929 1003 1101 1035 notionaiiter,
1120 1002 1262 1035 aliquando
1276 1002 1447 1034 personaliter

805 1048 836 1073 Vl
857 1048 908 1073 362
936 1047 968 1073 42
987 1061 1023 1066 -
1042 1054 1090 1079 per
1116 1046 1325 1072 antonomasiam
1351 1046 1446 1072 dicitur

802 1092 877 1117 Pater
896 1091 948 1118 246
968 1093 983 1117 2
1003 1107 1038 1110 -
1057 1091 1153 1117 dicitur
1166 1093 1218 1116 tota
1232 1090 1343 1116 Trinitas
1355 1097 1446 1116 secun·

802 1136 866 1162 dum
892 1139 1042 1168 respectum
1066 1135 1097 1161 ad
1119 1138 1266 1161 creaturam
1287 1135 1338 1160 362
1358 1134 1391 1160 42
1410 1149 1445 1153 -

802 1180 966 1206 notionaiiter
985 1180 1080 1206 dicitur
1099 1180 1133 1205 de
1152 1180 1226 1205 Patre
1245 1182 1270 1205 et
1283 1179 1346 1205 Filio
1359 1186 1446 1211 respe-

801 1228 844 1251 ctu
864 1224 899 1250 ad
918 1225 1044 1256 Spiritum
1064 1227 1184 1250 sanctum
1199 1223 1260 1249 ibid.
1274 1237 1309 1242 —
1323 1230 1445 1256 persona-

800 1269 857 1294 liter
875 1269 938 1294 dicit
958 1269 1080 1294 fontalem
1100 1268 1293 1294 emanationem
1319 1269 1344 1293 in
1370 1269 1444 1294 Patre

801 1312 861 1339 ibid.
882 1327 918 1332 —
937 1313 1000 1339 dicit
1018 1313 1198 1338 auctoritatem
1215 1313 1242 1337 in
1256 1313 1330 1338 Patre
1345 1312 1396 1338 445
1410 1312 1443 1338 47

802 1355 830 1383 2·
849 1371 884 1376 —
902 1357 1072 1383 essentialiter
1085 1360 1202 1382 sumtum
1218 1357 1327 1382 trahitur
1340 1357 1372 1382 ad
1387 1363 1443 1388 per-

800 1408 891 1427 sonam
911 1402 966 1427 Filii
985 1408 1033 1433 per
1053 1401 1239 1433 proprietatem
1266 1401 1442 1433 generationis

799 1446 841 1472 vel
861 1453 909 1478 per
928 1445 1113 1477 proprietatem
1136 1444 1215 1470 Verbi
1235 1446 1286 1470 362
1307 1445 1340 1470 42

852 1491 972 1516 1301131110
992 1503 1025 1508 -—
1045 1497 1098 1515 non
1118 1489 1196 1515 habet
1209 1496 1315 1515 03053111
1330 1489 1441 1514 efficien-

800 1538 866 1566 tem,
886 1535 931 1560 sed
953 1534 1116 1560 deficientem
1138 1534 1169 1559 Vi
1190 1534 1242 1559 382
1262 1533 1296 1558 55
1309 1548 1344 1551 -
1357 1534 1377 1559 Α
1392 1533 1441 1564 pri-

799 1579 903 1605 vatione
921 1586 974 1605 non
993 1582 1032 1604 est
1051 1585 1188 1610 regressus
1207 1578 1241 1603 ad
1266 1577 1384 1603 habitum
1404 1584 1441 1602 se-

798 1624 915 1650 cundum
935 1627 1054 1649 naturam
1079 1624 1126 1648 118
1146 1630 1174 1648 v.
1194 1623 1202 1647 4
1227 1637 1262 1640 —
1280 1622 1440 1648 Facillimum

799 1671 838 1694 est
855 1668 981 1694 accedere
1000 1667 1034 1693 ab
1053 1667 1144 1693 habitu
1163 1667 1197 1692 ad
1210 1667 1395 1699 privationem,
1415 1669 1440 1692 et

798 1713 904 1739 difficile
928 1713 969 1738 vel
992 1712 1100 1738 omnino
1124 1711 1287 1744 impossibiie
1313 1711 1399 1736 redire
1427 1717 1441 1735 a

799 1757 947 1790 privatione
967 1757 999 1783 ad
1020 1756 1139 1782 habitum
1160 1756 1193 1781 49
1213 1763 1237 1789 q.
1259 1757 1274 1781 2

852 1803 995 1828 vaueota
1015 1816 1050 1819 —
1069 1807 1215 1833 paucorum
1235 1807 1288 1825 non
1307 1803 1369 1825 sunt
1395 1803 1442 1825 tra-

799 1846 885 1872 henda
904 1846 937 1872 ad
957 1845 1170 1878 consequentiam
1192 1845 1233 1869 Vil
1254 1844 1288 1870 85
1308 1844 1341 1869 57

852 1891 986 1916 Pnoczssio
1005 1903 1041 1908 —
1059 1893 1098 1915 est
1117 1889 1262 1921 personalis
1281 1889 1314 1914 vt
1335 1888 1380 1913 461
1406 1889 1439 1914 26

799 1941 855 1967 arg.
876 1936 892 1960 2

852 1992 888 1998 -
905 1978 997 2010 triplex
1017 1977 1164 2003 celebratur
1177 1977 1201 2002 in
1216 1977 1328 2002 Ecclesia
1343 1977 1373 2002 Vi
1388 1976 1440 2002 594

798 2030 826 2049 v.
846 2023 877 2048 43
902 2036 938 2042 —·
961 2021 1099 2048 turbarum
1124 2021 1254 2053 significat
1280 2021 1439 2054 obsequium

798 2067 961 2099 activorum,
980 2067 1114 2099 processio
1135 2066 1267 2097 virginum
1281 2065 1440 2098 obsequium

798 2111 1062 2143 contemplativorum
1071 2130 1078 2141 ,
1086 2104 1089 2106 ’
1098 2110 1231 2142 processio
1255 2110 1439 2142 Apostolorum

798 2157 974 2188 perfectorum
998 2154 1157 2188 obsequium
1177 2153 1210 2180 ib.
1232 2154 1263 2179 43
1283 2168 1318 2172 -—
1337 2155 1363 2179 ln
1383 2160 1441 2185 pro-

798 2199 961 2226 cessionibus
987 2199 1088 2232 priores
1113 2199 1252 2231 dignitates
1278 2201 1338 2224 sunt
1357 2201 1440 2230 poste-

798 2244 881 2270 riores
901 2244 942 2269 th
963 2244 1014 2269 363
1037 2244 1069 2269 19

852 2290 971 2314 Ρ1100101Λ
990 2302 1026 2308 -
1044 2288 1167 2314 dicuntur
1190 2287 1289 2313 maiora
1314 2286 1439 2312 miracula

799 2332 830 2358 Vl
852 2333 898 2358 301
922 2332 967 2357 75.
986 2333 1028 2358 Vii
1050 2331 1099 2357 175
1121 2331 1153 2356 40
1394 2336 1397 2339 ·

852 2377 986 2402 Paoressto
1005 2390 1040 2395 —
1060 2376 1127 2401 Volo
1147 2375 1316 2407 professionis
1333 2374 1440 2400 ratifica-

799 2424 841 2447 tur
869 2421 1066 2446 matrimonium
1089 2419 1272 2451 religiosorum
1298 2425 1359 2444 cum
1385 2419 1438 2444 Deo

800 2466 833 2491 Vl
853 2465 907 2491 545
924 2466 940 2491 5

852 2510 1033 2535 Pnortctfiuri-:s
1051 2522 1086 2527 —
1105 2511 1239 2534 transeunt
1258 2515 1271 2533 3
1289 2508 1341 2533 vita
1354 2507 1438 2533 activa

798 2554 832 2580 ad
850 2553 1080 2586 contemplativam
1103 2553 1133 2577 Vi
1155 2553 1206 2578 597
1227 2553 1242 2578 2
1262 2566 1297 2571 -
1317 2554 1343 2578 10
1369 2551 1439 2577 bono

798 2605 903 2630 semper
929 2598 1120 2630 proficiendum
1147 2601 1186 2623 est
1212 2597 1253 2622 vit
1281 2597 1332 2623 356
1351 2597 1385 2622 72
1404 2610 1440 2616 —-

799 2643 908 2675 Semper
927 2642 1120 2674 proficiendum
1140 2646 1179 2667 est
1203 2645 1311 2674 propter
1334 2642 1440 2667 difficul-

799 2690 877 2713 tatem
891 2687 916 2712 in
935 2687 1042 2718 merito,
1069 2687 1228 2718 rigiditatem
1249 2687 1274 2712 in
1294 2686 1390 2712 iudicio
1415 2689 1440 2711 et

798 2732 970 2757 calamitatem
990 2731 1016 2757 in
1036 2731 1165 2763 supplicio
1185 2731 1236 2756 352
1256 2731 1288 2756 59

852 2789 886 2794 -
906 2775 1003 2802 debent
1022 2776 1106 2808 legem
1133 2782 1239 2802 servare
1264 2776 1330 2801 sicut
1355 2775 1440 2801 Phari-

799 2820 852 2846 saei
872 2820 904 2846 Vi
931 2820 977 2846 411
1002 2821 1018 2845 9
1037 2834 1073 2840 —
1094 2821 1190 2846 1301001
1216 2820 1326 2845 Domino
1350 2820 1440 2845 convi-

799 2864 873 2890 vium
887 2863 948 2890 ibid.
964 2878 997 2883 —
1010 2864 1108 2890 debent
1127 2864 1259 2890 custodire
1279 2865 1438 2889 honestatem

800 2908 851 2935 542
872 2909 899 2934 11
924 2923 958 2927 —
978 2915 1026 2940 per
1045 2909 1155 2940 gratiam
1177 2908 1288 2940 Spiritus
1310 2908 1392 2933 sancti
1412 2910 1440 2932 ut.

799 2953 884 2979 nubes
911 2953 1056 2979 ascendunt
1080 2953 1114 2979 de
1142 2953 1238 2978 virtute
1261 2952 1287 2977 in
1315 2952 1439 2976 virtutem

800 3004 884 3030 usque
903 2997 937 3022 ad
956 2998 1058 3023 caelum
1078 2997 1122 3022 vit
1142 2997 1175 3022 84
1195 2996 1229 3021 54
1248 3010 1284 3014 -
1301 2995 1439 3021 Proficien-

800 3041 865 3067 tium
891 3044 930 3067 051
949 3042 1068 3067 invenire
1087 3041 1139 3067 285
1159 3040 1192 3066 27
1211 3054 1246 3060 —
1266 3041 1285 3066 Α
1305 3040 1441 3072 proficien-

800 3085 871 3111 tibus
889 3086 1031 3119 requiritur
1050 3086 1148 3111 stuctus
1167 3084 1280 3110 iustitiae
1299 3084 1345 3109 34i
1370 3084 1402 3108 48

854 3143 888 3148 —
906 3129 1024 3156 Christus
1043 3130 1139 3155 missus
1159 3129 1203 3154 mit
1227 3127 1441 3160 proficientibus,

801 3175 829 3199 ut
847 3177 1067 3205 promoverentur
1087 3173 1111 3198 in
1131 3173 1226 3199 iustitia
1247 3173 1279 3198 Vl
1299 3172 1349 3197 574
1370 3173 1386 3197 2
1405 3184 1440 3191 -

800 3217 918 3244 Christus
937 3218 963 3243 in
982 3217 1100 3250 patibulo
1119 3217 1220 3249 positus
1240 3217 1362 3242 informat
1381 3223 1441 3248 pro-

801 3261 916 3288 ficientes
935 3262 969 3287 ad
988 3265 1127 3294 praecepta
1144 3261 1277 3293 implenda
1291 3263 1316 3286 et
1328 3260 1438 3286 adversa

800 3305 950 3331 sustinenda
970 3306 1021 3331 6l9
1042 3311 1066 3331 v.
1087 3307 1102 3331 2
1120 3317 1155 3325 --
1168 3305 1333 3331 Resurrectio
1346 3303 1439 3330 Christi

2064 170 2128 202 823

1785 212 1846 238 rao

1486 254 1608 280 informat
1626 262 1673 280 nos
1691 255 1725 281 ad
1745 257 1890 288 protectum
1904 257 2058 282 meritorum
2072 257 2124 282 620

1488 306 1514 324 ν.
1534 299 1559 324 9.

1540 357 1575 361 -
1594 343 1710 369 Christus
1730 344 1755 369 in
1775 344 1863 376 specie
1885 345 2016 376 peregrini
2041 349 2125 371 osten-

1487 387 1525 412 dit
1544 394 1572 412 se
1591 388 1788 419 proficientibus
1808 388 1840 413 Vi
1861 389 1912 414 622
1932 396 1959 414 v.
1973 389 2005 414 15
2018 402 2053 408 -
2067 390 2127 415 Pro-

1488 431 1602 457 ficientes
1616 431 1782 457 deducuntur
1795 432 1910 458 videndo
1924 432 2053 458 Christum
2069 440 2127 458 con-

1486 478 1633 500 versantem
1660 475 1711 500 628
1731 476 1746 500 3
1765 489 1801 495 -
1820 476 1911 501 videre
1935 476 2032 502 debent
2057 476 2129 503 Chri-

1488 521 1558 543 stum
1577 519 1731 550 docentem,
1751 522 1780 545 ut
1805 520 1976 552 instruentum
2003 520 2127 546 miracula

1488 562 1639 594 facientem,
1667 565 1695 588 ut
1723 566 1892 595 moveantur;
1921 568 2073 595 operantem
2103 568 2129 590 et

1486 606 1635 637 exemplum
1662 605 1746 632 bonae
1772 607 1930 638 operationis
1955 607 2074 638 dantem,
2100 612 2127 633 ut

1489 649 1621 675 imitentur
1635 650 1685 674 630
1701 650 1733 675 13
1752 663 1787 668 -—-
1807 650 1925 676 Christus
1943 655 2051 682 apparet
2071 659 2129 684 pro-

1486 692 1632 719 ficientibus
1651 700 1698 725 per
1716 693 1894 719 obedientiam
1914 695 1966 720 623
1987 695 2001 719 3

1538 750 1573 756 -
1591 737 1691 763 Fideles
1710 738 1744 763 de
1758 738 1888 764 mandatis
1901 738 1935 764 ad
1949 739 2054 764 consilia
2069 746 2128 771 pro-

1484 780 1600 806 ficientes
1618 781 1799 813 significantur
1818 789 1865 814 per
1889 782 1957 808 duos
1983 783 2127 814 discipulos

1484 828 1575 851 euntes
1594 825 1620 851 in
1640 827 1764 852 Emmaus
1783 826 1816 851 Vi
1836 827 1887 852 623
1908 827 1923 851 3

1537 884 1573 888 -
1592 870 1714 895 Salomon
1735 870 1760 895 in
1774 870 1926 896 Ecclesiaste
1939 870 2054 904 loquitur
2067 878 2126 903 pro-

1484 914 1634 940 ficientibus
1653 914 1687 940 Vi
1708 915 1741 940 10
1760 922 1786 947 q.
1807 915 1822 940 2

1537 959 1661 989 1111010001
1680 972 1716 978 —
1735 959 1848 991 Spiritus
1863 962 1967 985 sanctus
1981 959 2125 985 advocatus

1483 1005 1522 1028 est
1540 1003 1574 1028 ad
1594 1003 1805 1036 proloquendum
1826 1003 1858 1028 Vl
1879 1004 1930 1029 603
1951 1011 1977 1028 v.
1998 1003 2030 1028 16

1536 1047 1669 1073 Ρ1101115510
1687 1062 1722 1066 ——
1742 1048 1844 1074 Veritas
1857 1051 1896 1073 est
1910 1048 1934 1073 in
1949 1048 2123 1080 promissione

1483 1092 1613 1117 servanda
1635 1092 1667 1117 Vl
1688 1091 1720 1118 43
1740 1099 1767 1117 v.
1786 1093 1801 1118 3
1820 1105 1856 1111 -
1875 1092 1977 1124 impleri
1997 1092 2076 1118 debet
2089 1091 2123 1118 ib.

1483 1143 1509 1161 v.
1529 1136 1539 1160 4
1563 1149 1599 1155 —-
1618 1136 1668 1169 Qui
1687 1143 1739 1162 non
1760 1136 1820 1162 tacit
1838 1137 1910 1169 quod
1924 1137 2056 1169 promisit,
2069 1143 2123 1162 non

1483 1180 1542 1205 facit
1566 1180 1716 1213 veritatem,
1744 1181 1791 1206 sed
1811 1181 1934 1207 mentitur
1955 1181 1987 1206 44
2006 1188 2033 1214 q.
2056 1181 2063 1206 1
2087 1193 2124 1200 -

1482 1224 1635 1250 Promittere
1654 1225 1725 1257 quod
1746 1231 1797 1250 non
1817 1225 1941 1257 impletur
1964 1229 2002 1251 est
2027 1225 2122 1251 locutio

1482 1269 1543 1294 salsa
1565 1269 1597 1294 43
1618 1276 1644 1294 v.
1665 1270 1673 1294 4

1535 1327 1571 1332 —
1590 1314 1666 1338 stulta
1686 1316 1725 1339 est
1744 1314 1798 1344 ilia,
1819 1314 1843 1338 in
1864 1321 1916 1346 qua
1935 1320 1987 1339 non
2006 1317 2043 1339 est
2057 1313 2122 1339 veri·

1481 1360 1519 1382 tas
1538 1360 1564 1382 et
1583 1357 1709 1383 iudicium
1731 1358 1761 1383 Vt
1783 1357 1815 1383 43
1835 1365 1860 1383 v.
1881 1358 1895 1383 3
1917 1372 1951 1375 —
1970 1358 2046 1383 stulta
2069 1364 2120 1383 non

1479 1404 1517 1426 051
1543 1401 1660 1427 facienda
1687 1401 1749 1427 ibid.
1772 1416 1807 1420 —-
1832 1403 1859 1427 ln
1886 1402 1959 1427 malis
1984 1402 2120 1434 promissis

1479 1445 1651 1471 rescindenda
1672 1449 1711 1471 cst
1731 1446 1796 1471 fides
1815 1445 1876 1472 ibid.

1531 1504 1566 1508 -—
1585 1490 1699 1522 Quihbet
1717 1497 1774 1515 esse
1793 1490 1872 1516 debet
1891 1498 1992 1516 memor
2011 1491 2118 1523 promis-

1477 1541 1567 1560 sorum
1588 1535 1632 1559 Dei
1653 1535 1686 1560 ad
1706 1535 1909 1566 exspectandum
1930 1535 1973 1560 vu
1994 1536 2025 1561 36
2048 1535 2098 1561 114

1531 1579 1657 1604 PnoxiTAs
1669 1593 1704 1597 —
1716 1579 1749 1604 ad
1765 1579 1862 1604 malum
1877 1582 1915 1604 est
1927 1580 2001 1612 quasi
2016 1583 2116 1610 catena,

1478 1630 1529 1656 qua
1550 1623 1654 1648 vinctus
1673 1627 1711 1648 cst
1730 1623 1840 1649 carnaiis
1860 1624 1892 1649 Vl
1912 1624 1963 1649 579
1983 1624 1998 1648 6
2018 1638 2052 1642 -—
2072 1624 2118 1649 de-

1479 1668 1561 1693 fectus
1580 1667 1725 1693 stabilitatis
1737 1675 1768 1692 ex
1781 1671 1889 1699 peccato
1902 1671 2033 1693 contracta
2047 1669 2118 1700 plan·

1479 1711 1564 1743 genda
1590 1712 1635 1737 271
1662 1712 1694 1737 13
1714 1726 1749 1731 -
1766 1712 1886 1737 Defectus
1909 1712 2007 1738 amoris
2031 1712 2118 1738 reddit

1478 1763 1590 1788 pronum
1610 1756 1644 1782 ad
1663 1756 1827 1788 peccandum
1848 1757 1880 1782 62
1901 1763 1915 1781 3

1532 1801 1667 1826 1010101131ν
1685 1814 1721 1819 -
1740 1805 1837 1826 certam
1857 1801 2018 1826 demonstrat
2031 1808 2118 1833 perso·

1479 1852 1538 1870 nam
1560 1846 1600 1870 Vll
1621 1846 1671 1870 238
1692 1845 1725 1870 65

1532 1890 1665 1915 Ρ301>Α5510
1684 1903 1719 1907 -
1737 1889 1831 1915 dicitur
1850 1888 2011 1921 perturbatIO
2025 1890 2118 1915 sistens

1479 1933 1503 1958 in
1523 1933 1687 1959 sensualitate
1708 1933 1738 1959 Vi
1759 1932 1810 1958 404
1830 1933 1862 1958 56

1532 1978 1663 2003 PaornETA
1683 1991 1718 1996 —
1737 1977 1833 2003 dicitur
1852 1977 1893 2002 vel
1906 1978 2005 2003 ratione
2018 1978 2118 2003 interio-

1481 2021 1517 2047 ris
1536 2022 1713 2053 inspirationis
1732 2025 1757 2047 et
1776 2022 1942 2047 revelationis
1961 2022 2054 2053 ignoti,
2076 2022 2117 2047 vel

1477 2066 1577 2091 ratione
1595 2066 1733 2091 infallibilis
1751 2069 1776 2091 et
1795 2066 1896 2091 veracis
1915 2066 2117 2091 denuntiationis

1478 2111 1510 2136 vt
1531 2110 1583 2136 324
1602 2111 1635 2135 33
1654 2124 1690 2129 -
1708 2111 1846 2142 Prophetia
1866 2117 1917 2136 non
1937 2113 1976 2135 est
1997 2117 2117 2142 compre-

1478 2156 1633 2186 hensorum,
1647 2154 1694 2180 sed
1713 2154 1823 2180 istorum
1843 2154 1888 2187 qui
1906 2154 1996 2179 vident
2016 2154 2041 2179 in
2061 2161 2117 2186 spe-

1478 2200 1536 2225 culo
1550 2199 1600 2225 324
1615 2199 1647 2224 33
1661 2206 1718 2231 arg.
1730 2212 1766 2217 —
1779 2199 1882 2230 Triplex
1902 2205 1987 2230 genus
2005 2200 2117 2230 prophe-

1478 2244 1528 2269 tiae
1547 2243 1598 2269 210
1619 2243 1633 2268 4
1654 2257 1689 2262 —
1707 2243 1825 2275 praecise
1845 2243 1939 2268 dicitur
1953 2243 1997 2275 qui
2016 2243 2117 2274 praedi-

1478 2289 1511 2314 cit
1536 2289 1620 2313 futura
1645 2287 1696 2313 257
1723 2287 1751 2312 51
1775 2300 1811 2306 -
1829 2287 1957 2318 praedicit
1982 2288 2066 2312 futura
2091 2290 2116 2312 et

1477 2332 1592 2358 absentia
1615 2332 1655 2357 vlt
1678 2331 1726 2356 478
1747 2331 1780 2356 50

1530 2390 1565 2395 —
1585 2377 1728 2407 Prophetae
1748 2380 1786 2401 est
1806 2381 1965 2407 cognoscere
1979 2375 2115 2400 veritatem

1479 2421 1509 2445 Vi
1529 2420 1580 2445 544
1601 2428 1627 2445 v.
1646 2421 1679 2445 23
1698 2434 1733 2437 -
1753 2423 1948 2451 perscrutantur
1961 2419 2050 2444 divina
2064 2419 2116 2451 pie-

1477 2468 1527 2490 tate
1546 2465 1571 2490 in
1591 2464 1682 2496 spiritu
1706 2463 1797 2489 divino
1816 2463 1867 2488 244
1888 2470 1902 2488 3

1531 2523 1563 2527 -—-
1583 2509 1662 2534 Actus
1682 2508 1854 2540 prophetandi
1867 2511 1905 2533 est
1919 2507 2005 2533 bonus
2019 2508 2050 2532 Vt
2065 2507 2115 2532 409

1476 2554 1509 2579 76
1530 2560 1587 2585 arg.
1606 2554 1621 2579 2
1640 2566 1676 2572 -
1694 2555 1780 2584 potest
1798 2559 1907 2584 peccare
1927 2551 2116 2583 praedicendo,

1477 2598 1582 2631 quando
1602 2604 1677 2623 suam
1698 2597 1823 2629 pervertit
1843 2596 2013 2622 intentionem
2035 2595 2084 2621 410
2099 2595 2116 2621 b

1530 2657 1564 2661 --
1585 2643 1632 2668 Per
1654 2643 1797 2673 Prophetas
1823 2641 1973 2672 intelligitur
1999 2639 2131 2665 doctrina·

1478 2688 1681 2719 Prophetarum,
1694 2693 1769 2719 quae
1788 2689 1827 2711 est
1845 2685 1973 2711 audIenda
1994 2692 2042 2717 pro
2062 2691 2117 2710 ma-

1478 2732 1615 2764 gnitudine
1642 2731 1801 2756 auctoritatis
1821 2730 1862 2756 Vll
1885 2729 1934 2755 424
1954 2730 1987 2755 59
2005 2743 2040 2748 -
2059 2729 2116 2754 Pro-

1478 2776 1562 2808 phetis
1581 2782 1639 2801 mos
1658 2778 1697 2800 est
1715 2782 1811 2806 ponere
1830 2774 1998 2806 praeteritum
2020 2780 2067 2805 pro
2081 2774 2118 2798 fu-

1480 2824 1538 2846 turo
1558 2820 1590 2845 38
1612 2820 1663 2844 120

1530 2877 1565 2883 -
1584 2862 1792 2895 inungebantur,
1812 2866 1839 2888 ut
1859 2862 1982 2894 Spiritum
1996 2865 2115 2887 sanctum

1477 2908 1626 2939 acciperent
1645 2908 1688 2932 Vll
1708 2908 1723 2932 3
1744 2908 1759 2932 3
1779 2920 1814 2925 -
1828 2907 1924 2938 Spiritu
1938 2909 2027 2931 sancto
2041 2906 2117 2937 inspi-

1478 2952 1524 2977 rati
1545 2952 1624 2977 locuti
1642 2955 1704 2976 sunt
1723 2951 1868 2982 Prophetae
1888 2951 1920 2975 38
1942 2950 1991 2974 119
2011 2963 2045 2968 -
2065 2956 2115 2974 000

1478 2995 1592 3028 loquitur
1605 3002 1652 3027 per
1665 3001 1707 3026 se,
1720 2994 1766 3020 sed
1786 3000 1833 3026 per
1853 2993 1977 3025 Spiritum
1996 2996 2115 3018 sanctum

1479 3040 1511 3066 Vl
1531 3040 1546 3064 8
1566 3046 1592 3072 q.
1613 3039 1627 3064 4
1647 3052 1682 3057 —
1701 3042 1761 3064 ante
1779 3037 1928 3070 passionem
1954 3036 2047 3062 Christi
2074 3038 2116 3061 ha-

1478 3083 1591 3109 buerunt
1610 3082 1734 3114 Spiritum
1754 3085 1871 3107 sanctum
1887 3081 1938 3106 350
1953 3081 1984 3106 57
1999 3094 2033 3099 -
2047 3081 2115 3106 Deus

1478 3128 1619 3160 Prophetas
1633 3126 1764 3152 constituit
1777 3125 1946 3151 illuminando
1960 3125 2114 3150 intellectum

1479 3173 1489 3197 t
1496 3172 1530 3197 59
1548 3178 1576 3196 v.
1595 3172 1628 3196 27

1531 3230 1565 3233 —
1585 3215 1623 3240 Ad
1643 3214 1785 3246 Prophetas
1806 3215 1887 3239 sactus
1907 3216 1944 3238 est
1963 3219 2049 3238 sermo
2069 3212 2116 3237 Dei

1481 3260 1512 3285 Vi
1532 3259 1583 3284 392
1598 3258 1630 3284 46
1643 3271 1679 3278 -
1693 3258 1728 3284 dii
1742 3258 1827 3283 vocati
1840 3261 1901 3283 sunt
1915 3255 1975 3283 ibid.
1996 3269 2026 3274 —
2041 3256 2112 3281 missi

1480 3306 1540 3329 sunt
1561 3310 1575 3328 a
1596 3303 1650 3328 Deo
1663 3303 1714 3328 386
1729 3302 1761 3327 14
1774 3315 1810 3321 -
1824 3301 1870 3327 Per
1881 3308 1912 3327 os
1924 3301 2116 3332 Prophetarum
