2476 3921
148 506 249 532 Quartum
264 504 300 525 de-

175 531 274 552 scribitur

166 557 287 585 dupliciter.

172 874 201 895 De
216 874 292 901 primo.

162 1348 241 1375 Stupor
255 1353 292 1375 pa-

179 1377 272 1396 rentum.

204 2408 295 2429 Divisio.

313 252 375 284 216

313 348 331 371 a
354 339 451 376 bono,
477 342 640 379 postquam
658 336 749 369 etiam
769 335 909 367 redditus
933 334 1028 366 fuerit
1052 334 1142 366 vitae.
1168 333 1203 365 Et
1220 342 1267 366 se-

312 391 448 424 cundum
464 391 522 423 hoc
534 390 659 431 gravior
667 389 759 421 debet
771 387 885 429 imponi
896 387 1085 429 poenitentia
1100 386 1232 419 diversis
1246 388 1266 417 ¹.

401 444 452 475 97.
480 444 519 475 Et
539 442 636 475 iussit
660 441 710 474 illi
732 441 813 473 clari
835 441 1052 472 manducare.
1078 439 1130 471 Hic
1154 443 1267 481 quarto

311 501 342 530 et
357 497 468 529 ultimo
487 495 623 537 tangitur
640 494 778 527 claritas
793 493 954 526 miraculi
969 496 1005 525 ut
1029 490 1270 533 manifestandi

311 551 348 583 ad
374 550 443 583 fidei
468 549 632 581 utilitatem
665 552 696 581 et
728 547 916 580 occulta-ruli
942 550 1052 579 contra
1074 545 1192 587 gloriae
1215 554 1268 577 va-

311 603 448 635 nitatem.
466 602 551 634 Unde
568 602 670 643 primo
687 600 897 642 praemittitur
914 597 1139 640 manifestatio
1156 597 1268 635 utili9;

312 655 447 689 secundo
471 664 563 693 vero,
588 654 761 686 occultatio
786 651 940 690 humilis,
973 652 1064 693 quia,
1090 651 1171 683 sicut
1194 650 1268 682 dicit

311 709 479 750 Gregorius
493 709 515 746 ²,
545 721 560 735 «
577 708 620 740 sic
643 707 735 739 debet
767 715 835 738 esse
869 714 948 747 opus
973 705 1002 736 in
1027 704 1208 742 manifesto,
1233 706 1268 735 ut

311 766 414 794 tamen
439 761 569 793 intentio
592 763 715 792 maneat
739 759 770 791 in
794 759 917 791 occulto
933 772 963 789 n.

401 814 503 845 Primo
526 822 601 854 ergo
624 815 776 854 quantum
802 811 840 843 ad
857 811 968 843 utilem
985 809 1145 842 miraculi
1160 808 1268 840 mani-

311 866 516 909 festationem
540 865 673 897 dicitur:
700 865 738 896 Et
763 864 859 895 iussit
875 863 925 895 illi
944 863 1026 895 dari
1040 862 1268 899 manducare,

311 924 347 952 ut
371 928 431 951 non
457 918 670 960 phantastica,
694 917 746 949 sed
777 925 850 948 vera
877 915 1038 948 suscitatio
1061 914 1269 956 probaretur,

312 973 392 1005 sicut
416 972 481 1013 ipse
513 970 656 1012 probavit
684 978 773 1002 suam
806 968 1088 1005 resurrectionem
1112 967 1194 999 infra
1221 967 1270 999 ul-

312 1025 430 1057 tim0³:
461 1037 476 1052 «
493 1023 616 1056 Habetis
647 1023 697 1054 hic
732 1021 868 1063 aliquid,
893 1020 976 1062 quod
1009 1019 1216 1052 manducetur
1233 1022 1270 1051 »ἵ

311 1082 342 1111 61
365 1077 598 1110 suscitationem
624 1075 747 1112 Lazari,
773 1073 893 1106 loannis
916 1072 1120 1110 duodecimo,
1147 1072 1200 1104 ubi
1224 1072 1270 1104 di-

310 1132 410 1169 citur,
428 1129 512 1172 quod
534 1142 549 1157 «
566 1129 701 1160 Lazarus
718 1137 801 1160 unus
817 1130 885 1159 erat
900 1135 941 1159 ex
957 1125 1227 1158 discumbentibus
1239 1139 1269 1157 ι».

312 1182 380 1215 ldeo
403 1186 508 1214 autem
534 1181 657 1222 signum
682 1180 735 1212 dat
758 1179 902 1212 sensibus
926 1187 1018 1210 verae
1041 1177 1270 1216 suscitationis,

310 1240 346 1268 ut
370 1238 490 1268 mentes
513 1235 612 1266 elevet
637 1234 667 1265 in
692 1241 858 1265 excessum
884 1231 1110 1264 admirationis.

401 1289 452 1321 98.
478 1288 578 1329 (Vers.
605 1288 681 1326 56).
716 1286 801 1319 Unde
827 1289 858 1327 et
893 1285 1037 1317 additur:
1065 1286 1103 1317 Et
1134 1289 1269 1327 stupue-

310 1346 390 1374 runt
403 1346 557 1383 parentes
581 1341 662 1379 eius,
687 1339 775 1382 quasi
801 1339 1045 1381 magnitudinem
1068 1338 1191 1370 divinae
1215 1347 1269 1380 po-

310 1395 424 1428 tentiae
448 1395 530 1427 ferre
561 1403 621 1426 non
657 1393 807 1431 valentes;
834 1392 927 1425 Isaiae
962 1391 1111 1433 vigesimo
1139 1392 1269 1423 non04:

317 1462 332 1476 «
350 1449 442 1486 Ecce,
467 1457 523 1490 ego
547 1447 675 1485 addam,
702 1450 735 1478 ut
758 1446 994 1478 admirationem
1019 1445 1128 1477 faciam
1154 1445 1270 1486 populo

899 245 1092 279 COMMENT.
1118 246 1153 278 lN
1178 244 1415 277 EVANGELIUM
1441 243 1557 276 LUCAE
1582 242 1613 274 C.
1640 242 1686 274 lX.

1332 332 1406 365 huic
1430 331 1582 363 miraculo
1605 329 1714 372 grandi
1746 334 1777 362 et
1806 329 1963 370 stupendo
1979 342 2009 360 ».
2035 325 2150 370 Stupor
2181 332 2285 361 autem

1331 385 1389 418 iste
1413 384 1504 417 fidem
1530 383 1726 416 credentium
1749 382 1882 415 elevavit
1910 383 1940 414 in
1967 390 2152 421 excessum,
2177 391 2287 415 secun-

1330 438 1405 470 dum
1432 437 1507 470 illud
1531 438 1663 469 Actuum
1687 435 1824 468 decimo:
1854 447 1869 463 α
1885 434 2127 476 obstupuerunt
2157 444 2196 468 ex
2227 436 2288 468 cir·

1331 491 1520 524 cumcisione
1544 490 1651 523 fideles
1668 502 1683 518 n
1711 492 1769 521 etc.

1421 544 1472 575 99.
1498 542 1639 575 Secundo
1664 551 1738 574 vero
1759 545 1912 583 quantum
1945 541 1983 574 ad
2007 540 2161 574 humilem
2183 543 2288 575 occul·
2304 545 2335 567 ⁰⁰
2350 546 2443 582 munda

1332 597 1487 629 tationem
1511 595 1674 628 subditur:
1701 594 1828 635 Quibus
1843 594 2029 636 praecepit,
2046 604 2086 627 ne
2101 594 2157 627 eui
2168 595 2181 615 ⁶
2205 595 2288 628 ‹lice-
2442 587 2443 590 ¹

1331 653 1404 682 rent
1433 649 1520 692 quod
1543 647 1673 690 factum
1699 651 1796 685 emt,-
1821 647 1928 680 volens
1952 647 2114 680 humiliter
2139 648 2235 681 latere
2258 653 2289 681 et

1331 702 1512 743 exemplum
1537 700 1724 733 humilitatis
1746 699 1840 737 dare,
1865 700 1947 732 sicut
1970 700 2129 741 praecepit
2152 700 2288 743 discipu-

1332 755 1369 787 lis
1393 754 1537 787 Matthaei
1573 754 1695 786 decimo
1729 753 1876 794 septimo:
1906 766 1921 781 «
1939 753 2098 795 Praecepit
2133 753 2207 786 illis:
2232 754 2289 787 Ne-

1333 807 1407 839 mini
1430 807 1574 839 dixeritis
1598 807 1747 839 visionem
1764 820 1780 835 »
1808 809 1885 845 etc.;
1909 806 1940 838 in
1966 815 2029 848 quo
2053 806 2204 845 ostendit,
2234 816 2290 840 nos

1331 860 1446 892 debere
1469 859 1547 891 velle
1572 859 1669 891 latere
1692 859 1723 890 in
1755 859 1876 900 magnis
1908 858 2006 891 factis.
2035 858 2121 891 Unde
2145 859 2290 901 Augusti-

1332 921 1393 945 nus
1405 912 1436 944 ⁶:
1456 925 1471 940 «
1483 911 1613 944 Occulta
1628 912 1712 953 quod
1729 912 1809 953 agis,
1827 911 1857 943 in
1874 915 2028 954 quantum
2046 915 2150 953 potes;
2168 912 2252 954 quod
2265 913 2289 945 si

1333 975 1373 999 ex
1414 969 1478 997 toto
1505 974 1565 997 non
1600 966 1699 1003 vales,
1727 965 1766 997 sit
1800 965 1830 997 in
1866 965 1970 997 animo
2007 966 2151 998 voluntas
2186 966 2291 999 occul-

1334 1018 1417 1051 tandi
1435 1032 1465 1050 ».
1484 1036 1525 1041 -
1543 1018 1579 1050 Et
1602 1021 1689 1056 nota,
1713 1017 1798 1060 quod
1822 1022 1869 1050 est
1893 1022 2097 1060 praeceptum
2114 1019 2291 1052 exsecutio·
2306 1021 2436 1075 Prffiffigffu

1333 1072 1405 1110 nis,
1430 1072 1511 1104 sicut
1534 1071 1717 1113 decalogus;
1747 1071 1974 1113 probationis,
2007 1072 2089 1104 sicut
2119 1072 2158 1105 de
2181 1072 2292 1105 immo-

1334 1124 1425 1157 lando
1456 1124 1520 1156 filio
1544 1124 1702 1162 Abrahae,
1726 1123 1853 1156 Genesis
1878 1124 2027 1166 vigesimo
2051 1125 2231 1164 secundo¹;
2261 1130 2293 1159 et

1334 1177 1583 1215 instructioniS,
1607 1177 1689 1210 sicut
1712 1177 1772 1209 hic.
1798 1177 1828 1209 ln
1855 1177 1956 1219 primo
1991 1177 2142 1210 invitatur
2174 1178 2293 1211 intelle-

1333 1235 1406 1263 ctus
1428 1230 1465 1263 ad
1491 1230 1758 1272 cognoscendum,
1790 1229 1928 1273 affectus
1951 1230 1989 1262 ad
2015 1231 2200 1270 volendum,
2225 1230 2293 1274 effe-

1333 1288 1405 1316 ctus
1428 1283 1467 1316 ad
1491 1283 1739 1325 exsequendum.
1767 1283 1797 1315 ln
1815 1283 1952 1316 secundo
1969 1284 2121 1316 invitatur
2144 1283 2292 1327 affectus,

1333 1337 1388 1370 sed
1411 1346 1473 1369 non
1503 1335 1642 1379 effectus.
1665 1336 1696 1368 In
1723 1336 1815 1369 tertio
1841 1339 1961 1369 tantum
1987 1337 2164 1369 intellectus·
2187 1337 2292 1370 erudi-

1334 1394 1405 1429 tur,
1429 1399 1491 1422 non
1516 1390 1630 1432 ligatur
1666 1388 1821 1432 affecturi,
1846 1398 1903 1422 nec
1938 1390 2125 1431 prohibetur
2154 1389 2292 1433 effectus.

1335 1445 1370 1476 Et
1394 1444 1438 1476 sic
1462 1443 1646 1485 intelligitur
1670 1443 1747 1475 illud
1771 1446 1983 1485 praeceptum.

1179 1578 1363 1610 CArtTULUM
1388 1577 1435 1610 IX.

312 1704 429 1744 Quarto
452 1703 688 1738 determinatur
714 1702 942 1737 instructorum
966 1701 1187 1746 discipulorum
1219 1701 1272 1736 de-

401 1757 537 1801 legatio,
555 1756 655 1801 primo
671 1755 772 1800 quoad
791 1754 966 1799 Apustium,
983 1754 1094 1789 deinde
1110 1754 1211 1799 quoad
1226 1764 1272 1788 se-

402 1810 588 1854 ptuaginta.

405 1919 432 1950 1.
448 1917 640 1950 Convocatis
656 1921 766 1949 autem
783 1917 875 1949 Iesus
888 1916 901 1935 ⁸
917 1916 1089 1949 duodecim
1106 1920 1163 1949 etc.
1182 1915 1273 1948 Com-

313 1971 404 2013 pletis
428 1970 531 2003 tribus
548 1970 690 2011 partibus
708 1969 932 2011 principalibus
949 1969 1045 2002 huius
1062 1969 1174 2011 partis,
1192 1978 1273 2011 quae

313 2028 359 2057 est
382 2023 420 2056 de
443 2023 585 2056 doctrina
610 2023 676 2056 lesu
700 2023 831 2062 Christi,
856 2023 887 2055 in
912 2023 1028 2065 quibus
1045 2022 1187 2064 discipuli
1213 2021 1271 2063 ipsi

313 2077 439 2110 excitati
464 2076 593 2109 fuerunt
627 2076 666 2109 ad
701 2077 912 2115 credendum,
936 2076 1056 2108 invitati
1086 2075 1124 2108 ad
1149 2075 1273 2107 imitan-

313 2130 389 2163 dum
402 2133 433 2162 et
445 2129 588 2162 instructi
602 2130 641 2163 ad
658 2129 911 2171 intelligendum
929 2129 980 2162 hic
997 2128 1142 2170 sequitur
1159 2130 1273 2170 quarta

313 2192 404 2225 pars,
429 2183 459 2215 in
483 2192 546 2225 qua
570 2183 780 2225 intelliyentes
803 2182 983 2214 mittuntur
1008 2182 1054 2214 acl
1073 2181 1273 2223 praedican-

313 2236 404 2268 dum.
430 2235 513 2268 Ordo
548 2240 653 2268 autem
690 2236 823 2269 istarum
847 2235 984 2277 partium
1017 2234 1091 2267 satis
1114 2238 1161 2267 est
1184 2234 1216 2266 in
1240 2243 1273 2267 se

313 2289 505 2322 manifestus.
534 2289 687 2330 Quoniam
718 2293 824 2321 autem
858 2288 986 2330 quidam
1018 2287 1272 2329 praedicatorum

314 2346 388 2375 sunt
406 2343 441 2383 „in
465 2343 565 2385 gradu
597 2343 772 2384 superiori,
797 2342 925 2384 quidam
955 2350 1029 2374 vero
1057 2341 1088 2373 in
1115 2341 1271 2381 inferiori;

314 2395 382 2428 ideo
406 2405 480 2437 pars
507 2396 566 2428 ista
593 2396 688 2428 habet
711 2395 799 2427 duas.
826 2395 856 2427 ln
881 2404 1017 2436 quarum
1043 2394 1145 2436 prima
1168 2394 1273 2436 agitur

314 2448 352 2481 de
375 2449 531 2481 missione
549 2448 802 2491 Apostolorum;
820 2448 850 2480 in
875 2448 1012 2480 secunda
1036 2456 1121 2487 vero,
1139 2447 1177 2480 de
1193 2447 1273 2480 mis-

313 2502 403 2534 sione
424 2502 637 2544 septuaqii·tla
661 2501 915 2544 discipulorum,
941 2501 972 2534 in
996 2501 1118 2534 decimo
1134 2501 1272 2543 capitulo

315 2554 355 2586 ibi
370 2555 396 2586 ⁹:
424 2555 614 2597 Desiynavit
638 2559 750 2587 autem
767 2559 825 2588 etc.

388 2746 395 2760 ¹
416 2746 468 2772 Cir.
487 2747 520 2772 de
540 2747 579 2772 his
599 2747 682 2777 Beda,
702 2748 737 2772 lll.
758 2748 782 2772 in
811 2748 871 2772 Luc.
893 2748 921 2778 8,
948 2748 990 2772 55.
1010 2751 1035 2773 et
1055 2749 1082 2773 11.
1102 2748 1126 2773 111
1147 2748 1222 2773 Marc.
1244 2747 1272 2778 5,

317 2791 359 2815 43.
378 2804 413 2809 —-
432 2791 558 2822 Superius
578 2798 626 2822 pro
650 2791 813 2824 pronitatem
836 2791 893 2816 Vat.
910 2791 1157 2825 promptitudinem,
1181 2795 1206 2817 et
1225 2799 1274 2823 pro

313 2834 528 2872 praepedientem
547 2835 661 2860 secunda
683 2842 775 2860 manus
795 2835 819 2860 in
841 2836 860 2860 D
879 2835 1012 2861 substituit
1031 2835 1225 2869 impedientem.

386 2877 397 2892 ²
416 2878 486 2904 Libr.
506 2878 523 2904 1.
543 2880 637 2904 llomil.
657 2879 682 2904 in
704 2880 802 2910 Evang.
823 2879 911 2905 homil.
933 2880 974 2904 ll.
994 2887 1020 2905 n.
1042 2880 1065 2905 l.

387 2921 398 2936 ¹³
418 2924 492 2948 Vers.
513 2923 554 2954 4⁴,
568 2926 719 2956 postquem
741 2925 808 2949 10311.
829 2924 870 2955 12,
890 2925 914 2949 2.
934 2938 970 2943 -
988 2925 1078 2950 Glossa
1091 2924 1274 2951 interlinearis

318 2967 358 2999 (ex
379 2967 472 3000 Beda):
494 2968 527 2993 El
546 2967 623 2994 iussit
642 2967 683 2993 illi
701 2967 764 2993 dari
787 2967 970 3000 manducare,
991 2969 1024 2993 ad
1045 2969 1220 2994 testimonium
1240 2969 1274 2993 vi-

318 3014 366 3042 tae,
386 3015 414 3037 ut
432 3018 482 3036 non
503 3013 671 3043 phantasma,
691 3012 735 3037 sed
766 3013 862 3038 veritas
881 3013 1040 3038 crederetur.
1060 3012 1111 3038 Csr.
1131 3012 1274 3045 chrysost„

317 3055 411 3080 llomil.
432 3056 473 3080 3⁴.
494 3055 566 3087 (alias
587 3056 640 3088 32.)
661 3056 685 3080 in
707 3057 792 3081 Matth.
812 3064 836 3081 n.
857 3057 887 3082 3:
902 3057 991 3088 Neque
1005 3057 1084 3081 modo
1098 3057 1213 3087 suscitat,
1227 3058 1273 3083 sed

318 3099 406 3124 cibum
426 3099 475 3130 ipsi
495 3099 557 3124 dare
577 3099 662 3130 iubet,
681 3107 713 3125 ne
732 3100 866 3125 videretur
891 3107 932 3125 res
957 3107 1014 3125 esse
1039 3101 1201 3131 phantasma.
1227 3102 1275 3126 Ne-

318 3150 369 3175 quc
390 3143 444 3174 ipse
464 3143 520 3174 dat,
540 3144 586 3169 sed
606 3144 670 3169 alios
693 3144 757 3169 darc
781 3144 866 3175 iubet,
885 3145 1112 3177 quemadmodum
1132 3148 1157 3170 ct
1176 3145 1209 3170 de
1229 3147 1275 3171 La-

318 3194 378 3212 zaro
397 3187 432 3212 ait
450 3186 534 3220 [loan.
555 3188 582 3212 lt
594 3207 600 3218 ,
621 3187 691 3221 44.]:
706 3188 806 3214 Solvite
820 3188 897 3214 illum
917 3190 941 3214 et
959 3188 1037 3214 sinite
1055 3188 1143 3221 abire,
1163 3193 1188 3215 ct
1208 3193 1276 3221 post—

318 3238 348 3256 ea
369 3238 474 3256 mensae
492 3236 640 3257 consortem
661 3233 746 3258 efficit.
767 3233 865 3258 Etenim
880 3240 985 3264 semper
999 3236 1140 3266 utrumque
1153 3241 1275 3265 compro-

320 3275 383 3300 bare
401 3277 465 3301 solet
484 3280 509 3301 et
527 3280 638 3302 mortem
657 3280 683 3302 et
701 3278 918 3303 resurrectionem
933 3278 1127 3303 accuratissime
1140 3282 1274 3304 assertam.

319 3333 354 3338 —
373 3321 480 3345 inferius
498 3328 546 3351 pro
558 3320 679 3346 sensibus
692 3322 712 3345 (i
726 3320 857 3353 sensibile,
871 3325 895 3346 ct
914 3329 962 3353 pro
980 3321 1008 3346 in
1027 3328 1182 3354 eafcessum,
1202 3322 1275 3355 quod

320 3363 416 3389 habent
435 3364 454 3389 C
466 3365 516 3389 Du
529 3365 557 3396 H,
580 3365 636 3390 Vat.
650 3364 678 3390 in
692 3364 838 3390 eoecelsum.
857 3365 907 3390 Ctr.
928 3370 990 3391 tom.
1013 3366 1041 3391 V.
1059 3373 1086 3398 p.
1100 3366 1140 3391 40.
1155 3367 1203 3391 col.
1219 3367 1235 3391 l.
1248 3366 1275 3391 in

320 3415 392 3439 corp.
412 3412 437 3434 ct
457 3409 554 3440 passim
575 3409 599 3434 in
619 3410 676 3434 aliis
696 3410 765 3435 locis.

1432 1700 1517 1727 Primo
1537 1700 1627 1734 agitur
1646 1699 1675 1726 de
1694 1699 1816 1726 missione
1833 1700 2010 1734 Apostolorum
2030 1700 2111 1735 quoad
2130 1700 2194 1727 tria.

1427 1807 1528 1839 Prima
1553 1816 1625 1848 pars
1649 1807 1787 1840 continet
1810 1816 1958 1849 praesens
1987 1807 2159 1852 capitulum
2185 1810 2216 1840 et
2240 1807 2295 1840 ha—

1337 1861 1389 1894 bet
1414 1865 1478 1893 tres
1504 1864 1627 1902 partes,
1652 1860 1825 1893 secundum
1851 1861 1911 1893 tria
1935 1870 2016 1903 quae
2040 1860 2178 1902 explicat
2202 1860 2296 1893 Evan-

1337 1914 1446 1956 gelista
1469 1914 1645 1946 necessaria
1668 1914 1819 1956 Apostolis
1835 1917 1865 1947 et
1882 1914 2029 1956 praelatis
2051 1914 2090 1946 ad
2114 1913 2296 1956 praedican-

1337 1967 1413 2000 dum
1427 1967 1539 1999 missis.
1557 1967 1699 2008 Quorum
1712 1967 1851 2009 primum
1864 1970 1911 1999 est
1926 1966 2042 2010 forma
2056 1967 2296 2009 praedicandi,-

1337 2020 1510 2053 secundum
1535 2024 1581 2053 est
1597 2021 1654 2052 via
1673 2019 1890 2063 proficiendi,
1915 2030 2009 2062 quam
2034 2020 2172 2063 explicat
2195 2020 2295 2053 ibi10:

1339 2074 1378 2106 El
1393 2072 1522 2115 factum
1539 2077 1602 2112 est,
1628 2083 1704 2106 cum
1720 2073 1810 2106 solas
1837 2077 1917 2106 esset
1944 2083 2068 2112 orans;
2097 2074 2225 2107 tertium
2250 2078 2297 2107 est

1336 2137 1459 2173 norma
1479 2127 1712 2169 praesidendi,
1745 2136 1826 2169 quae
1853 2127 2043 2160 describitur
2067 2127 2124 2160 ibi:
2153 2127 2298 2160 Intravit

1337 2183 1448 2212 autem
1471 2179 1507 2212 in
1530 2189 1584 2212 eos
1607 2180 1780 2222 coyitatio,
1804 2180 1880 2223 quis
1904 2189 2019 2212 eorum
2043 2183 2101 2213 etc.

2315 1975 2430 1998 subdivisu

1513 2294 1603 2321 Forma.
1621 2294 1788 2329 praedicandi
1807 2294 1949 2329 dupliciter
1967 2294 2124 2330 explicatur.

1428 2395 1587 2426 Formam
1603 2397 1708 2426 autem
1723 2393 1947 2436 praedicandi
1962 2393 2129 2435 dupliciter
2145 2393 2297 2435 explicat;

1338 2448 1440 2490 primo
1464 2447 1524 2480 sub
1548 2447 1661 2480 divino
1680 2451 1877 2489 praecepto,·
1893 2446 2031 2480 secundo
2048 2455 2140 2486 vero,
2165 2447 2225 2480 sub
2248 2446 2297 2479 di-

1337 2501 1414 2533 vino
1441 2500 1605 2542 exemplo,
1631 2500 1672 2532 ibi
1688 2501 1731 2532 ¹¹:
1758 2501 1797 2532 El
1820 2500 1946 2533 reversi
1978 2500 2127 2542 Apostoli
2160 2500 2298 2532 nuntia-

1337 2557 1464 2601 verunt.

2317 2453 2370 2485 Alia·
2379 2453 2435 2484 subd*

2350 2486 2412 2502 visio.

1410 2745 1420 2760 ¹
1441 2747 1514 2772 Vers.
1539 2746 1576 2771 14.
1595 2760 1631 2765 —
1650 2746 1773 2778 Sequitur
1792 2747 1848 2771 Act.
1870 2746 1915 2776 lo,
1936 2745 1977 2770 45.
1999 2744 2118 2777 (ACDG
2138 2744 2166 2770 in
2186 2743 2299 2771 circum-

1338 2789 1444 2816 cisione.
1466 2804 1498 2808 -
1519 2791 1567 2815 Pro
1586 2791 1612 2816 in
1631 2797 1771 2817 eoncessum
1791 2790 1870 2815 codd.
1888 2793 1914 2815 et
1934 2790 1991 2815 vat.
2011 2788 2039 2814 in
2058 2788 2171 2815 excelso.

1408 2833 1419 2847 ⁶
1439 2835 1551 2866 Vulgata
1571 2839 1596 2860 et
1615 2835 1673 2860 Vat.
1693 2842 1753 2860 cum
1774 2835 1905 2860 nonnullis
1925 2834 2002 2859 codd.
2021 2832 2113 2860 alicui.
2126 2847 2161 2852 —
2180 2833 2300 2860 Subinde

1339 2879 1465 2910 allegatur
1485 2880 1571 2904 lllattli.
1593 2879 1633 2909 17,
1654 2880 1678 2903 9.

1408 2922 1419 2937 ⁶
1438 2923 1508 2949 Libr.
1527 2924 1560 2949 (le
1579 2923 1705 2949 Conflictu
1726 2923 1849 2949 vitiorum
1870 2927 1894 2948 ct
1914 2923 2039 2948 virtutum
2061 2922 2137 2955 (inter
2147 2929 2227 2955 opera
2250 2923 2299 2947 Au-

1338 2968 1427 2999 gust),
1447 2975 1469 2992 c.
1489 2968 1519 2993 3:
1539 2968 1644 2993 Occulta
1665 2968 1738 3000 quod
1758 2967 1827 2999 agis,
1842 2968 1868 2992 in
1881 2970 2009 2999 (plantum
2030 2967 2115 2997 vales;
2128 2967 2199 2999 quod
2215 2967 2235 2992 si
2250 2970 2298 2992 etc.

1408 3009 1418 3025 ⁷
1440 3012 1514 3037 Vers.
1535 3014 1559 3038 2.
1579 3012 1630 3038 Ctr.
1652 3013 1668 3037 1.
1689 3013 1757 3038 Sent.
1778 3012 1804 3037 d.
1825 3012 1866 3037 47.
1886 3011 1950 3037 dub.
1971 3011 1996 3036 5.

1409 3054 1419 3069 Β
1439 3057 1472 3081 113
1501 3056 1626 3089 ABCD,
1656 3057 1766 3088 Vulgata
1786 3056 1881 3082 omittit
1901 3057 1987 3087 lesus,
2011 3055 2082 3088 quod
2104 3054 2201 3081 habent
2220 3055 2297 3080 etiam

1339 3101 1421 3131 Beda,
1441 3100 1518 3127 Card.
1539 3102 1627 3133 Ilugo,
1648 3102 1675 3126 B.
1696 3101 1805 3131 Albert„
1825 3102 1851 3126 S.
1876 3101 1970 3125 Thom.
1991 3100 2055 3132 (Cat.
2074 3107 2153 3125 aurea
2182 3101 2208 3125 in
2237 3101 2299 3125 Luc.

1338 3151 1361 3170 c.
1374 3145 1399 3169 9.
1418 3153 1442 3170 n.
1464 3145 1498 3178 l.)
1518 3148 1543 3170 ct
1563 3146 1688 3176 Lyranus.
1709 3160 1742 3163 —
1762 3145 1798 3170 De
1818 3144 1936 3176 partibus
1956 3144 2144 3176 principalibus
2163 3144 2300 3169 divisionis

1339 3190 1384 3215 cfr.
1398 3196 1476 3221 supra
1497 3196 1520 3215 c.
1541 3189 1564 3215 4.
1584 3197 1608 3215 n.
1630 3191 1653 3215 1.
1672 3203 1707 3209 --
1727 3189 1835 3214 inferius
1854 3196 1902 3220 pro
1922 3188 2085 3215 credendum
2099 3192 2124 3214 et
2136 3188 2300 3215 imitandum

1340 3234 1397 3259 Vat.
1416 3233 1580 3259 audiendum
1599 3237 1624 3259 et
1643 3233 1908 3260 communicandum.

1410 3276 1421 3290 ⁹
1441 3278 1516 3303 Vers.
1540 3279 1563 3303 t:
1584 3278 1647 3304 Post
1665 3278 1730 3304 haec
1748 3279 1839 3303 autem
1857 3277 2007 3311 desiqnavit
2027 3277 2158 3303 Dominus
2177 3281 2228 3302 etc.

1411 3320 1433 3335 ¹⁰
1454 3322 1527 3347 Vers.
1549 3323 1596 3353 18;
1617 3323 1720 3347 tertium
1742 3321 1852 3347 habetur
1871 3329 1897 3347 v.
1918 3322 1960 3347 46.

1411 3364 1432 3379 ¹¹
1455 3367 1528 3391 vers.
1550 3367 1598 3398 to,
1619 3367 1662 3392 ubi
1683 3373 1731 3398 pro
1751 3365 1947 3392 nuntiaverunt
1967 3366 2011 3398 (ita
2031 3365 2108 3391 etiam
2123 3365 2151 3391 B.
2164 3364 2262 3390 Albert.
2276 3367 2301 3389 ct

1340 3411 1458 3442 Lyranus
1477 3411 1501 3435 in
1523 3411 1651 3443 margine)
1673 3411 1782 3442 Vulgata
1802 3414 1827 3436 et
1847 3411 1903 3435 Vat.
1923 3411 2117 3436 narraverunt.
