2476 3921
159 773 287 795 Secundum.

160 1511 288 1533 Notandum.

314 253 378 286 392

317 341 402 374 Sicut
419 341 500 374 enim
512 366 519 379 ‚
537 340 688 382 sapientia
703 339 904 378 adveniente,
922 340 1052 372 veniunt
1068 340 1172 372 omnia
1188 340 1269 372 bona

312 395 496 436 sapientiae,
513 393 688 435 Sapientiae
704 393 851 435 septimo:
870 406 885 421 «
899 393 1060 425 Venerunt
1073 392 1148 425 mihi
1159 392 1269 425 omnia

311 448 392 480 bona
417 447 535 489 pariter
558 456 630 480 cum
647 447 715 486 illa,
732 450 763 479 et
787 446 1025 479 innumerabilis
1050 446 1196 479 honestas
1212 455 1268 488 per

312 510 424 533 manus
446 501 531 533 illius
547 512 577 539 »;
601 500 646 533 sic
669 500 736 541 ipsa
758 500 911 538 abeunte,
936 499 1040 531 omnia
1066 499 1148 531 bona
1182 507 1268 531 rece-

310 554 406 592 dunt,
431 557 462 586 et
485 553 667 595 supervenit
691 556 828 594 egestas,
854 552 1026 585 secundum
1044 552 1120 584 illud
1137 552 1267 584 Prover-

310 608 434 640 hiorum
460 607 569 640 tertio:
600 619 614 635 a
634 607 758 648 Egestas
780 615 798 638 a
821 606 958 638 Domino
989 606 1020 638 in
1044 605 1137 638 domo
1160 605 1266 647 impii,

310 661 488 694 habitacula
511 661 667 701 iustorum
693 660 918 692 benedicentur
934 673 964 691 n.

400 716 451 746 97.
476 714 576 755 (Vers.
605 715 678 752 15).
712 713 854 746 Secundo
889 716 1043 755 quantum
1074 713 1112 745 ad
1148 722 1267 754 oppro-

311 767 422 799 brium
444 767 614 799 servitutis
645 766 768 799 subdit:
802 767 842 798 Et
866 765 947 798 abiit
978 769 1008 797 et
1030 764 1183 798 adhaesit
1205 765 1268 797 uni

309 821 433 853 civium
458 820 602 862 reyionis
626 819 737 857 illius,-
761 819 843 851 civis
866 822 971 852 autem
998 819 1028 851 in
1055 819 1180 860 regione
1204 819 1266 851 dis-

310 871 521 905 similitudinis
545 876 576 905 et
599 872 715 914 peccati
741 875 788 904 est
812 872 862 904 ille
887 872 941 913 qui
966 872 996 903 in
1021 875 1148 913 peccato
1180 880 1266 903 man-

309 926 426 958 sionem
452 929 635 967 perpetuam
660 925 830 957 collocavit.
856 925 938 958 Inter
964 925 1020 956 hos
1036 924 1119 957 cives
1135 933 1219 957 unus
1236 927 1267 957 et

309 979 431 1020 primus
455 982 501 1010 est
525 978 591 1019 ipse
614 978 774 1016 diabolus;
799 977 882 1010 unde
905 977 1055 1010 Glossa1:
1085 990 1099 1005 α
1117 978 1203 1010 Unus
1227 977 1267 1010 ci-

309 1032 395 1064 vium
428 1032 478 1064 ille
513 1034 574 1069 est,
600 1031 673 1072 qui,
698 1030 957 1072 concupiscentiis
989 1031 1123 1063 terrenis
1154 1031 1266 1063 merito

308 1085 472 1126 pravitatis
496 1093 571 1116 suae
603 1083 817 1125 praepositus,
839 1083 996 1125 princeps
1027 1083 1146 1115 muudi
1177 1093 1266 1116 voca-

308 1142 362 1170 tur
380 1151 410 1176 n,
435 1137 608 1170 secundum
632 1137 709 1169 illud
734 1137 854 1169 loannis
877 1136 998 1169 decimo
1021 1140 1152 1179 quarto:
1174 1149 1190 1165 α
1207 1137 1265 1169 Ve-

308 1192 355 1223 nit
378 1192 460 1223 enim
485 1191 631 1232 princeps
655 1190 762 1223 mundi
788 1191 883 1223 huius
900 1204 915 1219 n
944 1193 1002 1223 etc.
1028 1190 1104 1223 Huic
1128 1190 1187 1223 civi
1212 1190 1265 1223 ad-

309 1244 418 1277 haeret
442 1244 531 1286 quis,
555 1244 680 1285 quando
704 1244 772 1276 vult
795 1253 851 1285 per
875 1244 979 1275 omnia
1002 1243 1070 1276 eius
1093 1244 1196 1276 facere
1212 1253 1266 1275 vo-

310 1298 479 1336 luntatem3
504 1297 588 1339 quod
612 1297 731 1329 faciunt
762 1301 958 1339 peccatores,
984 1293 1156 1329 secundum
1181 1296 1265 1339 quod

308 1350 490 1392 designatur
522 1350 649 1383 secundi
682 1350 942 1383 Machabaeorum
970 1350 1109 1391 quarto²
1133 1350 1171 1382 de
1195 1350 1266 1392 qui-

308 1403 459 1441 busdam,
483 1403 521 1436 de
545 1403 662 1444 quibus
685 1403 819 1441 dicitur,
843 1403 927 1444 quod
956 1403 1048 1435 «illis
1065 1403 1181 1435 similes
1198 1411 1266 1435 esse

309 1456 493 1498 cupiebant,
518 1465 597 1498 quos
621 1456 726 1489 hostes
749 1460 780 1488 et
796 1459 1012 1497 peremptores
1035 1456 1217 1488 habuerunt
1233 1469 1263 1487 ».

309 1529 353 1534 —
378 1510 413 1541 Et
437 1512 527 1548 nota,
552 1509 636 1551 quod
659 1509 775 1542 dicitur
799 1508 1007 1547 adhaesisse,
1031 1509 1106 1550 quia
1122 1508 1265 1541 diabolus

308 1572 368 1595 11011
394 1563 488 1595 habet
509 1572 623 1604 posse,
648 1562 706 1595 nisi
731 1566 884 1604 quantum
916 1565 1061 1603 peccator
1085 1562 1113 1594 ei
1148 1561 1201 1593 dat
1224 1570 1265 1594 ex

308 1624 395 1648 mera
412 1616 589 1653 voluntate;
607 1615 690 1648 unde
707 1624 747 1647 ex
761 1624 894 1656 persona
910 1615 1022 1647 diaboli
1040 1614 1155 1647 dicitur
1172 1614 1266 1647 Isaiae

307 1668 567 1710 quinquagesimo
583 1668 684 1709 primo
697 1667 727 1699 ³:
749 1680 764 1696 «
775 1668 953 1705 Incurvare,
970 1671 1006 1699 ut
1023 1670 1220 1699 transeamus
1233 1680 1263 1698 ».

308 1739 350 1745 —
375 1721 411 1753 Et
434 1721 525 1762 quia,
550 1724 702 1762 potestate
726 1724 870 1762 accepta,
895 1720 1038 1752 diabolus
1070 1729 1193 1761 semper
1217 1720 1265 1752 in-

306 1773 381 1805 citat
404 1773 562 1805 hominem
586 1773 624 1805 ad
649 1777 792 1814 peccata;
817 1772 886 1805 ideo
910 1773 1032 1805 subdit:
1059 1773 1097 1804 Et
1120 1772 1211 1804 misit
1226 1772 1265 1804 il-

306 1825 375 1858 lum
400 1826 435 1858 in
458 1825 572 1858 villam
595 1835 714 1864 suam,
739 1829 777 1857 ut
796 1830 947 1868 pasceret
960 1835 1098 1867 porceti,-
1114 1834 1171 1867 per
1186 1835 1264 1867 por-

305 1888 360 1911 cos
384 1879 602 1921 intelliguntur
626 1878 793 1911 daemones
824 1882 952 1920 propter
984 1879 1183 1918 ruditatem,
1214 1888 1264 1911 ra-

307 1932 389 1964 tione
413 1931 505 1964 cuins
520 1932 665 1964 Matthaei
683 1932 815 1973 septimo
828 1932 858 1964 4:
881 1944 896 1960 α
910 1931 1008 1964 Nolite
1029 1934 1173 1964 sanctum
1188 1931 1264 1964 dare

304 1985 436 2018 canibus
466 1994 524 2017 nec
554 1985 741 2027 margaritas
775 1993 923 2027 spargere
954 1988 1026 2017 ante
1058 1993 1188 2026 porcos,
1225 1993 1264 2017 ne

303 2037 384 2070 torte
408 2038 592 2071 conculcent
614 2046 666 2070 eas
698 2037 831 2080 pedibus
865 2038 931 2070 suis
947 2051 977 2069 ι’.
1010 2037 1105 2076 item,
1133 2041 1264 2079 propter

303 2090 557 2128 carnalitatem‚·
580 2091 735 2124 secundae
759 2091 840 2124 Petri
865 2090 1045 2124 secundo⁶z
1075 2103 1090 2120 «
1107 2090 1264 2133 Contingit

303 2143 350 2176 eis
372 2144 450 2176 illud
474 2144 540 2177 veri
564 2143 741 2186 proverbii:
767 2145 826 2177 Sus
850 2144 913 2176 lota
929 2144 961 2176 in
977 2144 1143 2176 volutabro
1161 2144 1217 2176 luti
1232 2156 1262 2183 »;

304 2200 335 2229 et
351 2197 411 2230 hoc
427 2197 499 2230 tacit
523 2198 706 2236 carnalitas;
722 2197 806 2230 unde
823 2197 1065 2230 Proverbiorum
1081 2197 1261 2230 undecimo:

310 2263 326 2278 α
342 2250 486 2283 Circulus
509 2259 627 2283 aureus
650 2250 681 2282 in
706 2250 837 2282 naribus
860 2250 943 2288 suis,
968 2249 1082 2282 mulier
1107 2250 1217 2292 pulcra
1232 2254 1263 2283 et

304 2303 390 2335 fatua
405 2316 437 2342 n,
455 2303 530 2345 quia
545 2303 688 2336 diabolus
704 2312 760 2344 per
776 2303 860 2335 illam
877 2303 1021 2344 inquinat
1037 2303 1161 2336 multos.
1181 2303 1262 2336 Hanc

304 2359 410 2388 autem
435 2356 615 2387 ruditatem
639 2355 756 2388 habent
778 2355 945 2388 daemones
968 2355 999 2387 in
1031 2364 1064 2388 se
1088 2355 1182 2397 ipsis,
1207 2356 1263 2389 sed

303 2408 538 2441 carnalitatem
561 2411 736 2450 suggerunt
758 2407 843 2446 aliis3
861 2411 990 2450 propter
1006 2408 1090 2450 quod
1106 2412 1137 2442 et
1153 2409 1262 2442 dicun-

304 2464 358 2493 tur
381 2461 523 2503 spiritus
546 2461 736 2499 immundi;
761 2460 843 2493 unde
880 2465 963 2494 recte
995 2462 1109 2503 porcis
1140 2463 1261 2505 cognati

304 2518 396 2553 sunt,
421 2514 594 2547 secundum
618 2514 695 2546 illud
731 2514 875 2546 Matthaei
907 2515 1059 2547 octavo⁶:
1090 2529 1105 2544 «
1122 2516 1151 2548 Si
1176 2516 1261 2549 eiicis

898 251 1091 283 COMMENT.
1117 251 1153 283 ΙΝ
1176 251 1415 288 EVANGELiUM
1440 250 1557 283 LUCAE
1581 251 1612 282 C.
1638 250 1699 282 XV.

1333 348 1404 378 nos,
1421 339 1509 372 mitte
1526 348 1582 371 nos
1605 339 1637 371 in
1661 347 1815 380 porcos».
1841 338 1876 370 Hi
1899 338 1982 371 enim
2006 339 2092 380 porci
2117 343 2291 381 pascuntur

1333 391 1540 424 immunditiis
1563 395 1782 433 peccatorum,
1799 392 1874 433 quia
1896 392 1928 424 in
1952 392 2012 424 hoc
2035 392 2101 425 solo
2125 392 2292 426 daemones

1331 445 1545 492 delectantur;
1571 445 1654 478 unde
1686 445 1911 478 Ambrosius⁷z
1946 458 1961 473 «
1978 446 2073 478 Cibus
2103 445 2289 479 daemonum

1333 502 1380 531 est
1403 499 1556 538 ebrietas,
1588 499 1752 531 fornicatio
1783 502 1814 531 et
1846 498 2044 538 huiusmodi,
2074 508 2155 541 quae
2178 499 2291 532 blanda

1332 556 1406 584 sunt
1434 555 1465 585 et
1488 552 1526 584 ad
1551 561 1643 584 suum
1669 561 1763 584 usum
1787 556 1976 593 provocant,
2005 561 2108 594 neque
2130 553 2190 584 alia
2214 561 2292 585 cura

1331 608 1379 638 est
1401 605 1593 643 luxuriosis,
1617 605 1675 637 nisi
1694 608 1729 637 ut
1745 608 1886 637 ventrem
1904 613 1998 637 suum
2020 605 2187 646 impleant3
2212 615 2290 648 quo-

1331 668 1409 690 rum
1435 659 1522 691 Deus
1545 662 1654 691 venter
1677 661 1724 691 est
1738 671 1769 690 ».
1794 658 1839 690 De
1862 658 1912 690 his
1935 658 1974 690 ad
1999 658 2211 700 Philippenses
2227 661 2291 691 ter-

1332 711 1374 743 tio
1388 711 1414 743 ³:
1444 724 1459 739 «
1477 712 1619 752 Quorum
1644 711 1728 744 Deus
1752 714 1861 744 venter
1886 714 1950 749 est,
1975 715 2006 743 et
2038 711 2138 753 gloria
2161 711 2193 743 in
2217 704 2290 744 con—

1330 764 1469 803 fusione,
1493 764 1547 806 qui
1573 768 1700 797 terrena
1723 764 1849 806 sapiunt
1866 777 1896 796 n.
1914 764 2000 797 Unde
2018 764 2075 796 hos
2099 771 2212 806 porcos
2235 773 2289 806 pa-

1331 822 1423 850 scunt
1453 818 1597 850 homines
1629 817 1767 859 porcini,
1799 817 1830 849 in
1866 817 1983 859 quibus
2014 820 2125 859 regnat
2155 817 2290 849 ruditas

1330 870 1569 912 intelligentiae,
1594 870 1782 903 carnalitas
1806 870 2097 911 concupiscentiae,
2122 870 2291 912 cupiditas

1330 923 1490 955 avaritiae.
1510 923 1544 955 Et
1568 923 1645 955 tales
1668 923 1706 955 ad
1730 922 1857 955 modum
1876 931 2046 964 porcorum
2063 922 2142 954 nihil
2157 931 2291 969 prorsus

1331 976 1435 1008 valent
1457 976 1496 1008 ad
1520 977 1640 1014 vitam,
1665 976 1718 1008 sed
1735 976 1836 1008 solum
1863 975 1900 1007 ad
1925 975 2119 1013 interitum,·
2143 975 2174 1007 in
2198 975 2291 1010 cuius

1329 1029 1574 1071 designationem
1597 1029 1712 1062 dicitur
1737 1038 1834 1071 supra
1858 1032 1967 1061 octavo
1981 1028 2004 1067 ⁹,
2029 1028 2112 1070 quod
2143 1028 2290 1070 «impetu

1331 1091 1442 1124 magno
1465 1082 1541 1114 abiit
1564 1091 1644 1123 grex
1668 1082 1699 1114 in
1717 1085 1861 1124 stagnum
1879 1085 1910 1114 et
1937 1081 2109 1114 suffocatus
2133 1084 2209 1114 est»
2230 1084 2288 1114 etc.

1419 1136 1471 1167 28.
1496 1135 1597 1176 (Vers.
1618 1135 1692 1174 16.).
1711 1135 1816 1167 Tertio
1831 1137 1937 1167 autem
1956 1138 2110 1177 quantum
2127 1134 2165 1167 ad
2186 1138 2289 1167 eatre-

1329 1198 1422 1220 mum
1432 1198 1537 1230 penus
1554 1188 1775 1221 mendicitatis
1791 1188 1912 1221 subdit:
1932 1189 1969 1220 Et
1986 1187 2139 1230 cupiebat
2154 1187 2290 1229 implere

1331 1245 1474 1273 uentrem
1497 1251 1598 1274 suum
1622 1242 1661 1274 de
1691 1242 1842 1285 siliquis,
1867 1251 1953 1285 quas
1981 1242 2080 1284 porci
2102 1242 2289 1274 manduea-

1331 1294 1417 1327 bant.
1449 1307 1464 1322 «
1482 1294 1630 1338 Siliqua,
1648 1298 1684 1327 ut
1699 1295 1774 1327 dicit
1798 1295 1907 1327 Glossa
1920 1295 1959 1333 ¹0,
1977 1298 2025 1327 est
2040 1303 2140 1337 genus
2158 1294 2288 1337 legumi-

1329 1348 1378 1380 nis
1401 1348 1523 1380 sonoris
1546 1348 1672 1380 follibus
1696 1352 1726 1380 et
1751 1348 1875 1387 vacuis,
1901 1348 1985 1390 quod
2021 1352 2164 1381 ventrem
2189 1348 2289 1390 magis

1329 1404 1457 1439 onerat,
1475 1410 1569 1442 quam
1587 1401 1706 1434 reliciat
1719 1415 1749 1433 n.
1768 1402 1803 1433 Et
1819 1401 1888 1434 ideo
1911 1402 2053 1444 designat
2068 1401 2289 1434 delectationes

1330 1454 1498 1492 vitiorum,
1522 1463 1603 1496 quae
1636 1455 1790 1496 peccatori
1822 1455 1990 1497 aliquando
2021 1455 2140 1497 aliquid
2176 1464 2288 1488 sonare

1331 1507 1476 1539 videntur
1498 1507 1658 1546 exterius,
1684 1507 1736 1540 sed
1761 1507 1839 1540 nihil
1863 1508 1996 1541 interius
2020 1512 2110 1547 sunt;
2130 1508 2212 1541 unde
2228 1508 2288 1541 hu-

1330 1560 1464 1592 iusmodi
1487 1560 1707 1593 delectationes
1724 1561 1853 1594 somniis
1869 1565 2109 1603 comparantur;
2132 1562 2227 1595 Isaiae
2243 1562 2289 1594 vi-

1330 1613 1448 1655 gesimo
1472 1622 1554 1645 nono
1569 1615 1611 1645 ¹¹:
1642 1627 1656 1642 «
1674 1614 1759 1646 Sicut
1777 1614 1911 1646 somniat
1927 1615 2071 1647 esuriens
2087 1618 2117 1647 et
2134 1615 2287 1652 comedit;

1330 1675 1401 1698 cum
1426 1669 1531 1698 autem
1564 1667 1805 1708 expergefactus
1839 1667 1949 1706 fuerit,
1975 1676 2075 1700 vacua
2109 1671 2157 1700 est
2184 1668 2289 1700 anima

1330 1719 1415 1758 eius;
1440 1722 1471 1751 et
1494 1719 1576 1751 sicut
1599 1720 1732 1752 somniat
1761 1720 1868 1753 sitiens
1891 1724 1922 1753 et
1946 1720 2042 1759 bibit,
2067 1724 2098 1753 et
2122 1723 2288 1762 postquam

1329 1771 1570 1813 expergefactus
1601 1772 1714 1811 fuerit,
1747 1773 1848 1806 lassus
1879 1774 1984 1806 adhuc
2019 1773 2105 1812 sitit,
2130 1776 2162 1806 et
2185 1773 2289 1806 anima

1329 1825 1398 1857 eius
1422 1834 1521 1858 vacua
1544 1829 1604 1865 est;
1629 1826 1673 1858 sic
1696 1827 1757 1859 erit
1781 1827 1951 1860 multitudo
1974 1827 2115 1859 omnium
2132 1827 2285 1868 gentium,

1329 1887 1411 1920 quae
1433 1878 1663 1915 dimicaverunt
1687 1883 1796 1912 contra
1828 1883 1971 1912 montem·
1991 1880 2062 1912 Sion
2079 1893 2110 1912 ».
2136 1880 2195 1913 Has
2217 1879 2289 1912 sili-

1328 1941 1414 1975 quas
1426 1932 1513 1973 porci
1526 1932 1726 1972 manducant,
1740 1933 1824 1975 quia,
1839 1933 2082 1966 Proverbiorum
2099 1933 2236 1966 secundo
2251 1933 2287 1972 ¹2,

1333 1998 1348 2014 α
1366 1985 1536 2024 laetantur,
1561 1994 1633 2018 cum
1651 1986 1731 2018 male
1754 1986 1900 2025 fecerint,
1917 1990 1948 2019 et
1964 1987 2127 2019 exsultant
2142 1986 2174 2019 in
2191 1986 2288 2019 rebus

1328 2037 1517 2079 pessimis».
1543 2037 1579 2070 Et
1614 2037 1662 2070 his
1696 2038 1955 2072 delectationibus
1990 2043 2140 2082 tanquam
2168 2038 2288 2072 deliciis

1328 2090 1394 2123 suis
1418 2094 1562 2132 peccator
1586 2091 1710 2133 quaerit
1733 2095 1763 2124 et
1787 2093 1905 2134 appetit
1928 2092 2053 2138 satiari;
2071 2092 2155 2126 unde
2178 2092 2217 2125 de
2240 2096 2287 2125 ta-

1328 2143 1410 2176 libus
1434 2143 1486 2176 lob
1517 2144 1695 2186 trigesimo:
1724 2157 1740 2173 α
1757 2145 2001 2187 Quirodehant
2032 2146 2064 2178 in
2099 2145 2286 2184 solitudine,

1327 2197 1517 2239 squallentes
1540 2197 1715 2231 calamitate
1738 2201 1770 2231 et
1793 2199 1930 2232 miseria.
1949 2199 1984 2232 Et
2000 2198 2189 2232 mandebant
2213 2198 2286 2231 her-

1327 2251 1382 2284 bas
1405 2254 1436 2284 et
1458 2251 1609 2284 arborum
1633 2252 1782 2291 cortices,
1807 2255 1839 2285 et
1861 2252 1954 2285 radix
1978 2252 2198 2294 iuniperorum
2215 2255 2286 2285 erat

1327 2305 1416 2338 cibus
1446 2314 1555 2337 eorum
1575 2319 1604 2336 n.
1642 2305 1734 2347 «Qui
1762 2306 1844 2339 inter
1877 2305 2057 2339 huiusmodi
2087 2305 2285 2339 laetabantur

1325 2361 1357 2389 et
1380 2366 1447 2390 esse
1472 2357 1532 2390 sub
1563 2358 1705 2391 sentibus
1728 2358 1855 2392 delicias
1886 2358 2156 2400 computabant».
2181 2376 2227 2382 —
2249 2357 2287 2390 Et

1325 2410 1400 2452 quia
1422 2410 1461 2443 de
1484 2411 1600 2444 talibus
1624 2420 1685 2443 non
1701 2415 1804 2454 potest
1823 2412 1914 2445 homo
1931 2411 2056 2451 satiari,
2072 2411 2142 2444 ideo
2159 2410 2283 2444 subdit:

1326 2464 1367 2496 Et
1388 2473 1481 2497 mmo
1505 2463 1554 2497 illi
1576 2464 1699 2502 dabat,-
1722 2465 1796 2507 quia
1819 2465 2017 2507 frequenter,
2041 2473 2112 2497 cum
2138 2466 2285 2506 peccator

1325 2517 1504 2550 huiusmodi
1528 2518 1653 2560 quaerit
1684 2517 1824 2557 delicias,
1849 2518 1932 2551 iusto
1963 2517 2018 2550 Dei
2042 2516 2158 2550 iudicio
2181 2515 2286 2558 perdit

375 2695 383 2710 ¹
405 2696 506 2722 Scilicet
524 2689 666 2722 ordinaria
686 2696 726 2729 (ex
746 2698 830 2728 Beda;
849 2699 893 2723 cir.
923 2699 1053 2730 Ambros„
1073 2700 1125 2726 vu.
1151 2701 1176 2725 in
1196 2701 1258 2727 Luc.

303 2742 381 2768 6.·15.
401 2749 426 2767 n.
446 2742 511 2773 216;
531 2741 644 2773 Hieron.y
657 2742 704 2766 106.
719 2741 760 2767 cit.
775 2750 800 2767 n.
822 2742 861 2767 11.
882 2746 906 2767 et
926 2744 1044 2776 August„
1064 2745 1090 2770 11.
1111 2746 1160 2777 Qq.
1178 2747 1259 2771 Evan-

303 2787 391 2819 gelior.
412 2794 437 2819 q.
458 2787 499 2812 33.
520 2794 545 2811 n.
566 2786 611 2819 2.),
631 2789 690 2818 post
709 2794 789 2819 quam
811 2787 879 2812 ioan.
902 2788 945 2818 if»,
966 2789 1008 2813 30.
1021 2802 1055 2807 —
1069 2790 1196 2821 Superius
1210 2798 1259 2822 pro

302 2830 365 2857 civis
384 2832 475 2857 autem
496 2830 552 2855 Vat.
572 2837 633 2855 cum
653 2830 783 2855 nonnullis
801 2830 878 2856 codd.
899 2838 1038 2862 perperam
1057 2832 1134 2858 euius
1159 2835 1259 2859 autem.

376 2874 387 2889 ²
408 2875 480 2900 Vers.
506 2875 544 2899 16.
565 2887 600 2893 —·
620 2874 746 2906 Superius
766 2881 813 2905 pro
833 2874 940 2907 quando
962 2875 1017 2902 vult
1036 2876 1055 2901 Α
1075 2883 1137 2902 cum
1157 2877 1221 2903 vult.

374 2917 385 2932 ³
406 2919 478 2944 Vers.
500 2918 542 2944 23.

372 2962 383 2977 ‘¹
402 2963 478 2989 Vers.
497 2963 527 2993 6;
547 2963 593 2988 etr.
611 2969 691 2994 supra
710 2969 771 2994 pag.
792 2963 855 2994 lot,
875 2966 934 2989 nota
949 2964 974 2989 2.

373 3005 384 3020 ⁶
404 3007 477 3032 Vera.
498 3007 548 3037 22,
569 3007 610 3032 cui
638 3005 806 3038 subiungitur
835 3007 910 3033 Prov.
940 3008 987 3038 41,
1013 3010 1054 3034 22.
1073 3022 1108 3028 —
1128 3009 1258 3042 Ambros.⁷

301 3050 416 3082 Hieron„
435 3052 554 3083 August„
573 3050 656 3081 Beda,
677 3050 739 3076 locis
758 3058 837 3082 supra
858 3051 920 3082 citt„
940 3059 986 3083 per
1002 3059 1100 3086 porcos
1114 3054 1259 3085 intelligunt

301 3095 452 3120 daemones.

372 3137 383 3153 ⁶
402 3139 477 3165 Vers.
499 3140 543 3165 31.
561 3139 614 3165 Csr.
633 3145 713 3171 supra
733 3146 756 3166 c.
776 3140 801 3166 8.
824 3147 847 3165 n.
868 3140 911 3166 56.
937 3148 991 3174 seq.
1011 3155 1045 3161 --
1064 3142 1190 3174 Superius
1210 3149 1257 3174 pro

297 3183 389 3218 porcis
409 3184 518 3218 coartati
534 3186 600 3211 sunt
618 3185 636 3210 Ε
653 3185 744 3218 porcis
764 3187 969 3219 comparantur.

371 3227 381 3242 ⁷
402 3228 470 3254 Libr.
486 3229 535 3255 Vll.
550 3229 576 3254 111
590 3230 653 3255 Luc.
666 3236 688 3254 c.
704 3229 745 3255 45.
759 3236 786 3255 n.
800 3230 863 3262 217,
883 3229 928 3255 ubi
948 3234 1046 3257 tantum
1060 3231 1150 3257 ultima
1164 3238 1257 3263 propo-

300 3272 360 3299 sitio
380 3273 474 3307 (neque
492 3273 548 3300 alia
567 3280 636 3300 cura
656 3275 696 3300 est
713 3274 773 3306 etc.)
793 3274 915 3300 occurrit.
942 3274 1006 3301 Cod.
1025 3276 1045 3301 H
1065 3276 1128 3308 legit
1146 3274 1258 3302 Ambro-

299 3316 358 3344 sius
378 3316 406 3343 in
426 3317 522 3345 Glossa
548 3318 656 3350 (scilicet
681 3317 824 3344 ordinaria
849 3318 874 3344 in
899 3319 962 3345 Luc.
988 3320 1035 3350 15,
1062 3320 1124 3353 16.),
1150 3320 1175 3346 111
1204 3326 1256 3352 qua

301 3362 401 3393 integra
428 3363 491 3387 baec
519 3363 674 3394 proponitur
703 3363 841 3395 sententia,
867 3363 942 3388 cuius
964 3364 1050 3395 prima
1069 3370 1131 3396 pars
1159 3366 1198 3389 est
1226 3370 1255 3389 ex

301 3405 414 3435 Hieron„
434 3406 511 3438 Epist.
532 3407 574 3432 21.
595 3407 668 3440 (alias
692 3407 758 3440 146.)
779 3415 803 3433 11.
826 3408 866 3433 ta.
886 3408 911 3433 ln
932 3408 982 3433 11116
1003 3409 1109 3434 Glossae
1131 3407 1257 3439 allegatur

1324 2702 1386 2727 Phil.
1406 2702 1434 2734 3,
1458 2702 1498 2727 19.
1521 2715 1551 2720 -
1571 2701 1698 2733 Superius
1723 2700 1835 2726 vocibus
1857 2699 1999 2726 dtwmones
2021 2698 2187 2725 delectantur
2205 2698 2227 2723 G
2246 2698 2285 2723 in-

1323 2747 1425 2772 terserit
1442 2747 1594 2779 pascuntur
1612 2747 1646 2772 et.

1394 2788 1405 2803 ⁸
1424 2790 1499 2815 Vers.
1522 2790 1567 2821 19,
1587 2788 1633 2814 ubi
1652 2791 1711 2821 post
1729 2787 1886 2821 confusione
1911 2788 1969 2813 vat.
1997 2793 2059 2812 cum
2079 2786 2191 2818 Vulgata
2210 2786 2284 2812 addit

1324 2840 1455 2867 ipsorum.

1394 2876 1405 2891 ⁹
1426 2879 1500 2903 Vers.
1520 2878 1563 2903 33.

1395 2921 1417 2936 ¹⁰
1437 2922 1538 2947 Scilicet
1553 2919 1744 2947 interlinearis.
1759 2919 1889 2951 Ambros„
1903 2919 1955 2944 Vll.
1968 2919 1994 2945 in
2009 2919 2069 2945 Luc.
2083 2927 2107 2946 c.
2121 2920 2163 2946 15.
2176 2928 2201 2946 n.
2216 2921 2283 2946 2⁴7:

1323 2967 1386 2999 Quis
1413 2969 1500 2992 autem
1530 2965 1614 2997 aptior
1634 2964 1818 2990 huiuscemodi
1837 2963 1987 2990 nominibus
2007 2963 2174 2999 [luxuriosis]
2194 2965 2282 2998 cibus,

1322 3018 1402 3043 quam
1431 3010 1452 3035 is
1477 3010 1524 3042 qui
1542 3009 1651 3041 siliquae
1670 3008 1750 3034 modo
1770 3008 1838 3034 intus
1858 3008 1953 3039 inanis,
1974 3009 2035 3035 soris
2054 3010 2137 3036 mollis
2155 3013 2207 3042 est,
2227 3017 2281 3043 quo

1321 3061 1418 3086 corpus
1431 3061 1482 3079 11011
1496 3053 1618 3081 retlcitur.
1628 3052 1674 3078 sed
1686 3052 1822 3084 impletur,
1836 3056 1864 3078 ut
1876 3052 1908 3078 sit
1922 3053 2006 3085 magis
2019 3055 2091 3080 oneri
2104 3061 2184 3087 quam
2199 3055 2257 3080 usui
2269 3056 2283 3080 ?

1390 3092 1414 3112 '¹²
1437 3098 1509 3123 vers.
1529 3097 1559 3128 8,
1579 3095 1625 3122 ubi
1644 3103 1692 3128 pro
1712 3103 1780 3129 quae
1798 3096 1996 3124 dimicaverunt
2008 3098 2085 3124 codd.
2105 3098 2153 3132 qui
2169 3098 2282 3125 dimica-

1321 3143 1396 3167 runt.
1416 3155 1450 3159 —
1471 3139 1596 3172 Superius
1615 3146 1664 3171 pro
1679 3139 1818 3172 peccatori
1836 3140 1894 3166 Vnt.
1913 3143 2089 3174 peccatorem.

1393 3183 1414 3198 ¹²
1435 3184 1510 3210 Vers.
1530 3184 1571 3209 14.
1592 3198 1625 3202 -
1646 3183 1762 3209 Subinde
1781 3185 1924 3216 allegantur
1944 3185 1988 3211 lob
2008 3186 2057 3217 30,
2076 3186 2102 3211 3.
2122 3186 2146 3211 4,
2166 3189 2191 3211 et
2209 3185 2280 3210 7.—

1321 3229 1434 3258 Hieron..
1454 3228 1532 3259 Epist.
1563 3229 1606 3253 21.
1626 3228 1699 3260 (alias
1728 3228 1798 3260 146.)
1819 3236 1843 3254 n.
1866 3230 1912 3255 13ε
1932 3229 2034 3262 Quibus
2054 3230 2113 3255 ideo
2132 3228 2281 3255 luxuriosus

1321 3273 1472 3299 adolescens
1491 3279 1541 3298 non
1571 3275 1672 3303 poterat
1691 3273 1815 3305 saturari,
1835 3274 1896 3306 quia
1916 3281 2022 3306 semper
2041 3274 2163 3305 voluptas
2182 3274 2278 3298 famem

1321 3317 1362 3343 sui
1381 3316 1472 3348 habet,
1492 3320 1517 3342 et
1536 3319 1663 3342 transacta
1677 3324 1728 3342 non
1742 3318 1830 3350 satiat,
1850 3322 1875 3344 et
1893 3322 2009 3349 satanas,
2023 3324 2083 3344 cum
2097 3317 2211 3350 aliquem
2231 3323 2278 3342 sua

1320 3365 1375 3387 arte
1393 3361 1553 3393 deceperit...
1573 3361 1638 3387 ultra
1658 3361 1690 3387 ad
1720 3361 1906 3388 abundantiam
1927 3363 2051 3388 vitiorum
2070 3369 2121 3388 non
2140 3365 2280 3394 procurat,

1320 3407 1418 3438 sciens,
1438 3413 1495 3432 esse
1514 3406 1565 3431 iam
1586 3409 1717 3432 mortuum
1738 3410 1786 3433 ew.

2309 769 2436 793 Notandum.

2309 1140 2413 1163 Tertium.

2318 1300 2375 1328 Quid
2392 1300 2435 1321 sili-

2311 1351 2314 1355 ,
2344 1332 2406 1353 qnae.

2309 1883 2434 1906 Notandum.
