2476 3921
38 1259 164 1283 Notandum.

64 1525 164 1548 Tertium.

40 2320 165 2344 Notandum.

778 198 974 231 COMMENT.
999 198 1036 231 IN
1062 196 1300 229 EVANGELIUM
1325 196 1442 230 LUCAE
1467 196 1499 229 C.
1524 197 1559 229 X.

183 290 438 333 appropinquant
461 287 594 331 pedibus
613 288 682 322 eius
705 287 858 330 accipient
881 287 920 320 de
943 286 1085 319 doctrina
1109 285 1146 318 il-

183 345 291 377 lius».
317 344 374 376 Per
404 341 580 376 sessionem
611 351 706 374 secus
734 341 832 383 pedes
856 341 928 373 eius
960 339 1145 382 intelligitur

184 397 361 435 humilitas,
393 405 475 438 quae
506 395 599 429 debet
629 404 697 428 esse
729 395 760 427 in
793 394 871 427 viris
895 393 1146 435 contemplativis

183 451 222 484 ad
246 451 321 490 hoc,
346 450 429 493 quod
454 449 615 483 abundent
638 448 795 481 fructibus
818 447 1009 486 devotionis,
1034 456 1146 480 secun-

183 505 260 538 dum
283 503 360 536 illud
385 503 494 536 Psalmi
510 504 538 534 ¹:
566 516 580 530 α
598 502 656 543 Qui
682 501 798 534 emittis
818 500 918 533 sontes
942 500 974 532 in
998 499 1146 532 convalli-

183 558 244 591 bus
261 571 275 587 »
304 560 363 590 etc.
388 556 447 598 Qui
472 559 578 588 autem
602 555 646 588 sic
670 554 756 587 sedet
779 553 861 587 sicut
883 553 1011 586 humilis
1034 552 1145 594 irriga-

184 615 238 644 tur
261 610 388 643 ssetibus
411 607 678 650 compunctionis,
699 606 872 640 secundum
897 605 975 639 illud
999 605 1146 638 Ieremiae

183 664 305 697 decimo
328 662 482 705 quinto2:
512 674 527 689 «
545 661 635 693 Solus
663 660 825 698 sedebam,
850 659 998 701 quoniam
1032 658 1146 690 amari-

184 716 292 750 tudine
315 714 441 757 replesti
473 723 523 747 me
540 725 577 751 »;
613 716 644 745 et
675 712 752 746 illud
780 715 827 745 est
857 712 995 745 officium
1023 712 1146 744 animae

184 769 459 811 contemplativae,
483 776 595 800 vacare
620 766 737 800 scilicet
762 766 909 807 lacrymis
932 765 1147 807 compunctio-

183 823 232 856 nis
255 826 286 855 et
309 821 492 854 devotionis.
518 820 605 854 Unde
629 821 706 853 haec
730 820 844 858 Maria,
870 819 1054 861 exemplum
1073 828 1147 852 con-

184 875 409 918 templationis,
438 883 562 917 semper
590 874 680 916 quasi
708 873 898 906 describitur
927 873 1068 915 plorans,
1094 882 1146 906 su-

184 939 242 972 pra
265 928 383 962 scilicet
410 928 543 970 septimo
556 927 579 965 ³,
605 927 657 960 ubi
681 927 815 966 dicitur,
840 926 924 969 quod
954 939 970 955 «
987 930 1073 959 stans
1097 935 1147 959 re-

185 986 234 1015 tro
251 991 342 1015 secus
362 981 456 1024 pedes
481 981 619 1019 Domini,
641 980 788 1022 lacrymis
811 980 913 1022 coepit
929 980 1032 1022 rigare
1053 979 1147 1022 pedes

185 1036 253 1070 eius
269 1049 285 1065 n
313 1039 390 1074 etc.;
415 1038 446 1068 et
470 1034 591 1067 loannis
615 1033 796 1073 undecimo,
820 1033 873 1066 ubi
899 1033 1033 1072 dicitur,
1062 1033 1146 1075 quod

189 1088 330 1127 «Maria,
355 1097 427 1121 cum
453 1087 606 1125 venisset,
632 1087 685 1120 ubi
710 1090 778 1119 erat
797 1086 895 1125 lesus,
922 1086 1030 1119 videns
1054 1095 1146 1125 eum,

184 1142 294 1176 cecidit
316 1141 355 1174 ad
379 1141 474 1183 pedes
497 1141 575 1173 eius.
604 1141 687 1173 [esus
710 1149 804 1182 erge,
829 1149 901 1173 cum
927 1140 1053 1172 vidisset
1077 1149 1145 1172 eam

183 1197 373 1239 plorantem,
398 1194 560 1227 infremuit
584 1194 697 1236 spiritu
716 1206 754 1233 »;
779 1198 809 1227 et
834 1193 955 1226 Ioannis
979 1193 1145 1235 vigesimo:

188 1263 204 1279 «
220 1249 317 1282 Maria
340 1248 441 1281 stabat
464 1247 503 1280 ad
523 1251 763 1280 monumentum
787 1247 879 1286 foris,
903 1247 1031 1289 plorans
1055 1260 1084 1278 12.
1111 1247 1147 1279 Et

183 1303 303 1345 primae
319 1305 393 1334 sunt
410 1301 565 1342 lacrymae
582 1301 860 1343 compunctionis,-
876 1300 1046 1338 secundae,
1064 1310 1147 1332 conz-

179 1355 373 1398 passionis,-
397 1354 525 1392 tertiae,
554 1353 753 1392 (levotz'onis,
778 1362 858 1395 quas
885 1353 1000 1386 debent
1029 1353 1146 1386 habere

183 1407 430 1449 contemplativi,
455 1406 591 1440 sedendo
615 1415 706 1439 secus
730 1406 825 1448 pedes
849 1405 972 1438 Domini
986 1406 1009 1437 4.

273 1462 323 1494 68.
349 1460 449 1502 (Vers.
482 1460 560 1501 40).
586 1459 691 1492 Tertio
715 1462 870 1501 quantum
887 1458 925 1491 ad
950 1459 1144 1491 exeret'tz'miz

184 1514 373 1557 operativae
397 1513 560 1546 subditur:
578 1510 713 1544 Martha
729 1516 838 1549 autem
863 1511 1036 1554 satagebat
1052 1512 1146 1544 eirea

183 1567 338 1612 frequens
361 1566 603 1604 minister-ianm
627 1570 658 1598 et
675 1566 734 1598 hoc
758 1570 908 1608 tanquam
927 1565 1008 1598 bona
1029 1565 1144 1604 activa,

182 1621 342 1655 declinans
365 1620 484 1658 otium,
508 1619 682 1653 secundum
706 1619 872 1652 consilium
896 1619 1068 1661 Sapientis,
1092 1619 1145 1652 Ec-

183 1675 344 1707 clesiastae
368 1682 450 1706 nono
468 1673 498 1705 ⁵:
529 1686 544 1701 «
560 1672 789 1714 Quodcumque
821 1672 923 1705 facere
955 1675 1057 1714 potest
1081 1681 1146 1705 ma-

184 1736 244 1760 nus
268 1731 339 1766 tua,
364 1727 517 1759 instanter
541 1734 691 1768 operare,
716 1726 791 1768 quia
815 1734 872 1758 nec
888 1735 969 1768 opus
992 1734 1050 1758 nec
1066 1726 1146 1758 ratio

183 1790 241 1814 nec
263 1780 414 1822 sapientia
438 1789 496 1813 nec
519 1780 649 1813 scientia
672 1779 733 1812 erit
756 1779 839 1821 apud
866 1779 998 1818 inferos,
1023 1789 1086 1822 quo
1111 1783 1146 1811 tu

184 1842 335 1876 properas
351 1847 382 1866 ».
408 1834 469 1866 Hoc
493 1842 617 1875 semper
641 1832 773 1865 faciebat
796 1833 935 1871 Martha;
959 1833 1044 1865 unde
1071 1832 1147 1865 dici-

184 1891 237 1920 tur
261 1887 383 1919 loannis
402 1886 587 1920 duodecimo
599 1887 623 1925 ⁶,
641 1886 725 1928 quod
748 1900 763 1915 «
780 1887 865 1919 lesus
882 1886 967 1919 venit
989 1887 1018 1918 in
1037 1886 1148 1919 Betha-

183 1940 285 1979 niam;
309 1940 453 1973 fecerunt
476 1943 582 1973 autem
608 1940 649 1973 ibi
674 1949 801 1973 coenam
827 1940 871 1979 ei,
895 1944 926 1973 et
946 1940 1068 1972 Martha
1089 1940 1148 1972 mi-

183 1993 337 2026 nistrabat
352 2007 383 2024 ».
400 2012 444 2016 -
462 1993 497 2025 Et
520 1997 608 2032 nota,
627 1993 711 2035 quod
728 1993 821 2031 dicit,
846 1993 930 2035 quod
954 1993 1147 2036 sacayebac,

183 2047 216 2079 id
246 2049 310 2086 est,
343 2046 418 2079 satis
448 2046 578 2088 agebat,
602 2046 695 2078 eirea
718 2045 875 2089 frequens
903 2046 1147 2085 ministerium,

183 2102 220 2132 ut
243 2098 402 2137 ostendat,
427 2099 521 2131 simul
545 2099 575 2131 in
601 2099 670 2132 eius
685 2108 781 2141 opere
804 2099 901 2132 fuisse
925 2099 1147 2140 perfectionem

184 2156 214 2186 et
238 2152 366 2185 modum
390 2152 529 2185 debitum
542 2178 550 2190 ,
575 2152 748 2185 secundum
766 2152 847 2185 beati
867 2152 946 2184 Petri
964 2152 1147 2191 consilium,

184 2205 339 2239 secundae
363 2205 443 2238 Petri
461 2205 564 2247 primo
578 2205 608 2237 ⁷:
639 2218 655 2233 «
670 2205 810 2243 Fratres,
827 2204 926 2246 magis
942 2205 1086 2247 satagite,
1112 2209 1148 2238 ut

183 2268 240 2301 per
264 2259 346 2291 bona
369 2267 466 2300 opera
497 2261 616 2291 certam
645 2260 783 2290 vestram
807 2258 1002 2290 vocationem
1031 2261 1062 2291 et
1085 2259 1148 2291 ele-

184 2311 317 2345 ctionem
349 2311 469 2343 saciatis
493 2324 522 2342 ».
559 2310 647 2352 Opus
678 2310 761 2343 enim
792 2310 959 2343 ministerii
991 2313 1038 2343 est
1069 2310 1146 2343 illud

184 2365 268 2407 quod
298 2365 437 2397 maxime
468 2364 600 2396 Domino
632 2364 752 2405 placet,
786 2367 817 2396 et
848 2363 879 2395 in
912 2373 976 2405 qno
1007 2364 1147 2397 maxime

184 2417 256 2460 quis
278 2417 422 2450 imitatur
446 2417 622 2455 Christum,
648 2416 729 2449 sicut
752 2415 868 2448 dicitur
892 2415 974 2448 intra
997 2415 1147 2458 vigesimo

2107 196 2170 229 3273

1210 285 1385 318 secundo⁸z
1409 298 1423 314 a
1438 285 1500 327 Ego
1523 289 1627 318 autem
1646 286 1675 317 in
1701 285 1803 318 medio
1821 289 1961 318 vestrum
1987 294 2073 323 sum,
2091 285 2173 317 sicut

1210 337 1264 380 qui
1289 338 1497 376 ministrat»;
1522 342 1553 370 et
1577 338 1693 370 iterum
1717 338 1862 370 Matthaei
1897 338 2063 379 vigesimo:
2093 350 2108 365 α
2127 337 2172 369 Fi—

1210 391 1271 424 lius
1297 391 1434 424 hominis
1457 400 1517 423 non
1544 391 1629 423 venit
1653 391 1842 429 ministrari,
1868 390 1921 423 sed
1946 391 2124 423 ministrare
2141 404 2171 421 ι».

1210 444 1296 478 Unde
1320 445 1381 477 tale
1397 444 1607 477 ministerium
1628 447 1675 476 est
1693 444 1817 485 placens
1842 448 1872 476 et
1890 444 2072 476 honorabile
2089 444 2171 485 apud

1210 498 1309 530 Deum
1343 501 1374 530 et
1409 498 1663 530 remuneratione
1694 497 1846 539 dignum,
1883 498 2057 530 secundum
2095 496 2172 528 illud

1211 551 1332 583 loannis
1354 550 1554 583 duodecimo:
1581 563 1596 578 «
1614 550 1643 582 Si
1669 550 1740 592 quis
1758 550 1833 582 mihi
1860 551 2100 589 ministraverit,
2118 550 2173 582 ho-

1210 604 1387 637 norificabit
1411 613 1484 637 eum
1509 604 1598 636 Pater
1623 613 1713 636 meus
1729 618 1744 632 »
1766 608 1824 636 etc.

1301 658 1352 690 09.
1378 658 1498 699 Quarto
1520 660 1674 699 quantum
1699 656 1736 688 ad
1763 656 1906 698 titz‘yium
1932 657 2017 688 inter
2043 661 2173 688 utrum-

1211 711 1296 755 que⁹
1321 711 1501 752 subiungit:
1529 710 1621 751 Quae
1644 711 1731 742 stetit
1761 714 1789 742 et
1820 710 1892 742 ait.-
1921 710 2075 748 Domine,
2107 720 2173 743 uon

1211 768 1256 796 est
1280 763 1340 796 cibi
1362 773 1481 802 curae,
1506 763 1594 805 quod
1617 773 1715 795 soror
1738 773 1812 795 mea
1836 763 1968 807 reliquit
1993 773 2043 795 me
2066 763 2171 795 solam

1211 816 1434 850 ministrare?
1466 817 1519 849 ubi
1554 817 1675 848 Martha
1707 816 1862 849 laboriosa
1893 816 2100 858 conqueritur
2135 816 2173 848 de

1211 871 1308 903 Maria
1338 871 1451 909 otiosa,
1476 870 1564 912 quasi
1598 879 1659 902 non
1685 870 1782 911 possit
1814 870 1879 902 sola
1904 870 2026 911 pondus
2059 870 2175 903 laboris

1211 927 1357 966 portare,
1382 923 1555 956 secundum
1580 923 1663 965 quod
1690 928 1882 965 conquestus
1906 928 1952 955 est
1977 924 2095 965 Moyses
2118 924 2175 955 Do-

1212 978 1297 1010 mino
1321 978 1532 1010 Numerorum
1557 976 1723 1010 undecimo
1738 977 1780 1008 ¹⁰:
1811 990 1825 1005 «
1848 977 1912 1008 Non
1938 986 2065 1018 possum
2090 977 2176 1009 solus

1212 1031 1368 1064 sustinere
1403 1040 1528 1064 omnem
1560 1031 1713 1072 populum
1747 1031 1850 1069 hunc,
1886 1031 1961 1073 qnia
1993 1031 2097 1071 gravis
2129 1036 2175 1063 est

1212 1085 1287 1117 mihi
1312 1098 1340 1116 ».
1378 1084 1427 1116 Sic
1458 1084 1550 1117 etiam
1583 1084 1705 1116 Martha
1737 1088 1866 1126 propter
1902 1084 2007 1116 oneris
2039 1084 2175 1125 gravita—

1210 1143 1272 1171 tem
1302 1138 1474 1180 quaerebat
1508 1138 1664 1170 auxilium
1697 1138 1832 1176 Mariae,
1865 1138 1984 1176 sciens,
2018 1138 2175 1179 pertinere

1210 1192 1248 1224 ad
1273 1192 1371 1233 legem
1396 1191 1511 1223 Christi
1541 1191 1617 1223 illud
1642 1191 1680 1223 ad
1705 1191 1827 1223 Galatas
1852 1195 1957 1223 sexto:
1991 1204 2006 1218 «
2024 1191 2107 1223 Alter
2131 1191 2174 1222 al-

1211 1245 1310 1278 terius
1334 1254 1431 1277 onera
1456 1248 1577 1286 portate
1595 1258 1624 1276 ».
1654 1244 1723 1277 ldeo
1748 1253 1859 1277 secure
1880 1244 2061 1286 requirebat
2085 1244 2175 1276 Chri-

1210 1299 1247 1331 sti
1284 1298 1453 1336 iudicium,
1490 1301 1526 1330 ut
1561 1298 1680 1330 sororis
1715 1298 1899 1339 impetraret
1934 1298 2102 1329 auxilium.
2133 1316 2174 1321 —

1210 1352 1340 1393 Propter
1367 1351 1451 1392 quod
1476 1350 1582 1383 addit:
1609 1351 1668 1383 Dic
1695 1361 1772 1392 erqo
1798 1350 1864 1388 itti,
1890 1355 1927 1382 ut
1953 1361 2003 1383 me
2019 1351 2173 1389 adiuvet,

1209 1407 1246 1437 nt
1276 1404 1368 1436 saciat
1399 1404 1574 1436 secundum
1606 1404 1771 1436 consilium
1811 1404 1945 1445 Apostoli
1983 1404 2019 1436 ad
2053 1404 2175 1436 Galatas

1209 1457 1321 1499 quinto
1335 1458 1377 1488 ¹¹:
1407 1470 1423 1486 α
1441 1457 1498 1489 Per
1522 1457 1685 1489 caritatem
1703 1457 1838 1498 Spiritus
1854 1457 1970 1489 servite
1988 1457 2120 1490 invicem
2139 1469 2174 1495 »;

1209 1515 1240 1544 et
1267 1511 1306 1543 ad
1335 1511 1484 1552 Ephesios
1513 1514 1648 1552 quarto:
1683 1523 1698 1539 «
1721 1512 1948 1552 Supportantes
1980 1511 2110 1543 invicem
2145 1511 2175 1543 in

1210 1565 1340 1597 caritate
1357 1578 1387 1596 ».
1405 1583 1449 1587 —
1466 1564 1497 1595 ln
1515 1564 1574 1596 hac,
1591 1564 1789 1596 contentione
1807 1568 1888 1597 tacet
1905 1565 2017 1602 Maria;
2035 1568 2065 1597 et
2082 1565 2176 1597 ratio-

1210 1627 1280 1650 nem
1307 1617 1403 1650 huius
1427 1616 1530 1649 reddit
1553 1617 1724 1658 Gregorius
1739 1617 1783 1648 ¹2:
1813 1630 1828 1645 «
1846 1618 1941 1649 Maria
1962 1627 2022 1649 non
2049 1627 2178 1659 respon-

1209 1671 1279 1709 det,
1305 1670 1358 1703 sed
1388 1679 1514 1703 causam
1544 1679 1633 1702 suam
1659 1673 1807 1711 tanquam
1840 1671 1939 1703 otiosa
1968 1671 2061 1703 iudici
2095 1680 2178 1703 com-

1210 1724 1314 1757 mittit.
1341 1724 1370 1756 Si
1402 1724 1484 1756 enim
1512 1727 1637 1765 pararet
1671 1723 1878 1765 respondendi
1907 1732 2103 1762 sermonem,
2128 1734 2178 1757 re-

1211 1778 1350 1810 mitteret
1379 1776 1525 1810 audiendi
1558 1776 1761 1809 intentionem
1790 1790 1820 1808 ».
1854 1777 2176 1818 Contemplativorum

1211 1840 1348 1874 namque
1364 1840 1426 1863 non
1451 1833 1498 1863 est
1514 1830 1717 1868 contendere,
1743 1829 1796 1862 sed
1821 1830 1925 1871 potius
1944 1833 2046 1862 tacere
2070 1834 2100 1862 et
2121 1840 2177 1862 au-

1211 1885 1279 1917 dire
1296 1887 1326 1917 et
1342 1883 1501 1921 meditari,
1523 1882 1697 1915 secundum
1715 1882 1791 1914 illud
1809 1883 2009 1915 Threnorum
2028 1883 2120 1915 tertio
2136 1883 2175 1914 ¹³:

1218 1952 1233 1967 «
1257 1938 1382 1971 Sedebit
1413 1937 1573 1971 solitarius
1596 1940 1627 1970 et
1656 1937 1769 1969 tacebit
1794 1949 1828 1973 »;
1855 1936 1937 1968 unde
1968 1936 2019 1968 lob
2044 1940 2175 1978 quarto:

1218 2006 1234 2021 «
1251 1993 1347 2025 Porro
1370 1992 1409 2024 ad
1435 2001 1484 2024 me
1507 1991 1626 2024 dictum
1651 1994 1698 2023 est
1721 1990 1853 2023 verbum
1879 1990 2114 2027 absconditum,
2145 1995 2171 2022 et

1213 2046 1302 2088 quasi
1321 2046 1437 2078 furtive
1454 2045 1577 2087 suscepi
1595 2053 1689 2077 venas
1702 2044 1826 2076 susurri
1845 2043 1913 2076 eius
1925 2057 1955 2075 ».
1974 2043 2054 2075 Nihil
2072 2047 2176 2075 autem

1212 2099 1315 2141 perdit
1329 2099 1425 2131 Maria
1441 2098 1585 2136 tacendo,
1599 2098 1674 2140 quia
1689 2097 1840 2130 Dominus
1861 2106 1986 2129 cansam
2004 2096 2072 2129 eius
2088 2105 2176 2129 assu-

1213 2153 1270 2184 mit
1285 2152 1487 2185 defcndendo.
1502 2152 1587 2185 Unde
1601 2151 1779 2184 Bernardus
1794 2152 1836 2182 ¹⁴:
1856 2164 1871 2179 «
1887 2150 2008 2192 Ubique
2026 2150 2178 2182 Dominus

1212 2214 1271 2247 pro
1288 2205 1382 2238 Maria
1400 2205 1578 2247 respondet,
1593 2205 1657 2237 sive
1671 2213 1743 2237 cum
1762 2204 1957 2246 improbatur
1970 2212 1988 2235 a
2001 2203 2176 2242 pharisaeo,

1213 2266 1310 2299 supra
1327 2257 1470 2299 septimo,
1484 2258 1549 2290 sive
1566 2267 1638 2290 cum
1656 2257 1802 2299 arguitur
1818 2266 1836 2289 a
1853 2266 1972 2295 sorore,
1986 2260 2022 2289 ut
2039 2256 2098 2295 hic,
2113 2256 2177 2288 sive

1213 2319 1285 2342 cum
1295 2310 1494 2351 adiscipulis,
1505 2310 1712 2343 sieutdicitnr
1725 2310 1870 2343 Matthaei
1885 2310 2033 2352 vigesimo
2047 2313 2176 2342 sexto».

1303 2364 1355 2395 70.
1380 2363 1593 2405 Conqueritur
1617 2367 1723 2396 autem
1757 2363 1879 2396 Martha
1901 2363 2084 2405 aliquando,
2109 2362 2177 2395 aliis

1212 2425 1313 2447 suum
1327 2415 1471 2459 officium
1478 2417 1725 2458 praeponendo,
1735 2420 1766 2449 et
1779 2420 1852 2449 tunc
1861 2421 1908 2449 est
1919 2416 2174 2458 reprehensibile.

257 2650 265 2665 ¹
286 2650 380 2676 Psalm.
404 2651 464 2683 103,
489 2651 526 2676 10.
547 2651 596 2676 Pro
616 2650 713 2677 emittis
732 2651 810 2676 codd.
830 2654 855 2676 et
875 2651 932 2676 Vat.
953 2651 1056 2678 emittit.

256 2693 267 2709 ⁹
288 2696 363 2721 Vers.
387 2695 426 2721 17.
447 2708 483 2714 -
502 2696 626 2727 August„
647 2695 731 2721 Serm.
757 2695 816 2721 ⁴04.
837 2695 911 2728 (alias
930 2696 973 2722 27.
999 2696 1032 2722 de
1052 2695 1147 2722 Verbis

186 2740 306 2772 Domini)
325 2746 348 2765 c.
374 2741 398 2765 2.
419 2747 444 2765 n.
464 2740 494 2765 3:
520 2739 634 2765 Sedebat
656 2740 691 2765 ad
710 2740 791 2771 pedes
817 2741 910 2772 capitis
935 2741 1024 2767 nostri.
1044 2742 1147 2774 Quanto

187 2784 311 2810 humilius
329 2783 451 2814 sedebat,
477 2787 547 2809 tanto
567 2784 680 2816 amplius
699 2784 827 2816 capiebat.
852 2784 966 2811 Conssuit
989 2785 1058 2811 enim
1078 2793 1148 2818 aqua

186 2827 219 2853 ad
240 2827 410 2853 humilitatem
430 2827 569 2857 convallis,
589 2827 693 2852 denatat
712 2827 745 2853 de
765 2827 914 2854 tumoribus
933 2829 1013 2854 collis.
1034 2843 1066 2847 —-
1087 2829 1148 2855 lnl'e-

186 2871 241 2897 rius
259 2878 309 2903 pro
327 2870 436 2897 animae
454 2870 677 2904 contemplativae
697 2872 754 2897 Vat.
774 2878 853 2898 cerae
873 2871 1101 2905 contemplativae.

258 2913 268 2928 ⁸
290 2915 362 2941 Vers.
382 2915 425 2940 38.
446 2928 482 2934 —-
504 2914 620 2941 Subinde
645 2916 789 2947 allegantur
814 2916 883 2941 ioan.
910 2916 955 2947 11,
974 2916 1016 2941 32.
1042 2923 1097 2950 seq.
1123 2920 1148 2942 et.

256 2958 297 2983 11.

257 3001 269 3016 ⁴
287 3002 339 3028 Csr.
358 3009 438 3035 supra
458 3010 480 3028 c.
501 3003 526 3028 7.
545 3010 570 3028 n.
591 3003 635 3028 70.

258 3044 269 3059 ὃ
288 3047 364 3072 Vcrs.
385 3047 425 3072 10.
447 3047 534 3073 Plures
554 3047 631 3073 codd.
651 3048 776 3074 omittunt
790 3048 880 3082 facere
899 3051 924 3074 et
943 3055 991 3075 nec
1008 3048 1130 3075 scientia.

258 3088 269 3104 ⁸
288 3091 362 3116 Vers.
385 3091 408 3116 1.
430 3093 456 3116 et
475 3092 499 3116 2.

258 3132 268 3147 ⁷
290 3135 363 3160 vers.
385 3135 425 3160 10.
445 3148 480 3154 —-
500 3135 537 3160 De
555 3136 712 3168 etymologia
733 3135 807 3162 verbi
826 3136 967 3170 sotayebat
985 3138 1029 3163 cnr.
1049 3138 1148 3163 Forcel·

187 3178 244 3209 lini,
263 3178 375 3218 Lexicon
394 3181 456 3211 etc„
478 3178 523 3204 uhi
542 3180 616 3211 plura
637 3181 793 3211 atteruntur,
813 3188 842 3206 cx
862 3180 959 3213 quibus
977 3184 1056 3213 patet,
1076 3183 1148 3208 sata-

187 3228 250 3255 gere
268 3221 337 3248 idem
358 3229 415 3248 esse
434 3229 464 3248 ac
483 3223 549 3250 satis
568 3230 659 3257 apere.

259 3264 270 3280 ⁸
290 3267 363 3292 Vers.
383 3267 432 3298 27,
451 3271 511 3299 post
530 3275 609 3300 quem
630 3269 717 3294 Matth.
736 3269 784 3300 20,
804 3270 847 3295 28.
865 3273 891 3295 et
911 3269 979 3295 loan.
1003 3270 1047 3301 12,
1068 3271 1110 3296 26.

257 3308 269 3323 ⁹
288 3310 390 3336 Scilicet
402 3311 483 3337 otium
498 3313 716 3344 contemplativae
726 3316 752 3339 et
760 3313 911 3339 exercitium
924 3314 1147 3347 operativae;cr1·.

188 2958 234 2991 20,

187 3362 266 3387 supra
285 3362 312 3381 n.
331 3355 373 3381 65.
393 3356 419 3381 in
439 3356 499 3382 nne.
511 3370 547 3376 —
560 3357 618 3382 Vnt.
637 3364 698 3383 cum
717 3358 849 3384 nonnullis
869 3359 946 3385 codd.
966 3360 1119 3393 utramque.
1163 3359 1166 3363 '

294 3408 324 3435 S.
339 3409 442 3435 Bonan.
453 3422 490 3428 —
502 3410 577 3435 Tom.
592 3410 644 3435 Vll.

1283 2649 1305 2665 ¹⁰
1325 2651 1399 2677 Vers.
1419 2649 1461 2676 14.
1480 2664 1516 2669 -
1535 2649 1653 2675 Subinde
1682 2649 1808 2681 allegatur
1834 2650 1889 2674 Gal.
1915 2650 1946 2679 6,
1966 2650 1996 2679 ⁶3,
2016 2643 2174 2682 postquem

1211 2696 1298 2721 locum
1318 2702 1367 2728 pro
1389 2694 1448 2721 Ideo
1469 2701 1563 2721 secure
1583 2693 1632 2720 AC
1644 2694 1696 2719 Dll
1717 2693 1776 2719 Ideo
1796 2693 1928 2725 sert-iens,
1949 2696 1974 2718 et
1992 2700 2040 2725 pro
2056 2695 2086 2720 ut
2101 2700 2177 2720 soro<

1212 2739 1251 2766 ris
1274 2739 1310 2772 (11
1331 2740 1426 2765 omittit
1444 2739 1561 2770 sororis)
1582 2738 1600 2764 C
1612 2739 1632 2764 D
1651 2739 1681 2764 ut
1699 2737 1807 2771 fortius.

1284 2783 1305 2798 ²¹
1326 2784 1401 2809 Vers.
1422 2784 1468 2814 13,
1487 2783 1528 2809 cui
1555 2782 1723 2814 subiungitur
1749 2783 1813 2814 Eph.
1837 2782 1865 2813 4,
1886 2783 1910 2808 2.
1926 2797 1959 2801 —-
1979 2782 2106 2813 Superius
2129 2790 2176 2814 pro

1212 2830 1244 2855 ut
1260 2827 1358 2862 faciat,
1378 2827 1451 2861 quod
1470 2828 1491 2853 11
1517 2827 1626 2857 omittit,
1645 2827 1665 2852 G
1690 2833 1753 2853 cum
1771 2833 1826 2853 non
1844 2826 1940 2860 sociat,
1961 2826 2019 2851 Vat.
2039 2825 2103 2860 quia
2124 2833 2177 2852 non

1212 2871 1335 2906 faciebat.

1285 2915 1307 2930 ¹²
1326 2917 1360 2942 lta
1381 2917 1470 2942 Glossa
1491 2915 1634 2941 ordinaria
1649 2915 1672 2940 in
1687 2916 1748 2941 Luc.
1771 2915 1818 2945 10,
1839 2915 1886 2945 41,
1901 2921 1970 2948 quae
1989 2917 2075 2940 sumta
2095 2917 2177 2940 estex

1213 2961 1336 2993 August,
1356 2962 1440 2986 Scrm.
1463 2961 1521 2985 103.
1543 2960 1616 2992 (alias
1635 2960 1678 2985 26.
1698 2960 1731 2985 de
1747 2959 1840 2985 Verbis
1860 2959 1978 2991 Domini)
1999 2966 2021 2985 c.
2042 2959 2067 2984 2.
2089 2965 2114 2984 n.
2134 2959 2158 2983 3.

1286 3003 1307 3019 ²⁸
1328 3005 1401 3030 Vers.
1424 3005 1467 3030 28.
1486 3007 1512 3030 et
1531 3005 1592 3030 dein
1606 3003 1650 3030 lob
1670 3004 1700 3035 4,
1716 3005 1762 3035 12,
1776 3003 1821 3029 ubi
1834 3010 1883 3036 pro
1902 3002 2008 3036 suscepi
2028 3003 2137 3034 vulgata
2153 3007 2177 3028 et

1214 3050 1272 3075 Vat.
1291 3049 1409 3083 suscepit
1426 3048 1504 3075 auris
1524 3055 1593 3075 mea.

1287 3092 1309 3107 ¹⁴
1329 3094 1413 3119 Serm.
1433 3094 1457 3118 3.
1472 3093 1498 3118 in
1512 3093 1626 3119 Assumt.
1640 3094 1666 3118 B.
1682 3093 1776 3118 Mariae
1789 3093 1863 3124 Virg.
1878 3100 1902 3117 n.
1917 3093 1947 3117 2:
1965 3102 1978 3115 α
1992 3092 2059 3117 Vide
2073 3098 2177 3123 praero-

1213 3137 1329 3169 gativam
1350 3138 1459 3167 Mariae,
1478 3144 1558 3170 quem
1578 3137 1603 3162 in
1624 3137 1696 3162 omui
1715 3144 1792 3162 causa
1808 3136 1903 3162 habeat
1922 3137 2090 3162 advocatum.
2111 3136 2176 3161 lndi-

1213 3185 1308 3213 gnatur
1328 3181 1459 3214 siquidem
1478 3182 1632 3207 Pharisaeus
1645 3180 1721 3215 [Luc.
1741 3181 1772 3212 7,
1793 3181 1836 3206 39.
1849 3180 1932 3214 seq.],
1952 3181 2122 3213 conqueritur
2135 3187 2174 3206 so—

1212 3234 1256 3252 ror
1274 3225 1350 3259 [Luc.
1364 3226 1411 3256 10,
1426 3226 1468 3251 40.
1487 3225 1573 3259 seq.],
1593 3225 1671 3251 etiam
1690 3225 1812 3257 discipuli
1827 3228 1994 3251 murmurant
2014 3224 2111 3258 [Matth.
2126 3225 2175 3254 26,

1213 3272 1238 3296 8.
1258 3270 1359 3303 seqq.];
1386 3269 1485 3302 ubique
1505 3270 1582 3295 Maria
1608 3272 1690 3300 tacet,
1709 3272 1735 3295 et
1754 3276 1802 3301 pro
1827 3276 1858 3295 ea
1877 3269 1992 3302 loquitur
2011 3268 2128 3294 Christus
2148 3278 2174 3293 n.

1212 3315 1262 3340 Pro
1281 3313 1453 3348 improbatur
1473 3313 1518 3347 (ita
1538 3313 1588 3340 AC
1601 3314 1631 3347 D)
1651 3314 1673 3339 H
1686 3313 1864 3348 reprobatur,
1884 3314 1942 3339 Vat.
1964 3312 2174 3347 improperatum.

1213 3366 1281 3392 quae
1300 3358 1378 3384 etiam
1398 3361 1458 3390 post
1477 3357 1615 3392 disctpulis
1634 3358 1707 3384 addit
1725 3357 1890 3392 increpatur.

2035 3411 2068 3436 35

2193 663 2303 690 Quartum.

2197 1569 2264 1590 Maria
2279 1571 2342 1590 tacet.

2207 2368 2286 2389 Varius
2300 2374 2344 2389 mo<

2197 2394 2237 2415 dus
2251 2400 2343 2422 conque-

2199 2421 2268 2442 rendi.
