2427 3872
418 224 486 250 MAR

135 272 160 295 et
173 268 262 302 virgo,
276 268 345 295 Deus
358 271 383 295 et
396 269 476 294 homo
489 269 522 295 Vl
536 268 587 294 548
603 268 617 294 4
632 283 664 287 -
675 269 773 295 Omnes

134 313 282 339 affectiones
294 313 389 339 Mariae
408 313 515 339 caritate
526 316 601 339 erant
619 313 773 340 informatae

803 182 840 214 IN
863 181 1156 217 COMMENTARIOS
1180 185 1209 217 S.
1235 184 1460 219 SCRIPTURAE

813 270 868 301 fuit,
877 270 938 303 quia
949 269 1080 297 Christum
1093 273 1205 303 gestavit
1218 273 1243 298 in
1257 280 1343 305 carne,
1356 281 1450 300 verum

811 312 920 345 beatior,
929 315 991 347 quia
1002 316 1190 347 perfectissime
1200 317 1313 348 gestavit
1326 318 1350 343 in
1365 322 1451 344 mente

133 356 196 384 ibid.
209 357 304 383 -fuit
321 364 336 383 a
351 357 405 383 Deo
423 361 512 383 ornata
530 358 554 383 in
574 358 773 384 conversatione
810 357 873 384 ibid.
893 359 944 384 297
969 359 1003 384 62
1023 373 1056 377 -
1085 360 1252 392 praedicatur
1280 361 1368 393 beata,
1388 363 1448 395 quia

133 401 210 428 bonis
227 401 443 433 cogitationibus,
462 402 558 428 sanctis
576 401 771 433 affectionibus,

132 445 257 471 virtuosis
270 445 395 477 operibus
413 445 476 472 ibid.
488 460 523 466 —
537 447 564 472 ln
577 446 772 478 comparatione

131 489 218 516 Matris
246 490 350 516 Domini
381 490 451 516 nulia
480 490 611 516 invenitur
628 492 771 524 perfecta,

130 537 376 567 quantumcumque
389 534 530 560 virtutibus
546 534 638 560 eximia
653 541 771 567 compro-

130 577 207 604 betur
227 578 267 603 Vll
297 578 348 604 277
369 579 403 604 80
421 592 457 597 -
476 579 541 604 inter
564 578 686 604 mulieres
714 579 770 610 ipsa

130 622 185 648 sola
208 625 247 648 est
272 623 370 654 optima
396 629 444 655 per
468 622 648 648 omnimodam
679 629 771 655 super-

127 665 316 692 abundantiam
334 665 398 693 ibid.

181 725 216 730 —
236 711 288 737 fuit
301 711 505 743 perfectissimae
529 711 598 737 vitae
623 711 725 737 activae
744 713 770 737 et

128 755 347 787 contemplativae
367 755 410 781 vn
430 755 481 781 276
500 755 535 781 75
547 769 583 774 -
596 755 643 781 fuit
655 755 768 782 maxime

127 800 329 832 contemplativa
349 799 400 825 277
419 799 454 825 79
473 814 508 818 -
527 800 674 832 penetravit
692 800 768 832 abys-

127 851 187 871 sum
206 844 313 870 divinae
331 844 489 877 sapientiae,
509 845 574 871 ultra
593 852 674 878 quam
694 845 765 871 credi

127 889 212 914 valeat
230 887 293 915 ibid.
310 902 346 908 —
364 889 553 915 Perfectissime
572 892 596 915 et
610 889 711 921 integre
724 889 767 915 da-

127 936 183 959 tum
203 933 250 959 fuit
278 934 301 958 ei
327 933 399 966 quod
429 940 476 966 per
505 936 592 966 partes
619 934 714 960 Mariae
741 937 766 960 et

125 978 240 1004 Marthae
260 977 310 1003 276
330 977 364 1003 76
383 991 420 997 —
438 978 464 1003 ln
482 978 562 1004 Maria
575 978 766 1010 perfectissime

125 1023 230 1048 fuerunt
248 1022 368 1048 divinum
388 1022 540 1054 hospitium,
553 1022 727 1049 ministerium
740 1026 765 1048 et

126 1066 328 1092 contubernium
354 1065 388 1093 ib.
414 1066 448 1092 '77
468 1081 503 1085 —
521 1066 571 1093 sub
590 1067 695 1093 nomine
714 1067 765 1093 Ma-

125 1110 180 1137 riae
191 1113 217 1136 et
230 1111 344 1137 Marthae
357 1111 558 1137 commendatur
577 1111 666 1144 quoad
682 1111 765 1137 multi-

124 1155 242 1183 tudinem
261 1156 506 1188 praerogativarum
526 1155 578 1181 277
592 1156 625 1181 80
638 1170 674 1174 ——
686 1156 765 1187 elegit

123 1200 252 1232 optimam
272 1203 372 1232 partem
392 1203 418 1226 et
437 1200 463 1225 in
482 1200 565 1232 gratia
584 1203 610 1226 et
628 1200 653 1225 in
682 1200 763 1232 glorIa

124 1243 187 1270 ibid.
205 1258 241 1264 —
260 1245 287 1270 ln
306 1245 365 1270 eius
383 1245 544 1271 assumtione
563 1245 762 1277 appropriatum

123 1289 172 1314 fuit
199 1289 371 1321 Evangelium
396 1289 490 1314 Mariae
513 1292 539 1315 et
566 1289 681 1314 Marthae
708 1296 763 1314 non

123 1340 172 1366 per
190 1334 331 1359 humanam
352 1333 544 1365 inventionem,
562 1333 611 1359 sed
629 1340 677 1366 per
694 1334 763 1359 divi-

123 1384 185 1403 nam
204 1377 401 1410 inspirationem
420 1376 483 1404 ibid.

176 1436 212 1440 ——-
231 1422 329 1448 invenit
348 1422 458 1454 gratiam
486 1422 619 1448 electionis
637 1424 662 1448 et
680 1423 762 1454 perfe-

123 1466 216 1493 ctionis
235 1469 260 1492 et
278 1466 489 1498 desponsationis
507 1469 536 1492 ut
554 1472 651 1498 sponsa
670 1466 718 1492 Dei
736 1468 762 1491 et

122 1514 206 1537 mater
224 1510 279 1536 Filii
300 1511 344 1536 Dei
364 1511 406 1536 Vll
427 1511 460 1536 23
480 1510 514 1536 54
532 1524 568 1529 -
587 1510 685 1536 invenit
705 1517 762 1542 gra-

122 1555 185 1581 tiam
205 1557 313 1587 propter
341 1555 514 1580 humilitatem
543 1557 568 1580 et
586 1555 762 1581 mansuetudi-

123 1606 184 1625 nem
205 1599 238 1625 24
258 1599 292 1625 54
311 1612 347 1618 -
365 1605 413 1631 per
426 1598 597 1624 humilitatem
611 1606 639 1624 se
658 1599 691 1625 ad
705 1606 761 1631 gra-

122 1644 184 1670 tiam
196 1643 355 1675 singularem
367 1643 536 1676 praeparavit
549 1643 582 1669 26
597 1644 630 1669 68
643 1657 678 1662 -
692 1644 762 1670 Deus

121 1689 236 1721 respexit
248 1689 354 1714 Mariam
369 1691 476 1721 propter
489 1688 664 1714 humilitatem
677 1689 705 1714 31
725 1689 759 1714 90

90 1766 91 1771 ¹
120 1747 157 1753 —
175 1733 275 1759 invenit
293 1733 404 1765 gratiam
423 1736 450 1759 et
462 1733 668 1759 misericordiam
682 1740 762 1766 super

121 1785 213 1804 omnes
233 1778 356 1804 mulieres
374 1778 400 1804 in
420 1781 562 1810 conspectu
582 1778 627 1804 Dei
647 1778 680 1804 27
699 1778 734 1804 70

175 1837 210 1841 -
228 1825 268 1848 est
286 1822 405 1849 amabilis
424 1826 531 1855 propter
545 1822 667 1849 bonitatis
680 1822 761 1855 pleni-

121 1866 254 1898 tudinem,
274 1866 432 1892 venerabilis
450 1870 557 1900 propter
576 1867 711 1899 dignitatis
729 1868 762 1894 al-

121 1911 258 1937 titudinem
267 1931 273 1943 ,
292 1910 475 1943 praedicabilis
487 1914 596 1943 propter
608 1911 693 1937 laudis
706 1918 762 1937 am-

120 1955 275 1988 plitudinem
296 1955 337 1981 Vll
364 1956 398 1981 22
419 1955 450 1981 46
469 1968 505 1974 -
530 1957 569 1981 est
593 1955 713 1981 amabilis
733 1958 761 1982 ut

121 2000 204 2032 gratia
224 2000 300 2032 plena
320 2000 354 2025 22
374 1999 407 2025 47
420 2013 456 2019 -
469 2006 516 2031 per
529 1999 688 2026 beneflcium
702 2007 761 2032 gra-

121 2044 171 2070 tiae
191 2045 257 2070 facta
285 2047 324 2070 est
351 2043 471 2070 amabilis
499 2044 553 2070 Deo
581 2047 607 2070 et
624 2044 762 2071 laudabilis

121 2088 275 2115 hominibus
303 2089 331 2114 31
362 2089 396 2114 90
415 2103 450 2108 -
468 2092 578 2121 propter
605 2089 760 2121 dignitatem

121 2136 266 2159 maternam
293 2136 332 2159 est
359 2133 492 2165 diligenda
517 2136 542 2159 et
566 2133 716 2159 veneranda
735 2136 761 2159 et

121 2184 183 2204 cum
203 2177 276 2203 omni
296 2178 392 2204 fiducia
410 2177 533 2204 adeunda
553 2180 677 2211 tanquam
691 2185 760 2204 sum·

121 2228 181 2247 mae
200 2222 394 2248 misericordIae
424 2226 506 2248 mater
535 2223 567 2248 29
588 2223 617 2248 81
640 2236 676 2242 -
694 2229 761 2248 sem·

121 2273 168 2298 per
187 2266 336 2297 salutanda,
356 2269 384 2292 ut
403 2273 450 2298 per
475 2273 533 2293 eam
559 2266 671 2299 gratiam
691 2267 761 2293 inve-

119 2310 225 2337 niamus
244 2311 277 2336 27
295 2311 329 2336 70

175 2368 211 2374 -
229 2354 392 2381 benedicitur
405 2354 600 2387 benedictione,
614 2362 694 2389 quam
708 2356 760 2382 Do-

122 2399 210 2425 minus
235 2398 356 2425 Abrahae
384 2399 556 2431 promiserat,
585 2407 666 2432 quam
689 2401 760 2426 isaac

121 2443 249 2475 praedixit
274 2443 365 2476 iacob,
390 2447 415 2469 et
437 2443 514 2470 Iacob
541 2444 707 2470 confirmavit
735 2447 760 2470 et

121 2488 223 2520 Moyses
242 2488 402 2515 desideravit
419 2488 463 2514 Vll
482 2488 516 2514 29
528 2488 562 2514 78
575 2501 611 2508 —
623 2487 759 2515 benedicta

121 2535 161 2558 est
179 2539 260 2564 super
279 2533 411 2564 mulieres,
430 2540 543 2566 quarum
562 2533 760 2560 benedictiones

122 2576 148 2602 in
167 2584 198 2603 ea
225 2577 349 2609 impletae
376 2581 438 2604 sunt
456 2577 490 2605 ib.
508 2578 543 2604 79
562 2592 597 2598 —-
616 2581 655 2604 est
683 2578 759 2604 bene-

119 2621 189 2647 dicta
208 2624 316 2653 propter
335 2622 482 2648 universale
499 2622 648 2649 remedium
668 2622 701 2648 23
725 2622 758 2648 49

121 2678 156 2684 -
175 2668 214 2691 est
232 2665 370 2692 benedicta
388 2666 455 2693 inter
473 2667 605 2700 mulieres,
623 2668 665 2693 vel
678 2674 759 2700 super

121 2716 214 2736 omnes
233 2710 368 2742 mulieres,
388 2711 429 2737 vel
447 2718 462 2737 a
482 2711 637 2738 mulieribus
649 2710 712 2738 ibid.
725 2725 759 2730 -

122 2753 169 2779 mit
187 2753 262 2779 beata
283 2757 390 2786 propter
409 2755 531 2781 meritum
550 2755 683 2786 castitatis,
701 2755 760 2781 bea-

121 2797 171 2823 tior
190 2801 297 2830 propter
322 2799 459 2825 consilium
478 2800 649 2832 virginitatis,
667 2799 759 2826 beatis-

121 2841 187 2867 sima
206 2845 313 2874 propter
341 2843 508 2875 privilegium
537 2844 702 2870 fecunditatis
725 2845 753 2870 31

120 2886 151 2911 91
176 2900 209 2904 -
228 2886 356 2918 optimam
375 2890 478 2919 partem
496 2887 589 2919 elegit,
608 2895 704 2920 nempe
724 2889 759 2914 fe-

121 2929 281 2956 cunditatem
301 2930 482 2962 coniugalem,
509 2931 653 2958 castitatem
681 2932 760 2964 virgi-

121 2974 221 3005 nalem,
241 2974 425 3000 fecunditatem
445 2974 591 3006 virgineam
611 2975 661 3001 276
680 2975 715 3001 76

175 3032 210 3036 —-
230 3018 291 3051 quia
311 3019 398 3044 statim
418 3018 501 3044 verbo
519 3019 566 3045 Dei
579 3019 661 3045 nuntii
679 3019 760 3045 credi-

121 3061 169 3093 dit,
188 3062 237 3088 fuit
255 3061 330 3089 beata
351 3063 393 3088 Vll
413 3063 446 3088 18
465 3063 499 3088 32
516 3076 551 3082 -
570 3062 644 3089 beata
665 3063 760 3089 dicitur

122 3112 170 3138 per
189 3106 268 3132 fldem
298 3107 331 3132 30
357 3107 390 3132 83
408 3121 444 3125 -
468 3113 499 3133 ex
524 3107 660 3139 multiplici
679 3114 758 3133 causa

122 3149 170 3176 mit
188 3148 263 3176 beata
291 3149 325 3176 ib.
355 3150 397 3182 84,
418 3151 451 3177 85
469 3165 503 3170 -
523 3150 570 3176 fuit
597 3150 759 3184 beatissima,

122 3193 185 3226 quia
204 3194 324 3226 concepit
342 3195 433 3221 Filium
458 3194 505 3221 Dei
524 3193 557 3221 ib.
578 3195 612 3221 85
630 3208 666 3214 —
685 3194 760 3221 bene·

121 3237 191 3264 dicta
211 3238 388 3270 praedicatur,
408 3239 470 3272 quia
488 3239 610 3271 concepit
627 3238 759 3266 Christum

123 3281 152 3307 61
176 3282 220 3314 75,
238 3282 272 3308 76
292 3297 327 3301 -
345 3283 393 3309 fuit
410 3282 487 3310 beata
505 3290 537 3309 ex
554 3283 654 3316 duplici
666 3283 759 3310 Christi

122 3326 289 3359 susceptione
308 3327 359 3354 276
378 3327 413 3353 76
439 3341 473 3346 -
491 3334 545 3354 non
564 3330 665 3354 tantum
684 3327 759 3354 beata

810 402 890 427 Mater
910 402 964 428 Filii
986 403 1031 428 Dei
1045 404 1096 428 296
1111 404 1154 436 59,
1167 405 1201 429 60
1214 418 1249 424 —·
1262 401 1358 431 dicitur
1372 405 1446 432 beata

808 449 918 478 propter
936 447 1100 472 lactationem
1120 447 1153 473 ib.
1174 448 1203 473 61

861 504 897 509 -
915 491 942 516 ln
961 491 1040 516 Maria
1060 491 1188 517 habitavit
1201 494 1336 525 plenitudo
1351 494 1449 520 Divini-

809 535 868 560 tatis
892 535 1063 567 corporaliter
1088 536 1121 561 Vl
1146 536 1198 561 538
1223 538 1239 562 2
1269 551 1303 556 —
1322 538 1392 564 Deus
1410 542 1449 565 est

809 578 833 604 in
853 579 930 605 Maria
951 579 1084 605 excellenti
1103 583 1129 605 et
1153 581 1278 612 singulari
1297 582 1378 608 modo
1397 585 1449 608 tan-

807 629 889 656 quam
909 623 933 648 in
947 624 1055 655 proprio
1069 623 1236 651 tabernaculo
1256 625 1299 651 Vll
1319 627 1352 651 22
1367 626 1399 652 48
1413 640 1448 646 -

807 667 853 693 Dei
872 667 964 693 Filium
982 668 1098 700 suscepit
1118 669 1149 694 Vl
1169 668 1220 694 549
1242 669 1257 695 4

859 725 895 730 -
913 712 1008 738 dicitur
1026 712 1123 738 domus
1143 713 1187 738 Dei
1217 717 1325 745 propter
1353 714 1446 740 Christi

806 756 1019 788 conceptionem,
1040 760 1115 789 porta
1135 761 1243 789 propter
1268 758 1361 784 Christi
1390 766 1447 791 par·

806 803 875 832 tum,
894 801 964 826 scala
982 804 1091 833 propter
1103 808 1242 827 ascensum
1257 802 1290 828 ad
1304 803 1388 829 Deum
1403 803 1445 829 Vll

805 845 840 870 27
858 845 893 870 70
913 859 948 863 -
967 846 1015 871 fuit
1033 847 1161 878 templum
1186 853 1201 872 a
1220 847 1274 872 Deo
1294 847 1445 873 dedicatum

805 890 830 915 in
849 890 1053 916 sanctificatione
1083 891 1114 916 Vl
1140 890 1191 916 548
1222 891 1236 916 4
1255 892 1356 917 —fuit
1385 895 1445 918 tem-

804 933 876 965 plum
897 941 912 959 a
932 934 985 960 Deo
1011 933 1184 960 inhabitatum
1214 935 1239 960 in
1267 935 1445 962 incarnatione

804 977 855 1003 549
876 978 891 1003 4

856 1037 891 1041 -
905 1022 1041 1055 designata
1055 1023 1102 1050 fuit
1115 1030 1163 1055 per
1176 1024 1288 1055 scalam,
1302 1031 1349 1056 per
1362 1031 1442 1057 quam

802 1067 896 1099 Angeli
924 1066 1101 1093 ascendebant
1127 1070 1152 1093 et
1180 1068 1376 1095 descendebant
1400 1069 1442 1095 Vll

803 1111 836 1137 27
855 1111 890 1137 70
909 1125 944 1130 -
963 1115 1002 1138 est
1021 1115 1096 1144 porta
1115 1112 1191 1145 caeli,
1205 1107 1276 1146 quod
1290 1114 1376 1139 nullus
1389 1116 1444 1145 pot-

802 1158 841 1182 est
858 1156 968 1189 intrare,
987 1156 1037 1182 nisi
1057 1163 1104 1188 per
1122 1157 1228 1182 Mariam
1249 1160 1362 1183 transeat
1380 1157 1442 1186 ibid.

801 1215 836 1219 —
855 1201 925 1227 Deus
944 1201 978 1227 ad
997 1207 1045 1226 nos
1064 1201 1137 1226 venit
1155 1208 1203 1233 per
1222 1202 1342 1235 Mariam,
1355 1205 1381 1228 et
1394 1209 1442 1235 pcr

801 1246 886 1277 ipsam
915 1252 964 1271 nos
992 1248 1096 1278 oportet
1123 1245 1210 1272 redire
1228 1246 1255 1272 in
1275 1247 1358 1273 Deum
1379 1246 1439 1273 ibid.

800 1304 836 1308 —
854 1291 902 1316 Per
920 1290 1027 1315 Mariam
1055 1290 1235 1316 accedendum
1255 1294 1294 1317 est
1318 1291 1353 1318 ad
1371 1291 1441 1318 Chri-

800 1337 884 1367 stum,
903 1335 965 1367 quia
989 1335 1089 1361 invenit
1116 1336 1229 1368 gratiam
1255 1336 1328 1368 apud
1355 1337 1439 1362 Deum

800 1378 833 1404 52
853 1378 887 1404 37

852 1437 888 1441 -
907 1423 932 1448 in
951 1423 1119 1456 suscipiendo
1139 1423 1271 1451 Christum
1291 1425 1339 1451 fuit
1352 1426 1439 1451 castel-

799 1467 853 1493 lum
873 1467 990 1493 turribus
1008 1468 1136 1495 virtutum
1162 1470 1293 1495 munitum
1312 1472 1338 1495 et
1356 1470 1439 1496 eleva-

799 1514 855 1537 tum
875 1511 918 1537 Vll
938 1512 990 1537 276
1010 1512 1044 1537 77
1063 1526 1099 1532 -
1118 1513 1203 1539 Prima
1223 1513 1280 1539 eius
1299 1513 1378 1539 turris
1392 1514 1439 1540 fuit

799 1556 923 1582 fortitudo
941 1556 1122 1590 districtionis,
1141 1558 1202 1590 quia
1222 1558 1294 1583 nullo
1314 1558 1378 1584 vitio
1392 1565 1436 1590 po-

798 1601 846 1627 tuit
864 1601 993 1634 superari,
1012 1601 1129 1627 secunda
1157 1602 1286 1628 rectitudo
1306 1602 1438 1628 discretio-

799 1645 851 1678 nis,
880 1645 955 1671 tertia
983 1646 1122 1672 multitudo
1151 1645 1300 1672 devotionis
1330 1650 1438 1678 propter

799 1689 966 1716 dulcedinem
994 1690 1156 1722 devotionis,
1182 1691 1207 1716 in
1226 1697 1279 1724 qua
1298 1690 1439 1716 excellebat

798 1733 861 1761 ibid.
879 1748 915 1754 —
933 1735 999 1761 istae
1018 1738 1070 1761 tres
1089 1738 1173 1761 turres
1193 1735 1219 1761 in
1244 1735 1322 1761 Maria
1351 1735 1438 1761 aedifi-

799 1782 872 1805 catae
891 1780 996 1806 fuerunt
1010 1787 1024 1805 a
1038 1780 1135 1812 Spiritu
1149 1784 1238 1806 sancto
1258 1787 1306 1812 per
1325 1779 1436 1812 gratiam

799 1830 879 1856 super
898 1826 950 1850 tres
974 1824 1104 1856 potentias
1123 1824 1226 1850 animae
1245 1823 1307 1851 ibid.
1319 1837 1356 1843 —-
1374 1824 1437 1857 quia

799 1869 952 1901 fortissima,
977 1868 1181 1901 prudentissima
1206 1871 1232 1895 et
1250 1868 1440 1900 devotissima,

799 1913 847 1939 fuit
871 1916 986 1939 castrum
1015 1913 1139 1939 idoneum
1171 1913 1205 1939 ad
1238 1913 1436 1945 suscipiendum

798 1957 891 1983 Filium
910 1957 991 1983 Patris
1010 1958 1134 1984 dilectum
1153 1956 1215 1984 ibid.

851 2015 887 2021 -
905 2002 1034 2034 figuratur
1062 2009 1110 2034 per
1137 2009 1226 2028 arcam
1256 2002 1368 2028 foederis
1393 2002 1436 2028 Vll

798 2047 832 2072 22
852 2046 893 2072 46.
913 2046 946 2072 53
968 2046 1000 2072 40
1013 2060 1049 2066 -
1061 2047 1108 2072 fuit
1119 2053 1180 2073 arca
1193 2047 1329 2073 continens
1348 2046 1436 2073 divina

798 2091 915 2124 eloquia,
934 2091 1069 2123 designata
1088 2098 1137 2123 per
1156 2098 1245 2117 arcam
1258 2091 1340 2123 Moysi
1354 2091 1387 2116 53
1404 2090 1436 2116 40

797 2149 831 2154 --
850 2135 986 2168 designata
1005 2138 1045 2161 est
1063 2141 1111 2167 per
1129 2142 1218 2161 aream
1238 2135 1352 2161 foederis
1379 2142 1437 2168 pro-

797 2182 856 2211 pter
874 2179 1044 2205 devotionem
1063 2179 1178 2205 caritatis
1197 2179 1249 2205 277
1267 2179 1302 2205 79
1319 2193 1352 2198 -
1371 2180 1437 2206 desi-

797 2226 892 2256 gnatur
911 2231 958 2256 per
975 2223 1080 2255 virgam
1099 2224 1187 2249 Aaron
1205 2227 1314 2256 propter
1327 2224 1436 2250 multam

797 2267 978 2294 rectitudinem
998 2268 1102 2294 virtutis
1120 2266 1182 2294 ibid.
1195 2281 1231 2287 —
1243 2268 1372 2300 figuratur
1390 2276 1437 2301 per

797 2311 899 2338 tabulas
912 2312 1051 2338 testimonii
1065 2315 1172 2345 propter
1185 2312 1363 2345 cognitionem
1379 2320 1437 2339 con·

797 2356 971 2389 templationis
988 2356 1106 2383 veritatis
1125 2355 1186 2383 ibid.

849 2415 885 2420 —
903 2401 929 2427 in
947 2400 1080 2427 audiendo
1098 2401 1229 2433 Angelum
1248 2401 1296 2427 fuit
1314 2404 1437 2434 prompta

797 2448 822 2471 et
841 2445 960 2472 modesta
984 2445 1027 2472 Vll
1054 2445 1088 2471 23
1108 2445 1142 2471 50
1169 2459 1202 2464 -
1231 2445 1257 2471 in
1276 2446 1369 2472 affectu
1389 2446 1438 2472 suit

797 2490 948 2516 verecunda
973 2489 1007 2516 ib.
1027 2489 1055 2515 51
1080 2503 1115 2509 -
1133 2490 1277 2522 prudenter
1304 2489 1438 2522 cogitabat

797 2534 831 2561 de
848 2534 1003 2561 salutatione
1022 2534 1114 2566 Angeli
1133 2533 1166 2561 ib.
1186 2535 1219 2561 52
1233 2548 1268 2554 -
1281 2535 1436 2561 salutatione

796 2579 888 2611 Angeli
907 2579 954 2605 fuit
973 2578 1075 2605 turbata
1095 2581 1204 2611 propter
1216 2579 1347 2611 pudorem
1367 2579 1436 2605 inno-

796 2623 910 2656 centiae,
929 2623 977 2650 sed
995 2630 1048 2649 non
1067 2622 1218 2655 perturbata
1232 2626 1340 2656 propter
1353 2624 1437 2656 splen-

796 2667 887 2694 dorem
900 2668 1084 2700 intelligentiae
1094 2667 1155 2694 ibid.
1168 2682 1204 2688 —
1217 2668 1250 2694 de
1263 2669 1436 2701 conceptione

796 2712 913 2745 quaerit,
936 2712 1073 2746 quomodo
1102 2712 1154 2744 fiat,
1184 2716 1212 2739 ut
1239 2714 1383 2740 consentiat
1401 2714 1434 2740 24

796 2758 839 2783 60.
858 2758 892 2783 25
912 2757 940 2782 61

844 2816 879 2820 -
889 2801 951 2834 quia
961 2801 1052 2833 Angeli
1063 2801 1162 2828 dictum
1173 2802 1257 2828 credit
1265 2809 1323 2828 esse
1332 2809 1435 2835 verum,

797 2845 842 2871 dat
860 2852 982 2878 expresse
1001 2851 1157 2877 responsum
1171 2849 1378 2872 consentaneum
1391 2846 1434 2873 Vll

797 2890 830 2915 26
843 2889 877 2915 67
891 2903 926 2908 -
939 2889 972 2915 ad
991 2888 1104 2915 verbum
1123 2889 1214 2921 Angeli
1228 2890 1315 2915 statim
1328 2897 1435 2916 consen-

797 2932 829 2958 sit
846 2932 897 2958 349
918 2932 952 2958 45
970 2945 1006 2951 -
1024 2932 1171 2958 Consensus
1190 2932 1308 2964 Virginis
1326 2937 1366 2959 est
1383 2941 1434 2959 vox

796 2976 947 3002 dulcissima
961 2975 1120 3007 hominibus,
1133 2976 1239 3009 Angelis
1252 2979 1278 3002 et
1291 2976 1341 3009 ipsi
1352 2977 1435 3009 Spon-

799 3027 828 3046 so
849 3020 882 3046 26
903 3020 936 3045 69

849 3078 885 3082 -
903 3063 969 3090 Cum
988 3064 1096 3090 recessit
1120 3063 1154 3090 ab
1183 3070 1213 3090 ea
1241 3065 1369 3097 Angelus,
1397 3072 1435 3091 re-

797 3108 893 3134 mansit
916 3115 977 3134 cum
1001 3115 1032 3134 ea
1059 3108 1105 3134 Dei
1129 3108 1209 3134 Filius
1229 3109 1271 3134 Vll
1290 3108 1323 3134 27
1346 3109 1381 3134 70
1401 3122 1434 3127 -

797 3151 858 3184 quia
877 3151 957 3178 corde
975 3152 1095 3184 concepit
1114 3151 1227 3178 verbum
1246 3152 1323 3183 fidei,
1343 3155 1435 3178 ventre

797 3195 916 3227 concepit
944 3195 1037 3222 Filium
1066 3195 1112 3221 Dei
1140 3196 1174 3221 26
1203 3195 1236 3221 67
1261 3209 1297 3215 -
1315 3197 1435 3229 concepit

798 3239 916 3266 Verbum
935 3239 981 3265 Dei
1000 3239 1145 3266 secundum
1166 3238 1278 3266 verbum
1296 3240 1388 3273 Angeli
1400 3240 1434 3267 ib.

798 3283 830 3309 69
850 3297 886 3302 -
904 3290 951 3316 per
977 3290 1135 3310 consensum
1163 3290 1223 3310 mox
1251 3284 1372 3316 concepit
1398 3284 1435 3310 Fi·

798 3327 862 3354 lium
882 3327 928 3354 Dei
947 3326 981 3354 ib.
1001 3327 1043 3355 67.
1063 3328 1097 3354 27
1116 3327 1150 3354 70

2065 196 2128 228 789

1775 236 1842 262 mn

1544 290 1579 296 —
1599 278 1624 303 ln
1645 279 1757 305 thalamo
1778 281 1842 305 uteri
1863 281 1997 313 virginalis
2016 283 2131 309 celebra—

1489 322 1530 346 tae
1548 325 1608 347 sunt
1628 323 1733 354 nuptiae
1757 324 1825 355 Agni
1856 325 1896 350 Vll
1922 326 1973 351 362
1994 327 2026 352 46
2046 341 2081 346 -
2101 329 2126 353 ln

1489 365 1600 390 thalamo
1620 367 1685 392 uteri
1705 367 1839 399 virginalis
1857 374 2069 396 consummatum
2089 376 2128 398 est

1488 409 1682 436 matrimonium
1710 412 1775 437 inter
1803 412 1918 438 divinam
1939 417 1964 439 et
1983 415 2126 441 humanam

1487 456 1606 478 naturam
1635 458 1660 479 et
1689 455 1753 480 inter
1782 455 1913 482 Christum
1938 461 1963 483 et
1982 459 2123 485 Ecclesiam

1487 495 1547 522 ibid.

1539 554 1575 560 —
1593 542 1725 569 credendo
1752 545 1872 576 concepit
1900 548 1924 571 et
1952 547 2124 578 concipiendo

1487 583 1674 612 beatitudinem
1704 587 1827 613 omnibus
1855 588 1977 620 gentibus
1995 595 2124 622 quantum

1486 628 1519 653 ad
1539 629 1719 656 sufficientiam
1740 632 1846 662 protulit
1875 633 1917 658 Vll
1937 634 1970 658 30
1991 634 2024 659 85
2043 649 2077 653 —
2098 636 2123 661 in

1485 673 1656 705 conceptione
1675 675 1722 700 fuit
1736 675 1901 707 magnificata
1921 680 1946 702 et
1964 678 2123 704 sanctificata

1485 717 1518 742 32
1530 717 1562 742 93
1575 731 1610 735 —
1623 718 1761 744 laudabilis
1772 720 1819 745 fuit
1829 720 1852 745 in
1867 721 2048 753 concipiendo,
2061 724 2121 755 quia

1485 761 1537 786 fide
1555 762 1677 794 concepit
1696 763 1747 788 297
1768 764 1810 794 62,
1830 764 1863 789 63
1878 778 1912 783 -
1925 766 2040 798 suscepit
2053 766 2124 792 Chri-

1484 808 1553 831 stum
1573 806 1598 831 in
1627 807 1740 832 thalamo
1768 809 1886 840 corporis
1912 814 1936 834 ct
1964 810 1989 835 in
2010 811 2122 837 thalamo

1483 850 1570 876 cordis
1589 850 1640 875 276
1660 850 1694 876 76

1536 908 1571 912 —-
1590 896 1710 927 concepit
1735 896 1815 928 Intra,
1843 897 1906 923 nihil
1935 899 2063 930 recipiens
2089 899 2122 925 ab

1482 941 1553 964 extra
1573 939 1616 964 vu
1637 939 1670 965 25
1690 940 1724 965 55
1737 954 1772 959 —
1786 941 1875 967 Virtus
1889 942 2011 968 Altissimi
2026 942 2122 969 obum-

1482 981 1569 1009 bravit
1586 983 1619 1014 ei,
1638 990 1671 1009 ne
1690 984 1796 1010 sentiret
1823 986 2063 1018 concupiscentiam
2087 987 2121 1014 ib.

1482 1027 1515 1052 62
1529 1040 1564 1046 -
1577 1027 1781 1060 Conceptionem
1795 1030 1850 1055 sine
1863 1030 1931 1056 virili
1944 1032 2043 1057 semine
2057 1032 2122 1064 figu-

1480 1072 1548 1097 ravit
1567 1072 1642 1104 virga
1661 1073 1756 1105 Aaron,
1776 1081 1844 1106 quae
1858 1075 1960 1106 floruit,
1973 1077 2120 1108 conceptio·

1480 1122 1540 1141 nem
1559 1117 1615 1142 sine
1641 1117 1748 1143 libidine
1782 1118 1874 1150 rubus,
1900 1120 1946 1152 qui
1978 1127 2028 1146 non
2051 1128 2120 1147 com-

1480 1159 1625 1187 burebatur
1638 1160 1672 1188 ib.
1685 1162 1718 1187 63
1732 1176 1764 1181 -
1779 1163 1916 1189 fecundata
1931 1164 2025 1191 virtute
2039 1166 2119 1197 Spiri-

1480 1208 1521 1231 tus
1539 1206 1621 1231 sancti
1640 1213 1692 1232 non
1713 1207 1813 1238 prolem
1834 1208 1884 1233 viri
1905 1210 2051 1241 generavit,
2071 1211 2117 1236 sed

1479 1250 1580 1282 prolem
1599 1250 1655 1281 Dei,
1675 1258 1725 1276 non
1740 1255 1918 1283 peccatorem,
1933 1254 1979 1279 sed
1993 1254 2117 1280 Sanctum

1478 1292 1512 1320 ib.
1532 1294 1566 1320 64
1586 1308 1620 1314 —
1639 1294 1788 1327 Conceptus
1808 1297 1923 1329 Virginis
1948 1305 2027 1330 supra
2048 1303 2119 1324 natu-

1477 1345 1534 1364 ram
1554 1339 1717 1371 figurabatur
1736 1343 1761 1365 et
1780 1340 1911 1367 credibilis
1930 1341 2009 1367 fiebat
2029 1349 2119 1368 conce-

1478 1386 1525 1415 ptu
1543 1384 1669 1409 sterilium
1690 1383 1724 1410 ib.
1746 1385 1780 1410 65
1798 1398 1834 1404 —
1859 1385 1896 1411 De
1916 1387 2015 1412 semine
2034 1387 2119 1418 Virgi-

1477 1427 1517 1453 nis
1536 1428 1622 1459 potuit
1639 1429 1742 1461 concipi
1761 1429 1806 1462 qui
1825 1429 1859 1455 de
1873 1430 1938 1456 lacte
1956 1431 2012 1456 eius
2035 1431 2119 1463 potuit

1476 1472 1568 1497 nutriri
1589 1473 1639 1498 297
1661 1473 1689 1498 61

1529 1530 1564 1535 --
1583 1523 1644 1542 cum
1663 1521 1732 1543 esset
1745 1518 1824 1543 Mater
1836 1518 1954 1550 Domini,
1967 1519 2117 1551 dignatione

1475 1559 1623 1586 admirabili
1644 1561 1760 1587 visitavit
1772 1562 1891 1587 ancillam
1906 1563 1951 1588 Dei
1974 1563 2014 1588 Vll
2035 1564 2068 1589 29
2084 1564 2112 1589 81

1475 1617 1510 1623 -
1529 1605 1641 1631 surrexit
1659 1606 1788 1637 diluenlo,
1809 1610 1837 1632 ut
1866 1607 2023 1633 ministraret
2042 1609 2117 1634 Elisa-

1475 1648 1538 1674 beth
1557 1649 1613 1675 seni
1632 1653 1657 1675 et
1676 1650 1755 1676 debili
1775 1651 1808 1676 28
1829 1651 1864 1677 72
1879 1666 1911 1670 -
1925 1651 1989 1678 abiit
2002 1652 2029 1677 in
2043 1660 2118 1678 mon-

1475 1695 1535 1718 tana
1565 1693 1599 1719 ad
1627 1695 1814 1726 explorandam
1845 1697 1982 1722 veritatem
2002 1696 2063 1723 ibid.
2082 1711 2117 1716 —

1474 1744 1532 1762 eam
1552 1744 1607 1763 non
1625 1739 1769 1765 retardavit
1789 1740 1847 1765 viae
1866 1741 1993 1773 asperitas
2012 1749 2060 1767 nec
2081 1742 2116 1767 iti-

1474 1781 1544 1807 neris
1562 1783 1710 1815 prolixitas,
1729 1784 1816 1809 necin
1831 1785 1923 1811 itinere
1936 1786 1995 1811 fecit
2014 1793 2115 1812 moram

1474 1825 1536 1852 ibid.
1549 1840 1584 1844 —
1597 1826 1718 1852 salutavit
1731 1828 1876 1860 Elisabeth,
1889 1829 1999 1855 salutem
2010 1830 2036 1855 in
2051 1831 2117 1856 leru-

1473 1871 1554 1896 salem
1568 1871 1734 1903 apportando
1744 1870 1778 1898 ib.
1788 1872 1823 1898 74
1837 1886 1871 1891 -
1886 1873 1989 1899 Veritas
2002 1874 2116 1900 testimo-

1474 1914 1508 1940 nii
1527 1915 1721 1941 demonstratur
1740 1922 1788 1947 per
1813 1917 1983 1948 praeconium
2003 1918 2116 1944 admira-

1474 1959 1557 1984 tivum
1584 1962 1693 1991 propter
1720 1959 1837 1985 divinam
1867 1961 2071 1993 maternitatem,
2091 1966 2116 1988 ct

1474 2003 1637 2029 laudativum
1665 2006 1774 2036 propter
1799 2004 1993 2036 dignationem,
2013 2013 2061 2038 per
2080 2007 2115 2032 in-

1474 2047 1572 2073 dicium
1601 2047 1770 2079 probativum
1790 2051 1897 2080 propter
1916 2050 2114 2076 exsultationem

1474 2092 1578 2118 infantis
1592 2092 1616 2118 in
1629 2099 1742 2119 occursu
1755 2093 1906 2124 salvatoris,
1920 2100 1967 2125 per
1977 2095 2113 2121 oraculum

1473 2137 1660 2163 affirmativum
1679 2140 1787 2170 propter
1799 2136 2009 2164 benedictionem
2024 2139 2056 2165 29
2072 2140 2115 2165 81.

1474 2182 1508 2207 30
1528 2183 1561 2207 82

1527 2240 1562 2246 -
1581 2226 1704 2253 manebat
1722 2233 1783 2252 cum
1797 2226 1926 2252 Elisabeth
1940 2227 2007 2253 sicut
2020 2227 2113 2254 sedula

1474 2270 1635 2303 obsecutrix,
1654 2278 1707 2297 non
1726 2271 1811 2297 statim
1832 2271 1958 2297 abscessit
1976 2278 2024 2297 nec
2038 2279 2114 2304 egre-

1474 2315 1595 2342 diebatur
1614 2323 1664 2342 nec
1683 2315 1810 2342 circuibat
1838 2316 1905 2342 sicut
1923 2316 2025 2342 curiosa
2045 2317 2114 2343 inve-

1474 2360 1590 2392 stigatrix
1619 2360 1662 2386 vu
1692 2360 1726 2386 34
1756 2361 1801 2386 101
1834 2374 1871 2380 -
1898 2367 1959 2387 cum
1984 2360 2112 2387 Elisabeth

1474 2405 1634 2436 exspectavit
1646 2405 1808 2431 nativitatem
1821 2405 2001 2437 praecursoris
2015 2404 2047 2432 ib.
2066 2406 2112 2431 102

1474 2462 1509 2467 —
1527 2455 1634 2475 reversa
1658 2452 1712 2480 est,
1735 2449 1796 2482 quia
1825 2456 1938 2482 sponsus
1966 2453 1991 2476 et
2019 2450 2113 2476 familia

1474 2499 1522 2518 sua
1539 2493 1655 2519 reditum
1669 2493 1835 2520 desiderabat
1849 2493 1882 2520 ib.
1898 2494 1947 2520 103
1962 2509 1997 2513 -
2010 2494 2055 2520 dat
2074 2502 2114 2520 cx-

1473 2537 1592 2569 emplum
1611 2537 1735 2563 omnibus
1753 2538 1910 2564 imitandum
1931 2537 1993 2565 ibid.

1527 2596 1563 2600 —
1582 2581 1607 2607 in
1626 2582 1727 2608 cantico
1745 2582 1857 2608 laetitiae
1880 2583 1970 2609 laudat
1996 2583 2113 2609 divinam

1473 2625 1638 2651 clementiam
1662 2629 1770 2658 propter
1798 2627 2037 2653 excellentissimam
2058 2634 2114 2660 gra-

1474 2670 1536 2696 tiam
1555 2669 1605 2696 sibi
1625 2670 1743 2696 collatam
1765 2671 1807 2697 Vll
1828 2671 1860 2697 30
1882 2672 1914 2697 86
1927 2685 1963 2690 -
1975 2672 2037 2704 quia
2051 2678 2113 2703 prae

1473 2715 1566 2741 ceteris
1584 2721 1612 2740 se
1632 2715 1717 2746 ipsam
1746 2715 1908 2746 humiliavit,
1927 2716 2019 2742 ceteris
2038 2716 2114 2741 altius

1473 2759 1616 2785 Dominum
1646 2759 1826 2791 magnificavit
1844 2759 1879 2786 ib.
1899 2759 1931 2785 87
1951 2774 1986 2778 -
2006 2760 2113 2786 intentio

1473 2804 1565 2830 cantici
1584 2803 1679 2829 Mariae
1697 2806 1737 2829 est
1755 2804 1838 2830 Deum
1867 2805 1982 2836 perfecte
2006 2803 2112 2829 laudaro

1473 2848 1501 2874 31
1526 2848 1560 2873 87
1579 2862 1614 2866 -
1632 2848 1689 2873 eius
1708 2848 1839 2874 canticum
1866 2851 1905 2873 est
1932 2847 1965 2873 de
1993 2847 2113 2873 maximis

1472 2891 1606 2917 beneficiis
1625 2890 1687 2918 ibid.

1525 2949 1560 2953 -—
1579 2935 1636 2961 eius
1655 2936 1762 2961 affectus
1781 2935 1889 2961 exsultat
1902 2934 2015 2960 iucunde
2029 2934 2054 2959 in
2075 2934 2111 2960 di·

1472 2979 1534 3004 vina
1553 2980 1636 3004 salute
1656 2979 1698 3005 Vll
1718 2980 1747 3005 31
1773 2980 1805 3004 88
1824 2992 1860 2998 —-
1881 2978 2019 3004 Dominum
2034 2984 2112 3010 quae-

1472 3023 1532 3049 sivit
1551 3026 1576 3048 et
1603 3023 1717 3048 salutare
1744 3022 1833 3048 dilexit
1851 3021 1912 3048 ibid.
1931 3035 1966 3040 —
1990 3022 2110 3046 Animam

1472 3066 1528 3092 eius
1556 3066 1698 3092 Dominum
1728 3065 1923 3097 magnificavit,
1952 3068 1977 3090 et
2004 3064 2110 3096 spiritus

1471 3110 1529 3136 elus
1547 3110 1573 3135 in
1592 3109 1697 3135 salutari
1711 3109 1756 3134 Dei
1770 3108 1907 3134 exsultavit
1925 3107 1986 3134 ibid.
2005 3122 2040 3127 —
2053 3109 2110 3134 eius

1471 3154 1557 3180 anima
1577 3153 1724 3179 secundum
1737 3159 1815 3178 suum
1828 3159 1982 3184 supremum
2003 3152 2110 3178 interius

1471 3197 1616 3228 exsultavit,
1624 3196 1768 3223 secundum
1780 3196 2001 3228 comparationem
2012 3196 2046 3222 ad
2056 3203 2111 3222 cor-

1472 3248 1522 3274 pus
1540 3247 1606 3267 voce
1625 3239 1810 3272 magnificabat
1829 3239 1863 3266 ib.
1881 3240 1914 3265 89

1526 3299 1559 3304 -
1579 3284 1667 3311 laudat
1694 3284 1835 3310 Dominum
1861 3283 1886 3310 in
1911 3290 1991 3316 opere
2010 3284 2112 3310 redem-

1472 3328 1580 3361 ptionis,
1593 3328 1655 3361 quia
1669 3327 1890 3354 manifestativum
1904 3328 2110 3361 misericordiae,
