2476 3921
6 533 28 564 lta
43 539 138 563 humilia-

6 573 7 597 }
32 568 97 590 tione.

4 1027 5 1085 3

19 1123 51 1150 Ap
66 1121 137 1144 licatio

4 1155 53 1198 ἔξω
64 1149 81 1170 is
95 1148 138 1175 pri-

0 2140 1 2145 =
31 2129 134 2152 Secunda.

762 230 954 262 COMMENT.
981 229 1017 261 IN
1043 227 1279 261 EVANGELlUM
1304 229 1420 262 LUCAE
1445 229 1476 261 C.
1504 230 1534 261 11.
2094 232 2133 262 137

156 320 342 354 assumendo
373 319 531 361 discipuli
559 318 729 361 formatm
758 317 895 351 secundo
927 326 1020 355 vero,
1045 317 1113 349 eius

156 373 427 416 clarificationem
452 373 483 405 in
507 372 676 414 aperiendo
698 371 882 413 sapientiae
902 369 1114 412 praeroyatz'-

157 437 252 465 vam,
277 427 318 459 ibi
334 428 362 458 ¹:
389 425 570 468 Stupebant
592 429 703 457 autem
726 428 784 457 etc.

248 481 318 512 101.
344 479 444 520 (Vers.
462 479 539 519 46).
558 479 698 510 Formam
715 481 821 510 autem
838 476 996 518 discipuli
1010 479 1113 508 osten—

155 533 200 565 dit
224 533 415 565 Salvatorem
439 531 642 570 assumsisse,
667 539 738 563 cum
763 528 896 562 dicitur:
923 530 961 561 Et
983 528 1114 571 saetam

155 590 215 624 est,
238 589 312 628 post
335 585 486 617 triduam
519 584 714 616 invenerunt
744 592 816 615 eum
832 583 844 601 2
869 582 902 615 in
928 582 1042 624 tempto
1066 591 1114 614 se-

156 639 290 670 dentem.
310 637 415 670 Sessio
431 636 572 678 designat
588 636 725 678 quietem
744 639 775 668 et
791 635 1019 674 liumilitatem;
1037 635 1114 667 scie-

156 692 208 724 bat
232 690 333 729 enim,
358 690 442 732 quod
471 689 615 722 «melius
646 692 693 722 est
724 689 833 721 sedere
867 689 898 720 in
921 688 1036 730 angulo
1059 688 1114 720 do-

156 744 247 776 matis
271 752 365 786 quam
391 752 464 775 cum
488 742 620 775 muliere
645 741 776 784 litigiosa
800 745 831 774 et
863 742 894 774 in
918 741 1010 774 domo
1033 750 1115 774 com-

156 797 242 829 muni
260 809 295 835 n,
329 795 569 828 Proverbiorum
594 794 743 836 vigesimo
767 795 869 836 primo
879 795 901 826 ³.
929 795 1113 833 Sedentem,

157 851 299 892 inquam,
331 849 367 881 in
397 849 502 881 mettio
534 848 725 886 doetorum;
758 847 962 881 Ecclesiastici
993 848 1114 881 decimo

155 903 280 945 quinto:
302 902 367 934 «ln
391 901 493 934 medio
521 901 669 934 ecclesiae
693 900 818 942 aperuit
841 909 876 933 os
900 900 985 938 eius,
1002 904 1033 933 et
1057 901 1114 933 im-

155 956 250 998 plevit
273 965 345 988 eum
370 955 483 997 spiritu
505 954 675 996 sapientiae
696 957 727 987 et
749 954 967 987 intellectus».
993 954 1115 986 Sciebat

155 1010 236 1042 enim
261 1009 412 1050 scriptum
438 1017 521 1040 esse:
552 1021 568 1036 «
584 1007 641 1049 Qui
666 1007 704 1039 ad
728 1007 883 1049 sapientes
906 1006 1049 1048 graditur
1066 1016 1115 1039 sa-

155 1063 288 1105 pientior
312 1061 389 1101 erit,
413 1062 533 1093 amicus
568 1061 737 1093 stultorum
770 1060 924 1093 efficietur
956 1059 1113 1097 similis»,

155 1114 395 1147 proverbiorum
421 1113 543 1146 decimo
567 1113 668 1146 tertio.
686 1132 729 1136 —
746 1113 781 1145 Et
805 1113 836 1145 in
853 1113 913 1145 hoc
935 1113 1025 1145 docet
1041 1121 1113 1145 con-

156 1166 288 1199 sortium
313 1166 506 1199 studentium
531 1165 740 1208 diligendum‚
765 1175 825 1198 non
850 1166 888 1198 ad
913 1165 1112 1207 litigandum,

156 1219 209 1252 sed
232 1219 269 1251 ad
287 1219 525 1258 conserendum3
543 1222 672 1260 propter
688 1218 770 1261 quod
788 1218 949 1251 subditur:
969 1218 1113 1250 Audien-

156 1276 218 1305 tem
241 1271 314 1304 atos
337 1276 366 1304 et
382 1272 650 1314 interrogantem.
669 1272 730 1304 Hoc
747 1272 829 1304 enim
854 1275 901 1304 est
924 1271 1111 1304 exercitium

155 1324 359 1363 addiscentis,
385 1327 420 1356 ut
436 1323 543 1356 audiat
565 1327 597 1356 et
619 1324 792 1366 interroget
807 1324 845 1357 de
861 1324 982 1363 dubiis;
1010 1324 1111 1357 Eccle-

155 1377 268 1410 siastici
295 1377 454 1419 trigesimo
471 1377 608 1409 secundo
620 1378 651 1409 4:
674 1391 689 1405 «
706 1377 782 1410 Audi
802 1381 921 1416 tacens,
938 1382 968 1412 et.
987 1387 1042 1419 pro
1064 1386 1113 1410 re-

156 1430 296 1464 verentia
317 1430 436 1463 accedit
453 1430 507 1463 tibi
532 1430 633 1472 gratia
657 1431 738 1465 bona
754 1444 785 1470 »,
803 1431 878 1473 quia
900 1432 1014 1463 «auris
1031 1431 1112 1463 bona

155 1493 228 1516 cum
251 1483 334 1516 omni
359 1483 612 1525 concupiscentia
634 1484 740 1516 audiet
764 1484 947 1525 sapientiam
962 1498 992 1523 »,
1011 1484 1113 1517 Eccle-

155 1537 268 1570 siastici
294 1537 403 1576 tertio;
428 1541 458 1569 et
483 1537 551 1569 ideo
574 1537 690 1570 dicitur
715 1537 836 1570 loannis
859 1540 986 1570 octavo:
1021 1551 1036 1566 «
1053 1538 1112 1579 Qui

155 1599 196 1623 ex
220 1591 283 1623 Deo
307 1593 354 1623 est
370 1590 467 1623 verba
490 1590 544 1623 Dei
569 1590 700 1623 audit».
726 1590 805 1632 Quia
829 1600 891 1623 non
915 1591 1033 1623 suflicit
1056 1601 1112 1624 au-

155 1643 240 1682 dire,
258 1643 326 1676 ideo
342 1643 506 1676 subditur:
526 1644 565 1676 Et
587 1644 844 1686 ἱηίεννοραήῐωη
855 1655 867 1682 ;
884 1644 936 1676 lob
959 1648 1069 1676 octavo
1082 1645 1112 1676 ⁵:

160 1710 175 1726 «
192 1697 351 1739 Interroga
371 1697 603 1739 generationem
628 1697 807 1738 pristinam,
824 1701 855 1730 et
878 1697 1043 1739 diligenter
1067 1697 1113 1730 in-

155 1751 273 1793 vestiga
295 1754 421 1792 patrum
439 1750 620 1783 memoriam
637 1762 668 1789 1>;
693 1753 724 1782 et
752 1750 984 1783 Deuteronomii
1018 1750 1112 1792 trige—

154 1804 232 1837 simo
255 1803 408 1836 secundo:
431 1816 446 1832 «
460 1803 619 1845 interroga
642 1806 762 1845 patrem
781 1807 882 1841 tuum,
899 1807 930 1835 et
946 1803 1113 1836 annuntia-

154 1857 199 1889 bit
217 1857 270 1889 tibi
288 1870 303 1885 »
333 1860 401 1889 etc:
417 1857 631 1898 Interrogabat
654 1860 778 1895 autem,
803 1865 865 1889 non
883 1859 918 1888 ut
934 1856 1112 1895 doceretur,

155 1910 208 1943 scd
232 1910 330 1952 magis
353 1913 389 1942 ut
411 1910 546 1943 doceret.
568 1910 816 1951 Hieronymusss:
839 1922 854 1938 «
872 1909 1042 1942 Duodecim
1058 1919 1113 1942 an-

154 1973 211 1996 nos
241 1963 381 1996 Salvator
401 1964 602 2005 impleverat,
627 1967 658 1996 et
682 1963 712 1995 in
738 1963 853 2005 templo
877 1962 1054 1995 sacerdotes
1069 1963 1114 1995 in-

154 2021 331 2059 terrogans‚
348 2017 447 2059 magis
469 2017 576 2056 docet,
600 2017 676 2050 dum
702 2016 873 2059 prudenter
897 2016 1111 2059 interrogat».

247 2071 318 2102 102.
345 2070 376 2102 ln
401 2070 460 2103 hoc
483 2074 589 2103 autem
612 2069 836 2112 spiritualiter
859 2074 907 2103 est
930 2070 1113 2109 notandum,

154 2124 237 2166 quod
261 2123 405 2156 Christus
428 2123 518 2156 docet
541 2133 613 2162 nos,
630 2123 714 2165 quod
740 2126 812 2156 ante
827 2123 979 2156 debemus
994 2123 1116 2158 discere

153 2186 247 2219 quam
276 2176 406 2215 docere,
443 2176 617 2209 secundum
649 2176 725 2208 illud
757 2175 961 2209 Ecclesiastici
993 2175 1114 2208 decimo
1144 2167 1148 2346 1

153 2233 262 2263 octavo
276 2229 306 2261 ⁷:
324 2242 340 2258 «ι
358 2230 529 2271 Antequam
546 2229 703 2271 loquaris,
720 2229 805 2264 disce
821 2242 851 2260 ».
870 2229 905 2261 Et
922 2228 991 2262 ideo
1015 2228 1114 2262 voluit

153 2283 189 2316 in
211 2282 317 2315 meato
340 2282 512 2314 doctorum
537 2281 668 2314 inveniri
694 2285 724 2314 et
748 2281 783 2314 z'n
812 2281 944 2324 tempto,
976 2281 1052 2324 quia
1082 2281 1114 2314 in

154 2335 390 2377 scripturarum
415 2334 545 2367 lectione
561 2338 591 2367 et
607 2334 638 2367 in
654 2334 795 2374 oratione
812 2334 927 2367 veritas
944 2334 1113 2367 invenitur.
1145 2347 1148 2363 ι

225 2508 234 2523 ¹
257 2509 329 2534 Vers.
351 2508 393 2534 47.

224 2551 235 2567 ²
255 2553 367 2585 Vulgata
386 2551 475 2578 ittam.

225 2596 236 2612 ⁸
257 2598 330 2624 Vers.
351 2598 375 2623 9.
395 2611 430 2616 -
449 2597 507 2623 Duo
526 2604 600 2630 seqq.
619 2597 668 2623 toci
688 2600 748 2623 sunt
773 2598 850 2624 Eccli.
874 2599 916 2629 15,
937 2598 961 2624 5.
982 2601 1007 2624 et
1034 2599 1112 2624 Prov.

157 2643 203 2674 13,
223 2642 269 2668 20:
291 2641 344 2674 Qui
362 2649 424 2669 cnm
442 2640 606 2675 sapientibus
626 2641 752 2675 qraditw·
771 2642 878 2675 sapiens
897 2642 948 2669 erit
967 2647 1015 2669 etc.

225 2685 237 2700 ⁴
255 2686 331 2712 Vers.
352 2687 376 2711 9.
395 2699 430 2705 —
451 2686 601 2719 Sequuntur
619 2685 694 2711 Eccli.
714 2686 745 2718 3,
765 2686 807 2711 31.
827 2689 852 2712 et
872 2687 941 2713 ioan.
963 2687 994 2718 8,
1015 2687 1056 2714 47.
1078 2701 1112 2707 -—·

155 2731 281 2763 Superius
300 2734 360 2762 post
378 2729 543 2764 diligendum
565 2730 620 2755 Vat.
641 2729 714 2756 addit
731 2731 756 2756 et
773 2729 994 2757 auscultandum.

225 2773 236 2788 ⁶
256 2775 330 2801 Vers.
351 2775 380 2805 8,
401 2778 459 2807 post
477 2781 557 2808 quem
577 2774 652 2800 Deut.
672 2775 721 2805 32,
740 2774 766 2800 7.

226 2817 237 2833 ⁶
256 2819 335 2851 Epist.
356 2819 398 2845 53.
419 2818 493 2851 (alias
513 2818 584 2851 103.)
603 2826 629 2844 n.
649 2819 674 2844 3.
693 2818 719 2844 in
739 2819 797 2844 tlne.

225 2861 234 2877 ⁷
257 2864 330 2889 vers.
361 2863 400 2888 19.
425 2877 460 2882 -
479 2864 569 2889 Glossa
596 2862 739 2889 ordinaria
768 2863 925 2899 (secundum
950 2864 1061 2898 Bedum)
1086 2865 1113 2890 in

155 2909 216 2934 Luc.
237 2909 268 2939 2,
289 2907 339 2933 46:
358 2908 438 2941 Quasi
465 2909 522 2934 fons
551 2906 718 2942 [sapientiae]
743 2907 846 2934 medius
868 2908 1113 2941 doctorum-sedet,

154 2952 201 2978 sed
221 2952 295 2985 quasi
315 2952 447 2985 exemplar
466 2952 617 2978 humilitatis
635 2952 709 2984 prius
729 2952 872 2984 interrogat
890 2954 915 2978 et
932 2952 1019 2984 audit,
1032 2960 1113 2986 quam

155 2997 279 3029 instruat,
297 3003 330 3022 ne
349 2996 451 3028 parvuli
471 3003 486 3022 a
505 2995 652 3023 senioribus
680 2996 769 3023 doceri
797 2996 968 3029 erubescant,
991 3003 1025 3022 ne
1044 2997 1114 3023 infir-

156 3048 217 3066 mus
235 3041 330 3066 docere
349 3041 453 3067 audeat.
471 3039 524 3067 Csr.
542 3040 663 3073 Origen.,
682 3040 777 3067 Homil.
798 3041 839 3066 19.
857 3040 884 3066 in
903 3041 964 3067 Luc.

227 3083 237 3098 ⁸
257 3085 330 3111 Vera.
352 3085 393 3110 12.
413 3098 447 3103 -
467 3085 616 3118 Sequuntur
644 3086 721 3111 Prov.
753 3085 800 3116 ⁴4,
826 3085 849 3111 4.
868 3087 894 3111 et
913 3085 929 3111 1.
948 3085 1008 3111 Cor.
1027 3086 1057 3116 9,
1083 3087 1113 3117 9,

156 3136 235 3162 quem
255 3128 332 3154 etiam
352 3130 476 3161 Gregor.‚
495 3129 713 3155 XXXVsMoi-al.
731 3136 753 3155 c.
775 3130 816 3155 16.
837 3136 863 3154 n.
883 3129 925 3155 39.
944 3132 970 3155 et
988 3129 1004 3154 l.
1018 3129 1112 3155 Homil.

157 3172 183 3197 in
202 3173 293 3198 Ezech.
322 3172 411 3198 homil.
441 3172 464 3198 4.
493 3180 519 3198 n.
548 3172 579 3204 4,
605 3173 639 3198 de
657 3171 883 3204 praedicatoribus
901 3173 1015 3205 exponit.
1042 3173 1113 3199 idem

156 3217 252 3242 xxxi.
272 3217 358 3242 Moral.
378 3224 401 3242 c.
420 3217 446 3242 3.
464 3224 489 3242 n.
510 3218 536 3243 3.
554 3217 606 3243 uit:
626 3217 755 3251 Praesepe
769 3218 818 3243 hoc
832 3217 889 3243 loco
902 3217 959 3249 ipsa
978 3217 1113 3250 Scriptura

151 3266 229 3286 ‘sacra
248 3267 299 3286 non
319 3260 532 3287 inconvenienter
550 3254 690 3294 accipitur,
710 3261 734 3287 in
754 3268 807 3295 qua
835 3260 910 3288 verbi
938 3260 1037 3294 pabulo
1062 3262 1114 3288 aui-

157 3305 233 3330 malia
253 3308 340 3331 sancta
359 3305 510 3331 satiantur...
530 3305 596 3331 Hinc
613 3306 691 3332 etiam
705 3309 783 3332 nutus
795 3305 922 3332 Dominus
935 3312 950 3331 a
963 3305 1114 3338 pastoribus

157 3348 182 3373 in
202 3348 322 3381 praesepi
341 3349 469 3381 reperitur
487 3348 563 3383 [Luc.
583 3350 613 3382 2,
635 3348 703 3383 l6.],
721 3349 782 3383 quia
802 3349 859 3375 eius
878 3349 1019 3376 incarnatio
1038 3349 1064 3375 in
1082 3356 1113 3376 ea

157 3399 224 3425 quae
243 3400 291 3419 nos
310 3393 392 3419 reficit
410 3393 598 3426 Prophetarum
617 3393 745 3426 scriptura
765 3394 939 3426 cognoscitur.

1267 317 1352 349 Unde
1376 320 1463 355 nota,
1488 318 1571 359 quod
1596 318 1738 349 Christus·
1766 324 1911 350 inventus
1928 319 2020 350 estin
2038 329 2135 360 prae-
2152 324 2300 371 ffliiussmsstii'ss

1177 370 1285 412 sepio;
1309 379 1406 411 supra
1429 370 1536 403 eodem
1551 370 1581 402 ⁸:
1612 384 1627 398 «
1645 372 1705 404 tloc
1731 374 1818 406 vobis
1842 373 1965 413 signum
1983 385 2013 410 ”3
2040 373 2068 405 id
2090 367 2290 405 esttribuslficis-

1178 423 1208 454 in
1232 423 1343 454 stadio
1366 432 1486 455 sacrae
1510 424 1721 466 Serapem-m,
1747 425 1838 466 quia,
1864 426 2034 457 secundum
2053 427 2136 467 quod

1177 475 1292 507 dicitur
1318 475 1558 508 Proverbiorum
1583 476 1703 508 decimo
1727 481 1858 519 quarto,
1882 491 1895 505 «
1914 478 1966 510 ubi
1985 488 2045 510 non
2063 483 2137 511 sunt

1178 528 1290 567 boves,
1314 537 1463 570 praesepe
1488 538 1622 561 vacuum
1648 534 1694 561 est
1712 544 1740 561 n.
1770 531 1870 562 Boves
1887 535 1961 562 sunt
1978 532 2136 572 praedica-

1180 584 1280 620 tores;
1306 581 1425 623 primae
1449 582 1486 614 ad
1512 582 1689 614 Corinthios
1714 592 1809 614 nono:
1833 596 1847 610 «
1865 583 1928 618 Non
1946 584 2087 625 alligabis
2103 594 2137 616 os

1179 633 1249 666 bovi
1276 634 1463 666 trituranti»
1492 638 1549 666 etc.
1576 653 1616 657 —
1643 635 1788 667 inventus
1805 639 1852 667 est
1869 636 1898 668 in
1924 637 2038 673 amno,-
2063 638 2137 669 Mat-

1180 686 1261 718 thaei
1286 687 1423 719 secundo
1436 687 1465 718 ⁹:
1489 700 1503 714 «
1522 687 1674 719 intrantes
1690 687 1817 720 domum
1837 701 1866 726 »;
1886 689 1914 720 id
1932 694 1978 721 est
1995 689 2023 721 in
2041 700 2136 721 swa.-

1179 739 1260 771 tt'nz'o
1284 739 1498 772 eonscientiae
1521 740 1667 783 quietae,-
1691 741 1864 782 Sapientiae
1892 747 2023 774 octavo:
2058 757 2071 769 «
2091 744 2136 774 ln-

1179 795 1266 824 trans
1298 792 1425 824 domum
1458 802 1577 831 meam,
1610 793 1827 835 conquiescam
1864 804 1935 827 cum
1972 795 2067 827 illa».
2095 815 2135 819 —

1179 845 1326 878 Inventus
1349 849 1397 878 est
1431 846 1523 878 etiam
1561 846 1591 878 in
1617 847 1750 888 tempto,
1775 847 1856 880 sicut
1887 848 1954 886 hic,
1980 849 2009 880 id
2034 854 2080 881 cst
2106 850 2134 881 in

1178 898 1343 931 consortio
1359 903 1494 931 sanetae
1512 899 1691 938 Ecclesiae,
1708 901 1783 941 quia
1804 914 1819 928 «
1838 901 1987 933 Dominus
2012 903 2040 934 in
2060 906 2137 934 tcm-

1178 951 1230 993 plo
1253 955 1361 984 sancto
1384 961 1442 984 suo
1459 965 1489 991 »,
1515 956 1550 984 ut
1573 952 1688 985 dicitur
1706 953 1735 985 in
1755 954 1874 986 Psalmo
1890 955 1924 985 ¹⁰.
1944 973 1984 977 —
2003 955 2065 987 Non
2084 965 2136 987 au-
2154 958 2196 1005 {¹251
2212 957 2288 1005 efflui?

1178 1007 1240 1036 tem
1273 1005 1433 1037 invenitur
1464 1006 1495 1037 in
1527 1011 1736 1043 monumento
1760 1007 1930 1039 doetrinae
1960 1018 2137 1046 erroneae‚·
2177 991 2202 1005 Η
2288 1000 2292 1004 ’

1178 1058 1278 1089 Lucae
1302 1058 1429 1090 ultimo:
1455 1059 1601 1092 Mulieres
1622 1064 1807 1093 «venerunt
1830 1061 1867 1092 ad
1899 1067 2136 1094 monumentum

1177 1114 1208 1143 et
1232 1120 1293 1143 non
1326 1111 1516 1144 invenerunt
1547 1122 1664 1154 corpus
1697 1114 1764 1146 lesu
1781 1127 1811 1152 »;
1838 1124 1893 1147 nec
1923 1115 2015 1147 etiam
2041 1116 2070 1147 in
2098 1116 2137 1147 te-

1177 1164 1263 1196 ctulo
1286 1165 1502 1197 eovwoz‘etttt'ae
1526 1165 1705 1207 inquietam
1729 1167 1929 1199 Canticorum
1948 1169 2053 1200 tertio:
2077 1182 2091 1196 «
2107 1169 2135 1200 ln

1178 1217 1292 1249 lectulo
1315 1226 1385 1250 meo
1408 1218 1547 1259 quaesivi
1572 1228 1666 1261 quem
1691 1219 1791 1261 diligit
1807 1220 1910 1252 anima
1938 1230 2024 1259 mea,
2042 1231 2138 1263 quae-

1177 1270 1233 1303 sivi
1260 1270 1347 1303 illum
1372 1274 1403 1303 et
1426 1280 1487 1303 non
1512 1268 1613 1304 inveni
1633 1284 1662 1310 »3
1689 1281 1745 1304 nec
1768 1273 1926 1305 invenitur
1951 1273 1980 1305 in
2006 1283 2136 1305 eota-or-

1178 1323 1221 1355 tz'o
1244 1324 1330 1356 vitae
1353 1324 1562 1362 mundanam
1587 1325 1637 1356 lob
1661 1325 1810 1366 vigesimo
1833 1329 1959 1357 octavo:
1983 1339 1997 1353 «
2011 1326 2136 1367 Sapien-

1177 1377 1220 1409 tia
1243 1386 1334 1415 ver0,
1360 1376 1413 1409 ubi
1438 1376 1598 1409 invenitur
1614 1381 1649 1409 n?
1675 1381 1705 1409 et
1737 1382 1823 1419 post:
1853 1391 1867 1405 «
1886 1378 1950 1409 Non
1977 1379 2135 1410 invenitur

1179 1430 1208 1462 in
1234 1434 1320 1462 terra
1343 1427 1481 1462 suaviter
1506 1430 1678 1462 viventium
1697 1444 1726 1462 ».

1270 1483 1341 1515 103.
1367 1483 1467 1524 (Vers.
1493 1483 1570 1520 42).
1590 1483 1769 1525 Stupebant
1794 1489 1906 1516 aulem
1922 1489 1979 1517 etc.
1999 1485 2049 1517 Hic
2068 1489 2137 1527 post
2159 1487 2300 1534 ”effigssfiffi'

1178 1535 1424 1569 humiliationem
1451 1535 1612 1578 subiungit
1646 1536 1941 1577 clarificationem,
1963 1546 2034 1569 cum
2063 1538 2138 1570 dici-

1178 1592 1249 1621 tur:
1274 1588 1453 1630 Stupebant
1476 1593 1586 1621 autem
1611 1599 1741 1627 onmes,
1766 1589 1825 1632 (χαί
1847 1599 1921 1621 eam
1946 1589 2138 1628 audiebant,

1177 1652 1278 1685 sapei·
1309 1642 1493 1684 prudentia
1527 1647 1556 1674 et
1591 1643 1757 1685 responsis
1780 1643 1871 1681 et'as;
1901 1652 1959 1685 pro
1991 1653 2026 1676 eo
2055 1643 2139 1685 quod

1178 1695 1422 1737 prudentissime
1440 1695 1657 1737 respondebat,
1676 1705 1774 1737 supra
1789 1696 2046 1729 aestimationem.
2066 1696 2140 1729 Stu-
2159 1700 2302 1728 Quid-stupor-

1176 1757 1239 1790 por
1262 1752 1310 1780 est
1333 1748 1416 1780 enim
1442 1758 1482 1780 ex
1508 1748 1631 1781 insolita
1654 1752 1685 1782 et
1700 1758 1812 1791 magna
1837 1749 2068 1791 imaginatione;
2094 1750 2140 1782 in-

1177 1801 1225 1833 fra
1256 1801 1424 1843 quinto¹¹:
1463 1815 1478 1830 «
1503 1803 1618 1843 Stupor
1653 1803 1860 1844 apprehendit
1891 1812 2000 1836 omnes
2026 1816 2055 1841 »;
2090 1804 2140 1836 lob

1177 1853 1378 1886 duodecimo:
1409 1867 1423 1882 «
1441 1854 1571 1887 adducit
1595 1855 1789 1888 consiliarios
1821 1856 1851 1887 in
1888 1857 2020 1888 stultum
2047 1858 2139 1890 tinem

1177 1910 1208 1940 et
1230 1907 1349 1940 iudices
1373 1907 1404 1939 in
1429 1910 1638 1949 stuporem».
1666 1908 1700 1940 Et
1725 1908 1769 1941 sic
1802 1909 1964 1951 impletum
1990 1913 2037 1942 est
2061 1910 2138 1942 illud

1177 1959 1351 2003 Sapientiae
1375 1963 1501 1993 octavo:
1532 1973 1547 1988 κ
1564 1960 1687 1993 Habebo
1712 1950 1841 2003 plopter
1858 1962 1939 1994 banc
1963 1963 2136 1995 claritatem

1177 2014 1215 2047 ad
1239 2013 1349 2046 turbas
1372 2017 1403 2046 et
1427 2013 1579 2046 honorem
1602 2014 1686 2056 apud
1710 2014 1849 2047 seniores
1864 2014 2003 2053 iuvenis;
2025 2019 2138 2047 acutus

1177 2066 1318 2100 inveniar
1342 2067 1373 2099 in
1398 2066 1512 2099 iudicio
1536 2070 1567 2100 et
1591 2067 1621 2099 in
1646 2070 1815 2109 conspectu
1840 2068 2015 2110 potentium
2040 2068 2137 2100 admi-

1178 2121 1286 2153 rabilis
1309 2129 1380 2159 ero,
1406 2120 1499 2153 facies
1521 2120 1699 2163 principum
1728 2121 1930 2154 mirabuntur
1954 2131 2003 2154 me
2020 2136 2050 2153 ».
2076 2122 2137 2154 Hoc

1178 2174 1210 2207 in
1234 2173 1358 2207 Christo
1382 2173 1544 2216 impletum
1569 2177 1616 2207 est
1633 2183 1725 2207 nunc.
1743 2194 1785 2198 -
1803 2174 1901 2207 Huius
1916 2174 2031 2217 fiyara
2049 2184 2137 2217 prae-

1178 2227 1271 2260 cessit
1295 2227 1377 2260 tertii
1403 2228 1521 2269 Regum
1545 2226 1665 2260 decimo
1680 2227 1716 2266 ¹⁹,
1733 2227 1788 2260 ubi
1806 2227 1939 2266 dicitur,
1958 2228 2042 2270 quod
2063 2241 2078 2256 α
2091 2228 2136 2261 vi-

1178 2280 1255 2313 dens
1278 2280 1386 2322 regina
1409 2280 1489 2313 Saba
1512 2280 1694 2322 sapientiam
1720 2280 1906 2319 Salomonis,
1925 2290 1985 2313 non
2004 2281 2138 2315 habebat

1179 2334 1263 2367 ultra
1286 2333 1433 2376 spiritum
1452 2347 1481 2373 n,
1507 2336 1635 2376 propter
1659 2333 1785 2366 nimiam
1810 2333 2058 2366 admirationem.

2156 2177 2234 2208 Figura
2252 2178 2289 2199 hu-

2201 2211 2241 2226 ius.

1247 2507 1259 2523 ⁹
1279 2510 1352 2536 Vere.
1374 2510 1415 2535 11.
1435 2523 1470 2529 -
1489 2509 1608 2535 Subinde
1626 2510 1752 2541 allegatur
1773 2510 1834 2541 Sap.
1855 2510 1883 2541 8,
1909 2509 1945 2534 16.
1966 2523 2001 2528 -
2014 2510 2137 2541 Gregor..

1177 2553 1219 2580 Ν.
1238 2554 1325 2580 Moral.
1345 2560 1367 2579 c.
1387 2554 1430 2579 31.
1450 2561 1475 2579 n.
1496 2554 1544 2579 61:
1564 2553 1633 2586 Quid
1653 2557 1740 2579 autem
1760 2560 1808 2586 pei·
1825 2553 1918 2580 domos
1937 2553 1986 2578 nisi
2008 2553 2139 2579 conscien-

1178 2598 1228 2624 tiae
1247 2598 1440 2631 designantur?
1468 2598 1542 2624 Unde
1570 2602 1660 2624 sanato
1680 2598 1785 2624 cuidam
1805 2598 1900 2624 dicitur
1919 2597 2020 2632 [Matth.
2040 2598 2069 2629 9,
2091 2597 2138 2632 6];

1181 2641 1253 2668 Vade
1272 2641 1301 2668 in
1319 2641 1431 2668 domum
1450 2643 1544 2674 tuam,·
1564 2649 1595 2668 ac
1613 2642 1635 2668 si
1654 2647 1744 2675 aperte
1764 2643 1870 2668 audiat:
1891 2643 1950 2668 Post
1969 2642 2081 2668 exterius
2094 2643 2139 2667 mi-

1176 2687 1296 2713 raculum
1315 2687 1349 2712 ad
1368 2686 1553 2713 conscientiam
1583 2690 1729 2718 revertere,
1757 2690 1782 2712 ct
1810 2687 1914 2720 qualem
1940 2691 1964 2712 te
1983 2687 2139 2712 intrinsecus

1178 2732 1232 2758 Deo
1250 2731 1349 2758 debeas
1367 2731 1505 2764 exhibere,
1526 2732 1671 2764 perpende.

1250 2773 1272 2789 ¹⁰
1291 2775 1384 2801 Psalm.
1406 2775 1453 2806 10,
1467 2774 1492 2801 ὅ.
1505 2788 1541 2795 -
1555 2776 1706 2808 Sequuntur
1719 2776 1781 2801 Luc.
1795 2775 1843 2806 24,
1859 2776 1881 2800 -1.
1896 2779 1921 2801 et
1934 2776 1963 2806 33
1977 2775 2051 2802 Cant.
2066 2777 2080 2801 3
2090 2795 2096 2806 ,
2115 2776 2120 2800 l
2133 2786 2139 2806 ;

1178 2819 1223 2846 lob
1243 2820 1290 2851 28,
1312 2819 1355 2845 ⁴2.
1374 2823 1399 2845 et
1422 2820 1462 2845 13.
1481 2832 1518 2838 -
1536 2820 1660 2852 Origcn.,
1690 2820 1784 2845 Homil.
1805 2820 1845 2845 19.
1867 2820 1890 2845 in
1911 2821 1988 2846 Luc.:
2019 2819 2139 2846 nolentes

1179 2871 1243 2896 ergo
1259 2863 1430 2901 ⁸quaerebant
1457 2864 1549 2890 Filium
1570 2864 1624 2890 Dei.
1644 2865 1672 2890 Et
1690 2871 1751 2890 cum
1771 2868 1942 2897 quaererent,
1963 2871 2014 2890 non
2035 2865 2140 2890 invenc-

1178 2911 1240 2934 runt
1260 2908 1325 2934 inter
1344 2911 1471 2940 cognatos
1482 2918 1488 2939 ;
1508 2915 1594 2941 neque
1613 2908 1682 2934 enim
1703 2912 1804 2940 poterat
1824 2909 1938 2934 humana
1958 2909 2079 2940 cognatio
2094 2909 2139 2934 Dei

1178 2952 1272 2978 Filium
1291 2952 1453 2979 continere...
1479 2952 1531 2979 Ubi
1558 2953 1638 2985 igitur
1664 2953 1799 2979 inveniunt
1817 2954 1901 2978 eum?
1921 2954 1951 2979 ln
1971 2953 2077 2987 templo.
2104 2953 2139 2978 lbi

1179 2997 1248 3022 enim
1268 2997 1399 3022 invenitur
1417 2996 1496 3023 Filius
1514 2997 1568 3023 Dei.
1589 2997 1615 3023 Si
1634 2997 1742 3030 quando
1769 3000 1795 3022 et
1823 3001 1849 3023 tu
1878 2997 2022 3030 quaesieris
2047 2998 2138 3022 Filium

1181 3040 1240 3073 Dei,
1258 3047 1357 3073 quaere
1375 3040 1491 3072 primum
1511 3041 1538 3067 in
1557 3041 1669 3073 templo,
1687 3041 1748 3067 illuc
1773 3047 1900 3073 propera,
1930 3040 1964 3065 ibi
1992 3040 2139 3071 Christum,

1179 3091 1330 3111 sermonem
1349 3088 1428 3118 atque
1446 3085 1615 3117 sapientiam,
1639 3085 1663 3111 id
1683 3087 1722 3110 est
1740 3085 1832 3110 Filium
1852 3085 1912 3115 Dei,
1938 3085 2062 3116 reperies.
2087 3085 2140 3111 Csr.

1178 3129 1257 3154 etiam
1276 3128 1371 3154 Homil.
1392 3129 1432 3154 18.
1452 3132 1478 3154 et
1497 3129 1538 3154 20.

1250 3172 1270 3186 ¹¹
1292 3173 1367 3198 Vers.
1387 3173 1428 3198 26.
1444 3173 1500 3198 Vat.
1515 3173 1609 3205 allegat
1624 3173 1668 3198 ler.
1682 3173 1714 3204 5,
1728 3173 1761 3198 30
1774 3182 1779 3198 :
1798 3172 1901 3206 δωρον
1914 3174 1939 3199 et
1952 3172 2087 3199 mir-abilin
2101 3173 2140 3206 stt·

1178 3218 1220 3244 cta
1232 3216 1338 3243 suntin
1351 3217 1434 3243 terra.
1447 3229 1483 3235 —
1497 3217 1553 3243 Duo
1567 3224 1640 3250 seqq.
1655 3217 1703 3242 loci
1717 3221 1777 3242 sunt
1793 3216 1837 3242 lob
1852 3217 1883 3242 12
1893 3237 1899 3248 ,
1922 3216 1962 3242 17.
1984 3220 2010 3242 et
2029 3217 2089 3249 Sap.
2110 3219 2138 3247 ⁸,

1180 3261 1220 3286 10.
1240 3267 1296 3293 seq.
1314 3273 1350 3279 —
1368 3259 1420 3286 Cir.
1440 3260 1477 3286 111.
1497 3261 1566 3286 Sent.
1587 3260 1612 3286 d.
1633 3260 1675 3286 34.
1695 3268 1722 3293 p.
1741 3261 1767 3286 ΙΙ.
1787 3260 1851 3287 dub.
1872 3262 1902 3292 3,
1930 3260 1974 3286 ubi
1993 3261 2138 3287 secundum

1180 3306 1297 3332 Damase.
1318 3306 1355 3339 (11.
1375 3305 1410 3331 de
1427 3305 1491 3331 Fide
1509 3305 1612 3331 orthod.
1633 3312 1657 3331 c.
1679 3306 1730 3338 15.)
1751 3306 1859 3332 dicitur:
1880 3305 1982 3339 Stupet·
2001 3310 2040 3331 cst
2062 3305 2139 3331 timor

1178 3357 1208 3376 ex
1226 3350 1357 3376 inassueta
1376 3349 1570 3382 imaginatione.

1249 3392 1271 3408 ¹²
1292 3395 1366 3420 Vers.
1387 3393 1410 3420 t.
1430 3397 1456 3420 et
1473 3395 1497 3420 5.
