2427 3872
411 227 477 254 BON

179 286 215 291 —
233 273 273 297 est
290 271 544 298 communicativum
565 271 608 298 Vll
622 271 675 297 287
688 270 722 297 34
736 285 771 289 -

130 318 170 343 051
187 315 342 342 dimisivum
361 315 402 342 sui
423 315 454 341 Vl
475 315 527 341 184
546 323 574 341 ν.
595 316 604 341 1

179 374 214 380 --
226 362 266 386 est
279 359 397 392 primum
409 358 550 394 appetibile
565 360 597 386 Vl
614 360 629 386 3
649 360 658 385 1
676 361 714 379 —⁸
726 366 772 392 ge—

126 407 201 431 nerat
209 411 327 430 amorem
338 404 395 430 sive
405 404 551 437 appetitum
561 403 626 431 ibid.
634 418 670 424 -
677 403 771 430 Omnia

126 448 227 475 bonum
245 451 370 481 exoptant
387 448 404 474 7
423 456 450 482 q.
470 450 485 475 2
505 456 563 481 arg.
583 449 608 475 3.
634 449 686 475 112
709 456 736 475 v.
755 448 771 475 4

125 508 161 512 —
179 493 272 525 Omne,
291 494 365 527 quod
384 496 433 525 est,
452 493 486 520 ad
500 493 602 520 bonum
615 493 698 520 tendit
718 493 770 520 117

126 545 152 564 v.
172 538 204 564 13
230 553 266 557 -
290 540 317 564 01
343 538 402 564 11315
431 538 501 564 idem
530 538 575 564 Vll
605 537 651 564 461
683 538 717 564 37
735 551 771 557 -

126 582 233 609 Bonitas
260 582 286 608 in
318 582 400 609 rebus
432 582 567 615 diligenda
598 585 639 608 est
670 582 703 609 Vl
736 582 765 608 31

125 634 152 654 v.
181 627 196 652 8
224 641 260 645 -
287 634 423 653 5013130111
452 627 539 653 301105
567 629 654 660 potest
682 627 771 653 odisse

126 671 178 698 456
198 672 213 697 8
232 686 266 690 -
287 671 406 704 diligitur
432 678 481 703 per
500 671 634 697 caritatem
654 671 696 697 Vll
718 670 769 697 410

125 717 159 743 22
177 731 213 735 —-
231 716 334 742 minora
354 722 403 753 pro
422 715 568 742 maioribus
587 715 769 748 postponenda

124 763 185 787 sunt
210 761 262 793 250
283 761 334 786 108
357 775 393 779 -
412 761 488 793 plura
515 760 689 798 paucioribus
707 763 770 786 sunt

123 805 210 838 magis
229 805 348 837 eligenda
370 805 401 831 Vl
421 805 456 830 89
475 812 502 831 v,
521 805 537 830 6
556 819 592 824 —
611 805 676 831 lllud
695 811 770 837 prae-

125 850 264 876 ferendum
283 852 323 876 est
340 849 382 875 alii
401 849 502 876 ratione
521 849 575 881 sui,
595 849 668 883 quod
687 849 721 875 de
740 855 770 875 se

125 894 188 921 dicit
206 895 266 927 plus
284 894 318 921 de
337 893 407 920 bono
427 894 461 921 56
481 902 508 928 q.
528 894 538 920 1

176 953 212 959 -
230 939 328 966 Omnes
347 941 483 965 creaturae
509 938 619 965 tendunt
639 939 671 965 ad
699 945 770 964 sum-

124 992 197 1011 mum
218 984 317 1011 bonum
337 991 385 1010 suo
404 984 485 1010 modo
506 984 538 1010 Vl
558 984 573 1008 6
593 990 619 1017 q.
640 984 655 1009 2
675 990 733 1016 arg.
752 983 767 1009 3

124 1073 286 1099 tendendum
306 1073 383 1099 oculo
401 1071 514 1104 simplici
534 1073 578 1098 Vll
598 1072 645 1097 301
678 1072 713 1098 73
732 1085 768 1091 -

124 1117 201 1144 Solus
213 1120 301 1143 rectus
313 1120 353 1143 est
365 1116 411 1150 qui
425 1116 508 1142 tendit
520 1116 552 1142 ad
567 1123 704 1143 summum
718 1116 766 1143 bo-

123 1169 186 1188 num
206 1160 267 1188 ibid.
287 1175 323 1180 —
341 1161 446 1187 Bonitas
465 1167 514 1193 per
538 1161 678 1187 essentiam
708 1161 768 1188 facit

123 1205 215 1232 beatos
232 1208 259 1232 et
276 1205 361 1232 bonos
380 1205 427 1231 461
453 1205 486 1231 37
505 1220 541 1225 -
560 1213 608 1239 per
626 1206 766 1232 essentiam

123 1253 162 1277 est
189 1250 372 1284 quaerendum
401 1250 469 1276 sicut
497 1250 557 1276 finis
588 1251 676 1277 omnis
704 1250 767 1277 boni

122 1294 184 1322 ibid.
197 1309 233 1314 —
245 1295 322 1321 113310
341 1295 366 1321 in
385 1295 442 1321 solo
462 1295 516 1321 Deo
536 1298 575 1322 est
593 1294 656 1322 ibid.
673 1310 708 1315 —
721 1296 768 1322 Bo-

122 1347 186 1367 num
205 1347 285 1366 omne
308 1340 426 1367 ordinari
445 1340 525 1367 debet
544 1347 558 1366 a
579 1340 649 1366 bono
669 1347 717 1373 per
730 1348 768 1367 es-

121 1385 231 1412 sentiam
242 1388 268 1411 et
286 1385 433 1411 secundum
453 1385 517 1411 illud
536 1388 562 1412 et
574 1386 608 1412 ad
622 1386 694 1417 illud,
708 1386 768 1412 alio-

122 1430 187 1464 quin
206 1429 302 1456 desinit
322 1437 379 1456 esse
404 1429 506 1456 bonum
524 1429 586 1457 ibid.
606 1444 641 1450 —-
660 1437 708 1463 per
726 1437 768 1456 es-

121 1475 233 1502 sentiam
252 1475 338 1501 solum
358 1477 397 1501 est
424 1474 631 1501 desiderandum
651 1473 713 1501 ibid.
732 1490 767 1493 —

121 1520 143 1546 A
162 1526 268 1546 summo
287 1518 360 1545 bono
379 1519 470 1551 incipit
488 1519 608 1545 doctrina
622 1526 729 1545 morum
741 1522 767 1545 et

120 1564 200 1592 totius
219 1563 402 1596 philosophiae
421 1563 527 1589 moralis
548 1563 599 1589 462
620 1563 654 1589 37
667 1578 703 1583 -
716 1563 765 1597 Qui

121 1610 192 1634 amat
204 1607 305 1634 bonum
320 1607 509 1634 commutabile
522 1615 604 1640 supra
618 1608 767 1634 incommu-

121 1652 199 1688 tabile
217 1652 301 1685 diligit
319 1652 483 1685 iniquitatem
505 1651 556 1678 445
576 1652 610 1678 56

174 1711 210 1717 -
234 1704 329 1723 verum
354 1697 450 1723 dicitur
474 1697 537 1723 illud
561 1696 634 1730 quod
659 1704 766 1730 semper

121 1745 210 1768 manet
229 1742 271 1771 Vll
292 1741 344 1768 409
365 1742 397 1767 19
417 1756 453 1761 -
471 1748 566 1767 verum
586 1743 625 1767 est
643 1741 690 1767 Dei
709 1749 767 1774 gra-

122 1787 156 1813 tia
176 1789 201 1813 et
220 1786 318 1819 gloria,
337 1787 380 1813 vel
408 1787 497 1819 potius
521 1786 579 1818 ipse
607 1786 678 1812 Deus
703 1785 766 1813 ibid.

120 1846 156 1851 —
175 1831 330 1865 temporalia
349 1831 439 1858 omnia
459 1837 527 1857 vana
546 1834 607 1857 sunt
626 1830 687 1858 ibid.

174 1891 210 1895 -
235 1877 344 1903 honesta
369 1878 430 1902 sunt
458 1875 528 1901 bona
553 1875 707 1908 simpliciter
732 1875 766 1902 Vl

121 1921 173 1947 209
192 1928 219 1947 ν.
245 1921 277 1947 19
304 1935 339 1940 -
364 1920 433 1947 utilia
460 1923 485 1945 et
512 1919 677 1946 delectabilia
705 1923 766 1946 5031

122 1964 192 1992 bona
217 1966 365 1992 secundum
394 1964 459 1998 quid
488 1963 552 1991 ibid.
569 1979 604 1983 —
624 1965 764 1991 honestum

120 2010 289 2042 cognoscitur
307 2017 322 2036 a
341 2009 403 2036 solis
421 2008 592 2035 rationalibus
611 2007 674 2035 ibid.

175 2069 208 2073 —-
229 2055 354 2081 Summae
373 2053 481 2079 bonitati
509 2056 641 2086 repugnat
664 2054 765 2086 peccati

122 2099 247 2133 iniquitas
274 2099 318 2125 Vll
342 2098 394 2124 390
419 2097 453 2123 24
477 2113 514 2117 -
534 2098 643 2124 Summe
663 2098 764 2125 bonum

120 2150 173 2170 non
193 2145 279 2176 potest
306 2143 391 2168 facere
416 2143 515 2169 malum
541 2143 574 2169 Vl
600 2143 651 2169 368
676 2142 710 2169 70
729 2157 765 2162 -

120 2188 243 2214 Divinam
263 2187 406 2213 bonitatem
427 2187 586 2220 impugnant
598 2187 681 2214 verba
695 2187 765 2213 blan-

119 2232 217 2259 dientia
236 2235 262 2258 et
280 2231 443 2258 detrahentia
462 2232 506 2258 Vll
527 2231 573 2258 421
598 2232 628 2258 51

173 2291 209 2295 -
227 2282 362 2302 5013131113
391 2279 430 2302 051
458 2283 560 2303 merces
588 2279 694 2302 aeterna
719 2277 763 2302 Vll

121 2320 172 2347 370
192 2320 225 2347 36
239 2334 273 2339 -—
287 2319 380 2346 Omnis
393 2319 455 2347 boni
474 2321 667 2347 consummatio
686 2321 764 2347 estin

120 2365 222 2392 visione
235 2365 280 2391 Dei
295 2365 346 2391 356
365 2365 399 2391 72
413 2380 448 2383 -
461 2366 594 2392 Bonorum
608 2365 762 2392 sufficientia

119 2413 159 2437 est
171 2410 195 2436 in
208 2410 280 2436 caelo
292 2409 342 2436 464
354 2409 387 2435 44
401 2424 435 2428 —-
448 2410 549 2436 nullum
563 2410 650 2441 deest,
665 2410 711 2436 ubi
725 2412 764 2436 est

120 2454 249 2481 Dominus
267 2454 301 2480 Vl
321 2453 372 2480 442
392 2454 425 2480 32
444 2468 480 2473 -
499 2461 578 2481 omne
596 2454 707 2481 habetur
720 2454 764 2480 ad-

121 2499 254 2525 haerendo
273 2499 328 2524 Deo
347 2498 391 2524 Vll
411 2498 462 2524 274
481 2499 516 2525 72
535 2513 570 2519 -
590 2500 662 2525 Bona
681 2499 762 2525 caele-

119 2543 167 2570 stia
187 2546 371 2576 proponuntur
398 2550 452 2569 non
479 2543 611 2576 cogendo,
630 2543 677 2570 sed
701 2542 763 2569 invi-

120 2588 200 2614 tando
220 2588 271 2614 228
290 2588 324 2614 37

173 2646 209 2652 -
218 2632 306 2658 013313
316 2632 469 2658 amittuntur
478 2639 492 2658 a
507 2631 691 2665 peccatoribus
703 2639 764 2665 poe-

120 2683 154 2702 33
172 2677 262 2703 damni
283 2676 314 2703 Vl
343 2676 395 2703 217
414 2684 440 2703 v.
460 2677 494 2703 29
513 2691 549 2696 -
567 2677 588 2703 Α
608 2676 679 2703 11030
698 2683 763 2703 vero

120 2721 247 2748 recedens
265 2721 294 2747 flt
321 2728 406 2748 vanus
425 2722 459 2747 20
479 2728 504 2747 v.
532 2722 541 2747 1
564 2736 600 2741 -
619 2721 719 2754 gratiae
730 2725 763 2749 ‚et

120 2768 229 2792 naturae
246 2765 408 2799 dissipantur
426 2773 474 2798 per
492 2768 599 2798 peccata
618 2766 763 2799 spiritualia

121 2810 165 2836 Vll
184 2810 230 2836 391
256 2810 289 2836 25
308 2824 344 2830 -
362 2813 470 2836 3310130
497 2817 550 2837 303
569 2811 677 2837 omnino
696 2811 763 2837 dele-

120 2857 163 2880 tur
181 2861 229 2887 per
248 2854 341 2880 vitium
361 2857 387 2880 et
414 2857 500 2887 potest
528 2855 639 2881 excitare
662 2855 762 2881 iustum

120 2898 154 2924 ad
174 2897 274 2924 bonum
295 2898 346 2924 407
366 2899 399 2924 12

176 2956 208 2961 -
235 2942 415 2975 Acquisitione
441 2942 505 2969 boni
537 2944 645 2976 perfecti
674 2943 763 2976 imago

120 2986 224 3012 animae
248 2988 287 3012 est
313 2987 479 3012 reformanda
507 2987 541 3013 Vl
567 2987 618 3013 107
647 2988 704 3013 v.1l
731 3002 764 3006 -

119 3030 214 3056 Forma
233 3030 341 3062 perfecti
366 3029 428 3056 boni
452 3030 569 3057 consistit
588 3031 616 3057 in
634 3032 763 3064 sapientia

121 3073 183 3101 ibid.
201 3088 237 3094 —
255 3075 364 3100 Maxima
388 3074 434 3100 Dei
459 3074 530 3101 dona
554 3078 615 3101 sunt
642 3076 763 3109 felicitas,

119 3118 215 3145 caritas
234 3121 259 3145 et
277 3118 373 3145 iustitia
400 3118 444 3145 Vll
465 3118 517 3145 409
537 3119 570 3145 18
589 3114 625 3139 -’
649 3120 763 3153 Accepta

120 3165 182 3189 sunt
200 3162 269 3189 bona
288 3166 410 3197 naturae,
429 3163 577 3196 acceptiora
605 3163 676 3190 bona
705 3172 762 3197 gra-

121 3206 187 3240 tiae,
214 3207 395 3240 acceptissima
423 3207 495 3234 bona
521 3207 622 3241 gion-iae
648 3208 680 3234 Vl
711 3209 763 3235 130

121 3257 150 3277 ν.
168 3250 201 3277 14
220 3264 256 3271 -
273 3252 340 3278 Τ331
355 3251 430 3278 -bona
454 3253 573 3279 fortunae
591 3259 671 3286 quam
691 3254 764 3279 natu-

121 3301 167 3322 rae
193 3302 274 3329 quam
303 3296 382 3323 etiam
411 3296 510 3329 gratiae
538 3299 599 3323 sunt
622 3297 693 3323 dona
717 3297 763 3323 Dei

123 3338 157 3365 49
176 3347 204 3373 q.
226 3339 241 3366 4

806 182 843 215 ΙΝ
866 181 1160 216 COMMENTARIOS
1184 183 1213 216 S.
1239 183 1465 217 SCRIPTURAE

863 284 899 290 —
917 270 1061 303 spiritualia
1090 271 1289 303 multiplicanda
1314 275 1375 298 sunt
1394 272 1458 299 libe-

809 314 858 341 rali
876 314 1062 341 distributione
1081 315 1125 341 Vll
1145 315 1196 341 477
1217 316 1250 342 15
1263 331 1299 336 -
1310 317 1392 343 Fideli
1407 325 1455 343 usu

810 361 836 385 et
845 359 1043 391 dispensatione
1055 359 1187 386 bonorum
1197 360 1373 393 spiritualium
1387 362 1456 388 com·

810 403 953 429 missorum
974 404 1121 437 acquiritur
1145 411 1258 437 regnum
1284 405 1330 431 Dei
1350 405 1401 431 478
1422 406 1454 431 17

808 461 844 467 -
863 448 1052 474 manifestanda
1072 449 1107 475 ad
1120 449 1330 476 aedificationem
1343 450 1453 476 aliorum

809 492 843 518 69
865 492 916 518 110
935 506 972 512 -
990 500 1043 519 non
1063 496 1124 520 sunt
1136 494 1284 526 reticenda,
1297 495 1344 520 sed
1357 501 1455 521 annun-

808 536 898 563 tianda
917 537 970 563 205
990 538 1023 563 60
1044 552 1079 556 ——
1097 538 1241 570 spiritualia
1261 546 1314 565 non
1332 542 1394 565 sunt
1410 539 1454 565 ab·

808 581 963 608 scondenda
984 581 1036 607 477
1057 582 1090 607 15
1109 596 1145 601 -
1163 583 1291 609 exteriora
1304 586 1365 609 sunt
1377 583 1454 616 quasi

807 625 918 658 quidam
949 626 1016 652 rami
1046 626 1079 652 Vl
1101 627 1151 652 133
1172 635 1197 652 v.
1219 627 1234 652 4
1262 641 1298 646 -
1325 628 1454 654 Dominus

807 676 859 695 non
878 671 1049 702 reprehendit
1068 670 1211 697 bonitatem
1237 675 1408 704 apparentem
1428 676 1454 698 et

807 714 973 746 evidentem,
1002 715 1049 741 sed
1077 716 1248 748 sophisticam
1277 719 1303 742 et
1331 724 1381 742 non
1401 717 1453 743 exi-

809 761 922 785 stentem
952 759 994 785 Vll
1015 760 1066 785 306
1088 760 1120 786 88
1140 775 1175 778 -
1194 760 1279 786 Homo
1302 768 1354 787 non
1374 760 1453 787 debet

807 810 864 829 esse
884 810 985 836 pronus
1004 804 1113 830 credere
1132 804 1166 831 de
1179 812 1208 831 se
1221 804 1290 831 bona
1304 805 1337 831 Vl
1352 805 1404 831 267
1418 805 1450 831 94

859 861 896 867 -
918 848 990 874 Licet
1017 849 1088 875 Deus
1116 856 1212 881 magna
1240 856 1292 875 non
1316 850 1451 881 ostendat,

806 895 895 918 tamen
914 899 1011 925 magna
1040 897 1157 919 reservat
1186 894 1259 919 iustis
1283 894 1326 920 Vll
1347 893 1397 920 402
1417 894 1445 919 51

805 949 841 955 -
860 937 948 962 omnia
976 940 1038 963 sunt
1066 937 1208 971 iustorum,
1234 939 1277 964 vel
1303 939 1327 964 in
1346 945 1389 970 re,
1409 940 1450 965 vel

806 981 832 1006 in
850 988 899 1013 spe
917 980 980 1007 ibid.
999 995 1034 1001 —
1053 982 1142 1008 omnia
1166 989 1213 1015 per
1238 983 1352 1009 caritatis
1372 983 1451 1009 bene-

805 1025 948 1052 volentiam
967 1029 1028 1052 sunt
1048 1027 1176 1053 iustorum
1196 1027 1242 1053 401
1267 1028 1297 1054 51
1322 1043 1355 1047 -
1374 1035 1450 1060 supe·

804 1070 873 1096 11013
893 1074 955 1097 sunt
973 1071 1024 1097 viri
1043 1071 1104 1098 iusti
1123 1072 1157 1098 ad
1177 1073 1333 1106 fruendum,
1356 1080 1450 1106 aequa-

805 1114 838 1140 lia
848 1115 882 1141 ad
896 1115 1120 1148 coadiuvandum,
1134 1117 1256 1143 inferiora
1269 1117 1303 1143 ad
1322 1118 1449 1144 utendum

805 1155 1042 1186 et'dominandum
1064 1161 1115 1187 402
1135 1162 1163 1188 51

858 1219 894 1224 -
913 1211 998 1238 aeque
1017 1206 1144 1232 eveniunt
1172 1206 1239 1233 iusto
1264 1209 1290 1233 et
1318 1208 1449 1240 peccatori

806 1249 839 1275 Vl
858 1248 888 1275 71
913 1257 939 1276 v.
961 1251 976 1276 2
995 1265 1031 1269 -
1050 1251 1179 1277 Dominus
1198 1254 1235 1278 tot
1253 1255 1279 1277 et
1298 1255 1367 1278 tanta
1381 1252 1449 1278 bona

806 1294 866 1320 facit
885 1295 961 1321 malis
979 1295 1048 1322 sicut
1066 1295 1143 1322 bonis
1162 1296 1196 1322 73
1216 1304 1242 1330 q.
1264 1298 1278 1323 2
1299 1296 1328 1322 3·
1347 1312 1383 1315 —
1402 1298 1450 1323 Do-

806 1339 893 1365 minus
913 1338 982 1365 bona
1003 1340 1062 1366 facit
1081 1344 1190 1373 propter
1209 1340 1295 1367 bonos
1314 1341 1348 1366 58
1368 1349 1395 1367 ν.
1420 1342 1449 1368 15

804 1397 840 1403 -
860 1384 886 1409 13
906 1384 1037 1416 praesenti
1057 1385 1109 1411 vita
1139 1386 1207 1411 mala
1236 1385 1312 1411 bonis
1335 1389 1361 1412 et
1380 1385 1448 1412 bona

806 1428 881 1454 malis
908 1429 1063 1461 contingunt
1092 1430 1124 1455 36
1145 1437 1171 1463 q.
1198 1432 1213 1455 2
1243 1431 1260 1456 f.
1280 1430 1295 1456 4
1314 1445 1350 1449 -—-
1369 1431 1450 1456 Bonis

805 1473 872 1498 mala
891 1473 1039 1500 succedunt
1057 1477 1082 1500 et
1096 1475 1171 1500 malis
1185 1474 1253 1500 bona
1273 1475 1306 1500 09
1321 1482 1347 1500 v.
1367 1474 1401 1500 14
1414 1489 1450 1493 ——

805 1517 881 1543 Peius
900 1520 939 1544 est
951 1518 1027 1544 malis
1040 1519 1148 1545 evenire
1161 1518 1231 1545 bona
1244 1523 1270 1545 et
1283 1518 1359 1545 bonis
1372 1519 1448 1551 31313,

804 1569 886 1595 quam
915 1562 981 1594 ipsis
1008 1563 1101 1589 eadem
1130 1563 1237 1589 evenire
1264 1563 1299 1589 73
1325 1571 1351 1597 q.
1378 1564 1393 1589 3
1413 1578 1448 1582 --

805 1607 876 1633 Malis
895 1606 965 1633 bona
986 1608 1128 1639 provenire
1140 1602 1246 1633 videtur
1260 1607 1398 1640 indignum
1412 1608 1446 1633 69

804 1658 829 1676 v.
851 1651 885 1677 ’14
905 1666 938 1670 -
957 1651 1022 1677 Boni
1041 1658 1056 1676 a
1085 1651 1159 1677 malis
1187 1656 1294 1684 possent
1319 1651 1447 1683 discerni,

804 1696 827 1721 si
845 1695 921 1721 bonis
939 1696 1075 1722 evenirent
1095 1696 1161 1722 mala
1181 1699 1207 1722 et
1230 1696 1305 1722 malis
1325 1695 1393 1722 bona
1412 1697 1446 1722 73

804 1748 831 1773 q.
852 1741 866 1766 3

856 1798 892 1803 —
912 1784 1083 1811 memoranda
1104 1787 1223 1817 tempore
1242 1786 1312 1811 malo
1331 1785 1375 1811 Vll
1395 1785 1447 1812 554

804 1828 846 1855 47.
867 1829 919 1854 590
940 1829 967 1854 11
992 1843 1028 1848 -
1046 1830 1074 1855 13
1093 1829 1189 1856 diebus
1214 1829 1291 1856 bonis
1309 1830 1448 1856 recordan-

803 1873 867 1900 dum
888 1876 927 1900 est
945 1875 1088 1907 malorum,
1108 1877 1134 1900 et
1153 1874 1178 1900 in
1197 1874 1293 1901 diebus
1311 1875 1388 1901 1113115
1400 1874 1448 1901 110-

803 1925 899 1944 norum
921 1918 951 1944 Vi
979 1919 1007 1944 91
1038 1926 1064 1944 v.
1086 1919 1101 1944 8
1119 1934 1154 1938 —
1174 1919 1225 1952 Qui
1243 1926 1350 1952 semper
1369 1919 1448 1945 habet

804 1961 873 1989 bona
898 1963 1036 1995 cognoscit
1063 1963 1213 1990 distantiam
1240 1964 1306 1990 inter
1334 1963 1404 1990 bona
1423 1967 1449 1990 et

804 2008 872 2033 mala
900 2008 1013 2040 simplici
1042 2008 1130 2037 notitia
1160 2008 1193 2034 52
1222 2016 1248 2042 q.
1275 2009 1290 2034 3
1321 2008 1350 2034 2’
1368 2023 1404 2028 -
1423 2011 1448 2034 01

803 2053 902 2079 1331013
922 2059 977 2078 303
1003 2053 1161 2079 discernitur
1185 2060 1200 2078 3
1224 2053 1354 2080 damnatis
1373 2053 1407 2079 75
1432 2060 1447 2079 3

802 2111 838 2116 ——-
858 2097 978 2123 Damnati
997 2097 1171 2124 recordantur
1190 2097 1322 2123 bonorum
1341 2105 1394 2124 non
1413 2098 1445 2124 ad

803 2142 935 2174 solatium,
953 2142 1001 2168 sed
1020 2142 1054 2168 ad
1068 2145 1228 2168 tormentum
1248 2143 1292 2168 Vll
1313 2142 1364 2168 422
1377 2142 1411 2168 54

855 2201 891 2205 --
910 2189 950 2212 051
969 2187 1114 2219 temporale
1133 2190 1158 2213 et
1185 2190 1322 2213 aeternum
1343 2188 1374 2213 Vl
1395 2188 1410 2213 3
1432 2187 1441 2212 1

802 2244 837 2250 -
856 2231 1036 2264 appetendum
1056 2234 1101 2257 aut
1119 2234 1158 2257 est
1177 2232 1331 2264 temporale,
1346 2234 1391 2257 aut
1404 2238 1447 2257 30-

802 2278 906 2301 ternum
936 2273 1051 2302 th'279
1072 2276 1087 2301 8
1106 2291 1142 2294 —
1161 2277 1307 2309 temporale
1335 2278 1374 2301 est
1392 2282 1447 2302 cor-

803 2320 892 2353 porale
910 2320 951 2346 vel
970 2320 1104 2353 spirituale
1117 2319 1178 2347 ibid.
1192 2335 1227 2340 -
1240 2320 1372 2354 quaedam
1386 2323 1447 2346 sunt

801 2365 952 2397 superiora,
983 2365 1116 2398 quaedam
1147 2365 1283 2397 inferiora,
1312 2364 1444 2398 quaedam

801 2409 874 2441 paria
890 2409 941 2435 402
955 2409 983 2435 51
1002 2423 1038 2428 -
1050 2410 1120 2435 Βο113
1137 2410 1289 2442 temporalia
1302 2412 1364 2435 sunt
1376 2408 1445 2435 bona

801 2453 905 2484 infima,
923 2454 1049 2480 naturalia
1070 2454 1172 2485 media,
1198 2454 1310 2486 gratuita
1340 2460 1445 2479 summa

801 2498 835 2523 Vl
856 2498 905 2523 166
926 2505 952 2523 v.
966 2498 999 2523 20
1020 2511 1054 2516 -
1073 2496 1260 2523 commutabile
1273 2500 1312 2523 est
1326 2497 1443 2528 interius,

800 2542 913 2568 exterius
931 2546 957 2568 et
976 2542 1082 2568 inferius
1101 2542 1144 2568 Vll
1164 2542 1198 2567 90
1217 2542 1243 2567 8.
1265 2541 1314 2567 194
1334 2542 1367 2567 20

853 2600 889 2606 -
909 2589 1027 2612 30511031
1047 2589 1093 2619 051,
1114 2585 1148 2612 ad
1167 2585 1241 2619 quod
1255 2592 1352 2611 sumus
1365 2584 1443 2611 creati

800 2633 826 2656 et
845 2630 1021 2663 praeordinati
1040 2632 1066 2656 et
1089 2630 1162 2664 quod
1182 2637 1233 2656 non
1260 2632 1346 2662 potest
1369 2629 1444 2662 perdi

803 2675 845 2701 Vll
867 2675 917 2701 410
945 2676 979 2707 20
1005 2689 1040 2694 -
1059 2678 1178 2701 nostrum
1207 2677 1246 2701 est
1273 2674 1392 2701 Christus
1420 2677 1445 2700 et

800 2726 913 2752 regnum
933 2720 990 2746 eius
1010 2719 1071 2746 ibid.
1091 2734 1126 2739 —
1145 2719 1258 2752 Quidam
1278 2720 1445 2746 retrahuntur

801 2771 815 2790 a
829 2763 932 2790 Christo
945 2767 1052 2797 propter
1066 2764 1222 2790 memoriam
1237 2763 1368 2790 bonorum
1383 2767 1445 2789 tem-

801 2809 941 2842 poralium,
960 2809 1069 2842 quidam
1090 2813 1199 2842 propter
1218 2809 1351 2835 fastidium
1365 2808 1445 2834 bono-

801 2860 860 2880 rum
880 2854 1071 2886 spiritualium,
1091 2853 1200 2887 quidam
1226 2856 1335 2886 propter
1354 2852 1445 2884 despe-

801 2898 930 2924 rationem
958 2901 1127 2924 aeternorum
1154 2898 1186 2923 Vl
1215 2897 1266 2923 568
1287 2897 1302 2923 3
1324 2911 1356 2915 ——
1375 2903 1446 2922 com·

801 2942 928 2969 mutabile
946 2945 985 2969 est
1004 2942 1134 2969 motivum
1163 2941 1197 2968 ad
1216 2941 1382 2974 peccandum
1402 2941 1444 2966 Vll

802 2987 835 3013 90
856 2988 871 3013 8

856 3046 889 3051 -
908 3032 1005 3058 Amore
1024 3031 1087 3058 boni
1105 3029 1205 3066 privati
1225 3030 1302 3056 nimis
1329 3030 1389 3063 quis
1417 3036 1445 3056 se

801 3077 889 3110 ipsum
908 3077 993 3109 diligit
1014 3077 1055 3102 Vll
1082 3075 1132 3102 445
1153 3076 1186 3102 56
1205 3088 1241 3095 -
1260 3075 1340 3100 Amor
1360 3074 1446 3106 priva·

801 3124 843 3147 tus
857 3121 953 3147 dividit
972 3121 1112 3147 coniuncta
1133 3120 1183 3146 316
1204 3120 1237 3145 22
1251 3132 1286 3138 --
1300 3119 1380 3144 Amor
1393 3118 1446 3150 pri-

802 3165 855 3191 vati
875 3164 937 3191 boni
956 3168 996 3191 est
1009 3172 1088 3191 03053
1101 3162 1336 3190 immisericordiae
1350 3162 1400 3188 415
1411 3162 1445 3188 35

802 3223 836 3228 -—
855 3209 936 3235 Amor
949 3209 1046 3242 privati
1066 3208 1129 3235 boni
1149 3207 1261 3233 maxime
1280 3205 1400 3239 regnabit
1419 3206 1445 3232 in

802 3253 853 3279 1130
873 3254 966 3280 mundi
987 3253 1038 3280 445
1058 3253 1092 3280 56
1110 3265 1146 3272 -
1165 3251 1215 3285 Qui
1234 3251 1274 3278 sui
1294 3257 1384 3277 amore
1399 3251 1446 3276 im-

803 3297 939 3324 moderato
957 3297 1065 3324 offendit
1083 3297 1167 3323 Deum
1179 3295 1263 3322 simul
1276 3295 1363 3328 perdit
1381 3295 1446 3321 divi·

802 3349 863 3368 3313
882 3342 1029 3369 felicitatem
1043 3345 1069 3368 et
1081 3341 1184 3368 animae
1203 3340 1314 3366 salutem
1334 3338 1396 3366 ibid.
1411 3352 1458 3381 '’.

2075 188 2138 221 679

1789 230 1852 257 BON

1494 273 1607 300 Mundus
1620 277 1691 300 311131
1704 275 1838 307 privatum
1853 275 1967 308 bonum,
1982 276 2053 309 quod
2068 276 2141 302 Chri·

1494 320 1549 344 stus
1568 318 1631 344 dicit
1650 319 1874 345 contemnendum
1895 320 1946 346 500
1966 320 2000 346 74

1546 376 1582 382 -
1600 362 1708 389 aeterne.
1733 367 1794 389 sunt
1822 364 1901 389 multa
1928 367 1953 390 et
1980 365 2039 390 sine
2065 366 2136 391 omni

1493 407 1663 439 corruptione
1692 408 1734 433 Vll
1766 408 1817 433 409
1840 409 1870 434 18
1899 422 1935 428 -
1954 411 2056 435 aeterna
2076 413 2138 436 sunt

1492 450 1628 484 sublimia,
1651 453 1804 485 temporalia
1823 460 1887 479 vero
1913 453 2000 479 infima
2025 458 2086 480 sunt
2111 458 2137 480 et

1492 499 1675 522 momentanea
1702 497 1732 522 Vl
1762 497 1807 522 241
1831 497 1848 522 7
1868 512 1904 517 -
1923 498 2030 524 Dextera
2061 502 2086 524 et
2105 499 2137 524 si-

1491 540 1571 565 nistra
1591 540 1655 566 dant
1675 541 1817 573 intelligere
1831 541 1898 567 11033
1913 546 2018 568 3010133
2032 547 2057 568 01
2071 547 2133 568 tem-

1491 585 1590 615 poralia
1609 585 1643 610 79
1664 592 1691 611 ν.
1713 586 1728 611 2

1543 642 1578 648 -
1597 628 1711 655 Carnalis
1730 637 1782 655 non
1795 631 1930 662 cognoscit
1944 631 2011 657 bona
2025 636 2131 657 aeterna

1491 673 1523 698 Vl
1543 674 1576 698 36
1597 681 1622 699 v.
1643 675 1676 699 22
1690 688 1724 693 -
1740 678 1842 700 3010133
1864 683 1915 701 303
1936 680 2132 708 cognoscuntur

1490 718 1538 743 nisi
1558 717 1591 743 ab
1611 725 1642 744 eo
1661 719 1706 751 qui
1726 719 1845 744 elevatur
1865 720 1897 745 ad
1918 720 2061 752 spiritualia
2075 727 2134 746 con-

1490 763 1639 795 templanda
1654 762 1715 789 ibid.
1730 763 1780 788 170
1795 771 1820 789 ν.
1836 764 1868 789 15
1878 778 1914 783 —-
1927 766 2050 797 Acten-na,
2064 772 2133 798 quac

1489 814 1542 832 non
1556 807 1693 837 videntur,
1711 800 1772 833 sunt
1784 809 1987 840 contemplanda
2001 810 2034 834 36
2049 817 2074 835 v.
2089 810 2132 835 22.

1490 851 1532 877 Vll
1552 851 1605 877 317
1628 851 1661 876 24
1682 866 1713 870 --
1735 852 1845 877 Aeterna
1870 853 2009 879 aestimare
2034 857 2072 879 est
2092 861 2133 879 sa-

1488 895 1615 927 pientiae,
1635 899 1803 922 contemnere
1822 897 1943 923 stultitiae
1963 898 1995 923 Vt
2015 899 2048 923 52
2070 905 2095 923 v.
2116 899 2130 923 8

1487 954 1522 958 -——
1542 940 1677 972 Sapientes
1696 941 1812 973 cogitant
1830 944 1855 966 et
1874 942 1984 973 cupiunt
2003 941 2071 968 bona
2091 949 2131 968 ae·

1488 987 1574 1016 terna,
1594 988 1619 1010 et
1637 986 1706 1011 stulti
1727 987 1880 1019 temporalia
1900 987 1932 1011 80
1953 994 1979 1012 v.
1999 988 2013 1012 2

1541 1043 1576 1048 -
1595 1030 1643 1055 Per
1666 1030 1827 1057 desiderium
1853 1034 2020 1057 aeternorum
2047 1031 2131 1058 tidelis

1487 1074 1614 1106 pertIngit
1626 1074 1659 1100 ad
1673 1075 1773 1101 caelum
1795 1076 1837 1101 Vll
1859 1075 1910 1101 347
1931 1075 1958 1101 41
1976 1080 2129 1101 —aeterna

1488 1118 1585 1145 faciunt
1605 1118 1710 1145 beatum
1732 1120 1763 1145 Vl
1784 1120 1799 1145 3
1821 1121 1830 1145 1
1849 1134 1884 1139 -
1898 1120 2006 1146 Aeterna
2026 1120 2130 1146 deside-

1487 1163 1568 1189 randa
1589 1164 1709 1196 exemplo
1730 1163 1823 1190 Christi
1844 1165 1895 1190 302
1916 1165 1958 1190 83.
1972 1164 2015 1190 Vll
2029 1165 2080 1190 380
2095 1164 2128 1190 66

1486 1221 1522 1227 —-
1541 1208 1669 1234 Mundana
1690 1209 1881 1234 contemnenda
1895 1212 1920 1234 et
1939 1211 2042 1234 aeterna
2063 1209 2129 1234 desi-

1487 1252 1601 1278 deranda
1616 1254 1737 1285 exemplo
1750 1252 1844 1279 Christi
1862 1253 2022 1285 resurgentis
2033 1253 2065 1279 w
2077 1254 2128 1278 620

1488 1297 1503 1322 2
1518 1311 1551 1315 -
1565 1298 1766 1323 Ρο15ον0133101
1779 1297 1940 1323 tendendum
1954 1298 1988 1323 ad
2002 1297 2070 1323 bona
2086 1304 2129 1323 30-

1487 1345 1559 1368 terna
1579 1342 1622 1367 Vll
1643 1341 1694 1367 444
1714 1341 1747 1368 54
1768 1342 1871 1374 --“Ωυ”ι
1890 1342 1946 1367 vult
1964 1342 2129 1368 aeternaliter

1487 1393 1594 1412 manere
1612 1389 1730 1418 oportet,
1755 1386 1827 1418 quod
1852 1386 1877 1411 in
1903 1387 2057 1412 transitoriis
2076 1393 2128 1411 non

1486 1433 1616 1463 moretur,
1635 1431 1682 1456 sed
1701 1437 1731 1456 ea
1752 1431 1899 1456 deserendo
1915 1434 2028 1456 transeat
2041 1431 2074 1456 ad
2087 1437 2127 1456 ae-

1487 1478 1557 1501 terna
1577 1475 1630 1501 537
1650 1475 1683 1500 53
1705 1489 1738 1493 -
1758 1475 1808 1507 Qui
1827 1475 1883 1501 vult
1900 1482 1959 1501 esse
1977 1475 2070 1501 beatus
2083 1475 2130 1501 de·

1486 1518 1530 1545 bct
1557 1520 1643 1545 futura
1672 1518 1741 1545 bona
1769 1519 1880 1551 diligere
1907 1523 1933 1545 et
1960 1523 2129 1545 contemnere

1485 1564 1632 1596 praesentia
1661 1564 1693 1589 Vl
1722 1564 1737 1589 3
1769 1564 1778 1588 1
1808 1578 1843 1583 —-
1869 1564 1908 1589 Ad
1938 1563 2128 1590 beatitudinem

1485 1607 1674 1641 acquirendam
1693 1614 1801 1634 necesse
1820 1610 1872 1639 051,
1891 1611 1995 1633 3010133
2010 1608 2083 1640 diligi
2104 1612 2129 1634 et

1483 1652 1632 1684 praesentia
1646 1651 1746 1684 despici
1759 1654 1785 1678 et
1797 1651 1886 1678 debite
1900 1652 2049 1677 conversari
2064 1652 2080 1677 5
2100 1653 2127 1678 13

1483 1710 1520 1715 -
1532 1700 1636 1722 3010133
1650 1696 1824 1728 exspectanda
1839 1698 1914 1729 sunt,
1928 1696 2072 1728 spiritualia
2087 1703 2127 1722 ex·

1484 1741 1610 1773 perienda
1630 1741 1681 1767 566
1702 1741 1717 1766 8
1736 1754 1773 1760 —
1792 1741 1919 1766 felicitatis
1937 1744 2060 1766 aeternae
2084 1747 2128 1766 ac-

1484 1786 1626 1819 quiruntur
1650 1793 1699 1818 per
1727 1786 1794 1812 mala
1820 1786 1973 1818 temporalia
2004 1786 2046 1812 Vll
2077 1785 2127 1811 422

1485 1830 1534 1862 54,
1554 1831 1588 1857 55

1538 1890 1573 1894 -
1601 1873 1764 1909 'Pompei-olis
1787 1875 1820 1901 de
1845 1881 1873 1900 se
1899 1881 1946 1900 300
1971 1873 2039 1900 bona
2066 1877 2127 1900 sunt

1485 1927 1533 1946 300
1552 1920 1619 1945 13313
1633 1921 1662 1946 Vl
1675 1919 1708 1945 47
1718 1927 1745 1953 q.
1755 1933 1791 1939 —-
1802 1919 1998 1951 Temporalium
2013 1926 2077 1944 usus
2089 1921 2129 1944 est

1485 1964 1585 1995 bonus,
1605 1963 1705 1990 abusus
1730 1965 1815 1990 malus
1834 1962 1894 1990 ibid.
1914 1977 1950 1982 —
1968 1966 2069 1988 terrena
2089 1963 2125 1988 fa-

1484 2009 1556 2035 ciunt
1574 2015 1673 2034 vanum
1692 2008 1707 2034 3
1731 2009 1752 2034 1.
1773 2008 1815 2034 97.
1832 2015 1858 2034 v.
1878 2009 1893 2034 8
1913 2021 1948 2027 —
1972 2007 2123 2039 temporalia

1484 2060 1539 2079 non
1552 2053 1654 2086 replent
1672 2053 1796 2085 animam,
1810 2052 1857 2078 sed
1871 2056 1932 2078 sunt
1949 2052 2016 2078 sicut
2033 2051 2128 2077 umbra

1486 2097 1501 2124 4
1522 2097 1539 2123 7
1554 2111 1587 2116 -·
1600 2097 1840 2129 concupiscentiam
1859 2099 1958 2129 augent
1972 2096 2012 2121 Vll
2027 2095 2078 2122 318
2093 2096 2126 2121 28

1483 2155 1519 2161 -
1537 2149 1590 2168 303
1611 2141 1709 2167 faciunt
1727 2140 1843 2166 animam
1857 2141 1991 2166 meliorem
2012 2139 2072 2166 ibid.
2092 2153 2127 2169 ἡ·

1484 2189 1546 2212 5031
1563 2185 1668 2212 31101105
1691 2188 1800 2211 naturae
1821 2183 1884 2210 ibid.
1904 2198 1940 2203 —
1959 2184 2126 2216 Temporalia

1484 2238 1535 2256 non
1555 2230 1650 2256 intrant
1668 2236 1713 2256 cor
1738 2229 1789 2254 nisi
1814 2228 1960 2254 secundum
1986 2228 2126 2260 phantasti-

1484 2282 1542 2301 cam
1563 2273 1760 2300 similitudinem
1788 2272 1849 2299 ibid.
1875 2286 1910 2292 —
1935 2272 2048 2298 hominis
2073 2279 2126 2298 non

1483 2322 1559 2350 sunt,
1579 2325 1649 2352 quae
1667 2324 1758 2344 secum
1783 2318 1887 2342 auferre
1912 2323 1964 2342 non
1987 2319 2073 2348 potest
2092 2316 2125 2343 ib.

1484 2364 1517 2390 30
1539 2377 1571 2382 —
1591 2362 1744 2395 temporalia
1764 2362 1886 2388 dicuntur
1905 2361 2002 2393 aliena,
2019 2361 2081 2394 quia
2095 2368 2125 2387 ea

1483 2407 1621 2434 nobiscum
1651 2413 1700 2432 nec
1726 2407 1818 2432 afferre
1846 2412 1990 2438 possumus
2008 2406 2056 2431 1100
2078 2412 2125 2431 au-

1483 2453 1549 2478 ferre
1570 2451 1621 2477 410
1641 2451 1674 2477 20
1695 2465 1729 2469 -
1749 2454 1851 2476 terrena
1870 2458 1922 2476 non
1942 2452 2002 2476 sunt
2021 2455 2124 2483 305113,

1483 2496 1544 2530 quia
1563 2503 1611 2522 nec
1627 2494 1766 2521 nobiscum
1785 2495 1895 2521 veniunt
1920 2502 1969 2521 nec
1997 2495 2124 2522 recedunt

1482 2547 1567 2574 eaque
1580 2540 1674 2566 terreni
1687 2543 1788 2566 tantum
1801 2540 1921 2566 homines
1931 2543 2054 2573 reputant
2066 2547 2124 2566 esse

1482 2592 1529 2612 sua
1552 2585 1596 2611 151
1621 2585 1653 2611 58

1535 2644 1569 2648 —-
1589 2630 1742 2662 temporalia
1762 2629 1859 2656 dantur
1872 2637 1921 2663 pro
1935 2630 2029 2656 merito
2043 2633 2126 2655 trans-

1482 2674 1558 2701 itorio
1579 2674 1621 2700 Vll
1639 2674 1690 2700 422
1711 2673 1745 2700 54
1763 2688 1799 2694 -
1817 2675 1875 2700 Non
1894 2673 2037 2706 denegabit
2062 2677 2124 2699 tem·

1482 2719 1582 2752 poralia
1601 2719 1647 2752 qui
1667 2719 1731 2745 dare
1756 2722 1861 2745 aeterna
1881 2722 1988 2750 paratus
2015 2721 2055 2744 est
2074 2718 2124 2744 322

1486 2764 1515 2790 43
1543 2777 1579 2783 —-
1608 2770 1661 2789 non
1683 2766 1744 2789 sunt
1768 2763 1882 2795 petenda
1906 2766 2030 2796 tanquam
2057 2761 2125 2788 bona

1482 2812 1586 2840 nostra,
1615 2808 1661 2834 etsi
1688 2808 1834 2833 necessaria
1863 2806 1926 2833 ibid.
1951 2820 1986 2826 —-
2011 2806 2125 2838 0001011-

1483 2853 1532 2879 tiae
1552 2852 1701 2878 mundanae
1720 2851 1843 2877 dicuntur
1861 2850 1931 2886 bona
1955 2851 2072 2876 fortunae
2092 2850 2126 2875 vt

1483 2897 1517 2922 97
1537 2904 1551 2922 3

1535 2954 1572 2960 -
1591 2940 1758 2972 Temporalia
1772 2942 1832 2965 sunt
1844 2938 1938 2965 umbra
1957 2941 2125 2964 aeternorum

1483 2985 1516 3011 Vl
1538 2985 1553 3011 4
1572 2985 1589 3010 7
1607 2999 1642 3004 -
1662 2984 1828 3016 Temporalia
1848 2982 2039 3009 contemnenda
2065 2985 2126 3008 sunt

1484 3033 1609 3063 tanquam
1635 3029 1743 3054 minima
1767 3027 1810 3053 Vll
1831 3027 1880 3053 409
1910 3027 1939 3052 17
1958 3040 1994 3045 -
2014 3026 2126 3058 Tempo-

1483 3074 1545 3100 ralia
1565 3080 1616 3099 non
1636 3075 1697 3099 sunt
1716 3071 1826 3098 multum
1851 3070 1964 3096 amanda
1984 3070 2035 3095 360
2055 3071 2070 3095 8
2090 3083 2126 3089 -

1483 3118 1620 3150 corporale
1633 3124 1684 3143 non
1699 3115 1778 3142 debet
1796 3114 1941 3141 desiderari
1955 3114 2003 3140 nisi
2017 3116 2126 3146 propter

1483 3162 1617 3195 spirituale
1637 3161 1687 3186 279
1709 3160 1724 3185 8

1536 3219 1572 3225 -
1591 3204 1665 3237 113ρί1
1691 3203 1740 3230 frui
1765 3203 1915 3230 desiderant
1940 3201 2030 3234 bonis,
2056 3209 2126 3236 quae

1483 3252 1543 3276 sunt
1564 3249 1595 3275 Vl
1620 3248 1654 3275 20
1678 3255 1706 3274 ν.
1732 3248 1741 3274 1
1764 3260 1800 3267 -
1819 3247 1875 3273 Mali
1902 3248 2024 3273 fruuntur
2049 3245 2126 3277 bonis

1484 3292 1667 3327 praesentibus
1688 3292 1732 3318 121
1754 3299 1781 3318 v.
1801 3291 1816 3317 6
1836 3305 1872 3311 -
1891 3291 2038 3324 praesentia
2058 3291 2127 3317 laeti-

1484 3338 1562 3364 ficant
1574 3343 1626 3364 non
1640 3336 1784 3369 cogitantes
1798 3336 1883 3362 futura
1896 3335 1965 3361 31313
1976 3335 2017 3361 vlt
2030 3334 2080 3361 496
2092 3335 2126 3360 65
