2476 3921
12 1166 142 1189 Notandum.

746 212 942 245 COMMENT.
967 212 1003 245 ΙΝ
1027 212 1266 246 EVANGELIUM
1291 214 1408 247 LUCAE
1433 215 1464 248 C.
1490 216 1564 249 XlX.

161 301 344 341 ostendero,
369 310 503 344 pravum
528 310 578 334 me
601 300 862 343 comprobabit»;
887 300 980 343 quia,
997 294 1033 333 ut
1048 300 1123 334 dicit

162 354 365 398 Augustinus,
395 367 411 383 α
426 354 506 387 bene
530 354 616 396 loqui
640 357 671 387 et
695 353 776 387 male
804 354 911 387 vivere
934 353 1014 386 nihil
1036 353 1123 386 aliud

161 411 226 447 est,
251 416 346 450 quam
371 415 404 440 se
427 416 487 440 sua
517 407 625 449 lingua
655 406 805 440 damnare
822 419 852 438 ».
883 425 924 429 —
949 406 1003 439 Hic
1026 406 1122 448 igitur

161 461 339 503 negligens,
363 460 439 494 dum
462 459 615 494 iudicium
639 463 671 493 et
694 459 893 493 severitatem
917 460 972 493 Dei
988 460 1125 493 ostendit

161 522 195 547 se
218 514 317 553 scire,
334 513 477 556 loquitur
493 516 603 546 contra
618 521 669 552 se;
686 512 770 546 unde
786 515 818 545 et
834 511 957 545 subdit:
975 511 1123 550 Sciebas,

161 567 249 611 quod
262 569 273 587 ¹
297 577 354 611 eyo
376 565 472 600 homo
496 570 654 600 austerus
676 575 769 605 sum,
795 565 907 599 tollens
941 565 1030 609 quod
1057 575 1125 598 non

157 621 274 664 posui,
298 625 328 654 et
349 624 471 654 metens
494 620 583 664 quod
604 630 671 653 non
693 620 876 659 seminavi,
901 628 958 662 per
974 619 1124 652 severita-

162 677 224 708 tem
248 674 422 713 vindictae,
447 673 621 707 secundum
646 673 723 706 illud
748 673 878 706 Psalmi:
909 685 924 701 α
941 672 1021 705 Cum
1036 681 1123 706 acce-

162 737 239 771 pero
261 731 401 770 tempus,
425 736 483 770 ego
507 727 642 760 iustitias
665 727 854 760 iudicabo».

251 781 304 815 36.
327 781 430 823 (Vers.
449 780 527 822 23).
545 781 587 813 Et
601 790 708 824 quare
723 790 790 813 non
811 780 932 813 dedisci
943 780 1123 822 pecuniam

161 844 269 868 meam
309 835 354 867 ad
390 833 567 867 mensam?
600 842 658 876 per
693 833 893 867 sedulitatem
928 834 1124 876 vigilantiae,

162 897 219 932 per
242 897 337 931 quam
362 887 528 930 pecuniam
545 887 742 929 evangelicae
758 887 999 929 praedicationis
1015 887 1125 920 debuit

163 941 373 984 multiplicare
396 941 651 983 evangelizando,
676 949 715 973 ne
739 944 870 983 propter
905 940 1125 983 negligentiam

161 995 300 1028 divinam
322 995 502 1028 incurreret
525 994 615 1027 iram.
634 994 720 1027 Unde
735 994 844 1027 Glossa
856 994 887 1026 ²:
917 1007 932 1022 «
949 994 979 1026 Si
997 1002 1046 1026 me
1066 993 1125 1026 du-

163 1057 235 1082 rum
258 1051 290 1082 et
313 1048 473 1081 crudelem
497 1055 645 1087 noveras,
670 1055 769 1090 quare
803 1047 863 1080 ista
894 1047 1039 1090 cogitatio
1063 1056 1125 1079 non

161 1102 293 1136 incussit
317 1101 372 1135 tibi
398 1101 562 1141 timorem,
579 1105 615 1134 ut
632 1100 747 1140 scires,
769 1110 819 1134 me
848 1109 918 1133 mea
944 1100 1126 1143 diligentius

161 1155 381 1199 quaesiturum
395 1158 432 1188 »ἲ
445 1174 487 1179 -
503 1155 540 1187 Et
562 1157 653 1193 nota,
678 1153 763 1196 quod
787 1157 878 1187 vocat
900 1163 1005 1186 mnam
1026 1163 1126 1196 pecu-

161 1209 257 1243 niam
280 1218 399 1248 suam,
425 1208 500 1251 quia
524 1207 654 1241 scientia
677 1212 709 1240 et
732 1207 834 1249 gratia
857 1211 888 1240 et
911 1207 1055 1240 doctrina
1071 1206 1125 1239 Dei

162 1263 267 1306 potius
289 1265 336 1296 est
360 1271 456 1305 quam
480 1264 604 1300 nostra;
629 1264 661 1294 et
676 1260 745 1294 ideo
762 1260 932 1294 Ezechielis
947 1260 1084 1293 secundo
1097 1260 1125 1292 ³:

169 1330 185 1346 α
200 1316 353 1359 Loqueris
375 1315 473 1348 verba
495 1323 565 1348 mea
588 1314 627 1347 ad
644 1323 698 1347 eos
714 1327 744 1353 »;
761 1314 885 1347 Glossa:
906 1327 923 1342 «
937 1314 1001 1347 Non
1027 1317 1081 1346 tua
1094 1326 1125 1352 »ς

163 1369 247 1403 unde
271 1372 302 1402 et
325 1368 470 1402 Matthaei
494 1368 632 1401 decimo:
663 1381 678 1396 α
695 1368 761 1400 Non
785 1367 868 1400 enim
893 1375 949 1400 vos
964 1367 1054 1405 estis,
1071 1365 1125 1408 qui

163 1423 355 1466 loquimini»
384 1426 443 1455 etc.
467 1440 512 1445 —
536 1421 595 1455 Sed
618 1422 696 1454 haec
719 1424 767 1454 est
790 1420 923 1463 pecunia
947 1419 1037 1452 nobis
1053 1428 1126 1452 con-

163 1484 251 1510 cessa
274 1476 312 1509 ad
337 1475 612 1514 fructificandum,
637 1477 669 1508 et
692 1475 761 1508 ideo
785 1474 888 1507 addit:
914 1474 979 1506 Et⁴
1002 1482 1059 1515 ⁶90
1076 1482 1127 1505 ve-

164 1530 258 1564 niens
282 1539 359 1563 cum
386 1529 502 1562 usuris
526 1529 638 1572 utique
668 1529 847 1571 exegissem
871 1527 984 1566 illam,
1009 1526 1128 1559 scilicet

164 1592 221 1626 per
245 1583 436 1626 aequitatem
472 1577 625 1621 iustitiae,
661 1591 718 1624 per
754 1589 849 1624 quam
879 1580 979 1623 exigit
1013 1588 1129 1613 usuras

164 1636 347 1679 multiplicis
370 1635 631 1669 fructificationis.
654 1635 741 1668 Unde
757 1634 907 1679 Glossa—⁵:
932 1647 948 1662 «x
963 1633 1022 1675 Qui
1040 1632 1128 1666 verbi

164 1690 331 1733 pecuniam
355 1698 373 1722 a
396 1689 524 1722 doctore
547 1688 624 1721 emit
656 1684 829 1726 creden'do,
854 1695 981 1720 necesse
1004 1689 1069 1725 est,
1084 1688 1130 1718 -ut

165 1752 233 1777 eam
250 1752 323 1776 cum
340 1742 448 1776 usuris
472 1741 572 1775 solvat
595 1740 754 1783 operando
770 1753 802 1772 ι).
820 1739 880 1782 Qui
897 1748 973 1782 ergo
989 1738 1130 1782 neglexit

164 1796 242 1830 alios
265 1796 396 1835 docere,
432 1804 513 1838 quos
536 1795 657 1837 potuit,
681 1794 809 1827 illorum
839 1792 1047 1836 negligentiae
1070 1791 1129 1825 sibi

165 1849 420 1893 imputabuntur.
438 1848 524 1882 Unde
540 1848 784 1890 Chrysostomus
795 1847 827 1879 ⁶:
845 1860 865 1890 ι«ι
878 1847 938 1889 Qui
955 1846 1130 1880 seminandi

163 1913 261 1937 causa
285 1912 390 1937 semen
414 1902 535 1945 accepit
558 1906 589 1936 et
605 1906 747 1944 tempore
763 1900 979 1935 seminationis
1002 1909 1065 1933 non
1082 1909 1130 1933 se-

165 1957 264 1990 minat
287 1957 437 1990 damnum
460 1956 534 1989 facit
556 1955 701 1995 domino,
725 1955 783 1988 etsi
819 1963 926 1988 semen
953 1954 1130 1993 custodiat,

166 2014 308 2050 tantum,
333 2014 489 2053 quantum
512 2013 636 2052 poterat
670 2009 798 2042 lucrum
821 2008 942 2048 facere,
966 2008 991 2041 si
1016 2017 1132 2050 oppor-

165 2068 244 2098 tuno
268 2067 410 2106 tempore
434 2063 664 2097 seminasset».
694 2062 782 2096 Unde
816 2065 848 2095 et
882 2061 1054 2101 Dominus,
1078 2069 1132 2094 ve·

166 2116 256 2150 niens
279 2116 318 2149 ad
341 2115 511 2155 iudicium,
536 2125 598 2148 non
623 2115 759 2157 requirit
775 2110 877 2148 solum'
895 2115 1029 2154 donum,
1047 2114 1131 2157 quod

166 2170 269 2210 dedit,
292 2178 405 2203 verum
430 2169 524 2203 etiam
547 2169 704 2208 fructum,
728 2167 823 2211 quem
847 2177 889 2201 ex
910 2168 996 2201 dono
1019 2176 1132 2210 exspe-

168 2223 273 2258 ctavit.
298 2223 369 2256 Ideo
392 2223 467 2256 dicit
498 2222 644 2255 Matthaei
676 2222 814 2255 tertio⁷:
844 2234 861 2250 <x
877 2221 987 2254 Omnis
1017 2221 1131 2261 arbor,

168 2286 250 2320 quae
273 2286 336 2310 non
352 2276 425 2310 facit
441 2276 580 2309 fructum
597 2276 715 2308 bonum
726 2301 734 2314 ,
751 2275 918 2308 excidetur
933 2278 965 2307 et
981 2274 1012 2306 in
1029 2274 1131 2317 ignem

168 2330 313 2363 mittetur
329 2342 360 2362 ι).
386 2328 471 2363 Unde
493 2332 524 2362 et
547 2328 587 2362 de
610 2327 746 2361 ficulnea
770 2336 868 2369 supra
883 2326 1004 2360 decimo
1020 2325 1131 2359 tertio:

174 2396 190 2412 «
206 2383 284 2416 Ecce
311 2383 385 2416 anni
409 2386 475 2416 tres
498 2385 589 2421 sunt,
614 2391 655 2415 ex
680 2391 744 2424 quo
768 2380 859 2414 venio
882 2388 1039 2423 quaerens
1065 2379 1133 2412 fru-

170 2440 256 2469 ctum
281 2436 312 2469 in
337 2445 374 2470 ea
402 2439 434 2469 et
468 2445 531 2469 non
562 2435 696 2469 invenio.
727 2434 857 2468 Succide
885 2443 960 2476 ergo
984 2442 1072 2473 eam,
1097 2435 1134 2465 ut

168 2489 246 2532 quid
264 2489 363 2522 etiam
400 2493 517 2522 terram
549 2491 684 2531 occupat
700 2491 736 2520 »2
760 2487 890 2530 Quaerit
921 2486 1018 2529 igitur
1041 2489 1073 2519 et
1095 2485 1134 2519 de

2079 221 2143 253 [285

1185 302 1354 335 arboribus
1377 303 1518 336 fructum
1542 308 1573 337 et
1603 305 1641 338 de
1673 306 1805 347 pecunia
1832 307 1987 348 spirituali
2012 317 2144 345 usuras;

1186 354 1270 387 unde
1293 354 1489 397 Gregorius⁸
1512 356 1603 396 dicit,
1628 358 1712 399 quod
1741 372 1756 386 α
1774 367 1845 391 cum
1870 364 2027 401 augentur
2050 361 2144 399 dona,

1188 407 1324 440 rationes
1348 408 1441 441 etiam
1466 413 1615 442 crescunt
1638 410 1792 443 donorum
1809 425 1839 443 n.

1277 460 1330 493 37.
1356 461 1457 502 (Vers.
1475 462 1552 502 24).
1570 462 1689 503 Quarto
1705 467 1859 505 quantum
1876 464 1914 497 ad
1937 465 2044 507 ipsius
2059 466 2149 497 servi
2165 476 2276 501 Quartum.

1187 513 1491 547 condemnationem
1514 515 1640 547 ias-cam
1664 516 1884 558 subiungitur:
1904 518 1942 550 Ec
1959 518 2146 551 astantibus

1188 566 1291 599 dixit:
1317 566 1456 610 Auferte
1480 567 1521 600 ab
1546 568 1601 601 illo
1626 578 1742 601 mnam
1764 574 1794 602 ct
1817 570 1891 602 date
1922 571 1972 603 illi
2000 572 2058 614 qai
2089 571 2148 604 lea-

1190 619 1237 652 bet
1261 620 1370 652 decem
1393 630 1501 653 mnas.
1527 623 1683 654 Astantes
1707 626 1796 655 vocat
1821 623 1888 655 illos
1919 624 1973 665 qui
1998 625 2148 657 assistunt

1189 673 1216 706 ei
1241 673 1273 706 in
1304 673 1439 713 iudicio,
1475 674 1540 707 sive
1563 675 1693 717 Angelos
1717 675 1782 708 sive
1807 677 1935 709 Sanctos
1959 677 2045 715 alios,
2071 687 2149 719 quo-

1190 736 1262 759 rum
1287 727 1403 760 iudicio
1416 731 1450 760 et
1465 727 1690 770 approbatione
1707 729 1881 771 praemium
1900 731 2149 771 correspondens

1188 781 1271 814 dono
1295 781 1449 814 inutiliter
1473 781 1580 814 habito
1604 782 1785 821 auferetur,
1802 787 1833 816 et
1854 783 1981 816 dabitur
2006 784 2104 825 gloria
2120 789 2149 817 et

1188 834 1339 876 gaudium
1364 834 1570 876 dispensatori
1596 835 1698 874 fideli,
1722 836 1895 869 secundum
1932 836 2008 869 illud
2037 839 2150 879 Apoca-

1189 887 1286 929 lypsis
1310 888 1446 920 terti02:
1477 901 1492 916 α
1508 889 1591 921 Tene
1615 888 1699 930 quod
1724 889 1838 928 habes,
1863 899 1901 922 ne
1918 890 1999 922 alius
2020 891 2150 932 accipiat

1189 949 1337 973 coronam
1355 944 1440 973 tuam
1458 954 1489 973 ».
1515 941 1576 974 Hoc
1599 942 1691 974 etiam
1717 942 1867 975 iudicium
1892 943 2043 976 Dominus
2059 953 2152 977 exer·
2173 951 2300 973 Notandum.

1189 997 1239 1027 cet
1261 994 1292 1026 in
1318 994 1490 1036 praesenti,
1514 994 1685 1027 auferendo
1708 995 1789 1027 dona
1805 995 1898 1028 etiam
1916 1005 2063 1029 concessa
2080 1005 2151 1037 pro-

1190 1052 1260 1090 pter
1283 1048 1507 1090 negligentium
1530 1048 1679 1081 desidiam
1704 1052 1735 1081 et
1751 1049 1943 1082 abusionem.
1963 1049 2047 1082 Unde
2063 1049 2150 1082 Glos-

1190 1102 1281 1135 sa¹⁰:
1312 1115 1327 1130 «
1343 1101 1491 1134 Collatam
1515 1102 1648 1143 gratiam
1669 1102 1783 1135 amittit
1807 1102 1860 1144 qui
1886 1111 1952 1135 eam
1977 1103 2149 1135 communi-

1190 1155 1288 1188 cando
1311 1155 1380 1188 aliis
1415 1155 1596 1196 praedicare
1630 1155 1823 1197 neglexerit;
1848 1159 1982 1197 augetur
2007 1164 2082 1188 vero
2106 1155 2147 1187 illi

1190 1209 1243 1251 qui
1269 1209 1300 1241 in
1335 1217 1372 1241 ea
1403 1208 1572 1247 laboravit,
1605 1208 1686 1241 sicut
1719 1208 1840 1250 regium
1876 1208 2030 1247 chrisma,
2065 1208 2147 1250 quod

1190 1261 1401 1304 superbiendo
1425 1261 1498 1293 Saul
1522 1260 1644 1299 amisit,
1662 1260 1759 1293 David
1775 1261 1946 1293 obediendo
1964 1261 2146 1302 promeruit.

1190 1315 1340 1357 Spiritus
1364 1314 1449 1346 enim
1476 1313 1626 1353 Domini,
1651 1314 1710 1357 qui
1733 1323 1755 1346 a
1772 1313 1872 1346 Saule
1887 1314 2038 1352 recessit,
2063 1314 2149 1346 dire-

1190 1373 1263 1401 ctus
1285 1370 1332 1401 est
1355 1378 1378 1401 a
1401 1368 1454 1400 die
1486 1367 1544 1399 illa
1572 1371 1602 1399 et
1632 1367 1782 1409 deinceps
1807 1367 1842 1399 z'n
1873 1367 1981 1399 David
1998 1381 2030 1406 n,
2056 1367 2149 1409 primi

1190 1422 1310 1464 Regum
1333 1421 1454 1454 decimo
1477 1424 1577 1453 sexto.
1603 1420 1688 1453 Unde
1712 1424 1743 1453 et
1766 1420 1882 1453 dicitur
1906 1421 2050 1454 Matthaei
2068 1420 2152 1462 vige-

1193 1474 1273 1508 simo
1296 1474 1455 1516 primo¹¹:
1485 1486 1500 1502 «
1517 1473 1685 1506 Auferetur
1713 1482 1731 1505 a
1757 1473 1844 1506 vobis
1872 1482 2004 1515 regnum
2036 1473 2091 1506 Dei
2122 1477 2152 1506 et

1191 1527 1318 1561 dabitur
1342 1527 1426 1569 genti
1450 1526 1573 1559 facienti
1599 1526 1723 1560 fructus
1744 1526 1813 1559 eius
1829 1539 1860 1558 n.
1877 1545 1921 1550 —
1937 1526 2032 1568 Magis
2048 1529 2153 1559 autem
2174 1535 2304 1562 sissinium.

1191 1580 1287 1613 datur
1310 1580 1339 1613 ei
1362 1580 1418 1622 qui
1441 1579 1536 1612 habet
1551 1579 1658 1613 decem
1674 1589 1792 1618 πῃπῶς,
1809 1571 1939 1621 propter
1955 1579 2153 1621 mysterium,

1194 1634 1269 1677 quia
1292 1633 1344 1666 ille
1368 1633 1510 1675 designat
1533 1631 1675 1665 ordinem
1700 1641 1810 1665 eorum
1828 1632 1882 1674 qui
1901 1632 2023 1665 ludaico
2039 1633 2155 1674 populo

1194 1687 1480 1730 praedicaverunt,
1516 1687 1571 1729 qui
1607 1686 1700 1720 etiam
1740 1686 1876 1718 finaliter
1915 1685 1954 1718 ad
1994 1685 2154 1718 Christum

1194 1740 1426 1774 convertendus
1442 1743 1499 1773 est.
1516 1739 1603 1772 Unde
1626 1739 1734 1772 Glossa
1747 1740 1791 1771 ¹²:
1823 1752 1838 1767 α
1850 1738 1927 1771 Cum
1944 1738 2045 1771 omnis
2062 1738 2155 1771 lsrael

1195 1794 1302 1827 salvus
1325 1793 1403 1832 erit,
1428 1796 1505 1826 tunc
1528 1792 1630 1825 omnis
1653 1791 1815 1834 plenitudo
1839 1791 2011 1834 spiritualis
2026 1791 2155 1833 gratiae,

1194 1855 1292 1889 quam
1313 1846 1407 1879 modo
1442 1849 1605 1888 torpenter
1632 1853 1830 1883 exercemus,
1866 1844 2048 1877 doctoribus
2072 1844 2156 1876 illius

1195 1899 1348 1942 temporis
1371 1898 1569 1932 abundanter
1593 1897 1773 1931 conferetur
1790 1911 1820 1929 n.
1845 1897 1931 1930 Unde
1947 1896 1985 1929 ad
2002 1897 2155 1929 Romanos

1195 1953 1338 1987 nono1³z
1368 1965 1384 1981 α
1402 1952 1495 1985 Isaias
1517 1952 1631 1985 clamat
1652 1960 1709 1993 pro
1733 1951 1845 1984 Israel:
1871 1951 1901 1983 Si
1925 1951 2021 1983 fuerit
2044 1960 2155 1983 nume-

1195 2015 1252 2039 rus
1275 2006 1414 2039 filiorum
1438 2005 1533 2038 Israel
1556 2004 1643 2038 velut
1665 2012 1761 2037 arena
1783 2003 1895 2042 maris,
1920 2003 2071 2045 reliquiae
2095 2003 2155 2035 sal-

1195 2068 1253 2093 vae
1276 2059 1398 2092 fient».
1732 2070 1735 2071 ⁷

1286 2113 1339 2146 38.
1365 2112 1466 2154 (Vers.
1492 2111 1569 2153 25).
1594 2111 1631 2143 Et
1653 2110 1729 2153 quia
1751 2111 1811 2144 hoc
1842 2109 1967 2143 videtur
1990 2109 2155 2142 irrationa-

1196 2166 1258 2200 bile
1270 2169 1302 2200 et
1314 2165 1512 2205 incredibile,
1529 2164 1613 2207 quod
1629 2164 1681 2198 det
1697 2163 1886 2203 abundanti;
1904 2163 1972 2196 ideo
1989 2162 2153 2196 subditur:

1197 2220 1240 2252 Et
1253 2219 1413 2252 dixerunt
1428 2218 1458 2251 ei
1470 2219 1513 2250 ¹⁴.-
1533 2217 1680 2256 Domine,
1697 2216 1793 2250 habet
1808 2217 1915 2250 decem
1931 2226 2040 2255 mnaS,
2065 2216 2154 2258 quasi

1193 2272 1318 2305 dicant:
1339 2273 1405 2304 'non
1430 2271 1555 2304 videtur
1579 2279 1647 2304 esse
1671 2269 1757 2303 recta
1780 2269 1942 2303 sententia.

1286 2325 1338 2357 39.
1364 2324 1465 2366 (Vers.
1491 2325 1568 2365 26.)ι
1594 2323 1663 2357 Ideo
1698 2332 1756 2365 pro
1790 2323 1936 2356 omnibus
1967 2321 2154 2364 generaliter
2167 2332 2320 2359 sementim-

1197 2377 1378 2416 sententiat,
1403 2376 1558 2410 subdens:
1583 2376 1665 2409 Dico
1689 2380 1800 2408 autem
1828 2375 1934 2413 vobis,
1958 2374 2041 2418 qaia
2064 2374 2156 2406 omni
2196 2360 2284 2381 ΜΠ*

1197 2430 1331 2464 habenti
1352 2430 1502 2469 dabitur,
1519 2434 1547 2463 et
1563 2429 1748 2462 abundabit
1755 2441 1766 2467 ,·
1783 2428 1889 2461 Glossa
1904 2428 1947 2460 ¹⁵:
1972 2441 1987 2456 α
2000 2427 2100 2460 Utenti
2118 2436 2155 2460 eo

1199 2484 1282 2528 quod
1308 2484 1449 2517 habet».
1482 2501 1523 2508 -
1556 2482 1607 2516 Ab
1631 2492 1666 2516 eo
1696 2486 1825 2521 autem,
1857 2482 1916 2525 qui
1945 2491 2011 2514 non
2043 2480 2154 2516 habet.

243 2682 251 2697 ¹
273 2681 357 2709 codd.
375 2681 485 2708 CDFH
505 2684 531 2707 et
549 2682 683 2708 Gorranus
711 2681 784 2716 quia.
803 2696 838 2701 —
863 2681 980 2708 Subinde
1008 2682 1134 2713 allegatur

172 2728 214 2754 Ps.
231 2727 280 2760 74,
300 2728 324 2753 3.
643 2737 645 2739 ·

246 2771 256 2786 ²
277 2772 379 2798 Scilicet
404 2770 547 2797 ordinaria
573 2770 614 2803 (ex
642 2771 726 2803 Beda,
745 2771 791 2804 qui
817 2771 936 2804 sequitur
960 2771 1074 2802 Hieron„
1094 2770 1136 2796 W.

173 2817 319 2843 comment.
339 2817 365 2842 in
385 2815 536 2846 Manu-25,
555 2815 670 2848 2628),
683 2816 708 2840 in
723 2816 798 2841 cuius
812 2816 942 2848 principio
956 2816 976 2841 11
991 2822 1051 2841 cum
1067 2818 1136 2841 textu

174 2861 309 2893 originali:
329 2860 361 2887 Si
377 2867 420 2887 me
438 2848 476 2886 aa
495 2859 598 2886 durum
617 2863 675 2890 etc„
694 2862 719 2885 et
738 2859 763 2884 in
783 2860 835 2885 tine.
862 2867 911 2892 pro
930 2866 972 2885 me
991 2866 1051 2885 mea
1079 2858 1136 2885 dili-

173 2905 279 2940 yentius
299 2905 413 2931 nonnulli
441 2904 528 2935 codd„
557 2906 585 2929 ut
609 2903 728 2936 CDFG,
747 2910 790 2930 me
816 2911 906 2930 meam
936 2903 1084 2938 [pecuniam
1092 2913 1099 2935 ς
1118 2903 1136 2928 F

173 2957 216 2976 me
233 2957 342 2982 mnam,
360 2950 382 2975 G
401 2956 443 2976 me
461 2948 548 2982 illam]
569 2947 718 2982 diligenter.

245 2993 256 3008 ¹³
275 2994 350 3020 Vers.
368 2993 394 3019 7.
413 3008 449 3012 —
467 2994 558 3019 Glossa
577 2999 632 3026 seq.
646 2995 686 3018 cst
698 2991 843 3019 ordlnaria
857 2992 1012 3025 (secuudum
1026 2990 1135 3023 Bedam)

175 3038 201 3063 iu
219 3039 282 3064 Luc.
302 3038 347 3070 19,
367 3038 415 3064 23:
434 3037 595 3069 Pecuniam,
614 3037 642 3062 id
655 3039 693 3062 est
706 3036 886 3068 evangelicam
900 3036 1136 3068 praedicationem,

175 3082 305 3115 promptis
324 3082 475 3115 paratisque
494 3081 610 3107 tidelium
630 3079 756 3107 cordibus
777 3086 830 3106 non
850 3080 989 3111 intimasti3
1012 3086 1136 3111 meam...,

176 3133 229 3152 non
247 3129 329 3152 tuam.
348 3126 422 3152 Unde
440 3126 580 3158 Apostolus
599 3124 630 3159 [Ι.
650 3125 716 3150 Petr.
736 3124 761 3155 4,
783 3124 809 3149 tt
827 3123 852 3157 l:
873 3123 905 3151 Si
922 3124 983 3158 quis
1008 3123 1137 3158 loquitur,

177 3169 257 3204 quasi
273 3177 410 3197 sermones
430 3170 485 3196 Dei.
505 3170 585 3203 (Haec
604 3170 693 3195 Glossa
708 3175 722 3194 a
736 3169 763 3195 S.
775 3169 874 3194 Bonav.
888 3168 1034 3200 applicatur
1047 3169 1139 3194 Ezech.

177 3216 202 3246 2,
221 3215 268 3248 7.).
287 3215 409 3247 Sequitur
428 3215 514 3241 Matth.
535 3215 576 3246 40,
596 3214 638 3240 20.

247 3258 259 3273 ⁴
280 3259 313 3285 lta
333 3259 412 3285 etiam
431 3259 517 3290 Beda,
535 3258 613 3286 Card.
631 3259 717 3290 liugo,
736 3258 766 3283 B.
785 3257 891 3288 Albert.,
912 3258 938 3282 S.
958 3257 1054 3283 Thorn.
1074 3256 1139 3285 (Cat.

178 3310 255 3329 aurea
276 3303 302 3328 in
321 3303 385 3328 Luc.
404 3303 446 3329 ⁴9.
467 3307 494 3328 n}
512 3303 559 3336 2.),
577 3303 710 3328 Gorranus
728 3304 754 3328 et
771 3301 902 3333 Lyranus;
923 3300 1036 3333 Vulgata
1057 3300 1099 3327 Ut.

250 3345 260 3360 ⁶
280 3346 381 3372 Scilicet
399 3345 543 3373 ordinaria
563 3347 603 3376 (ex
622 3346 712 3379 Beda).

249 3389 260 3405 ⁶
279 3391 375 3417 Ilomil.
395 3391 438 3417 53.
457 3391 484 3417 in
503 3391 590 3417 Matth.
609 3391 652 3422 25,
673 3391 715 3416 18.
735 3390 794 3424 (Op.
814 3389 979 3422 imperfect).

1268 2677 1278 2693 '¹
1300 2679 1433 2705 Veis-10.
1446 2692 1481 2697 —
1499 2677 1622 2711 Sequitur
1641 2677 1703 2702 Luc.
1726 2676 1770 2706 13,
1790 2676 1814 2701 7.

1270 2722 1280 2737 ⁸
1301 2722 1371 2749 Libr.
1391 2723 1407 2748 l.
1426 2721 1565 2747 Homil..in
1585 2721 1685 2752 Evang.
1706 2719 1793 2745 homil.
1813 2719 1836 2743 9.
1857 2725 1882 2743 n.
1906 2718 1926 2742 l.

1270 2767 1282 2782 ⁹
1302 2768 1375 2794 Vcrs.
1398 2767 1439 2792 ll.
1458 2780 1493 2785 —
1506 2765 1613 2791 Inferius
1627 2768 1685 2796 post
1699 2763 1724 2789 in
1735 2762 1874 2797 praesenti
1886 2762 1944 2787 Yat.
1957 2762 2028 2787 addit
2041 2761 2156 2788 saeculo.

1271 2812 1293 2827 ¹⁰
1314 2812 1415 2838 Scilicet
1434 2809 1575 2837 ordinaria
1597 2810 1638 2841 (ex
1663 2808 1743 2840 Beda)
1764 2808 1789 2832 in
1818 2808 1878 2832 Luc.
1902 2807 1947 2836 19,
1967 2806 2014 2831 24ι
2034 2805 2156 2831 Collatam

1201 2857 1310 2890 gratiam
1325 2856 1418 2882 amittit
1436 2856 1480 2888 qui
1500 2852 1683 2893 praedicando
1697 2852 1752 2878 aliis
1765 2850 1966 2877 communicare
1983 2850 2095 2882 neglexit
2109 2854 2158 2875 etc.

1200 2903 1227 2928 ln
1246 2902 1302 2934 ipsa
1322 2901 1449 2932 allegatur
1468 2900 1485 2925 l.
1505 2900 1569 2931 Reg.
1590 2898 1637 2928 46,
1659 2897 1700 2922 ⁴3.
1718 2903 1774 2928 seq.

1272 2944 1292 2959 ¹¹
1314 2945 1389 2970 Vers.
1409 2943 1449 2969 43.
1469 2956 1503 2961 —
1523 2942 1630 2968 lnserius
1655 2947 1702 2972 pro
1728 2938 1790 2973 quia
1811 2938 1856 2964 ille
1874 2937 1997 2971 designat
2016 2938 2073 2963 vat.
2094 2937 2157 2971 quia

1200 2989 1280 3016 illum
1299 2988 1430 3021 designat.

1273 3031 1294 3047 ¹²
1314 3033 1412 3064 Nempe
1431 3029 1570 3057 ordinaria
1592 3029 1632 3061 (ex
1652 3027 1732 3060 Beda)
1748 3027 1771 3052 iu
1785 3027 1847 3052 Luc.
1870 3026 1913 3056 19,
1933 3026 2014 3051 26.1n
2028 3025 2158 3057 principio

1201 3076 1340 3108 respicitur
1357 3075 1433 3100 Rom.
1456 3074 1500 3103 tt,
1520 3073 1568 3098 26:
1588 3073 1616 3097 Et
1641 3072 1678 3097 sic
1706 3070 1791 3096 omnis
1818 3069 1893 3095 lsrael
1912 3070 2000 3095 salvus
2019 3069 2091 3094 tieret
2110 3072 2158 3094 etc.

1202 3122 1252 3146 Pro
1272 3121 1407 3153 torpenter
1426 3122 1452 3144 et
1470 3117 1543 3144 illius
1572 3115 1699 3150 temporis
1720 3116 1764 3148 (ita
1792 3115 1870 3140 etiam
1899 3114 1999 3146 Glossa)
2020 3113 2078 3138 Yat.
2097 3120 2158 3139 cum

1204 3165 1274 3191 Beda
1292 3165 1415 3197 repenter
1434 3166 1459 3188 et
1478 3161 1552 3188 illius
1568 3159 1671 3195 populi.

1275 3207 1297 3224 ¹⁸
1317 3208 1392 3234 Vers.
1414 3207 1457 3233 27.
1476 3206 1528 3233 Cir.
1548 3206 1603 3231 lsai.
1624 3205 1671 3236 to,
1692 3205 1733 3230 22.

1274 3252 1296 3267 ¹¹
1316 3252 1399 3279 Codd.
1418 3252 1560 3278 CDFGH
1580 3250 1637 3284 1311,
1656 3251 1703 3276 cfr.
1722 3250 1750 3275 B.
1768 3248 1866 3275 Albert.
1885 3252 1909 3274 et
1935 3248 1961 3273 S.
1980 3248 2074 3273 Thom.
2095 3246 2158 3278 (Cat.

1203 3305 1282 3324 aurea
1301 3298 1328 3323 in
1348 3297 1411 3322 Luc.
1431 3297 1472 3322 ⁴9.
1491 3303 1518 3321 n.
1537 3296 1582 3327 2.).

1274 3341 1297 3357 ¹⁶
1316 3342 1417 3368 Scilicet
1435 3339 1625 3367 interlinearis.
1645 3340 1764 3371 August„
1783 3338 1809 3363 ll.
1824 3338 1872 3370 Qq.
1892 3336 2056 3368 Evangelior.
2068 3342 2095 3368 q.
2109 3334 2158 3360 46:

1204 3386 1280 3420 Quod
1300 3389 1387 3411 autem
1406 3383 1501 3410 ab'illo
1520 3383 1565 3417 qui
1585 3383 1621 3409 uti
1640 3383 1734 3414 noluit,
1753 3382 1869 3407 aufertur
1889 3380 1961 3413 quod
1980 3383 2116 3411 acceperat
2135 3382 2160 3403 et
