2476 3921
161 996 278 1027 Occultatio

184 1029 260 1050 prima.

146 1366 243 1388 Secunda
258 1371 283 1387 ex

140 1394 151 1413 4
170 1393 296 1414 rationibus.

204 1952 288 1978 Figura.

166 2481 295 2503 Secundum.

151 2517 262 2547 Excusatio
277 2518 300 2538 ut

196 2549 259 2570 pigri.

288 265 357 298 484

290 352 450 386 abscondit
473 351 632 383 frumenta
656 347 859 381 maledicetur
883 346 914 378 in
938 344 1063 387 populis
1078 357 1109 375 ».
1132 343 1250 375 Pravus

291 406 374 440 enim
398 407 503 447 pastor
527 406 591 442 est,
616 402 671 444 qui
693 401 800 434 cibum
826 399 962 437 habens,
987 396 1159 439 permittit,
1175 403 1250 427 oves

291 460 371 493 same
395 458 485 491 mori.
511 457 641 499 Propter
657 454 742 497 quod
759 451 964 486 Ecclesiastici
982 450 1133 492 vigesimo
1149 457 1249 480 nono:

298 527 312 541 «
331 511 425 544 Perde
449 509 612 552 pecuniam
636 511 766 550 propter
790 506 919 539 fratrem
943 507 974 537 et
997 503 1144 541 amicum,
1162 504 1194 533 et
1209 509 1249 532 ne

293 564 463 598 abscondas
486 563 571 595 illam
594 562 654 595 sub
677 560 779 602 lapide
808 559 839 592 in
871 557 1077 600 perditionem
1094 568 1124 586 n.
1157 554 1193 586 Et
1224 553 1250 585 si

294 620 352 652 hoc
382 618 421 651 de
443 616 585 659 pecunia
615 615 749 653 dicitur,
781 613 881 645 multo
904 610 1018 643 fortius
1041 609 1080 641 de
1104 607 1249 645 scientia3

294 671 377 708 unde
402 669 606 703 Ecclesiastici
631 666 870 710 quadragesimo
894 661 1040 706 primo¹:
1064 674 1079 690 (ι
1096 659 1252 707 Sapientia

294 724 444 757 absconsa
460 726 491 755 et
508 722 677 754 thesaurus
695 719 824 757 invisus,
841 725 922 759 quae
939 715 1057 748 utilitas
1071 727 1085 742 n
1107 713 1139 745 in
1156 711 1251 745 utris-

295 780 384 819 que?
408 776 494 809 Unde
519 773 685 807 Ezechielis
705 771 815 805 tertio:
841 783 856 799 ex
877 770 907 802 Si
933 778 982 801 me
998 768 1120 800 dicente
1139 765 1177 798 ad
1194 765 1252 797 im-

296 830 383 872 pium
396 843 411 858 n
433 832 510 867 etc.;
528 827 569 860 ibi
585 827 711 859 Glossa:
742 838 756 853 α
773 825 919 866 Magnum
935 821 1104 854 discrimen
1127 821 1174 852 est
1197 817 1252 850 Dei

297 883 399 916 celare
423 889 583 914 sermones
600 894 629 911 ».

387 935 439 968 33.
472 934 530 966 Sed
562 934 621 965 hoc
653 930 837 973 intelligitur
868 938 929 961 non
961 928 999 960 de
1030 925 1254 962 occultatione,

298 997 378 1031 quae
402 987 487 1020 venit
509 996 548 1018 ex
569 984 751 1028 prudentia
768 1001 809 1007 —-
826 991 896 1015 nam
914 980 1115 1014 Ecclesiastae
1137 977 1229 1011 tertio
1242 976 1254 994 2

298 1042 435 1074 dicitur:
465 1053 480 1068 «
497 1040 633 1080 Tempus
658 1036 777 1070 tacendi
802 1040 832 1069 et
856 1039 980 1076 tempus
1006 1031 1152 1074 loquendi
1170 1042 1201 1069 »;
1225 1032 1256 1062 et

300 1095 330 1127 in
355 1094 496 1127 Psalmo:
527 1106 541 1121 α
564 1093 595 1124 ln
627 1090 720 1124 corde
753 1099 820 1122 meo
851 1087 996 1121 abscondi
1029 1085 1153 1127 eloquia
1183 1088 1255 1123 tua,

300 1152 336 1181 ut
359 1157 421 1179 non
444 1155 569 1188 peccem
593 1144 648 1177 tibi
666 1156 696 1183 »;
728 1146 856 1185 propter
880 1141 964 1183 quod
986 1139 1103 1172 dicitur
1126 1139 1256 1170 Prover-

300 1201 425 1233 biorum
451 1199 592 1236 decimo:
623 1211 638 1226 «
655 1196 815 1238 Sapientes
838 1194 1033 1227 abscondunt
1049 1191 1208 1225 scientiam
1226 1202 1256 1229 »;

301 1257 332 1287 et
356 1251 560 1286 Ecclesiastici
585 1250 756 1292 vigesimo:
787 1262 802 1277 «
820 1249 871 1281 Est
887 1251 1010 1285 tacens,
1027 1246 1080 1288 qui
1099 1244 1258 1277 invenitur

302 1307 441 1349 sapiens,
465 1309 496 1338 et
519 1308 566 1337 est
590 1303 730 1341 odibilis,
761 1302 815 1344 qui
848 1309 967 1343 procax
995 1302 1042 1332 est
1065 1298 1104 1331 ad
1129 1298 1258 1339 loquen-

302 1360 377 1393 dum
394 1373 410 1388 »
439 1377 480 1382 —
505 1357 559 1391 sed
582 1356 767 1398 intelligitur
790 1355 829 1387 de
852 1353 1055 1386 absconsione
1071 1361 1109 1384 ex
1124 1351 1257 1388 timore,

304 1413 352 1445 vel
376 1411 587 1448 adulatione,
605 1409 653 1442 vel
670 1408 840 1446 avaritia,
866 1407 914 1439 vel
930 1404 1129 1448 neylz'yentia
1141 1404 1153 1423 ⁸
1162 1415 1174 1442 ;
1190 1403 1259 1435 ideo

303 1466 462 1507 signanter
485 1464 580 1496 dicit:
606 1462 750 1504 reposita
773 1466 818 1493 est
842 1461 877 1492 in
900 1459 1051 1492 sudario.
1070 1458 1100 1490 ln
1118 1456 1260 1489 sudario

303 1519 386 1551 enim
411 1517 616 1549 involvuntur
639 1515 774 1553 mortui;
798 1517 829 1546 et
852 1517 927 1546 tunc
951 1521 1024 1544 mna
1047 1510 1184 1552 reposita
1214 1512 1261 1542 est

305 1572 336 1604 in
361 1570 506 1608 sudario,
531 1568 657 1611 quando
673 1567 795 1600 affectio
811 1570 937 1599 mortua
953 1565 991 1597 ad
1009 1564 1191 1606 proximum
1208 1563 1262 1595 ab-

305 1624 426 1657 scondit
448 1623 605 1665 loquelam
621 1625 652 1654 et
668 1621 840 1654 doctrinam
857 1622 986 1661 propter
1002 1618 1130 1651 malam
1146 1616 1262 1654 vitam,

305 1678 385 1710 sicut
409 1676 471 1714 illi,
494 1675 532 1708 de
555 1675 672 1717 quibus
692 1673 734 1706 ad
758 1674 910 1705 Romanos
934 1671 1079 1713 primo4:
1101 1683 1116 1698 α
1134 1669 1193 1711 Qui
1211 1677 1263 1701 ve-

306 1731 430 1763 ritatem
455 1729 509 1761 Dei
532 1729 561 1760 in
579 1727 762 1760 iniustitiam
778 1726 918 1759 detinent
934 1737 964 1763 »;
983 1724 1032 1757 vel
1048 1726 1177 1765 propter
1193 1731 1264 1754 cor-

308 1783 361 1815 <Its
384 1782 567 1820 desidiam,
592 1781 668 1822 quia
690 1789 753 1813 non
777 1778 872 1811 habet
895 1778 1056 1810 caritatem
1074 1776 1264 1813 fraternam;

308 1838 437 1877 propter
461 1833 545 1876 quod
570 1832 773 1866 Ecclesiastici
797 1831 975 1873 trigesimo:
998 1843 1013 1858 α
1030 1830 1114 1862 Bona
1136 1828 1272 1861 abscon-'

308 1888 371 1920 dita
396 1888 426 1920 in
449 1896 504 1919 ore
527 1887 634 1919 clauso
665 1885 754 1927 quasi
778 1884 987 1926 appositiones
1013 1883 1180 1924 epularum
1205 1881 1266 1914 cir-

310 1940 501 1982 cumpositae
532 1939 677 1981 sepulcro
695 1952 724 1969 ».
758 1937 793 1970 Et
822 1940 987 1979 propterea
1011 1936 1041 1968 in
1066 1935 1163 1968 huius
1182 1930 1266 1976 'figu-

310 2002 376 2026 ram
401 2001 514 2025 manna
544 1990 759 2024 absconditum
792 1989 1000 2031 computruit,
1027 1988 1123 2020 Exodi
1147 1987 1268 2020 decimo

310 2050 401 2079 sexto
413 2046 435 2077 ⁵.
473 2045 507 2077 Et
538 2054 610 2077 mna
644 2044 675 2076 in
711 2043 837 2076 sudario
871 2052 933 2075 non
961 2041 1206 2083 multiplicatur,
1237 2043 1268 2073 et

311 2100 506 2132 frumentum
539 2098 569 2130 in
602 2098 716 2130 horreo
748 2106 810 2129 non
841 2095 1014 2134 excrescit,
1046 2094 1100 2127 sed
1131 2103 1149 2126 a
1178 2093 1269 2126 tineis

313 2152 539 2190 manducatur,
563 2151 665 2184 solum
689 2153 794 2183 autem
818 2149 1004 2187 fructificat,
1027 2147 1153 2190 quando
1177 2146 1269 2180 semi-

312 2208 427 2243 natur3
459 2204 504 2236 sic
534 2207 565 2236 et
596 2203 728 2236 verbum
761 2202 833 2241 Dei,
865 2201 949 2244 quod
980 2200 1081 2243 pretio
1104 2204 1136 2233 et
1159 2198 1269 2232 semini

313 2260 536 2299 comparatum
560 2259 591 2288 et
615 2255 683 2288 ideo
706 2254 948 2288 Proverbiorum
971 2253 1091 2287 decimo
1115 2251 1269 2295 quinto⁶z

318 2324 334 2340 «ι
352 2310 443 2343 Labia
459 2309 647 2351 sapientium
664 2308 911 2342 disseminabunt
927 2307 1104 2346 scientiam,
1121 2315 1176 2339 cor
1192 2305 1271 2338 stul-

314 2367 419 2396 torum
442 2363 592 2396 dissimile
615 2362 676 2395 erit
691 2376 722 2394 n.

405 2417 458 2450 34.
484 2417 585 2459 (Vers.
610 2418 694 2460 2l.).¹
721 2415 863 2448 Secundo
893 2417 1047 2457 quantum
1070 2413 1109 2446 ad
1132 2422 1271 2445 excusa-

317 2468 436 2502 tionem
457 2478 600 2512 nequam
625 2468 748 2501 subdit:
780 2467 892 2500 Timui
906 2467 993 2499 enim
1017 2470 1061 2505 te,
1078 2465 1160 2509 quia
1176 2463 1271 2497 homo

316 2526 472 2555 austerus
496 2531 549 2560 ως,-
579 2521 611 2555 in
644 2530 708 2563 quo
740 2529 773 2553 se
803 2523 934 2553 excusat
963 2522 999 2552 ut
1026 2519 1123 2561 φέρεν
1153 2527 1210 2560 per
1233 2517 1271 2550 ti-

872 256 1064 290 COMMENT.
1090 254 1127 287 IN
1151 253 1389 287 EVANGELlUM
1413 250 1529 284 LUCAE
1553 249 1586 281 C.
1611 248 1685 281 XIX.

1313 349 1452 377 morem;
1486 336 1728 371 Proverbiorum
1760 334 1911 377 vigesimo
1941 333 2123 367 secundo⁷:
2160 346 2175 362 α
2192 333 2273 366 Dicit

1313 394 1418 436 piger:
1444 393 1504 425 Leo
1527 393 1574 424 est
1596 390 1629 423 in
1654 389 1720 428 via,
1744 389 1851 421 leaena
1866 387 1897 419 in
1915 386 2096 425 itineribus,
2113 388 2144 419 et
2160 385 2192 418 in
2209 393 2273 419 me-

1312 446 1363 479 dio
1397 446 1572 489 platearum
1604 441 1793 475 occidendus
1828 449 1899 473 sum
1915 453 1946 471 ».
1979 439 2065 472 Unde
2096 443 2127 472 et
2158 438 2274 471 talibus

1314 498 1462 540 competit
1484 497 1561 529 illud
1587 488 1715 528 Psalmi:
1745 507 1761 522 «1
1778 492 2194 535 Trepidaverunt‘timore,
2218 491 2274 524 ubi

1314 562 1376 585 non
1399 554 1468 584 erat
1491 550 1585 583 timor
1601 563 1632 581 n.
1649 566 1691 573 -
1710 548 1847 580 Excusat
1862 546 2026 589 nequiter,
2051 545 2126 587 quia
2149 545 2274 587 culpam
2293 554 2404 576 Excusauo

1314 614 1390 638 suae
1414 602 1619 646 negligentiae
1642 600 1774 643 imponit
1796 599 1973 632 austeritati
1990 598 2113 631 Domini
2135 598 2275 631 iudican—

1315 658 1369 696 tis,
1394 666 1466 690 cum
1491 665 1508 689 e
1532 655 1690 688 contrario
1713 654 1780 696 ipse
1803 652 1886 685 dicat
1906 652 2052 684 Matthaei
2069 650 2274 684 undecimo⁸z

1320 724 1336 739 α
1354 710 1467 743 Discite
1490 718 1508 741 a
1532 717 1600 747 me,
1624 707 1699 750 quia
1722 706 1808 739 mitis
1831 714 1902 738 sum
1927 709 1958 737 et
1981 704 2111 737 humilis
2134 703 2228 737 corde
2244 715 2275 742 »ς

1316 768 1348 797 et
1370 764 1408 796 ad
1433 764 1587 795 Romanos
1611 760 1766 794 secundo:
1796 772 1811 788 α
1829 760 1873 792 An
1896 758 2041 801 ignoras,
2058 757 2207 800 quoniam
2223 757 2277 790 be-

2303 586 2401 608 nequam.

1317 817 1452 859 nignitas
1476 815 1531 849 Dei
1555 814 1594 847 ad
1622 812 1845 856 poenitentiam
1877 815 1908 845 te
1943 810 2070 844 adducit
2087 813 2125 842 n?
2147 828 2193 834 —
2215 810 2278 842 Ex·
2292 798 2450 848 Etinsipiums

1318 873 1408 903 cusat
1438 869 1533 902 etiam
1565 867 1775 910 insipienter,
1807 865 1901 908 quia,
1933 873 2007 898 cum
2038 863 2168 897 deberet
2191 863 2277 905 loqui

1319 933 1376 966 pro
1400 932 1451 962 se,
1469 922 1610 964 loquitur
1626 924 1737 954 contra
1752 928 1804 958 se,
1828 927 1902 951 cum
1927 917 2051 951 subdit:
2077 917 2175 950 Tottis
2191 917 2279 960 quod

1319 987 1384 1009 non
1404 975 1565 1018 posuisti,
1582 978 1610 1006 et
1626 973 1720 1006 metis
1735 972 1824 1016 quod
1839 981 1907 1004 non
1921 970 2096 1003 seminasti
2103 981 2115 1008 ‚·
2131 968 2278 1002 Glossa9:

1325 1043 1340 1059 «
1356 1029 1441 1062 Metit
1464 1028 1634 1066 Dominus,
1652 1026 1706 1059 ubi
1731 1034 1792 1058 non
1810 1023 1995 1062 seminavit,
2011 1023 2042 1055 id
2059 1026 2123 1062 est,
2140 1031 2193 1056 eos
2209 1030 2281 1055 reos

1320 1082 1487 1125 impietatis
1500 1084 1601 1119 tenet,
1619 1079 1737 1122 quibus
1760 1078 1893 1111 verbum
1918 1076 2025 1119 Legis,
2050 1076 2100 1109 vel
2124 1075 2279 1118 Evangelii

1320 1146 1382 1170 non
1408 1134 1643 1168 ministravit».
1669 1133 1702 1165 In
1726 1141 1790 1174 quo
1820 1131 1934 1173 allegat
1962 1129 2161 1163 severitatem
2185 1128 2281 1161 divini

1321 1184 1443 1228 iudicii,
1471 1188 1546 1230 quia
1578 1187 1730 1219 Dominus
1765 1185 1855 1227 punit
1886 1184 1980 1217 etiam
2017 1183 2215 1225 ignorantes;
2251 1185 2282 1215 et

1321 1243 1390 1276 ideo
1413 1242 1523 1274 timere
1547 1240 1656 1279 debet,
1680 1239 1765 1282 quod
1789 1238 1890 1271 multo
1914 1237 2028 1270 fortius
2051 1236 2162 1279 puniet
2185 1236 2284 1278 negli-

1322 1299 1446 1339 gentes;
1482 1294 1566 1327 unde
1590 1292 1795 1326 Ecclesiastici
1828 1291 1966 1324 secundo
1980 1291 2024 1322 1⁰:
2053 1303 2069 1319 <z
2086 1289 2145 1331 Qui
2170 1289 2283 1322 timent

1322 1349 1489 1381 Dominum
1514 1347 1674 1389 inquirent
1698 1354 1779 1388 quae
1803 1344 1998 1386 beneplacita
2013 1347 2087 1376 sunt
2103 1342 2175 1376 ei».
2194 1341 2284 1375 Punit

1322 1405 1428 1435 autem
1452 1401 1603 1433 Dominus
1628 1400 1697 1432 illos
1712 1399 1822 1438 etiam,
1840 1398 1958 1441 quibus
1982 1398 2094 1439 Legem
2111 1406 2174 1429 non
2189 1395 2284 1434 dedit,

1323 1465 1342 1488 a
1365 1455 1481 1497 quibus
1510 1453 1644 1496 requirit
1676 1452 1846 1490 iustitiam,
1870 1451 1962 1493 quia,
1994 1450 2053 1483 etsi
2077 1459 2139 1482 non
2168 1449 2286 1482 habent

1325 1509 1425 1551 legem
1449 1507 1616 1549 scriptam,
1641 1506 1758 1539 habent
1782 1509 1886 1538 tamen
1919 1504 2019 1546 legem
2048 1506 2181 1536 naturae
2204 1503 2283 1535 inte-

1325 1562 1394 1594 rius
1411 1561 1612 1602 impressam;
1630 1562 1759 1601 propter
1776 1558 1860 1601 quod
1877 1558 1994 1590 dicitur
2010 1557 2049 1590 ad
2067 1558 2222 1590 Romanos
2239 1565 2287 1589 se-

1326 1614 1429 1647 cundo
1444 1615 1486 1645 ¹¹:
1516 1625 1531 1641 <r
1548 1612 1608 1654 Qui
1632 1612 1698 1645 sine
1714 1612 1793 1653 Lege
1809 1613 2021 1653 peccaverunt
2037 1609 2104 1642 sine
2120 1610 2199 1652 Lege
2216 1618 2287 1652 per-

1327 1668 1464 1700 ibunt».
1490 1666 1575 1699 Unde
1598 1670 1630 1699 et
1653 1665 1786 1698 ibidem:
1817 1677 1832 1692 «
1849 1664 1927 1696 Cum
1952 1663 2035 1696 enim
2059 1666 2182 1705 gentes,
2206 1671 2288 1705 quae

1328 1721 1438 1762 Legem
1463 1729 1523 1752 non
1549 1719 1683 1757 habent,
1708 1718 1894 1750 naturaliter
1918 1726 1955 1750 ea
1979 1725 2060 1759 quae
2083 1716 2173 1758 Legis
2196 1719 2288 1754 sunt,

1328 1773 1462 1812 faciunt,
1486 1772 1638 1805 eiusmodi
1663 1773 1774 1814 Legem
1797 1780 1861 1803 non
1879 1770 2047 1809 habentes,
2065 1769 2123 1811 ipsi
2140 1769 2197 1802 sibi
2216 1773 2290 1802 sunt

1330 1828 1397 1867 lex,
1421 1827 1476 1869 qui
1500 1825 1669 1859 ostendunt
1692 1834 1772 1867 opus
1794 1825 1882 1867 Legis
1906 1824 2060 1866 scriptum
2084 1823 2116 1856 in
2140 1823 2289 1856 cordibus

1331 1881 1414 1920 suis,
1428 1879 1641 1913 testimonium
1659 1879 1808 1912 reddente
1825 1878 1885 1911 illis
1901 1877 2092 1911 conscientia
2107 1877 2248 1919 ipsorum
2259 1890 2290 1916 »,

1335 1947 1350 1962 «
1368 1943 1441 1966 cum
1466 1932 1614 1966 iudicabit
1644 1932 1729 1965 Deus
1759 1932 1882 1965 occulta
1914 1930 2078 1964 hominum
2108 1939 2165 1972 per
2189 1929 2291 1962 Iesum

1330 1987 1490 2020 Christum
1508 2000 1537 2018 ι».

1421 2040 1473 2072 35.
1498 2039 1599 2081 (Vers.
1625 2039 1702 2079 22).
1728 2038 1833 2071 Tertio
1857 2041 2012 2080 quantum
2040 2037 2079 2070 ad
2107 2036 2197 2070 servi
2219 2035 2292 2068 red-

1332 2093 1541 2135 arqutz'onem
1566 2096 1691 2125 rectam
1715 2091 1879 2124 subditur:
1906 2091 1995 2124 Dicit
2016 2091 2060 2124 ei:
2078 2091 2124 2123 De
2152 2099 2208 2123 ore
2235 2094 2291 2122 tuo

1333 2150 1361 2178 te
1383 2146 1511 2184 iudico,
1534 2155 1626 2178 serve
1659 2154 1812 2188 nequam.
1839 2145 1980 2177 Servum
2011 2153 2155 2188 nequam
2183 2145 2291 2182 vocat,

1333 2199 1408 2242 quia
1428 2199 1523 2242 φέρεν
1547 2198 1662 2232 eratin
1680 2198 1882 2241 negligendo,
1907 2198 1982 2240 quia
1997 2197 2162 2240 superbus
2182 2196 2243 2230 fuit
2259 2205 2293 2229 se

1333 2252 1530 2286 justificando
1542 2255 1574 2285 et
1585 2261 1728 2296 nequam
1745 2251 1907 2284 dominum
1923 2250 2109 2284 accusando.
2127 2250 2236 2283 Glossa
2249 2250 2292 2282 ¹²:

1339 2319 1354 2334 α
1372 2305 1533 2349 Nequam,
1550 2305 1625 2347 quia
1641 2305 1730 2347 piger
1754 2304 1792 2337 ad
1816 2299 2031 2337 exercendum
2055 2303 2215 2342 officium,
2240 2312 2294 2336 su-

1335 2359 1470 2401 perbus,
1494 2358 1533 2391 ad
1556 2358 1769 2391 accusandum
1792 2357 1934 2390 divinum
1959 2357 2110 2390 iudicium
2125 2370 2155 2389 x».
2174 2356 2210 2389 Et
2225 2355 2295 2389 ideo

1334 2422 1373 2444 ex
1397 2421 1458 2444 suo
1483 2421 1557 2450 ore,
1581 2411 1656 2444 dum
1682 2420 1714 2444 se
1738 2411 1837 2444 credit
1861 2411 2049 2449 iustificare,
2074 2410 2180 2452 potius
2202 2417 2294 2442 accu-

1336 2467 1400 2503 sat,
1424 2464 1596 2497 secundum
1614 2464 1691 2497 illud
1708 2464 1760 2497 lob
1782 2473 1864 2497 nono
1881 2464 1928 2496 ¹³:
1959 2476 1974 2492 a
1996 2463 2026 2496 Si
2051 2463 2222 2496 iustificare
2245 2470 2296 2502 me

1337 2517 1483 2556 voluer0,
1508 2526 1543 2550 os
1566 2526 1673 2550 meum
1697 2517 1916 2550 condemnabit
1939 2525 2007 2556 me;
2040 2516 2065 2549 si
2096 2516 2294 2548 innocentem

390 2708 396 2722 ¹
419 2708 494 2733 N'ers.
514 2707 560 2737 17,
581 2709 639 2738 post
652 2713 730 2739 quem
745 2707 835 2731 Ezecli.
849 2706 864 2730 3
874 2725 880 2736 ,
895 2706 937 2730 18.
950 2706 1038 2731 Glossa
1053 2706 1078 2730 in
1092 2706 1161 2731 hunc
1173 2706 1221 2730 loc.
1235 2708 1273 2730 est

318 2751 458 2777 ordinaria
474 2751 515 2783 (ex
529 2751 642 2782 Hieron.)
652 2770 658 2781 ,
673 2751 696 2775 in
710 2757 761 2782 qua
776 2757 823 2782 pro
837 2749 924 2776 celare
938 2753 1020 2775 textus
1032 2750 1165 2781 originalis
1178 2751 1273 2775 tacere.

389 2795 400 2812 2
420 2796 493 2820 Yers.
515 2796 540 2820 7.
559 2809 593 2812 —
613 2795 762 2827 Sequuntur
782 2794 821 2820 ΡΒ.
847 2794 908 2824 tls,
934 2794 980 2826 1Ι;
1010 2794 1083 2819 Prov.
1114 2794 1160 2826 lo,
1182 2793 1224 2818 14.
1249 2796 1274 2818 ct

319 2840 397 2869 Eccli,
416 2840 462 2869 20,
483 2839 508 2864 5.

391 2883 400 2897 ³
420 2884 510 2909 Glossa
538 2882 680 2909 ordinaria
702 2883 727 2908 in
747 2884 838 2908 Ezecli.
857 2883 888 2913 3,
909 2883 951 2908 18.
971 2882 1059 2914 (paulo
1078 2882 1201 2913 superius
1219 2882 1275 2906 alle-

321 2928 406 2962 gata):
422 2928 467 2953 Vel
482 2928 582 2959 timore,
596 2928 637 2952 vel
651 2927 765 2959 pigritia,
778 2928 818 2952 vel
832 2927 993 2958 adulatione;
1008 2926 1079 2952 unde
1092 2926 1148 2952 lsai.
1162 2925 1205 2959 [6,
1219 2925 1254 2959 5.]
1267 2934 1273 2950 ε

325 2973 376 2999 Vae
394 2972 474 3004 milti,
494 2972 558 3006 quia
577 2971 658 2998 tacui.
677 2986 711 2990 —
731 2973 797 2997 loan.
825 2972 866 3002 11,
896 2971 937 2996 44.
962 2971 994 2996 de
1019 2972 1115 2997 Lazaro
1139 2974 1274 3001 narratur,

320 3017 390 3049 quod
414 3026 426 3038 ιι
442 3017 519 3041 facies
547 3016 612 3041 illius
639 3014 751 3041 sudario
780 3018 834 3040 erat
862 3015 938 3046 ligata
952 3024 978 3045 n,
1005 3018 1030 3040 et
1050 3014 1098 3046 20,
1117 3014 1143 3040 7.
1162 3014 1275 3040 dicitur:

322 3060 484 3092 Suam-ium,
503 3060 576 3092 quod
597 3061 679 3085 fuerat
697 3066 777 3091 super
796 3062 875 3091 caput
893 3059 951 3084 eius
969 3057 1051 3092 [lesu]
1072 3061 1120 3084 etc.

390 3104 400 3117 ⁴
421 3104 496 3129 Vers.
516 3104 556 3128 18.
576 3117 611 3122 -
630 3102 746 3129 Subinde
765 3103 890 3135 allegatur
909 3103 983 3128 Eccli.
1004 3103 1052 3134 30,
1073 3103 1115 3128 18.

392 3147 402 3161 ⁵
423 3148 496 3173 Vers.
516 3148 558 3173 20.

391 3191 402 3206 ‘³
422 3193 496 3218 vers,
515 3193 539 3218 7.
560 3193 608 3218 Pro
627 3191 709 3218 Labia
728 3192 838 3217 ADFo
865 3190 957 3218 Verba.

393 3235 402 3250 ⁷
423 3238 496 3263 Vers.
517 3237 558 3262 13.
579 3237 627 3262 Pro
646 3235 716 3263 Dicit
729 3235 823 3270 piyer:
844 3235 893 3262 Leo
912 3236 951 3262 est
969 3235 997 3261 in
1016 3235 1068 3267 via,
1083 3235 1176 3261 leaena
1197 3234 1224 3261 in
1238 3233 1277 3261 iti-

323 3281 431 3308 neribus
452 3282 492 3315 (ex
512 3288 534 3306 c.
554 3282 601 3313 26,
622 3281 674 3313 13.)
695 3281 754 3306 Vnt.
772 3287 832 3305 cum
853 3280 964 3312 Vulgata
984 3279 1053 3306 Dicit
1067 3279 1162 3313 piqer:
1176 3279 1227 3305 Leo
1239 3280 1278 3305 est

322 3325 399 3359 soris.
417 3340 452 3345 -
471 3326 593 3358 Sequitur
612 3326 653 3350 Ps.
683 3326 725 3357 52,
745 3325 770 3350 6.
790 3338 823 3342 -
848 3324 973 3356 Superius
1002 3331 1050 3356 pro
1077 3323 1278 3350 eaecusationem

323 3377 439 3404 nequam
461 3371 517 3403 (cfr.
535 3377 615 3402 supra
635 3377 660 3395 n.
679 3369 732 3402 31.)
752 3369 771 3395 C
782 3370 803 3395 D
815 3370 832 3395 i*
850 3368 1052 3396 eaecusationem
1070 3368 1200 3402 iniquam.

394 3413 404 3428 ⁸
425 3415 498 3440 vers.
517 3415 560 3440 29.
578 3417 603 3440 et
621 3414 716 3440 deinde
735 3414 810 3440 Rom.
830 3415 862 3445 2,
882 3413 905 3439 4.
925 3427 961 3433 -
978 3414 1069 3439 Glossa
1083 3411 1278 3439 interlinearis:

1338 2704 1407 2737 Quia
1427 2705 1506 2730 ltomo
1525 2705 1653 2730 austerus
1672 2710 1713 2735 es,
1739 2704 1864 2736 quoniam
1894 2704 1976 2729 ardua
2002 2706 2041 2728 est
2060 2703 2117 2733 via,
2137 2708 2207 2735 quae
2225 2701 2298 2727 ducit

1337 2750 1370 2775 ad
1390 2749 1471 2774 vitam
1493 2748 1591 2782 [Matth.
1610 2748 1635 2779 7,
1660 2747 1726 2781 14.],
1750 2751 1776 2773 et
1794 2748 1856 2780 quia
1876 2751 1975 2780 quanto
1995 2747 2094 2779 gradus
2113 2747 2202 2777 altior,
2226 2749 2294 2772 tanto

1338 2801 1415 2819 casus
1436 2793 1552 2825 gravior.
1571 2792 1642 2818 ldcm
1662 2792 1725 2817 dicit
1743 2792 1833 2817 Glossa
1854 2791 1997 2818 ordinaria
2016 2792 2042 2817 in
2056 2792 2143 2817 lllatth.
2163 2791 2211 2823 25,
2231 2790 2273 2816 24.

1408 2835 1419 2850 ⁹
1439 2837 1540 2862 Scilicet
1558 2835 1700 2862 ordinm-ia
1720 2835 1760 2868 (ex
1781 2836 1870 2868 llcda).

1410 2880 1432 2895 ¹⁰
1453 2881 1527 2906 Vers.
1547 2881 1590 2905 19.
1607 2894 1643 2899 -
1661 2880 1787 2911 Superius
1802 2888 1849 2912 pro
1869 2880 1962 2906 timere
1981 2879 2056 2906 debet
2074 2879 2133 2913 (FG
2153 2878 2256 2911 debent)
2276 2879 2298 2904 li

1339 2924 1431 2951 timere
1449 2923 1538 2950 debuit
1557 2924 1601 2956 (ita
1622 2925 1699 2950 etiam
1720 2925 1740 2949 l)
1760 2932 1773 2949 a
1793 2925 1908 2950 secunda
1929 2932 2008 2950 manu
2039 2927 2189 2955 correctus,
2208 2923 2300 2955 primi-

1339 2971 1380 2994 tus
1400 2967 1521 2993 habuisse
1540 2968 1644 2993 videtur
1662 2967 1794 3000 debuerit,
1815 2969 1887 3001 quod
1902 2968 1981 2994 habet
1997 2968 2026 3001 C,
2038 2971 2064 2994 et
2078 2968 2228 2994 immediate
2242 2970 2301 3000 post

1338 3012 1366 3037 in
1381 3012 1401 3037 D
1415 3012 1462 3036 alia
1477 3018 1570 3037 manus
1583 3011 1715 3037 substituit
1725 3020 1786 3039 cum
1799 3012 1883 3039 multo
1893 3012 1993 3046 [artius
2000 3011 2100 3046 puniat
2112 3010 2298 3045 neqliyentcs).

1411 3055 1431 3070 ¹¹
1454 3056 1528 3081 Vers.
1540 3056 1617 3082 l2.et
1629 3057 1726 3083 deinde
1739 3065 1764 3082 v.
1780 3057 1869 3083 11-16.
1884 3058 1932 3083 l¹ro
1946 3056 1994 3091 qui
2006 3055 2148 3083 ostendunt
2161 3055 2180 3082 C
2190 3056 2236 3081 DF
2247 3056 2267 3081 G
2278 3055 2300 3081 Η

1341 3100 1404 3135 quia
1424 3101 1575 3128 ostendunt.

1412 3145 1433 3159 ¹²
1454 3146 1556 3171 Scilicet
1570 3145 1753 3172 interlinearis
1774 3147 1815 3178 (ex
1834 3146 1931 3178 Beda),
1951 3146 1976 3171 in
1995 3153 2048 3179 qua
2062 3152 2111 3178 pro
2123 3144 2244 3171 divi-num
2263 3144 2301 3170 iu-

1341 3189 1440 3216 dicium
1460 3191 1480 3215 11
1501 3197 1560 3216 cum
1581 3194 1649 3216 textu
1669 3191 1787 3222 originali
1808 3190 1917 3217 Domini
1935 3189 2074 3217 iudicium.

1413 3233 1435 3248 ¹⁸
1455 3234 1530 3260 vers,
1552 3235 1594 3260 20.
1608 3248 1642 3253 -
1655 3235 1784 3260 Sententia
1805 3235 1951 3266 Augustino
1970 3233 2094 3260 attributa
2113 3233 2225 3259 habetur
2237 3233 2264 3258 in
2276 3232 2301 3258 li-

1342 3278 1390 3304 bro
1411 3278 1600 3304 Sententiarum
1620 3285 1651 3304 ex
1670 3279 1815 3311 Augustino
1844 3278 2019 3304 delibutarum
2034 3285 2052 3303 a
2078 3277 2206 3310 Prospero
2225 3276 2303 3310 Aqui-

1343 3326 1403 3349 tano
1423 3323 1499 3355 (inter
1518 3330 1598 3355 opera
1618 3323 1755 3356 August.),
1774 3330 1800 3348 n.
1820 3323 1843 3348 6.
1864 3322 1916 3349 Csr.
1943 3323 2062 3354 August„
2081 3322 2198 3349 Enarrah
2217 3321 2243 3346 in
2261 3321 2303 3346 ΡΞ.

1347 3367 1403 3398 102,
1424 3368 1467 3392 21.
1485 3374 1510 3392 n.
1530 3367 1573 3392 28.
1592 3367 1641 3392 Pro
1659 3374 1711 3393 sua
1731 3367 1826 3400 linqua
1846 3367 1863 3392 F
1877 3374 1936 3393 cum
1952 3370 2021 3392 textu
2034 3366 2155 3398 originali
2167 3372 2219 3392 sua
2232 3371 2302 3396 voce,

1343 3412 1364 3437 H
1383 3417 1435 3438 sua
1455 3417 1516 3438 voce
1534 3410 1589 3437 sive
1608 3410 1712 3445 linqua.

2312 2044 2416 2067 Tertium.

2313 2150 2442 2174 Notandum.
