2476 3921
2 735 5 771 i

3 810 5 838 l
22 812 167 836 confirmatur.

78 1826 157 1848 Tertia.

775 241 968 274 COMMENT.
996 242 1032 274 IN
1055 243 1294 276 EVANGELIUM
1319 245 1436 278 LUCAE
1460 246 1492 278 C.
1518 247 1564 279 ΙΧ.

186 330 307 372 legibus
330 330 362 362 in
385 332 531 363 aeternae
566 330 647 363 vitae
678 330 910 363 resurrectione
933 330 1143 364 suscitabit».

186 384 222 417 Et
244 383 313 417 ideo
329 383 451 417 dicebat
468 383 582 416 Paulus
597 384 731 416 Actuum
748 383 897 426 vigesimo
913 384 1030 426 primo:
1054 397 1070 413 α
1083 384 1144 426 Ego

185 444 247 469 non
270 436 372 468 solum
397 435 536 478 alligari,
561 435 615 469 sed
631 439 662 468 et
676 436 757 468 mori
774 436 805 468 in
823 436 989 470 Ierusalem
1016 440 1145 478 paratus

184 498 256 522 sum
280 492 409 531 propter
431 498 546 522 nomen
570 489 693 521 Domini
710 488 780 521 Iesu
792 501 822 521 1³.
848 489 897 522 Sic
913 498 989 532 ergo
1006 490 1145 532 perdere

184 542 336 577 animam
360 551 419 584 pro
441 542 567 575 Christo
582 545 629 576 est
645 541 800 580 saioare;
816 541 893 574 velle
908 543 1062 575 animam
1077 543 1145 576 sat-

183 605 265 628 vare
287 598 334 628 est
368 604 437 630 eam
457 595 640 637 perditioni
666 604 842 637 exponere,
874 596 966 628 iuxta
996 596 1073 629 illud
1105 596 1145 629 ad

184 648 337 681 Romanos
359 649 511 682 octavo1:
541 660 556 676 «
574 648 602 680 Si
628 648 802 681 secundum
827 657 954 682 carnem
979 649 1142 689 vixeritis,

183 701 407 739 moriemini»;
432 704 463 734 et
486 701 546 734 hoc
569 705 616 734 est
642 701 816 734 maximum
841 702 1029 744 periculum.

271 755 324 787 40.
350 755 451 795 (Vers.
476 754 553 795 25).
579 754 616 787 Et
639 754 709 788 ideo
732 755 763 787 in
795 756 864 788 eius
899 756 1142 798 exaggeratione

182 807 339 850 adiungit:
366 807 455 849 Quid
477 808 565 841 enirn
592 808 729 851 proficit
751 807 879 841 homini
891 809 915 849 ²,
938 809 970 841 si
993 809 1143 842 lucretur

182 861 377 896 universum
400 861 584 900 mundum,
607 865 638 895 et
654 862 714 895 hoc
731 862 964 905 temporaliter,
980 873 1014 895 se
1031 863 1143 905 ipsum

181 918 293 948 autem
312 915 435 957 perdat
457 919 485 947 et
520 915 752 948 detrimentum
786 915 844 948 sui
865 914 998 958 faciat?
1027 920 1058 949 et
1083 917 1142 949 hoc

181 968 460 1010 sempiternaliter;
493 968 583 1011 quasi
611 968 710 1002 dicat:
743 969 837 1008 nihil,
862 969 937 1011 quia
960 969 1015 1012 qui
1040 969 1143 1011 perdit

180 1031 214 1055 se
237 1022 341 1055 omnia
364 1022 485 1064 perdit,
510 1022 579 1055 ideo
603 1031 665 1055 non
701 1022 846 1064 prodest,
871 1022 925 1056 sed
948 1023 1046 1056 obest.
1072 1023 1142 1056 ldeo

181 1073 279 1108 Iacobi
304 1075 455 1118 quinto-⁹³:
486 1088 502 1105 «
518 1072 604 1118 Agite
638 1084 741 1115 nunc,
770 1075 900 1115 divites,
930 1076 1050 1118 plorate
1074 1076 1142 1109 ulu-

180 1128 279 1161 lantes
295 1128 327 1161 in
343 1128 478 1162 miseriis
501 1128 633 1168 vestris,
657 1137 739 1171 quae
762 1128 928 1162 advenient
951 1129 1040 1162 vobis
1056 1142 1086 1161 ».
1106 1129 1141 1162 Et

179 1181 259 1214 ratio
282 1181 379 1214 huius
402 1184 467 1221 est,
491 1181 583 1224 quia,
607 1181 689 1215 sicut
712 1181 787 1214 dicit
810 1182 1003 1224 Augustinus
1027 1182 1058 1215 in
1074 1191 1141 1215 ser-

179 1243 272 1268 mone
295 1234 334 1268 de
357 1235 578 1268 Innocentibus
589 1235 613 1274 ⁴,
643 1248 658 1264 ει
675 1244 768 1268 nemo
792 1235 887 1268 habet
915 1235 1068 1268 iniustum
1093 1235 1140 1268 lu-

179 1297 268 1321 crum
293 1288 360 1321 sine
384 1288 467 1321 iusto
497 1288 628 1327 damno,
653 1288 779 1321 lucrum
803 1288 834 1320 in
866 1297 957 1327 arca,
989 1288 1139 1320 damnum

179 1341 210 1374 in
234 1341 441 1380 conscientia,
466 1341 539 1374 tulit
562 1344 680 1374 vestem
697 1344 728 1373 et
752 1341 887 1383 perdidit
902 1341 1014 1380 fidem,
1031 1341 1139 1383 acqui-

178 1394 220 1427 rit
243 1394 408 1436 pecuniam
431 1397 463 1427 et
486 1394 622 1436 perdidit
645 1394 796 1427 iustitiam
815 1407 845 1433 »,
870 1397 901 1426 et
925 1394 968 1427 sic
985 1403 1041 1436 per
1065 1403 1139 1427 con-

178 1456 313 1489 sequens
336 1447 472 1480 animam
498 1456 597 1480 suam.
615 1447 701 1480 Unde
725 1447 905 1480 Isidorus⁵:
928 1460 943 1475 «
957 1447 986 1479 Si
1005 1447 1138 1480 haberes

178 1500 362 1542 sapientiam
386 1500 571 1539 Salomonis,
596 1500 620 1533 si
646 1500 892 1542 pulcritudinem
916 1500 1087 1540 Absalonis,
1112 1501 1137 1534 si

177 1553 393 1587 fortitudinem
418 1554 592 1593 Samsonis,
617 1554 641 1587 si
675 1554 915 1596 longaevitatem
943 1554 1087 1593 Henoch,
1112 1554 1137 1587 si

177 1606 301 1640 divitias
331 1610 363 1640 et
390 1610 576 1650 potestatem
611 1607 789 1647 Octaviani3
814 1607 891 1650 quid
914 1607 1043 1650 prodest
1066 1608 1137 1647 tibi,

177 1661 202 1693 si
226 1661 351 1694 tandem
375 1669 449 1694 caro
472 1661 566 1694 datur
597 1661 774 1700 vermibus,
798 1661 903 1694 anima
933 1661 1138 1694 daemonibus

176 1723 248 1747 cum
272 1714 368 1748 divite
390 1714 559 1747 crucianda
582 1714 649 1747 sine
672 1715 782 1748 sinen?

265 1768 318 1800 lii.
345 1768 446 1809 (Vers.
471 1768 548 1809 26.).
573 1768 679 1800 Tertio
702 1767 813 1800 invitat
841 1768 880 1801 ad
904 1769 1009 1802 crucis
1032 1772 1138 1810 porta-

177 1821 294 1853 tionem
318 1820 565 1854 consideratione
580 1819 695 1863 futuri
714 1821 852 1860 iudicii,
869 1830 942 1854 cum
965 1822 1023 1854 ait:
1048 1821 1137 1854 Nam

177 1873 237 1917 qui
250 1883 301 1906 me
317 1873 502 1912 erubuerit,
520 1873 638 1907 scilicet
652 1874 786 1913 imitari,
803 1879 833 1907 et
847 1884 936 1907 meos
951 1884 1136 1914 sermones,

176 1926 294 1960 scilicet
317 1926 477 1965 confiteri,
507 1927 734 1960 contemnendo
756 1927 872 1960 Christi
908 1936 1036 1961 crucem
1069 1931 1137 1961 tan-

176 1989 271 2023 quam
289 1980 526 2023 ignominiosam
538 2006 546 2019 ,
563 1982 594 2013 et
609 1980 704 2013 etiam
720 1980 893 2014 doctrinam
912 1981 980 2014 eius
996 1990 1037 2014 ex
1055 1982 1137 2014 mala

176 2033 410 2073 erubescentia,
434 2033 473 2067 de
504 2043 567 2076 qua
590 2034 705 2067 dicitur
741 2034 945 2067 Ecclesiastici
978 2035 1135 2077 quartoss:

182 2099 198 2116 α
215 2087 274 2120 Pro
297 2088 401 2120 anima
424 2090 479 2120 tua
502 2097 565 2120 non
589 2087 791 2121 confundaris
814 2088 918 2121 dicere
935 2097 1065 2127 verum;
1090 2092 1137 2121 est

176 2140 259 2173 enim
284 2141 426 2174 confusio
457 2141 617 2174 adducens
651 2145 832 2183 peccatum,
858 2145 889 2174 et
924 2145 972 2175 est
995 2142 1137 2175 confusio

176 2193 334 2227 adducens
357 2194 490 2237 gratiam
514 2197 545 2228 et
560 2195 693 2237 gloriam
706 2209 736 2227 n.
754 2195 786 2227 In
803 2204 867 2237 quo
883 2195 937 2228 dat
952 2196 1136 2238 intelligere,

176 2246 261 2289 quod
295 2256 358 2280 non
393 2247 544 2281 debemus
579 2248 767 2281 erubescere
801 2249 965 2282 veritatem
1001 2249 1136 2289 Christi,

176 2300 323 2342 exemplo
347 2300 499 2342 Apostoli,
524 2301 578 2344 qui
602 2301 725 2334 dicebat
748 2301 787 2334 ad
811 2302 965 2335 Romanos
989 2303 1135 2344 primo⁷:

181 2364 198 2381 α
209 2352 275 2385 Nou
287 2353 441 2386 erubesco
457 2354 658 2396 Evangelium
669 2366 677 2393 ;
690 2354 793 2387 virtus
809 2355 891 2387 enim
908 2355 963 2388 Dei
980 2359 1027 2388 est
1040 2369 1055 2385 ι»
1076 2360 1135 2389 etc.

177 2405 235 2438 Sed
259 2406 447 2439 erubescere
471 2407 621 2440 debemus
645 2407 795 2441 vilitatem
820 2408 954 2450 peccati,
981 2409 1073 2442 iuxta
1100 2409 1136 2441 il-

177 2457 231 2491 lud
255 2458 293 2490 ad
317 2459 470 2492 Romanos
502 2462 609 2493 sexto:
640 2472 655 2488 «
672 2460 770 2502 Quem
793 2460 934 2494 fructum
966 2462 1135 2501 habuistis,

176 2510 207 2543 in
233 2510 350 2553 quibus
374 2520 459 2544 nunc
489 2513 675 2545 erubescitis
693 2516 730 2545 »ζ’
755 2513 814 2546 Sed
844 2514 935 2546 multi
964 2524 1025 2547 non
1063 2524 1136 2548 cru-

176 2563 309 2597 bescunt
337 2564 455 2606 peccati
485 2564 733 2605 deformitatem,
764 2566 803 2599 de
839 2567 956 2609 quibus
988 2567 1135 2601 Ieremiae

176 2616 329 2650 octavoss:
359 2617 514 2651 «Confusi
546 2622 637 2657 sunt,
663 2619 738 2661 quia
761 2619 1023 2653 abominationem
1056 2621 1136 2654 fece-

248 2782 257 2796 ¹
278 2783 353 2809 Vers.
367 2784 410 2809 13.
423 2784 575 2810 —lnserius
597 2791 646 2817 pro
665 2784 819 2812 moa-imum
836 2785 990 2819 periculum
1009 2787 1028 2814 C
1049 2790 1133 2815 eaetre-

175 2833 253 2853 mum
270 2826 432 2860 periculum.

247 2869 258 2884 ²
280 2872 388 2903 Vulgata
408 2871 505 2905 ltom0‚·
523 2873 570 2898 sed
589 2874 707 2905 (Ji-egon,
725 2875 753 2900 ll.
772 2875 865 2901 llomil.
885 2875 908 2900 in
929 2876 1030 2908 Evang.
1045 2877 1134 2903 homil.

178 2914 227 2946 32,
246 2914 430 2947 Gai-d.}1ug0‚
457 2917 485 2941 13.
511 2916 609 2943 Albert.
637 2922 662 2944 et
686 2919 803 2950 Lyranus
829 2919 939 2946 homini.
966 2920 1016 2946 Csr.
1047 2921 1134 2947 Matth.

179 2959 226 2991 16,
246 2959 288 2984 26.

248 3001 259 3017 ⁸
280 3004 352 3030 Vers.
379 3005 397 3030 Ι.

248 3046 259 3062 ⁴
278 3048 352 3074 Nunc
370 3049 396 3074 in
415 3050 561 3081 appendice
580 3052 664 3077 Serm.
691 3053 749 3078 220.
779 3052 853 3085 (alias
880 3060 906 3079 n.
925 3053 968 3079 72.
990 3054 1014 3079 in
1035 3062 1134 3087 appen-

177 3092 236 3118 dice
255 3095 280 3118 ἐι
298 3092 359 3118 olim
381 3093 421 3118 40.
441 3094 475 3119 de
495 3095 604 3128 Sanctis)
624 3102 650 3121 n.
670 3097 698 3128 2,
719 3095 764 3122 ubi
784 3100 866 3123 textus
884 3098 1017 3130 originalis
1030 3099 1056 3124 in
1070 3099 1133 3125 flue:

177 3136 255 3162 Tollit
283 3140 382 3163 vestem
411 3141 436 3163 et
461 3138 546 3169 perdit
570 3139 664 3172 fldem,
692 3140 804 3173 acquirit
832 3142 970 3173 pecuniam
995 3146 1020 3168 et
1048 3144 1135 3175 perdit

178 3180 312 3206 iustitiam.
333 3180 385 3207 Csr.
407 3183 489 3207 Serm.
509 3182 535 3208 8.
557 3190 579 3208 e.
598 3183 624 3209 7.
644 3191 669 3209 n.
688 3185 713 3210 8.

249 3223 259 3238 ⁶
279 3226 350 3259 lianc
369 3226 522 3252 sententiam
542 3227 619 3253 etiam
638 3227 714 3255 Cnrd.
744 3230 821 3262 Hugo
840 3232 866 3256 et
884 3230 1017 3257 Gorranus
1036 3232 1134 3258 isidoro

177 3268 295 3295 tribuunt
314 3269 372 3303 (sed
386 3270 430 3296 ubi
444 3269 593 3304 habetur-i),
612 3275 637 3298 et
650 3273 674 3298 in
688 3280 718 3299 eu
732 3277 792 3306 post
803 3273 829 3301 si
840 3273 947 3301 divitias
965 3275 1042 3302 card.
1056 3277 1134 3309 Hugo

177 3313 251 3339 addit
269 3313 369 3346 Auchi,
388 3315 522 3342 Gorranus
535 3315 633 3343 Croesi.
652 3316 704 3344 Cir.
723 3317 883 3345 Christianus
902 3320 1089 3353 Druthmarus,
1109 3322 1134 3348 in

179 3358 265 3384 Muttli.
290 3360 334 3390 16,
353 3360 394 3385 26.
416 3360 526 3394 (Migne,
546 3361 674 3394 patrolog.
694 3363 747 3389 Lat.
767 3366 783 3389 t.
805 3364 865 3390 106.
883 3365 931 3390 col.
955 3364 1051 3404 1400).

249 3400 261 3416 θ
281 3403 354 3429 Vers.
374 3403 415 3429 24.
435 3411 490 3438 seq.

2105 254 2168 285 :229

1209 336 1301 371 runt,
1327 334 1502 375 quinimmo
1526 336 1707 370 confusione
1724 347 1785 370 non
1803 343 1876 371 sunt
1897 340 2016 373 confusi
2040 345 2071 373 et
2095 350 2168 373 eru-

1208 385 1337 419 bescere
1371 387 1552 421 nescierunt
1568 401 1599 427 »3
1631 393 1662 422 et
1692 391 1823 424 iterum:
1860 405 1875 419 α
1895 393 1991 426 Frons
2028 394 2169 427 mulieris

1208 439 1385 472 meretricis
1408 440 1489 473 sacta
1516 445 1562 474 est
1590 442 1672 474 tibi»
1695 448 1753 476 etc.
1780 445 1861 477 Talis
1886 447 2044 478 erubescit
2066 447 2168 479 humi-

1209 491 1327 525 litatem
1352 492 1477 526 Christi.
1495 512 1538 517 —
1557 495 1592 526 Et
1618 495 1656 528 de
1678 497 1737 529 hoc
1765 497 1919 539 adiungit:
1938 499 2035 531 Hunc
2061 500 2168 532 Filius·

1209 543 1352 578 hominis
1375 546 1554 585 erubescet,
1580 548 1610 580 id
1634 552 1695 587 est,
1724 550 1961 583 erubescentem
1987 553 2095 590 facim,
2122 554 2168 585 vel

1209 597 1290 629 sicut
1313 598 1564 632 erubescendum
1589 601 1713 634 abiiciet
1745 602 1828 634 iusto
1857 612 1915 635 suo
1948 604 2079 642 iudicio,
2105 614 2167 646 quo

1207 649 1324 683 dicitur
1348 651 1441 692 primi
1470 653 1587 694 Regum
1624 655 1761 687 secundo
1782 655 1811 686 ⁹:
1843 656 1929 697 «Qui
1961 666 2009 688 me
2042 657 2168 689 lionori-

1208 702 1366 744 ficaverit,
1392 705 1606 739 honorificabo
1637 716 1724 746 eum;
1755 709 1808 750 qui
1834 713 1938 742 autem
1964 714 2168 743 contemnunt

1207 765 1257 789 me
1281 762 1377 790 erunt
1401 758 1596 801 ignobiles»,
1627 765 1658 793 et
1686 762 1745 794 hoc
1769 762 1800 794 in
1825 762 1875 795 die
1908 763 2023 795 iudicii.
2060 782 2099 787 —
2135 764 2168 795 Et

1207 809 1277 843 ideo
1304 811 1484 854 subiungit:
1520 813 1603 846 Cum
1634 815 1759 847 venerit
1791 816 1826 847 in
1858 816 2027 849 maiestate
2050 827 2115 849 sua
2140 821 2168 849 et

1207 864 1325 897 Patris
1349 869 1377 897 et
1403 870 1600 899 sanctorum
1617 867 1837 910 Anyelorurm
1855 869 1884 901 in
1910 879 1974 912 quo
2002 871 2099 912 tangit
2120 871 2167 903 iu-

1206 917 1367 950 diciariam
1397 922 1582 960 potestatem
1614 925 1769 962 quantum
1794 922 1832 954 ad
1853 923 2063 965 principium
2088 933 2167 956 euu-

1206 970 1353 1003 salitatis
1368 971 1399 1004 in
1426 972 1529 1011 Patre,
1555 978 1709 1015 quantum
1727 975 1766 1007 ad
1783 976 2000 1019 privileyium
2016 977 2168 1009 euellen—

1207 1024 1273 1057 tiae
1297 1025 1327 1057 in
1352 1034 1386 1058 se
1409 1029 1441 1058 et
1464 1030 1618 1068 quantum
1650 1027 1689 1060 ad
1721 1029 1945 1062 ministerium
1970 1030 2168 1063 obedienciae

1206 1077 1237 1110 in
1261 1079 1451 1121 Angelorum
1483 1080 1694 1114 multitudine.
1732 1083 1817 1115 Unde
1849 1084 1992 1116 Matthaei
2020 1084 2167 1126 vigesimo

1206 1134 1320 1172 quarto
1335 1132 1377 1163 1⁰:
1407 1146 1422 1160 α
1440 1133 1527 1165 Tunc
1551 1131 1714 1176 apparebit
1738 1136 1862 1177 signum
1887 1137 1950 1168 Filii
1978 1137 2111 1170 hominis
2136 1137 2165 1169 in

1205 1184 1304 1223 caelo,
1329 1188 1360 1217 et
1385 1189 1460 1218 tunc
1484 1187 1632 1229 plangent
1647 1197 1757 1221 omnes
1775 1189 1876 1222 tribus
1902 1193 2004 1223 terrae
2028 1194 2058 1223 et
2084 1190 2166 1222 vid-:-

1204 1236 1285 1270 bunt
1310 1238 1419 1271 Filium
1445 1239 1580 1273 hominis
1597 1254 1612 1270 »
1641 1245 1718 1280 etc.;
1751 1246 1782 1274 et
1814 1242 1908 1275 lsaiae
1934 1243 2043 1276 tertio:
2074 1257 2088 1271 α
2107 1244 2166 1276 Do—

1205 1291 1311 1324 minus
1327 1292 1365 1324 ad
1382 1292 1533 1325 iudicium
1551 1294 1654 1326 veniet
1670 1303 1742 1327 cum
1755 1296 1932 1329 senioribus
1949 1297 2054 1338 populi
2073 1297 2120 1329 sui
2135 1312 2164 1328 ».

1204 1344 1235 1376 ln
1261 1344 1321 1377 hoc
1344 1344 1460 1377 iudicio
1494 1346 1727 1379 confundentur
1751 1349 1898 1390 superbi,
1924 1352 1954 1381 et
1978 1350 2164 1382 exaltabun-

1203 1401 1256 1430 tur
1281 1398 1434 1437 humiles,
1460 1399 1632 1432 secundum
1651 1400 1728 1433 illud
1745 1401 1854 1434 Psalmi
1871 1403 1913 1433 ¹¹:
1937 1415 1953 1430 «
1969 1402 2081 1435 Omnia
2098 1412 2165 1436 cor—

1203 1460 1267 1483 nua
1290 1454 1491 1493 peccatorum
1515 1453 1726 1495 confringam,
1752 1457 1783 1487 et
1798 1455 2025 1489 exaltabuntur
2047 1466 2166 1489 cornua

1202 1504 1276 1536 iusti
1293 1517 1324 1536 ».

1292 1557 1345 1590 42.
1360 1558 1462 1599 (Vers.
1477 1560 1553 1599 27.).
1572 1560 1691 1601 Quarto
1709 1560 1817 1593 invitat
1833 1562 1872 1594 ad
1885 1562 2164 1596 considerationem

1202 1610 1311 1643 divini
1333 1612 1447 1654 reyni,
1472 1613 1557 1655 quod
1589 1614 1655 1646 suis
1679 1614 1891 1648 imitatoribus
1915 1616 2068 1655 ostendit,
2093 1626 2164 1649 cum

1203 1664 1326 1697 subdit:
1353 1665 1433 1698 Dico
1468 1671 1580 1699 autem
1611 1667 1702 1699 vobis
1730 1678 1822 1701 vere:
1860 1669 1946 1701 Sunt
1976 1669 2083 1713 aliqui
2113 1668 2166 1702 hie

1202 1722 1345 1757 stantes,
1364 1728 1420 1760 per
1437 1720 1551 1752 mentis
1571 1721 1775 1760 erectionem,
1796 1722 1969 1755 secundum
1991 1723 2067 1755 illud
2084 1723 2165 1755 Psal-

1202 1771 1245 1803 mi
1260 1772 1304 1803 12:
1334 1785 1349 1800 «
1366 1773 1489 1805 Stantes
1505 1777 1595 1805 erant
1611 1774 1705 1815 pedes
1721 1775 1818 1807 nostri
1837 1775 1867 1807 in
1885 1776 1973 1808 atriis
1991 1776 2062 1815 tuis,
2082 1776 2166 1808 leru—

1203 1825 1298 1857 salem
1316 1838 1348 1857 ».
1373 1845 1417 1849 —
1440 1826 1568 1860 Talibus
1583 1827 1676 1860 debet
1691 1829 1812 1861 ostendi
1837 1838 1983 1871 regnum,
2001 1834 2036 1862 ut
2053 1839 2164 1862 eorum

1202 1879 1398 1920 compleatur
1421 1879 1628 1919 desiderium;
1653 1881 1722 1913 ideo
1745 1882 1845 1914 addit:
1871 1883 1938 1923 Qui
1959 1893 2025 1916 <non
2048 1888 2165 1926 ynsta-

1203 1930 1283 1963 bunt
1306 1936 1464 1970 mortem,
1489 1941 1530 1965 ex
1561 1933 1683 1966 animae
1718 1937 1749 1967 et
1784 1936 1925 1977 corporis
1949 1937 2163 1978 separatione3

1202 1984 1302 2016 donec
1325 1984 1457 2017 videant
1482 1995 1622 2028 reynum
1648 1987 1725 2025 Dei,
1747 1997 1806 2029 -per
1839 1989 2076 2028 revelationem,
2102 1999 2163 2022 non

1201 2046 1258 2079 per
1281 2042 1421 2079 apertam
1447 2038 1608 2072 visionem.
1634 2040 1709 2072 Nam
1734 2041 1852 2073 dictum
1877 2046 1924 2074 est
1947 2043 2041 2084 Moysi
2065 2043 2163 2075 Exodi

1201 2091 1363 2133 trigesimo
1379 2092 1472 2124 tertio
1487 2092 1529 2124 ¹⁸:
1553 2105 1569 2121 «
1585 2093 1650 2125 Non
1668 2093 1784 2126 videbit
1799 2103 1850 2127 me
1867 2095 1971 2133 homo,
1988 2100 2019 2128 et
2036 2096 2160 2128 vivet».

1201 2144 1260 2177 Sed
1285 2144 1343 2177 hoc
1373 2144 1491 2177 dictum
1524 2149 1572 2178 est
1595 2155 1651 2188 per
1685 2146 1824 2189 aliquam
1853 2148 2017 2189 specialem
2044 2149 2162 2182 revela-

1200 2198 1335 2237 tionem,
1360 2208 1424 2241 qua
1446 2198 1564 2232 dictum
1588 2203 1635 2232 est
1659 2200 1772 2242 Moysi:
1802 2214 1818 2229 «
1835 2201 1897 2243 Ego
1921 2202 2080 2235 ostendam
2107 2203 2160 2236 tibi

1200 2260 1294 2284 omne
1318 2251 1435 2285 bonum
1453 2266 1482 2284 ».
1509 2253 1541 2285 ln
1565 2262 1629 2295 quo
1652 2253 1745 2286 datur
1770 2254 1917 2297 intelligi,
1943 2256 2026 2298 quod
2045 2260 2163 2289 stantes

1200 2304 1231 2337 in
1255 2314 1402 2338 sermone
1418 2305 1533 2339 Christi
1551 2316 1613 2339 non
1629 2307 1803 2349 gustabunt
1818 2312 1971 2348 mortem,
1989 2309 2042 2342 sed
2061 2313 2162 2343 traus-

1199 2357 1291 2391 ibunt
1306 2358 1345 2391 ad
1362 2359 1475 2399 vitam,
1492 2360 1665 2393 secundum
1682 2361 1759 2393 illud
1775 2361 1898 2395 Ioannis
1914 2366 2024 2396 octavo
2039 2364 2078 2395 ¹⁴:
2103 2377 2117 2391 «
2131 2364 2160 2396 Si

1199 2410 1272 2452 quis
1295 2420 1473 2445 sermonem
1506 2422 1611 2446 meum
1644 2415 1834 2453 servaverit,
1859 2420 1992 2449 mortem
2019 2426 2080 2448 uon
2104 2426 2161 2458 gu-

1200 2464 1294 2496 stabit
1324 2464 1356 2496 in
1386 2468 1550 2498 aeternum
1568 2480 1597 2498 ».
1623 2486 1667 2490 —
1692 2467 1736 2499 Ex
1765 2477 1828 2510 quo
1853 2478 1927 2511 ergo
1951 2469 2096 2503 Christus
2129 2479 2161 2503 se

1200 2525 1256 2558 per
1280 2526 1408 2551 crucem
1432 2519 1629 2553 imitantibus
1652 2521 1807 2563 promittit
1823 2526 1945 2555 tantum
1970 2523 2160 2565 praemium,

1200 2570 1410 2603 comminatur
1434 2576 1497 2604 tam
1523 2582 1670 2606 severum
1695 2574 1864 2615 iudicium,
1889 2576 2065 2618 praetendit
2095 2581 2162 2609 tau-

1201 2626 1268 2654 tum
1293 2624 1489 2665 periculum,
1513 2626 1648 2659 ostendit
1680 2631 1803 2660 tantum
1835 2629 2036 2671 exemplum;
2073 2630 2161 2662 valde

1269 2787 1278 2802 ⁷
1300 2790 1374 2815 Vers.
1398 2791 1443 2821 16,
1463 2790 1508 2816 ubi
1528 2794 1588 2823 post
1606 2791 1785 2825 Evanyelium
1805 2793 1916 2827 ACDH
1931 2794 2031 2820 addunt
2052 2794 2160 2821 Clu-[sn.

1197 2848 1233 2853 —
1252 2834 1375 2867 Sequitur
1395 2835 1471 2861 Rom.
1491 2836 1520 2867 G,
1541 2837 1582 2861 21.

1269 2877 1280 2892 ⁸
1302 2879 1375 2905 Vers.
1399 2881 1442 2911 12,
1463 2880 1505 2905 cui
1524 2880 1693 2913 subiungitur
1713 2882 1745 2912 3,
1763 2883 1787 2907 3.
1992 2881 2003 2896 ⁹
2023 2884 2096 2909 Vers.
2118 2884 2158 2909 30Δ

1270 2922 1292 2937 ¹⁰
1313 2924 1385 2949 Vers.
1405 2924 1448 2950 30.
1461 2924 1622 2951 ——Subiudc
1641 2926 1767 2957 allegatur
1787 2927 1842 2952 lsai.
1863 2927 1892 2958 3,
1917 2927 1954 2952 14.
1967 2926 2020 2953 Cir.
2033 2928 2074 2953 lv.
2090 2929 2157 2953 Seni.

1198 2968 1224 2993 d.
1246 2967 1287 2994 47.
1306 2975 1329 2993 a.
1355 2970 1374 2993 1.
1394 2976 1441 3000 per
1461 2972 1559 3000 totum,
1579 2973 1605 2995 et
1624 2970 1650 2996 d.
1670 2970 1711 2995 48.
1732 2977 1754 2996 a.
1777 2971 1798 2996 1.
1819 2979 1843 3004 q.
1870 2972 1889 2996 1.
1910 2979 1983 3004 seqq.

1270 3011 1291 3027 ¹¹
1312 3013 1405 3038 Psalm.
1425 3013 1474 3044 74,
1496 3014 1537 3039 11.

1270 3055 1292 3070 ¹²
1312 3058 1405 3083 Psalm.
1417 3058 1461 3083 121
1474 3079 1480 3091 ,
1493 3060 1516 3084 2.
1527 3072 1563 3078 -
1573 3059 1700 3091 Superius
1711 3066 1759 3092 pro
1772 3059 1809 3085 ud
1820 3059 2060 3087 considerationem
2075 3060 2159 3087 dicim·

1198 3101 1278 3135 reyni
1295 3102 1316 3127 H
1336 3101 1385 3128 hoc
1404 3102 1473 3129 idem
1492 3110 1527 3129 ecc
1546 3103 1758 3130 consideratione
1776 3104 1867 3137 futuri
1884 3105 1964 3138 requi
1983 3104 2074 3132 ιίίυίιιὶ,
2100 3105 2156 3130 Υοῑ.

1197 3145 1235 3172 ad
1252 3152 1361 3173 crucem
1379 3146 1592 3174 consideratione
1611 3147 1730 3175 caelestis
1749 3148 1835 3182 reyni.

1271 3188 1293 3204 ¹³
1313 3191 1387 3217 Vei—s.
1408 3192 1455 3224 20,
1475 3192 1594 3224 sequitur
1613 3200 1637 3217 v.
1660 3193 1700 3217 19.

1270 3233 1293 3248 ¹⁴
1313 3235 1387 3261 Vers.
1406 3235 1449 3261 51.
1462 3249 1497 3255 -
1515 3236 1604 3261 Glossa
1625 3236 1767 3262 ordinaria
1789 3237 1945 3269 (secuudum
1960 3237 2090 3269 Ambros„
2105 3238 2156 3264 vn.

1200 3279 1224 3304 in
1243 3279 1306 3305 Luc.
1325 3286 1349 3305 n.
1371 3279 1407 3312 2.)
1428 3279 1453 3305 in
1472 3281 1533 3306 Luc.
1548 3281 1576 3311 9,
1597 3281 1645 3306 27:
1666 3281 1715 3313 Qui
1735 3284 1784 3307 stat
1803 3288 1864 3307 cum
1883 3281 1985 3308 Christo
1999 3290 2050 3308 non
2071 3287 2155 3314 gustui

1198 3325 1319 3354 mortem,
1333 3323 1394 3356 quia
1409 3331 1456 3350 nec
1474 3327 1580 3350 tenuem
1600 3325 1831 3351 mortis-aeternae
1849 3333 1957 3352 sensum
1985 3326 2092 3352 habebit
2111 3327 2155 3359 qui

1198 3367 1292 3393 Christi
1312 3369 1442 3394 consortia
1462 3369 1594 3401 meruerit,
1607 3369 1648 3395 cui
1664 3376 1711 3395 uec
1725 3369 1749 3395 in
1763 3373 1847 3395 morte
1871 3370 2071 3402 interrumpitur
2090 3371 2155 3396 ordo

1198 3412 1315 3437 vivendi.

2188 773 2319 795 Notandum.

2185 1570 2270 1596 Quarta.

2184 2475 2312 2497 Notandum.
