2476 3921
26 335 55 357 De
67 333 87 355 2.
102 334 158 354 actu.

22 912 51 934 De
65 911 84 933 3.
101 913 157 933 actu.

8 1395 10 1406 <
19 1386 49 1409 De
63 1386 82 1422 ¹?-
99 1388 155 1409 actu.

22 2020 149 2044 Notandum.

47 2457 156 2485 Secundo,

2 2484 128 2521 ‹promittitg
128 2486 158 2508 lo-

2 2509 68 2532 riam.

763 232 956 266 COMMENT.
982 233 1018 266 ΙΝ
1044 233 1280 266 EVANGELlUM
1305 235 1421 267 LUCAE
1445 236 1477 268 C
1503 237 1550 268 Vl

179 323 389 358 iudicabimini
407 336 437 356 n.
455 342 499 348 —
513 323 549 356 Et
565 322 640 365 quia
662 331 724 355 non
748 321 892 363 iutelligit
914 321 953 354 de
976 330 1130 364 quocum-

174 387 236 422 que
251 377 381 417 iudicio,
405 377 459 410 sed
482 376 521 409 de
543 384 581 408 eo
603 374 688 417 quod
711 384 729 407 a
753 374 867 416 pietate
890 373 993 406 deviat
1009 374 1041 406 in
1057 383 1131 406 cru-

173 431 348 469 delitaten1;
366 430 435 463 ideo
450 428 608 471 adiungit:
633 427 738 460 Nolite
761 427 999 464 condemnare,
1015 429 1045 458 et
1063 435 1130 458 non

174 483 475 518 condemnabimini
482 494 494 520 ‚·
516 481 555 514 ad
585 482 739 514 Romanos
762 479 900 513 secundo
914 480 943 511 ¹:
972 491 987 508 α
1005 479 1037 512 ln
1066 488 1131 521 quo

174 538 308 571 alterum
333 536 470 574 iudicas,
495 538 525 568 te
547 534 652 577 ipsum
675 533 908 572 condemnas»,
931 533 1024 576 quia,
1048 533 1130 566 sicut

175 590 290 624 dicitur
314 588 555 622 proverbiorum
571 587 693 620 decimo
710 586 841 628 septimo
852 612 860 625 ,
890 598 905 614 α
922 589 953 618 et
968 585 1023 628 qui
1040 585 1130 618 iusti-

173 644 245 677 ficat
268 642 417 685 impium,
441 644 473 674 et
489 641 543 683 qui
560 640 746 673 condemnat
769 640 906 678 iustum,
930 642 1067 681 uterque
1083 641 1130 671 est

172 696 389 730 abominabilis
403 694 487 737 apud
503 695 602 727 Deum
618 707 649 725 ».
667 711 709 717 —-
724 693 809 726 Unde
825 696 952 725 revocat
973 702 992 724 a
1015 691 1130 724 iudicio

172 749 345 792 iniquitatis
368 751 399 781 et
429 748 576 780 hortatur
606 746 643 779 ad
669 746 857 779 beneficium
880 745 1021 787 pietatis,
1045 744 1130 786 quod

172 802 312 836 consistit
335 801 367 834 in
390 800 581 833 dimittendo
608 802 640 833 et
666 799 794 831 dando.-
819 799 850 831 iu
875 797 1060 831 dimittendo
1083 798 1130 829 in—

172 856 286 889 iuriam
310 858 341 888 et
363 855 394 887 in
417 853 519 886 dando
543 852 770 895 indulgentias,
802 852 851 885 vel
883 851 914 884 in
945 851 1130 884 dimittendo

172 909 253 942 mala
268 907 433 941 commissa
448 910 479 940 et
502 907 533 939 in
549 905 651 939 dando
674 906 755 938 bona
778 913 934 937 concessa.
960 922 1001 928 —
1025 904 1130 945 Quan-

173 965 239 995 tum
264 961 302 994 ad
326 960 548 994 dimissionem
574 956 743 992 malorum
770 958 929 1000 adiungit:
957 957 1129 996 Dimittite,

171 1020 201 1048 et
222 1015 404 1048 dimittetur
426 1013 516 1046 vobis
530 1012 552 1045 ².
577 1012 719 1054 Alioquin
744 1021 806 1044 non
824 1011 994 1044 salubriter
1017 1010 1129 1048 oratis,

172 1067 316 1101 Matthaei
341 1070 449 1100 sexto:
479 1079 495 1095 «
510 1065 637 1098 Dimitte
658 1064 747 1097 nobis
763 1063 867 1097 debita
883 1067 991 1097 nostra
1007 1076 1022 1092 »
1051 1066 1128 1102 etc.;

172 1124 203 1154 et
227 1123 313 1163 post:
343 1133 358 1148 α
376 1119 492 1152 Sinon
523 1118 704 1151 dimiseritis
738 1117 934 1156 hominibus,
958 1125 1016 1149 nec
1040 1116 1130 1148 Pater

172 1177 276 1207 vester
299 1173 435 1206 dimittet
451 1172 539 1206 vobis
555 1175 682 1214 peccata
707 1174 852 1204 vestra».
870 1170 956 1203 Unde
981 1169 1130 1202 Ecclesia-

171 1227 239 1261 stici
264 1226 413 1268 vigesimo
436 1229 563 1258 octavo:
586 1238 601 1253 «
619 1224 769 1266 Relinque
786 1223 933 1265 proximo
949 1222 1072 1255 nocenti
1089 1225 1129 1261 te,

170 1283 201 1313 et
225 1283 300 1312 tunc
323 1278 503 1321 deprecanti
529 1278 582 1310 tibi
608 1280 734 1319 peccata
758 1280 813 1309 tua
837 1276 999 1309 solventur
1016 1289 1045 1307 ».

259 1334 311 1366 88.
336 1333 437 1374 (Vers.
462 1332 538 1372 38.).
562 1331 722 1372 Quantum
745 1329 783 1362 ad
808 1329 1011 1362 collationem
1033 1328 1129 1360 bono-

171 1396 250 1420 rum
274 1385 438 1419 subditur:
463 1385 563 1422 Date,
588 1387 617 1416 et
648 1383 784 1415 dabitur
814 1380 923 1420 vobi-9,
948 1382 1065 1414 scilicet
1097 1381 1128 1414 in

171 1440 302 1479 iudicio,
327 1439 358 1471 in
383 1448 446 1481 quo
469 1438 591 1470 dicetur
616 1436 692 1469 illud
718 1435 959 1468 Proverbiorum
976 1434 1127 1467 ultimo³z

175 1506 191 1523 α
207 1494 284 1526 Date
308 1483 358 1525 ilti‘
375 1492 413 1524 de
437 1491 542 1524 fructu
572 1498 724 1522 manuum
748 1497 879 1522 suarum
897 1502 912 1517 υ
941 1491 1011 1527 etc„
1036 1488 1128 1530 quia,

171 1546 314 1580 Matthaei
332 1545 481 1588 vigesimo
496 1544 624 1586 quinto,
646 1556 662 1571 «
678 1542 804 1575 habenti
821 1542 966 1581 dabitur,
983 1545 1014 1575 et
1029 1542 1130 1574 abun-

171 1600 302 1633 dabit».
328 1599 381 1631 Illa
404 1598 487 1631 enim
511 1597 576 1630 sola
600 1596 695 1629 homo
718 1604 825 1628 secum
843 1595 955 1634 habet,
973 1604 1054 1637 quae
1071 1603 1129 1636 pro

171 1653 235 1686 Deo
258 1651 358 1690 dedit,
391 1650 565 1684 secundum
596 1649 673 1682 illud
706 1648 908 1682 Ecclesiastici
937 1648 1057 1681 decimo
1081 1656 1129 1680 se-

172 1705 312 1748 ptim04:
342 1717 358 1733 (ι
375 1704 575 1744 Eleemosyna
599 1702 657 1735 viri
682 1702 772 1744 quasi
789 1701 934 1734 sacculus
950 1710 1022 1734 cum
1046 1701 1128 1743 ips0,

170 1761 202 1792 et
224 1758 355 1800 gratiam
389 1756 525 1789 hominis
557 1755 646 1798 quasi
676 1755 828 1798 pupillam
859 1755 1075 1794 conservabit,
1100 1759 1131 1787 et

172 1814 277 1853 postea
301 1813 445 1851 resurget
468 1813 499 1842 et
523 1808 720 1841 retribuet».
741 1808 775 1840 Et
798 1807 867 1840 ideo
884 1808 943 1841 hoc
966 1807 1130 1840 attendens

172 1865 331 1897 Zachaeus
353 1862 492 1901 dicebat,
517 1861 599 1894 infra
614 1861 734 1894 decimo
758 1870 858 1894 nono:
889 1874 903 1889 «
921 1861 1015 1900 Ecce,
1039 1860 1129 1893 dimi-

171 1916 268 1950 dium‘
282 1917 437 1949 bonorum
461 1924 604 1948 meorum
633 1915 673 1948 do
697 1915 891 1957 pauperibus
907 1927 938 1946 ».
1127 1940 1130 1942 μ

258 1970 292 2002 ln
316 1978 439 2002 summa
462 1971 535 2001 nota
559 1968 628 2008 hic,
657 1967 742 2010 quod
764 1977 826 2000 non
856 1967 1043 2009 prohibetur
1078 1967 1130 1999 hic

170 2023 321 2056 iudicium
337 2022 576 2065 quodcumque,
594 2021 712 2054 scilicet
734 2021 967 2060 deliberatum,
991 2021 1130 2053 ordina-

171 2080 240 2109 tum
258 2079 289 2109 et
304 2075 449 2113 iustum,
467 2075 520 2108 sed
537 2077 741 2117 usurpatum
753 2100 760 2112 ,
786 2074 1002 2106 temerarium
1018 2076 1049 2105 et
1066 2073 1130 2105 ini-

172 2139 285 2173 quum.
310 2129 516 2171 Usurpatum
540 2130 645 2160 autem
669 2127 753 2166 dico,
777 2126 903 2168 quando
924 2136 986 2159 non
1013 2129 1060 2159 est
1084 2125 1129 2158 of-

173 2182 280 2216 ficium
315 2190 372 2214 nec
408 2181 579 2214 auctoritas
614 2180 646 2212 in
680 2179 855 2218 iudicante;
892 2179 1127 2218 temerarium,

171 2235 296 2279 quando
319 2239 367 2268 est
389 2234 428 2267 de
458 2243 508 2273 re,
533 2242 614 2276 quae
642 2242 704 2265 non
729 2235 867 2271 constat,
900 2232 953 2265 sed
988 2232 1129 2274 procedit

171 2298 212 2323 ex
229 2289 295 2322 sola
318 2288 512 2330 suspicione;
537 2286 710 2329 iniquum,
735 2285 861 2328 quando
884 2288 931 2318 est
954 2288 1063 2318 contra
1078 2285 1129 2318 ius

170 2342 320 2375 divinitus
343 2340 570 2383 approbatum;
592 2343 623 2372 et
647 2339 707 2372 tale
730 2338 881 2371 iudicium
906 2338 957 2371 hic
980 2338 1128 2380 prohibe-

171 2399 241 2434 tur,
266 2404 328 2427 non
353 2394 491 2436 primum
504 2393 527 2425 ⁵.

260 2448 312 2480 89.
338 2446 497 2485 Secundo,
518 2445 737 2488 promittendo
768 2445 1037 2487 supercaelestem
1059 2445 1128 2488 ylo-

170 2501 259 2534 rz'am
284 2499 457 2533 secundum
475 2507 656 2532 mensuram
672 2497 858 2540 perfectam,
883 2506 955 2531 cum
972 2498 1126 2540 adiungit:

223 2684 250 2702 ‘¹
271 2687 345 2713 Vers.
366 2687 396 2718 4,
415 2689 475 2719 post
493 2694 574 2720 quem
593 2687 670 2712 Prov.
691 2686 738 2718 47,
759 2686 800 2712 45.

241 2729 252 2745 ¹
272 2731 307 2757 lta
326 2731 404 2757 etiam
424 2730 501 2757 Card.
520 2731 610 2763 Hugo,
630 2731 657 2755 B.
687 2729 784 2756 Albert.
809 2733 835 2756 et
862 2731 992 2762 Lyranus,
1015 2730 1127 2762 Vulgata

172 2777 197 2803 et
215 2775 395 2802 detnitte‘mini.
414 2789 449 2795 —
469 2775 619 2808 Sequuntur
630 2775 719 2800 Matth.
739 2775 771 2806 6,
792 2775 834 2800 42.
847 2777 873 2800 et
888 2774 919 2800 45
926 2784 935 2805 i
947 2774 1024 2800 Eccli.
1042 2775 1085 2805 28,
1099 2776 1125 2800 2.

241 2818 251 2834 ⁸
272 2820 347 2846 Vers.
366 2820 413 2852 34,
433 2822 492 2851 post
510 2826 591 2852 quem
611 2819 697 2845 Matth.
719 2818 767 2851 25,
787 2819 828 2845 29.

240 2862 251 2877 ⁴
271 2864 345 2889 Vers.
367 2864 407 2889 l8.
427 2870 483 2896 seq.
502 2862 553 2889 Cir.
573 2869 653 2895 supra
673 2869 733 2895 pag.
755 2864 764 2888 4
773 2862 819 2895 40,
838 2865 899 2888 nota
918 2863 942 2888 6.
955 2876 991 2882 —
1005 2863 1128 2896 Sequitur

172 2908 233 2934 Luc.
254 2907 300 2938 49,
320 2907 344 2932 8.

242 2949 253 2965 ⁶
273 2950 325 2977 Cir.
345 2951 415 2977 Alex.
434 2951 499 2982 Hal„
524 2952 553 2977 S.
574 2958 601 2984 p.
626 2952 652 2977 ll.
678 2958 705 2984 q.
725 2952 785 2977 448.
804 2958 859 2984 seq.
879 2965 914 2971 —
933 2951 1059 2984 Superius
1078 2958 1126 2984 pro

170 2994 277 3029 quando
290 3001 345 3021 non
357 2996 397 3022 est
408 2994 524 3030 officium
536 3001 585 3022 nec
596 2994 746 3022 auctoritas
758 2994 787 3021 in
799 2994 934 3022 iudicante
946 2995 1005 3021 Vat.
1019 2995 1127 3029 quando

171 3045 226 3066 non
245 3038 361 3073 officium
378 3046 427 3066 nec
445 3039 595 3066 auctoritas
613 3038 740 3066 imminet.

243 3081 254 3097 ⁶
272 3083 366 3111 psalm.
387 3084 453 3115 402,
473 3083 503 3109 5:
518 3083 573 3115 Qui
584 3082 692 3117 r'eplet
681 3090 710 3109 tn
725 3081 799 3110 bonis
812 3086 860 3109 etc.
875 3083 904 3116 (C
915 3083 936 3109 D
949 3082 1125 3117 implebitur),

175 3129 234 3159 post
252 3134 332 3160 quem
351 3127 438 3153 Matth.
459 3127 506 3159 47,
526 3127 551 3153 4
574 3130 599 3153 et
627 3128 707 3159 Apoc.
727 3127 775 3158 24,
802 3126 843 3153 47.
862 3142 898 3146 -
923 3128 1049 3160 Superius
1067 3123 1128 3160 post

172 3170 243 3204 quod
257 3170 334 3204 ponit
353 3170 396 3198 liic
414 3171 473 3197 Vat.
493 3171 662 3204 prosequitur
681 3172 801 3204 quatuor
820 3170 958 3204 dictiones,
978 3171 1127 3199 secundum

172 3216 290 3249 quatuor
309 3213 471 3242 conditiones
491 3214 668 3242 beatitudinis.

242 3257 251 3273 ⁷
272 3259 385 3291 Vulgata
404 3263 430 3286 et
457 3261 478 3286 Η
507 3261 532 3286 et
554 3259 714 3294 confertam.
741 3275 775 3279 —
804 3260 927 3294 Sequitur
955 3260 1000 3287 lob
1024 3261 1055 3292 5,
1084 3261 1127 3287 26.

172 3303 293 3336 Gregor.,
314 3304 353 3329 Vl.
374 3304 460 3330 Morul.
480 3311 502 3330 c.
523 3304 564 3330 37.
584 3311 608 3330 u.
629 3304 677 3330 62:
695 3305 782 3331 Potest
793 3304 870 3330 etiam
883 3311 931 3337 per
943 3305 1126 3339 sepulcrum...

172 3347 276 3380 requies
295 3350 415 3374 aeternae
433 3351 458 3374 et
478 3347 582 3374 intimae
602 3347 779 3375 retributionis
797 3349 930 3381 intelligi...
946 3349 975 3375 In
989 3347 1127 3376 abundan-

172 3390 210 3419 tia
229 3398 293 3424 ergo
309 3391 464 3425 sepulcrum
483 3393 645 3426 ingreditur,
670 3392 715 3426 qui
740 3395 800 3425 post
822 3395 946 3425 congesta
965 3393 1034 3420 vitae
1053 3400 1127 3425 prae·

2091 240 2150 270 139

1194 321 1388 354 Mensuram
1424 323 1543 356 bonam
1578 328 1636 357 etc.
1671 325 1705 357 Et
1734 329 1823 364 nota,
1860 327 1943 368 quod
1980 327 2066 369 ponit
2101 327 2151 359 hic
2171 335 2315 382 &33quOE

1194 378 1332 416 quatuor
1355 375 1547 408 conditiones
1570 377 1742 410 secundum
1767 382 1903 420 quatuor
1928 383 2033 421 partes
2057 380 2152 412 beati·
2173 388 2316 413 armenba-

1194 427 1329 466 tudinis‚
1354 437 1490 470 quarum
1516 429 1616 470 prima
1651 434 1697 462 est
1722 431 1751 462 in
1788 432 1901 472 gaudio
1932 432 2085 464 interiori
2121 433 2150 464 in
2172 413 2276 460 grugii

1194 480 1386 513 beatitudine
1409 481 1547 520 animae;
1572 486 1701 524 propter
1725 493 1818 525 quam
1844 485 1934 516 dicit:
1961 485 2153 517 Memuram

1194 533 1333 572 bonam,
1358 534 1450 575 quia,
1474 534 1647 566 secundum
1674 535 1828 567 psalmum
1842 536 1865 574 ⁶,
1891 540 1965 569 tunc
1988 550 2003 565 ιι
2021 537 2153 578 replebi-

1195 589 1247 619 tur
1272 587 1303 619 in
1327 587 1417 620 bonis
1440 587 1629 620 desiderium
1655 591 1745 620 tuum
1764 601 1793 627 »;
1811 593 1841 621 et
1857 590 1941 622 dices
1957 598 2028 622 cum
2048 591 2152 629 Petro,

1194 640 1339 673 Matthaei
1363 640 1484 673 decimo
1507 641 1657 682 septimo:
1686 654 1701 669 α
1719 642 1862 680 Domine,
1888 643 2004 674 bonum
2029 647 2076 675 est
2097 652 2154 675 nos

1195 693 1246 726 hic
1270 702 1338 726 esse
1354 707 1386 732 »‚
1411 693 1485 735 quia
1501 694 1607 726 eadem
1625 695 1685 726 erit
1706 708 1721 722 α
1738 704 1886 728 mensura
1911 695 2044 727 hominis
2067 700 2152 734 tunc,

1194 754 1275 787 quae
1299 749 1330 778 et
1353 746 1456 788 Angeli
1475 759 1505 785 »‚
1530 747 1727 788 Apocalypsis
1743 747 1892 789 vigesimo
1908 748 2018 789 primo.
2040 767 2080 771 -
2101 749 2153 780 Se-
2172 755 2276 776 Secunda

1194 799 1314 838 cunda,
1339 808 1380 832 ex
1404 799 1518 841 gaudio
1534 798 1692 841 inferiori
1706 800 1737 832 in
1755 801 1979 842 glorificatione
1996 802 2152 843 corporis;

1194 856 1324 894 propter
1339 852 1423 894 quod
1439 852 1531 885 dicit:
1551 852 1741 895 Confertam
1754 854 1777 892 ⁷,
1792 863 1809 886 a
1822 864 1881 886 eon
1894 858 1924 887 et
1940 853 2062 896 farcio,
2079 854 2154 896 far-

1194 906 1259 943 eis,·
1284 906 1335 938 lob
1366 905 1494 947 quinto:
1524 919 1539 934 α
1556 906 1742 948 Ingredieris
1770 907 1800 939 in
1834 907 2025 939 abundantia
2049 908 2153 949 sepul-

1194 967 1303 997 crum,
1329 959 1410 992 sicut
1433 959 1570 991 infertur
1604 968 1737 992 acervus
1761 960 1791 992 in
1817 964 1957 1002 tempore
1981 970 2038 993 suo
2056 974 2084 992 ι».
2113 979 2151 983 -

1194 1013 1316 1051 Tertia,
1352 1021 1393 1045 ex
1425 1012 1538 1054 gaudio
1573 1013 1748 1052 eaeteriori,
1781 1014 1898 1046 scilicet
1929 1023 1970 1046 ex
2007 1014 2153 1046 societate
2171 1020 2250 1041 Tertia

1196 1066 1381 1098 Sanctorum
1406 1069 1436 1098 et
1453 1066 1654 1098 renovatione
1671 1067 1812 1099 omnium
1829 1071 2063 1106 creaturarum;
2083 1077 2154 1109 pro-

1195 1122 1266 1160 pter
1275 1118 1359 1160 quod
1371 1118 1470 1151 addit:
1484 1123 1513 1151 et
1522 1119 1742 1161 coagitatam
1757 1120 1808 1152 lob
1819 1120 1966 1162 vigesimo
1976 1120 2113 1153 secundo
2122 1120 2134 1139 ⁸
2146 1133 2153 1152 ε

1199 1185 1214 1200 «
1232 1172 1400 1214 Argentum
1426 1174 1517 1204 tuum
1539 1175 1571 1204 et
1594 1181 1708 1204 aurum
1734 1173 1970 1206 coacervabitur
1996 1173 2048 1205 tibi
2068 1188 2098 1211 »,
2125 1173 2153 1206 id

1193 1228 1254 1264 est,
1279 1225 1451 1266 imperfecti
1476 1228 1507 1257 et
1531 1225 1659 1266 perfecti
1684 1226 1714 1257 in
1739 1226 1851 1258 merito
1875 1235 1984 1258 omnes
2008 1226 2154 1268 colligen-

1193 1282 1247 1310 tur
1270 1278 1300 1310 in
1326 1287 1426 1310 unum
1450 1278 1610 1319 gaudium.
1636 1297 1679 1301 —
1703 1279 1830 1319 Quarta,
1856 1288 1896 1311 ex
1921 1280 2034 1321 gaudio
2057 1289 2153 1322 supe·
2172 1286 2258 1312 Quart-2-

1193 1331 1281 1363 riori
1304 1331 1335 1363 in
1359 1331 1477 1364 visione
1502 1331 1574 1370 Dei;
1599 1335 1728 1373 propter
1753 1332 1836 1375 quod
1868 1332 1960 1364 dicit:
1986 1337 2014 1364 et
2036 1342 2152 1374 super-

1192 1383 1394 1425 effluentem,·
1431 1384 1482 1416 lob
1516 1384 1664 1425 vigesimo
1698 1385 1878 1417 secundov:
1909 1386 2028 1418 «Tunc
2057 1395 2152 1427 super

1192 1436 1443 1478 omnipotentem
1467 1436 1585 1469 deliciis
1609 1437 1719 1469 afflues
1736 1451 1766 1469 ».
1793 1456 1833 1460 —
1860 1438 1895 1470 Et
1918 1438 1955 1470 de
1992 1439 2050 1470 hoc
2074 1447 2152 1479 qua—

1193 1489 1326 1530 druplici
1351 1489 1465 1531 gaudio
1488 1489 1519 1521 in
1544 1489 1682 1531 praemio
1706 1493 1834 1522 aeterno
1858 1494 1960 1531 potest
1977 1491 2091 1532 exponi
2118 1491 2152 1522 il-

1193 1542 1246 1574 lud
1270 1542 1309 1574 ad
1332 1542 1483 1584 Ephesios
1507 1542 1612 1575 tertio:
1644 1542 1703 1574 «Iu
1728 1543 1857 1575 caritate
1883 1543 2010 1576 radicati
2035 1547 2066 1575 et
2082 1543 2153 1575 fun-

1193 1595 1274 1634 dati,
1299 1599 1335 1628 ut
1359 1595 1484 1637 possitis
1508 1595 1790 1637 comprehendere,
1807 1605 1888 1637 quae
1905 1596 1945 1629 sit
1961 1596 2149 1638 longitudo»

1193 1648 1298 1691 gaudii
1323 1648 1511 1687 interioria,
1541 1648 1730 1681 «latitudo»
1760 1649 1950 1688 exterioris,
1980 1662 1996 1678 «
2012 1650 2154 1682 sublimi-

1194 1706 1241 1735 tas
1258 1716 1273 1731 »
1306 1702 1493 1744 superioris
1525 1704 1556 1734 et
1596 1714 1612 1730 (κ
1633 1702 1829 1743 profunditas
1846 1716 1861 1730 »
1898 1701 2080 1744 inferioris.
2112 1721 2153 1727 —-

1194 1756 1277 1788 Hanc
1301 1755 1428 1797 quidem
1452 1764 1633 1788 mensuram
1658 1755 1786 1787 dabunt
1802 1756 1838 1788 in
1854 1756 1966 1788 sinum
1990 1760 2152 1794 vestrum,

1194 1808 1236 1840 illi
1262 1808 1398 1846 scilicet,
1415 1808 1532 1849 quibus
1548 1808 1796 1840 misericordiam
1814 1808 1914 1841 facitis
1930 1809 1961 1841 in
1978 1809 2153 1850 praesenti,

1194 1860 1367 1893 secundum
1393 1860 1469 1893 illud
1502 1860 1585 1902 quod
1617 1860 1698 1892 infra
1721 1861 1841 1893 decimo
1865 1865 1956 1894 sexto
1979 1861 2095 1894 dicitur
2110 1862 2152 1893 ¹⁰:

1200 1926 1215 1942 «
1232 1913 1332 1946 Facite
1357 1913 1444 1946 vobis
1467 1913 1585 1946 amicos
1608 1913 1646 1945 de
1670 1918 1847 1946 mammona
1871 1914 2072 1956 iniquitatis»
2094 1918 2151 1947 etc.

1194 1967 1230 1999 Et
1254 1967 1331 1999 tales
1354 1970 1428 1999 sunt
1448 1975 1630 2008 pauperes,
1655 1975 1735 2008 quos
1759 1967 1830 1999 fecit
1848 1967 1998 2000 Dominus
2019 1967 2151 2007 iudices;

1194 2020 1246 2052 lob
1270 2020 1429 2062 trigesimo
1446 2022 1554 2052 sexto:
1578 2032 1593 2047 α
1611 2019 1762 2052 Iudicium
1779 2020 1973 2062 pauperibus
1990 2021 2150 2053 tribuet».

1194 2073 1277 2106 Hanc
1300 2072 1427 2104 dabunt
1450 2072 1485 2104 in
1509 2072 1637 2110 sinum,
1662 2072 1692 2104 id
1716 2076 1763 2105 est
1786 2073 1817 2104 in
1852 2073 1975 2105 animae
2000 2074 2152 2115 capacita-

1193 2128 1254 2158 tem
1291 2125 1433 2158 stabilem
1464 2128 1495 2157 et
1530 2125 1747 2164 intrinsecam;
1782 2125 1833 2158 lob
1863 2125 1983 2158 decimo
2008 2135 2089 2158 nono
2108 2128 2150 2158 ¹¹:

1197 2191 1213 2207 α
1230 2178 1373 2220 Reposita
1397 2181 1444 2211 est
1468 2178 1544 2211 haec
1569 2187 1640 2220 spes
1663 2187 1731 2211 mea
1755 2178 1786 2211 in
1819 2178 1890 2211 sinu
1915 2187 1984 2211 meo
2000 2192 2030 2217 »3
2056 2188 2151 2221 quam

1193 2231 1217 2263 si
1242 2231 1289 2264 vis
1313 2231 1447 2270 habere,
1472 2231 1519 2264 fac
1555 2231 1720 2264 consilium
1756 2232 1921 2274 Sapientis,
1948 2232 2149 2265 Ecclesiastici

1192 2284 1341 2327 vigesimo
1365 2294 1464 2318 nono:
1487 2298 1503 2313 α
1519 2285 1675 2318 Conclude
1691 2285 1919 2327 eleemosynam
1938 2286 1968 2318 in
1987 2286 2056 2318 sinu
2075 2295 2151 2327 pau-

1192 2338 1293 2380 peris,
1318 2343 1349 2371 et
1373 2339 1450 2372 haec
1474 2348 1531 2381 pro
1556 2341 1586 2371 te
1609 2338 1753 2371 exorabit
1777 2339 1817 2372 ab
1840 2339 1923 2371 omui
1948 2339 2076 2371 malo».

1282 2393 1334 2424 90.
1352 2392 1467 2431 Tertio,
1485 2391 1716 2424 comminando
1733 2391 1931 2434 infernalem
1945 2402 2084 2434 poenam
2103 2401 2150 2425 se·
2165 2396 2317 2450 ἑξὲξῖωξοξς

1192 2445 1330 2477 cundum
1355 2445 1625 2487 aequiparantiam
1656 2444 1695 2477 ad
1725 2445 1868 2487 culpam,
1894 2454 1965 2478 cum
1991 2445 2148 2487 adiungit:
2165 2456 2220 2471 mm

1193 2498 1316 2530 Eadem
1333 2498 1452 2541 quippe
1467 2507 1643 2536 Μετώπη-,α
1661 2507 1729 2541 qua
1745 2498 1850 2530 mensi
1871 2497 2016 2540 fuet-mle,
2035 2499 2151 2531 scilicet

1192 2686 1272 2712 sentis
1291 2692 1385 2718 opera,
1405 2685 1569 2711 mutabilitati
1594 2691 1658 2710 suae
1686 2685 1761 2717 plene
1790 2689 1909 2711 mortuus
1931 2685 1954 2710 in
1976 2689 2076 2710 secreto
2097 2685 2151 2710 veri

1191 2730 1297 2756 luminis
1315 2730 1459 2756 occultatur
1479 2732 1526 2755 etc.

1263 2772 1273 2787 ⁸
1293 2775 1366 2800 Vei-s,
1388 2774 1434 2806 25,
1454 2773 1500 2799 ubi
1522 2774 1646 2805 Vulgata:
1667 2773 1700 2800 Et
1727 2775 1872 2807 aryeutnm
1897 2772 2064 2800 coacervabit
2089 2773 2151 2805 tibi,-

1193 2818 1218 2844 in
1237 2826 1316 2844 versu
1337 2816 1424 2844 tamen
1443 2818 1609 2850 praecedenti
1631 2817 1752 2844 habetur:
1776 2817 1876 2843 «Dabit
1895 2825 1943 2850 pro
1964 2821 2030 2843 terra
2051 2818 2149 2844 silicem

1191 2866 1217 2888 et
1235 2869 1285 2894 pro
1304 2862 1376 2888 silice
1395 2864 1526 2889 torrentes
1545 2868 1644 2888 aureos
1657 2872 1681 2886 ».
1695 2876 1730 2881 —
1744 2862 1780 2887 De
1794 2863 1843 2887 hoc
1858 2862 1955 2894 gaudio
1969 2864 2016 2888 cir.
2030 2862 2066 2887 lll.
2082 2863 2150 2888 Sent.

1191 2908 1218 2933 d.
1238 2907 1280 2933 34.
1300 2915 1323 2932 a.
1344 2908 1368 2933 3.
1388 2915 1415 2940 q.
1438 2907 1462 2933 3.
1482 2907 1516 2932 ad
1536 2907 1566 2939 33
1586 2907 1627 2932 Ν.
1648 2907 1718 2932 sent.
1738 2907 1763 2932 d.
1795 2906 1835 2932 49.
1856 2914 1881 2939 p.
1902 2908 1918 2932 l.
1939 2914 1964 2939 q.
1985 2907 2009 2932 6.
2029 2907 2062 2932 ad
2084 2907 2107 2932 4.
2127 2910 2150 2932 et

1192 2952 1217 2977 d.
1233 2951 1275 2977 50.
1290 2958 1315 2984 p.
1329 2953 1347 2978 1.
1360 2959 1383 2977 a.
1403 2953 1422 2977 1.
1437 2959 1463 2984 q.
1479 2952 1503 2977 3.
1519 2951 1551 2977 ad
1567 2950 1597 2982 Δ,
1611 2951 1740 2984 Breviloq.
1750 2958 1776 2983 p.
1788 2951 1839 2976 Vll.
1853 2958 1875 2976 c.
1889 2951 1921 2982 7,
1935 2950 1981 2976 ubi
1996 2951 2073 2976 etiarn
2087 2951 2151 2976 aliae

1192 2998 1279 3028 partes
1298 2996 1388 3028 gaudii
1408 2995 1526 3021 caelestis
1554 2998 1709 3027 tanguntur,
1735 3002 1803 3028 quae
1831 2995 1965 3027 profusius
1984 2998 2150 3026 exponuntur

1191 3040 1297 3074 Soliloq.
1317 3047 1340 3066 c.
1360 3040 1384 3065 4.
1405 3040 1442 3065 De
1461 3039 1558 3072 gaudio
1586 3046 1616 3065 ex
1641 3039 1810 3065 renovatione
1834 3042 2013 3065 creaturarum
2042 3040 2087 3064 cir.
2108 3039 2148 3064 lV.

1192 3085 1261 3110 Sent.
1280 3084 1306 3110 d.
1327 3084 1369 3109 48.
1389 3083 1454 3110 dub.
1474 3084 1498 3109 6.

1262 3126 1273 3142 ⁹
1293 3128 1369 3154 Vers.
1390 3128 1433 3154 26.
1455 3128 1552 3154 Auctor
1571 3127 1630 3152 libri
1649 3127 1683 3153 de
1703 3127 1799 3159 Spiritu
1820 3130 1845 3153 et
1864 3128 1953 3153 anima
1973 3127 2050 3160 (inter
2069 3134 2148 3159 opere

1192 3172 1323 3205 August),
1343 3179 1366 3198 c.
1386 3172 1432 3197 65:
1452 3172 1627 3202 Mensuram,
1647 3171 1682 3196 uit
1701 3171 1840 3202 Dominus,
1861 3170 1958 3197 bonam
1979 3170 2051 3197 dabit
2070 3170 2098 3196 in
2117 3170 2149 3197 si-

1191 3223 1244 3243 nus
1263 3218 1379 3247 vestros,
1398 3215 1548 3249 consertam
1569 3215 1593 3240 in
1613 3215 1734 3240 interiore
1753 3215 1873 3244 homine.
1893 3214 2056 3248 coaqitatam
2070 3215 2096 3239 in
2110 3221 2149 3239 ex-

1192 3260 1299 3293 teriore,
1327 3259 1560 3294 supereffluentem
1587 3259 1614 3284 in
1643 3259 1699 3291 ipso
1729 3259 1790 3285 Deo.
1816 3273 1852 3278 —
1880 3258 1997 3284 Subinde
2024 3259 2149 3290 allegatur

1192 3305 1256 3337 Eph.
1276 3305 1307 3336 3,
1328 3304 1368 3329 47.
1388 3310 1444 3336 seq.

1263 3347 1285 3363 ¹⁰
1305 3348 1380 3374 Vers.
1400 3348 1423 3384 9.
1443 3361 1478 3367 —
1497 3348 1621 3381 Sequitur
1640 3347 1684 3373 lob
1705 3348 1753 3380 36,
1773 3349 1797 3373 6.

1264 3392 1284 3407 ¹¹
1306 3392 1381 3418 Vers.
1402 3392 1449 3424 27,
1471 3395 1529 3423 post
1547 3399 1627 3425 quem
1647 3392 1722 3418 Eccli.
1743 3393 1791 3423 29,
1813 3392 1854 3417 45.
