2476 3921
2 703 86 742 {Forma
94 718 165 744 postu-

4 746 5 768 1
34 744 90 767 laudi
106 743 153 765 tria.

3 770 5 816 l

5 933 7 971 1

6 1006 7 1032 l

7 1127 8 1131 Ἰ
29 1140 156 1163 Ροιίιίοωιιιι

8 1186 9 1195 ,
34 1167 148 1192 distinctio.

19 1193 71 1216 ordo
79 1195 100 1215 et
107 1193 163 1215 suffl-

8 1231 9 1241 l
47 1220 133 1242 cientis.

23 2361 81 2382 -luins
88 2361 164 2383 oratio-

42 2387 61 2409 ni
66 2394 75 2409 s
90 2389 163 2410 nobili-

42 2416 80 2436 tas.

768 195 961 229 COMMENT.
987 195 1024 228 lN
1047 195 1285 229 EVANGELIUM
1308 196 1425 230 LUCAE
1450 197 1482 231 C.
1509 199 1555 232 Xl.

176 285 251 319 illud
277 285 371 319 Isaiae
391 284 631 328 quadragesimo
654 293 737 317 nono
751 285 776 316 ¹:
799 297 815 313 α
828 283 975 326 Nunquid
995 283 1134 316 oblivisci

175 341 278 380 potest
293 338 407 371 mulier
424 338 572 371 infantem
589 346 702 376 suum,
727 339 763 370 ut
779 346 840 370 non
865 337 1052 370 misereatur
1073 336 1136 369 titio

176 391 257 424 uteri
283 391 330 424 sui
349 404 364 420 υ
392 394 466 430 etc.;
491 393 522 424 et
546 390 628 423 infra
650 390 777 423 eodem:
807 403 823 418 α
839 389 867 422 Si
886 398 955 429 vos,
978 398 1051 422 eum
1069 389 1136 422 sitis

176 444 267 483 mali,
292 444 390 477 nostis
422 444 503 477 bona
525 444 597 477 data
619 443 696 476 dare
727 443 799 476 tiliis
823 443 937 476 vestris
960 456 975 472 1»
1008 446 1066 475 etc.
1101 442 1136 474 Et

176 497 404 530 Bernardus2:
434 509 449 526 α
474 496 599 536 Oratio,
624 505 705 539 quae
737 499 867 538 paterno
898 495 1049 529 dulcescit
1081 504 1136 528 no-

175 549 276 588 mine,
308 549 449 582 omnium
474 549 659 591 petitionum
691 558 834 582 mearum
865 548 1134 590 impetrandarum

175 602 250 635 mihi
276 602 422 635 fiduciam
448 605 631 644 praestat».

265 656 293 687 6.
327 655 558 696 Sanctificetur
588 665 705 688 nomen
730 659 834 687 tuum.
866 655 936 687 Post
967 654 1136 687 invocatio-

174 716 244 740 nem
269 707 410 750 adiungit
431 708 627 750 petitionem.
653 708 731 741 Petit
753 712 859 741 autem
889 707 949 740 tria
980 703 1136 749 principa-

174 760 244 793 liter
261 760 292 793 in
318 761 376 793 hac
392 761 542 794 oratione.
565 761 600 794 tit
617 762 647 794 in
670 762 729 794 hoc
745 760 936 794 concordant
960 760 1136 792 Matthaeus

174 817 205 846 et
228 814 340 852 Lucas,
366 813 419 846 sed
442 813 593 846 differunt
610 815 638 847 in
664 814 891 856 explicatione,
916 813 990 855 quia
1007 816 1135 855 propter

173 875 300 899 eausam
332 867 621 908 praeassignatam³
647 868 822 900 Matthaeus
852 867 989 908 assignat
1013 866 1136 908 petitio-

173 927 228 952 nes
254 919 352 961 magis
382 919 564 961 explicitas;
590 920 673 953 unde
698 920 872 953 Matthaeus
897 919 983 961 ponit
1001 923 1134 961 septem,

173 972 273 1005 Lucas
296 972 452 1014 quinque,
474 972 527 1005 sed
552 972 581 1004 in
601 972 650 1005 his
673 973 814 1015 quinque
831 976 949 1015 septem
975 972 1045 1005 illae
1061 976 1136 1005 sunt

174 1025 332 1067 implicite.

265 1080 294 1110 7.
319 1078 436 1111 Harum
454 1081 559 1111 autem
583 1078 763 1118 distinctio,
785 1079 866 1112 ordo
883 1083 914 1112 et
936 1078 1136 1122 sufficientia

176 1134 260 1174 patet
282 1131 336 1165 sic.
368 1132 388 1164 A
415 1131 478 1164 Deo
509 1131 591 1164 enim
617 1131 706 1164 Patre
730 1132 791 1164 tria
822 1136 896 1165 sunt
928 1132 1134 1174 postulanda:

175 1186 313 1228 primum
335 1188 366 1217 et
390 1184 562 1226 principale
586 1187 633 1217 est
656 1185 897 1218 consummatio
919 1185 1063 1228 gloriae,
1088 1194 1135 1218 se-

174 1238 313 1272 cundum
337 1240 385 1270 est
407 1238 613 1270 conservatio
629 1238 643 1257 ⁴
665 1238 814 1281 yratiae,
841 1239 969 1271 tertium
990 1242 1037 1271 est
1060 1248 1135 1271 con-

175 1291 308 1324 donatio
332 1291 455 1323 veniae.
482 1291 517 1323 Et
534 1291 593 1323 ista
617 1291 678 1323 tria
698 1291 841 1324 ordinata
864 1294 939 1324 sunt
961 1292 1134 1324 secundum

174 1345 308 1388 gradum
331 1349 362 1377 et
392 1344 533 1377 ordinem
565 1345 692 1377 maioris
722 1344 891 1387 dignitatis.
920 1364 959 1369 —
985 1345 1027 1377 Ad
1059 1355 1136 1377 con-

174 1398 430 1431 summationem
455 1397 584 1440 ,qloriae
607 1401 713 1431 autem
737 1398 800 1431 duo
817 1402 1027 1437 concurrunt,
1057 1398 1136 1430 scili-

174 1454 223 1484 cet
250 1450 388 1493 perfecta
418 1451 536 1483 notitia
560 1454 591 1483 et
623 1452 760 1493 perfecta
791 1442 994 1490 reverentia,
1026 1454 1057 1483 et
1088 1460 1136 1483 se-

174 1504 312 1537 cundum
345 1504 422 1537 haec
453 1507 527 1537 sunt
555 1504 636 1537 duae
667 1504 788 1546 primae
821 1504 995 1546 petitiones.
1026 1522 1067 1528 -
1092 1503 1136 1536 Ad
1162 1505 1164 1507 ’

174 1557 453 1590 conservationem
492 1561 596 1590 autem
634 1558 768 1599 yratiae
789 1557 801 1576 ⁵
837 1556 954 1589 sufficit
988 1557 1136 1589 continua

175 1610 425 1644 subministratio
456 1611 598 1643 caelestis
628 1610 812 1649 alimoniae,
844 1614 876 1642 et
908 1610 985 1642 haec
1017 1610 1136 1651 petitur

175 1664 205 1697 in
230 1664 323 1696 tertia
347 1664 504 1705 petitione.
523 1682 567 1688 —-
583 1663 625 1696 Ad
649 1663 920 1709 condonationem
943 1663 1057 1695 veniae
1072 1662 1136 1695 duo

174 1720 384 1756 concurrunt,
409 1717 526 1750 scilicet
549 1717 700 1749 remissio
716 1716 833 1758 culpae
856 1719 887 1749 et
911 1715 1048 1748 remotio
1060 1725 1136 1758 poe-

173 1779 252 1809 nae,
276 1773 307 1803 et
331 1770 408 1803 haee
432 1773 585 1812 petuntur
608 1770 732 1802 duabus
752 1769 872 1802 ultimis
896 1768 1099 1810 petitionibus
1111 1768 1134 1801 θ.

263 1822 322 1855 Sed
346 1822 494 1865 quoniam
519 1822 675 1865 perfectio
697 1822 899 1855 reverentiae
926 1831 989 1854 non
1013 1824 1135 1853 tantum

174 1876 347 1909 attenditur
370 1876 401 1908 in
418 1876 547 1914 affeetu,
573 1876 626 1909 sed
650 1876 743 1909 etiam
767 1876 800 1908 in
823 1875 952 1913 effectu3
970 1875 1040 1907 ideo
1058 1874 1136 1906 dua-

174 1929 234 1962 bus
258 1928 367 1971 primis
391 1929 594 1970 petitionibus
619 1929 793 1969 Matthaeus
824 1928 967 1969 adiungit
991 1927 1135 1966 tertiam,

174 1983 291 2016 scilicet
312 1996 327 2011 «
340 1983 405 2015 Fiat
425 1983 570 2015 voluntas
586 1986 641 2015 tua
654 1982 685 2014 »ζ
703 2001 742 2006 -
755 1983 877 2015 Rursus
888 2008 895 2020 ,
912 1981 988 2023 quia
1000 1981 1136 2013 remotio

171 2045 296 2078 poenae
318 2035 491 2068 attenditur
515 2044 577 2067 non
602 2035 703 2068 solum
733 2039 889 2077 quantum
913 2034 952 2066 ad
983 2034 1137 2076 repulsio-

175 2097 245 2120 nem
263 2088 485 2127 tentationum,
511 2087 562 2120 sed
581 2088 673 2120 etiam
697 2091 851 2130 quantum
876 2086 914 2119 ad
931 2086 1137 2119 remotionem

173 2141 377 2174 afflictionum
409 2144 440 2173 et
472 2141 729 2179 tribulationum;
762 2140 831 2174 ideo
861 2140 986 2173 duabus
1017 2139 1138 2172 ultimis

173 2195 377 2236 petitionibus
400 2195 575 2227 Matthaeus
598 2195 740 2236 adiungit
763 2194 944 2236 septimam:
975 2207 990 2222 «
1016 2193 1074 2226 Sed
1102 2193 1138 2225 li-

174 2248 250 2280 bera
273 2256 330 2280 nos
353 2257 372 2280 a
396 2247 502 2279 malo⁷
519 2260 550 2279 ».
568 2266 613 2270 -
629 2247 664 2279 Εῑ
688 2247 732 2280 sic
756 2251 841 2289 patet
861 2246 1061 2290 sufficientia
1085 2255 1138 2288 pe-

174 2300 320 2333 titionum
344 2300 517 2333 secundum
544 2304 717 2342 utrumque
742 2301 980 2342 Evangelistam.

264 2355 294 2386 8.
320 2354 406 2386 Patet
429 2354 523 2386 etiam
548 2354 645 2386 huius
665 2354 816 2387 orationis
838 2354 1004 2386 nobilitas.
1023 2354 1139 2395 Quam-

175 2417 269 2450 quam
294 2408 334 2440 sit
358 2407 560 2446 brevissima,
590 2407 728 2440 continet
752 2408 783 2440 in
809 2416 842 2440 se
873 2416 999 2440 omnem
1023 2407 1139 2439 oratio-

247 2590 257 2606 ¹
279 2592 352 2617 Vers.
374 2592 415 2618 15.
434 2596 458 2618 et
478 2592 538 2618 dein
559 2593 620 2618 Luc.
642 2592 689 2623 11,
712 2592 754 2617 13.

247 2634 258 2650 ³
277 2637 363 2662 Serm.
383 2637 426 2663 45.
448 2637 474 2662 in
493 2636 565 2663 Cant.
586 2644 611 2662 n.
631 2638 660 2662 2:
675 2637 734 2662 Mihi
748 2637 860 2662 dictatur
873 2637 971 2669 oratio⁷
985 2637 1061 2663 cuius
1075 2637 1142 2669 prin-

176 2680 274 2712 cipium
295 2681 401 2707 nomine
420 2682 497 2707 dulce
516 2685 627 2713 paterno
640 2681 807 2714 sequentium
821 2681 1024 2707 obtinendarum
1039 2682 1142 2714 petitio-

177 2730 240 2749 num
259 2724 368 2756 praebet
387 2725 522 2751 fiduciam.
543 2738 579 2744 —
600 2725 656 2751 Vat.
678 2724 755 2751 Beda.

247 2766 258 2782 ³
277 2769 353 2794 Num.
374 2769 398 2794 5.
418 2783 453 2789 -
472 2770 563 2795 Glossa
583 2769 727 2796 ordinaria
747 2769 788 2801 (ex
808 2769 889 2802 Beda)
916 2769 987 2802 apud
1008 2770 1141 2802 Lyranum

178 2813 204 2839 iu
223 2813 284 2839 Luc.
307 2814 347 2844 11,
367 2815 397 2839 2:
418 2815 502 2840 Lucas
526 2821 577 2839 non
598 2817 714 2846 septem,
734 2814 782 2839 sed
801 2814 919 2847 quinque
938 2814 1027 2846 ponit,
1046 2818 1072 2840 et
1091 2816 1144 2840 hoc

178 2862 258 2882 causa
276 2856 423 2883 brevitatis.
442 2858 468 2883 ln
493 2857 620 2890 quinque,
640 2865 709 2890 quae
734 2858 819 2890 ponit,
839 2862 940 2890 septem
962 2859 1001 2884 illa
1026 2859 1142 2890 inteiligit

178 2901 313 2926 contineri.
333 2901 406 2927 idem
426 2902 490 2928 dicit
507 2902 633 2934 August„
654 2902 785 2928 Encuirid.
805 2909 826 2928 c.
848 2903 907 2928 116.
927 2910 955 2928 n.
980 2903 1023 2929 30.
1041 2917 1077 2922 -
1097 2903 1141 2928 Su-

178 2945 267 2976 perius
291 2945 374 2972 ACD
397 2946 521 2972 omittunt
545 2945 579 2972 Et
603 2945 631 2972 in
650 2946 702 2973 hoc
728 2947 770 2980 (in
796 2947 817 2972 D
842 2947 958 2973 secunda
984 2954 1080 2973 manus
1098 2948 1142 2973 ad-

178 2988 244 3015 didit
263 2989 319 3021 Et).

249 3032 261 3047 ¹
280 3034 337 3060 Vat.
357 3041 417 3060 cum
444 3035 573 3060 nonnullis
599 3035 678 3061 codd.
701 3036 916 3069 cousummatio;
936 3036 1006 3062 idem
1032 3036 1143 3063 recurrit

179 3077 311 3111 aliquanto
330 3078 446 3104 interius.

249 3120 261 3136 ⁶
280 3121 363 3149 Codd.
382 3123 542 3156 gratuitam.
567 3122 686 3149 Subinde
710 3130 759 3156 pro
782 3123 998 3151 subministratio
1022 3125 1043 3150 G
1067 3124 1143 3150 mini-

178 3165 288 3199 stratio,
311 3167 370 3193 Vat.
387 3166 535 3194 subventio.

251 3209 262 3224 θ
281 3210 347 3237 Cod.
365 3212 386 3237 D
405 3212 491 3238 addit:
510 3211 618 3238 Dimitte
636 3211 712 3239 nobis
736 3214 845 3246 peccata
865 3214 980 3246 nostra,·
998 3215 1022 3240 et
1040 3220 1075 3240 ne
1093 3220 1142 3240 nos

181 3253 302 3282 inducas.

251 3297 261 3313 '¹
281 3300 331 3327 Csr.
351 3301 440 3326 Glossa
461 3300 603 3328 ordinaria
622 3302 695 3334 apud
714 3303 847 3333 Lyranum
868 3302 894 3328 in
912 3303 975 3328 Luc.
996 3303 1038 3334 ll,
1059 3304 1083 3328 2.
1103 3303 1144 3336 (ex

182 3343 264 3376 Beda,
283 3345 329 3377 qui
348 3346 466 3378 sequitur
485 3346 611 3378 August„
631 3346 761 3373 Euchirid.
781 3354 804 3373 c.
825 3347 885 3372 ⁴15.
904 3353 959 3380 seq.
979 3354 1006 3373 n.
1027 3347 1090 3381 30.).

2094 202 2160 234 279

1201 293 1272 317 nem
1295 287 1327 318 et
1349 285 1454 318 omnia
1485 287 1684 328 postulanda:
1709 288 1855 329 quoniam
1883 291 1991 330 petens
2014 292 2069 321 aut
2086 288 2162 330 petit

1201 337 1399 369 amotionem
1422 338 1523 377 mali,
1555 342 1610 371 aut
1637 339 1840 372 collationem
1866 340 1942 372 beni
1957 341 1979 372 ⁸.
2005 341 2034 373 Si
2060 340 2161 379 mati,

1201 392 1256 421 aut
1280 389 1351 422 mali
1376 390 1513 432 eulpae,
1536 394 1591 424 aut
1622 392 1693 425 mali
1717 402 1859 434 poenae.-
1884 398 1939 425 aut
1962 394 2052 432 mali,
2077 394 2161 436 quod

1200 442 1365 483 patimur,
1389 447 1445 475 aut
1461 444 1548 482 mati,
1574 444 1658 486 quod
1675 445 1852 487 ayimus⁰:
1876 447 1966 479 etsie
1991 450 2065 479 sunt
2080 447 2162 479 duae

1202 493 1376 535 petitiones.
1402 495 1460 527 Sed
1486 496 1602 528 malum
1625 506 1748 538 poenae
1772 502 1873 539 potest
1897 498 2070 531 subdividi:
2088 498 2163 540 quia

1201 547 1358 589 quoddam
1375 552 1423 581 est
1439 549 1567 581 occasio
1584 549 1711 591 culpae,
1729 554 1760 583 et
1776 551 1819 583 sic
1837 556 1883 584 est
1896 553 2049 590 tentatum
2062 552 2163 594 quod-

1201 600 1273 632 dam
1292 609 1378 634 mere
1396 604 1480 634 tenet
1503 602 1665 634 rationem
1687 613 1830 644 poenae,
1856 608 1886 636 et
1910 605 1953 637 sic
1972 605 2163 643 tribulatio,-

1201 656 1232 686 et
1256 654 1301 686 sic
1330 663 1371 687 ex
1401 654 1452 686 illa
1476 655 1624 696 petitione
1655 656 1824 688 eliciuntur
1856 657 1936 690 duae
1961 658 2098 690 ultimae.
2132 658 2161 690 Si

1202 710 1307 739 autem
1333 708 1471 749 petimus
1494 708 1631 741 bonum.-
1663 713 1719 741 aut
1742 714 1932 749 aeternum,
1958 716 2012 743 aut
2044 715 2163 753 tempo-

1202 760 1282 792 rale.
1307 761 1336 793 Si
1363 766 1550 800 aeternum,
1575 766 1630 794 aut
1653 771 1694 795 ex
1719 766 1808 804 parte
1832 763 2026 802 intellectus,
2051 768 2107 796 aut
2121 774 2163 797 ex

1202 816 1291 855 parte
1315 809 1472 856 affectus,
1497 818 1528 847 et
1560 815 1604 847 sic
1627 815 1708 848 duae
1733 816 1906 857 petitiones.
1937 817 1995 850 Sed
2027 817 2164 860 affectus

1202 866 1297 898 habet
1320 866 1458 899 ordinari
1484 870 1629 909 respectu
1661 868 1847 900 maiestatis
1877 873 1908 901 et
1934 874 2077 911 respectu
2111 869 2164 902 bo-

1202 919 1338 958 nitatis;
1362 924 1393 952 et
1416 920 1461 953 sio
1478 920 1530 953 illa
1554 920 1662 962 petitio
1678 921 1779 962 prima
1802 921 1954 955 divisione
1970 923 2162 964 geminatur,

1201 972 1254 1005 sed
1278 972 1492 1006 subdivisione
1525 973 1711 1015 triplicatur.
1737 974 1766 1006 Si
1793 983 1867 1007 vero
1897 975 2014 1016 petitur
2045 975 2163 1008 bonum

1202 1026 1394 1068 temporale,
1419 1030 1475 1058 aut
1491 1026 1611 1059 ratione
1635 1027 1768 1065 mentis,
1785 1031 1840 1059 aut
1865 1028 1984 1061 ratione
2001 1029 2161 1070 eorporis.

1202 1079 1259 1111 Sed
1284 1079 1359 1121 quia
1382 1079 1555 1121 corporale
1575 1079 1692 1112 bonum
1714 1089 1776 1112 non
1800 1080 1892 1113 debet
1915 1081 2085 1113 desiderari
2103 1081 2162 1114 nisi

1202 1136 1331 1174 propter
1347 1132 1542 1174 spirituale,·
1567 1132 1636 1165 ideo
1659 1136 1721 1165 tam
1740 1133 1913 1166 secundum
1936 1134 2048 1166 Lucam
2066 1143 2162 1176 quam

1201 1186 1392 1218 Matthaeum
1418 1195 1480 1218 una
1504 1186 1539 1218 tit
1564 1186 1671 1227 petitio
1694 1186 1733 1218 de
1758 1190 1904 1228 utroque.
1923 1205 1966 1210 —
1984 1187 2018 1218 lit
2041 1187 2085 1219 sie
2109 1196 2164 1229 pa-

1202 1242 1246 1271 tet
1268 1239 1469 1282 sufficientia
1493 1239 1682 1272 divisionum
1708 1248 1765 1281 per
1789 1239 1931 1272 membra
1959 1240 2101 1281 opposita
2132 1245 2163 1273 et

1201 1291 1392 1330 immediata,
1417 1296 1448 1324 et
1474 1296 1558 1334 patet
1581 1292 1761 1324 concordia
1785 1292 1866 1325 inter
1885 1292 2109 1334 Evangelistas,
2133 1297 2165 1326 et

1201 1347 1286 1385 patet
1309 1344 1499 1377 diversitatis
1523 1345 1720 1387 conqruitas
1739 1346 1773 1377 ¹⁰.

1292 1397 1321 1429 9.
1347 1397 1426 1429 Sunt
1447 1397 1543 1438 igitur
1567 1398 1709 1440 quinque
1726 1398 1891 1439 petitiones
1912 1398 2085 1430 secundum
2104 1399 2163 1430 Lu·
2178 1406 2235 1428 Ordo
2246 1407 2331 1433 petiti.)-

1200 1459 1288 1489 cam,
1313 1450 1490 1483 ordinatae
1521 1450 1695 1484 secundum
1725 1451 1916 1484 nobilitatem
1950 1451 2100 1483 maiorem
2133 1455 2165 1484 et

1201 1503 1367 1536 minorem.
1393 1504 1424 1536 ln
1449 1504 1551 1546 prima
1575 1504 1694 1546 petitur
1719 1505 1857 1546 perfecta
1880 1504 1998 1536 notitia
2028 1505 2093 1537 sive
2118 1514 2166 1537 sa-

1202 1556 1319 1598 pientia
1342 1557 1373 1589 in
1400 1557 1577 1596 intellectu;
1610 1558 1639 1590 in
1665 1558 1818 1596 secunda,
1852 1557 1989 1600 perfecta
2018 1567 2166 1590 reveren-

1202 1610 1250 1641 tia
1275 1610 1306 1642 in
1338 1610 1466 1649 affectu;
1499 1611 1531 1643 in
1556 1611 1666 1649 tertia,
1698 1611 1899 1654 sufficientia
1931 1611 1962 1643 in
1996 1611 2100 1649 vietu;
2134 1611 2164 1643 in

1202 1666 1331 1704 quarta,
1356 1662 1565 1705 tmtutqentia
1582 1664 1613 1696 in
1638 1668 1744 1703 reatu;
1770 1664 1800 1696 in
1818 1665 1943 1706 quinta,
1967 1664 2107 1696 victoria
2134 1664 2165 1696 in

1202 1716 1363 1749 conflictu.
1393 1735 1435 1740 —
1464 1717 1500 1749 Et
1524 1717 1555 1748 in
1580 1717 1629 1750 his
1653 1717 1794 1759 quinque
1819 1718 2021 1760 implicantur
2046 1722 2166 1759 septem

1202 1769 1382 1810 petitiones,
1407 1778 1443 1801 ac
1466 1778 1523 1811 per
1540 1770 1599 1802 hoc
1623 1774 1741 1812 septem
1760 1771 1908 1809 virtutes,
1933 1775 2051 1812 septem
2068 1771 2164 1815 dona,

1202 1825 1321 1864 septem
1345 1822 1554 1855 beatitudines
1578 1827 1609 1855 et
1625 1833 1734 1855 omnes
1760 1824 1931 1865 petitiones.
1950 1824 2035 1857 Unde
2059 1824 2167 1856 Glossa

1201 1875 1276 1907 dicit
1308 1884 1404 1916 super
1437 1875 1513 1907 illud
1545 1876 1690 1908 Matthaei
1722 1880 1814 1908 sexto
1832 1878 1875 1908 ¹¹:
1910 1876 2027 1909 Libera
2051 1886 2111 1909 nos
2142 1886 2166 1908 a

1202 1927 1310 1960 malo:
1341 1940 1356 1955 «
1373 1928 1454 1960 Nihil
1477 1928 1579 1966 deest,
1604 1928 1688 1970 quod
1712 1929 1745 1961 in
1770 1929 1819 1961 his
1843 1933 1961 1971 septem
1986 1930 2165 1971 petionibus

1202 1990 1265 2013 non
1281 1981 1490 2019 contineatur,
1508 1981 1573 2013 sive
1590 1981 1628 2013 ad
1644 1986 1855 2023 praesentem,
1881 1983 1945 2015 sive
1962 1983 2000 2015 ad
2024 1983 2164 2016 futuram

1203 2034 1359 2076 pertineat
1384 2034 1477 2066 vitam
1496 2047 1525 2066 ».
1711 2044 1714 2047 ·

1297 2088 1346 2119 10.
1373 2087 1475 2119 Primo
1499 2087 1596 2129 igitur
1619 2091 1772 2130 quantum
1798 2088 1835 2120 ad
1859 2089 2011 2121 notitiam
2036 2089 2101 2122 sive
2118 2098 2166 2121 sa-

1204 2140 1352 2182 pientiam
1386 2141 1423 2172 in
1458 2140 1619 2175 intellectu
1651 2140 1743 2173 dicit:
1780 2141 2012 2182 Sanctificetur
2050 2152 2167 2174 women

1204 2197 1320 2232 tuum,
1345 2193 1375 2226 id
1400 2197 1447 2226 est
1478 2197 1622 2226 sanctum
1654 2198 1804 2235 appareat
1827 2204 1944 2226 nomen
1969 2199 2083 2233 tuum,
2108 2195 2167 2227 hoe

1203 2250 1252 2279 est
1276 2250 1330 2279 tua
1354 2247 1481 2285 notitia;
1507 2247 1590 2279 unde
1608 2247 1637 2279 in
1656 2247 1776 2280 Psalmo
1787 2247 1831 2279 1²:
1862 2261 1876 2275 α
1894 2248 1991 2280 Notus
2007 2248 2036 2280 in
2056 2248 2167 2280 Iudaea

1204 2300 1306 2338 Deus,
1332 2300 1363 2332 in
1389 2300 1482 2333 lsrael
1506 2309 1654 2342 magnum
1680 2309 1793 2333 nomen
1818 2301 1886 2333 eius
1903 2314 1933 2332 n.
1952 2301 1987 2332 Et
2012 2301 2087 2333 haec
2112 2311 2168 2334 no-

1205 2354 1272 2386 titia
1296 2353 1405 2395 incipit
1429 2354 1459 2386 in
1484 2354 1601 2395 gratia,
1626 2353 1680 2386 sed
1716 2358 1956 2386 consummatur
1993 2354 2024 2386 in
2049 2355 2166 2396 gloria;

1205 2407 1244 2440 de
1267 2416 1332 2449 quo
1356 2407 1524 2440 Malachiae
1558 2407 1677 2449 primo:
1707 2420 1723 2435 «ι
1741 2408 1784 2440 Ab
1808 2412 1882 2440 ortu
1906 2408 1980 2440 solis
2004 2417 2106 2450 usque
2130 2408 2169 2440 ad

1277 2592 1287 2606 ⁸
1306 2592 1358 2618 Csr.
1385 2593 1516 2625 Breviloq.
1541 2595 1567 2624 p.
1599 2593 1628 2617 V.
1655 2599 1677 2617 c.
1703 2593 1743 2618 10,
1762 2606 1798 2611 -
1816 2593 1905 2618 Glossa
1931 2591 2113 2619 interlhoearis
2142 2592 2169 2617 in

1205 2637 1291 2662 Matth.
1312 2638 1342 2668 6,
1363 2638 1391 2662 9:
1411 2637 1456 2664 Sic
1480 2643 1545 2671 erqo
1564 2644 1611 2663 vos
1635 2636 1763 2669 orabitis,
1790 2637 1823 2662 de
1850 2638 1924 2663 malis
1949 2637 2119 2663 removendis
2144 2640 2170 2662 et

1205 2680 1282 2706 bouis
1307 2681 1482 2714 acquirendis.
1502 2695 1538 2700 —
1562 2681 1689 2713 Superius
1714 2688 1763 2713 pro
1791 2681 1963 2715 Quamquam
1989 2681 2066 2713 pauci
2092 2681 2171 2707 codd.

1208 2724 1344 2756 Quoniam
1362 2725 1419 2752 etsi.

1277 2767 1288 2782 ‘³
1308 2770 1433 2802 August,
1452 2771 1469 2796 1.
1488 2770 1522 2795 de
1541 2769 1598 2796 Lib.
1617 2770 1679 2796 Arb.
1699 2777 1722 2795 e.
1743 2771 1767 2796 l.
1787 2778 1814 2796 n.
1837 2771 1866 2796 l:
1892 2770 2002 2796 Duobus
2027 2770 2096 2796 enim
2118 2777 2172 2795 mo-

1206 2814 1247 2840 dis
1265 2815 1397 2846 appellare
1416 2815 1530 2840 solemus
1550 2815 1663 2840 malum:
1684 2822 1749 2847 uno,
1769 2822 1829 2840 cum
1845 2815 1912 2840 male
1931 2822 2066 2847 quemque
2080 2815 2171 2840 recisse

1207 2859 1334 2891 dicimus;
1353 2859 1416 2890 alio,
1435 2866 1495 2884 cum
1517 2859 1577 2884 mali
1596 2859 1696 2892 aliquid
1715 2866 1773 2884 esse
1791 2866 1956 2891 perpessum.

1278 2901 1301 2917 ¹⁰
1319 2903 1371 2930 Cir.
1391 2904 1460 2929 Alex.
1481 2904 1550 2935 Hah,
1571 2904 1595 2929 S.
1616 2911 1642 2935 p.
1663 2904 1704 2929 lV.
1723 2911 1750 2936 q.
1776 2904 1817 2929 10.
1844 2907 1873 2929 tr.
1893 2904 1926 2929 de
1951 2904 2041 2929 Officio
2061 2904 2172 2935 missae,

1207 2955 1234 2980 p.
1257 2948 1285 2973 ΙΙ.
1303 2948 1319 2980 ἓ
1339 2948 1367 2980 4,
1388 2948 1432 2974 ubi
1452 2955 1521 2981 quae
1534 2948 1577 2974 hic
1596 2948 1757 2980 praecedunt
1775 2953 1801 2973 et
1816 2952 1961 2981 sequuntur
1981 2949 2100 2974 diffusius
2114 2956 2172 2981 pro-

1207 2996 1349 3024 ponuntur,
1367 2992 1498 3024 simulque
1517 2992 1566 3018 loci
1591 2992 1730 3018 doctorum
1749 2993 1911 3023 indicantur,
1931 2994 1976 3026 qui
1996 2993 2029 3019 de
2049 2993 2171 3019 Oratione

1207 3036 1338 3062 dominica
1359 3039 1545 3062 tractaverunt.

1279 3080 1301 3094 ¹¹
1322 3081 1397 3106 Vers.
1413 3081 1453 3106 13.
1473 3081 1563 3106 Glossa
1576 3084 1616 3106 est
1628 3080 1771 3106 ordinaria
1784 3081 1856 3112 apud
1875 3082 2021 3112 Lyranum3
2041 3083 2088 3106 cfr.
2108 3081 2173 3106 ibid.

1207 3126 1298 3151 Glossa
1319 3124 1462 3151 ordinaria
1481 3125 1506 3149 in
1526 3133 1552 3150 v.
1572 3125 1597 3150 9.
1618 3125 1684 3150 Vide
1703 3126 1823 3157 August„
1837 3126 1915 3157 Epist.
1932 3126 1990 3150 430.
2012 3125 2086 3157 (alias
2103 3125 2170 3157 121.)

1208 3178 1231 3196 c.
1253 3171 1294 3195 ⁴2.
1314 3177 1339 3195 n.
1360 3171 1403 3195 22.
1422 3177 1492 3202 seq.;
1513 3170 1541 3195 11.
1560 3170 1593 3195 de
1613 3171 1698 3195 Serm.
1713 3170 1815 3194 Domini
1835 3170 1860 3195 in
1876 3174 1979 3201 monte,
1993 3177 2016 3196 c.
2032 3171 2074 3195 10.
2089 3178 2114 3195 n.
2127 3170 2171 3195 36.

1208 3218 1234 3240 et
1254 3215 1337 3240 Serm.
1357 3214 1446 3239 56-59.
1467 3214 1540 3246 (alias
1561 3214 1603 3239 48.
1622 3217 1648 3239 et
1676 3215 1701 3239 9.
1727 3214 1761 3239 de
1791 3215 1918 3245 Diversis;
1939 3215 1982 3240 42.
2001 3215 2067 3240 inter
2087 3214 2174 3240 Homi-

1208 3259 1254 3284 lias
1274 3258 1317 3283 50Δ
1336 3262 1362 3283 et
1383 3258 1443 3283 135.
1466 3258 1499 3283 de
1519 3259 1672 3290 Tempore).
1691 3272 1727 3277 -—
1747 3259 1873 3290 Superius
1893 3266 1941 3290 pro
1961 3265 2053 3285 omnes
2069 3258 2172 3292 petitio-

1208 3310 1256 3329 nes
1276 3303 1296 3328 A
1307 3302 1326 3329 C
1338 3303 1359 3327 D
1377 3304 1477 3335 septem
1492 3302 1643 3335 petitiones.

1281 3345 1303 3360 ¹³
1322 3347 1417 3372 Psalm.
1436 3347 1480 3377 75,
1500 3347 1525 3372 2.
1545 3361 1580 3366 -
1599 3347 1723 3380 Sequitur
1743 3347 1851 3372 Malach.
1874 3347 1900 3379 l,
1926 3348 1965 3372 11.

2224 1440 2282 1454 num.

2186 1725 2316 1747 Notandum.

2186 2097 2265 2119 Potitio
2279 2097 2323 2124 pri-

2230 2130 2273 2145 ma.
