2476 3921
18 516 145 540 Secundum.

4 1525 141 1574 frilillzgaava-

54 1559 61 1574 ι
71 1559 77 1574 ι
94 1568 99 1574 .

757 209 951 243 COMMENT.
977 211 1015 244 IN
1038 210 1278 244 EVANGELIUM
1301 212 1418 246 LUCAE
1442 214 1475 246 C.
1500 215 1559 247 xli.

168 297 326 330 contentio
342 311 358 327 n
386 301 461 337 etc.;
478 301 510 331 et
526 298 685 332 Psalmus:
708 298 802 331 «Filii
819 298 1128 341 hominum,11sque-

167 349 342 393 quo'gravi
367 350 462 384 corde
477 354 516 383 n?
539 351 626 384 Unde
654 351 686 383 in
710 351 769 384 hoc
793 351 965 384 confutatio
989 352 1129 385 insinua-

168 407 222 436 tur
245 403 403 445 petitionis
425 412 548 437 avarae.

252 457 310 492 24.
335 457 437 498 (Vers.
465 455 540 494 is).
565 457 709 490 Secundo
732 461 888 500 quantum
923 457 962 490 ad
994 457 1128 491 dissua-

166 509 292 542 sionem
316 510 484 543 avaritiae
507 510 630 543 subdit:
657 511 811 554 Dixitque
827 511 874 544 ad
895 511 986 544 ilios:
1023 511 1128 544 Videte

167 567 195 596 et
218 568 326 596 cavete
349 563 391 596 ab
415 564 508 596 omni
529 563 689 596 avaritia.
723 564 828 596 Videte
851 564 984 603 scilicet,
1001 567 1037 597 ut
1054 573 1126 606 pro-

166 615 248 655 vidi,
272 620 303 649 et
326 620 451 655 cavete,
475 620 512 649 ut
535 616 637 656 cauti;
653 616 691 650 ad
710 617 859 659 Ephesios
875 617 1023 659 quinto¹:
1046 630 1061 645 α
1075 617 1126 649 Vi-

165 668 253 707 dete,
277 668 408 708 fratres,
432 669 589 711 quomodo
619 672 710 702 caute
733 670 920 709 ambuletis,
945 679 1006 702 non
1035 670 1124 712 quasi

165 721 364 764 insipientes,
389 722 442 757 sed
466 725 502 755 ut
518 722 674 764 sapientes
690 735 705 752 ι
726 726 784 756 etc.
803 723 1021 756 Providentia
1037 732 1125 756 nam-

165 784 228 817 que
250 775 323 808 facit
346 784 457 808 cavere
481 776 639 818 pericula,
663 776 694 808 in
718 785 801 818 quae
832 776 940 809 incidit
971 776 1044 819 quis
1068 785 1124 818 per

164 827 346 867 avaritiam;
381 828 502 870 primae
532 828 571 861 ad
602 828 802 861 Timotheum
837 828 994 862 ultimo²z
1031 828 1123 870 «Qui

165 881 275 914 volunt
296 881 420 917 divites
454 881 523 915 fieri
556 881 698 914 incidunt
732 882 764 914 in
796 882 997 915 tentationem
1033 886 1064 915 et
1092 882 1123 914 in

164 935 314 977 laqueum
330 934 444 967 diaboli
461 939 492 968 et
511 934 666 968 desideria
683 935 781 968 multa
798 935 921 968 inutilia
945 929 978 968 et
993 935 1103 968 nociva
1114 961 1122 974 ‚

163 997 245 1030 quae
267 991 417 1031 mergunt
440 989 583 1022 homines
607 989 639 1021 in
663 989 825 1022 interitum
850 993 881 1022 et
904 989 1121 1031 perditionem.

163 1041 261 1074 Radix
286 1041 369 1074 enim
392 1041 548 1074 malorum
573 1045 621 1075 est
644 1042 799 1084 cupiditas
815 1056 830 1071 »
859 1046 918 1075 etc.
945 1042 1032 1075 Unde
1056 1042 1122 1084 ipsa

163 1098 312 1127 excaecat
336 1095 514 1134 hominem,
539 1095 623 1137 quod
647 1095 857 1138 significatum
882 1096 941 1128 suit
962 1095 993 1128 in
1010 1104 1123 1139 excae-

162 1147 284 1181 catione
307 1148 421 1181 Tobiae
444 1157 501 1190 per
525 1153 666 1181 stercora
689 1148 912 1188 hirundinum,
937 1148 1051 1181 Tobiae
1074 1157 1122 1181 se-

163 1201 266 1234 cundo
279 1201 302 1233 ⁸.
334 1202 371 1234 Et
395 1201 464 1235 ideo
494 1201 587 1235 dicit:
626 1202 748 1248 Videte,
784 1202 901 1236 scilicet
924 1206 1070 1241 aeterna,
1094 1206 1123 1234 et

162 1259 270 1289 cavete
293 1254 334 1287 ab
359 1255 526 1294 avaritia,
543 1264 625 1297 quae
641 1256 766 1298 quaerit
790 1256 992 1298 temporalia3
1010 1265 1123 1289 secun-

161 1308 219 1341 dae
252 1308 292 1341 ad
327 1309 506 1342 Corinthios
536 1313 673 1352 quarto:
703 1310 801 1342 «Non
836 1310 1123 1352 contemplantibus

161 1362 268 1400 vobis,
293 1371 374 1404 quae
396 1362 560 1401 videntur,
585 1362 640 1396 scd
663 1372 744 1405 quae
767 1372 829 1396 uon
853 1363 1010 1396 videntur.
1035 1363 1122 1404 Quae

161 1415 243 1447 enim
268 1415 416 1448 videntur
440 1416 625 1457 temporalia
641 1419 733 1455 sunt,
757 1425 839 1458 quae
859 1419 965 1449 autem
990 1426 1050 1449 non
1076 1416 1121 1449 vi-

159 1467 274 1500 dentur
298 1472 426 1501 aeterna
456 1472 569 1501 sunt».
596 1469 631 1501 Et
654 1469 804 1511 quoniam
827 1469 986 1511 appetitus
1014 1469 1122 1502 cuius-

160 1521 236 1554 libet
259 1521 330 1554 boni
356 1522 543 1562 transitorii,
560 1522 678 1555 scilicet
694 1522 845 1564 pecuniae
861 1526 893 1555 et
917 1523 1074 1565 potentiae
1090 1526 1122 1555 et

159 1575 306 1614 honoris,
327 1575 481 1608 avaritia
504 1578 607 1618 potest
629 1575 707 1615 dici;
725 1575 795 1609 ideo
818 1576 910 1609 dicit:
938 1576 1054 1609 Cavete
1077 1575 1119 1608 ab

134 1628 135 1631 ’
158 1629 251 1661 omni
272 1629 443 1667 avaritia,·
467 1629 562 1662 Isaiae
586 1629 746 1671 trigesimo
771 1629 904 1662 terti04:
934 1643 950 1658 ιι
964 1629 1041 1671 Quis
1064 1629 1120 1662 ha-

37 1902 139 1925 Tei-tium.

158 1682 260 1715 bitare
283 1682 397 1724 poterit
421 1691 493 1715 cum
528 1682 696 1715 ardoribus
730 1682 989 1725 sempiternis»?
1017 1686 1048 1715 et
1072 1691 1120 1715 se-

159 1735 287 1778 quitur:
317 1749 333 1764 «
354 1736 412 1778 Qui
437 1736 562 1778 proiicit
583 1736 746 1769 avaritiam
765 1745 807 1769 ex
824 1736 984 1769 calumnia
1007 1740 1038 1769 et
1062 1745 1119 1769 ex-

159 1790 239 1823 cutit
261 1799 375 1823 manus
398 1799 472 1823 suas
495 1790 535 1823 ab
558 1790 642 1823 omni
668 1799 800 1823 munere
817 1804 847 1823 n.

248 1844 301 1877 25.
326 1844 431 1876 Tertio
454 1847 608 1886 quantum
632 1844 671 1877 ad
695 1844 955 1886 assiynationem
975 1844 1120 1876 rationis

158 1900 188 1929 et
209 1906 333 1929 causae
355 1897 479 1930 subdit:
506 1897 594 1938 Quia
617 1906 685 1929 non
707 1898 744 1930 in
767 1896 980 1930 abundantia
1004 1897 1118 1930 cuius-

158 1959 260 1993 quam
285 1950 353 1982 vita
376 1950 447 1982 cius
470 1950 540 1983 est⁵
564 1960 604 1983 ex
627 1949 679 1983 liis
703 1960 787 1994 quae
800 1951 961 1993 possidet;
978 1951 1038 1984 hoc
1061 1954 1118 1990 est,

157 2003 222 2036 vita
244 2003 378 2037 alicuius
401 2013 463 2036 non
488 2007 536 2037 est
566 2004 603 2036 in
633 2004 861 2043 ammianum
885 2004 1118 2043 abundantia,

158 2056 305 2098 inquam,
328 2066 368 2089 esc
384 2055 437 2089 liis
452 2066 537 2101 qaae
558 2058 720 2100 possidet,
737 2057 768 2090 id
785 2061 847 2097 est,
864 2058 977 2091 nullus.
989 2061 1119 2100 propter

157 2109 380 2143 abundantiam
410 2111 591 2144 divitiarum
616 2111 722 2144 vivere
747 2114 848 2153 potest
871 2111 1010 2150 diutius;
1037 2111 1120 2144 Psal-

157 2164 273 2196 mus⁶:
302 2177 318 2193 «
336 2164 522 2207 Relinquent
545 2165 655 2198 alienis
677 2165 801 2198 divitias
818 2174 909 2204 suas,
926 2168 957 2198 et
973 2165 1120 2206 sepulcra

157 2225 269 2249 eorum
293 2217 407 2251 domus
424 2218 551 2250 illorum
567 2218 599 2251 in
616 2222 781 2251 aeternum
795 2230 826 2257 »ς
847 2221 879 2250 et
895 2218 947 2250 lob
968 2218 1119 2260 vigesimo

158 2269 307 2311 septimo:
337 2284 353 2299 α
368 2271 472 2310 Dives,
496 2280 570 2304 cum
593 2271 776 2310 dormierit,
800 2270 878 2303 nihil
899 2279 1005 2303 secum
1030 2270 1116 2303 ause-

158 2326 238 2356 ret»
267 2327 340 2361 etc.;
365 2328 397 2357 et
421 2324 578 2357 psalmus:
601 2324 833 2356 «Dormierunt
849 2332 993 2356 somnum
1011 2332 1118 2362 suum,

157 2379 190 2409 ct
212 2376 291 2409 nihil
310 2376 503 2410 invenerunt
525 2386 634 2409 omnes
652 2377 709 2409 viri
726 2376 907 2409 divitiarum
925 2377 955 2409 in
971 2377 1119 2410 manibus

158 2430 267 2462 suis».
291 2430 377 2463 Unde
401 2430 613 2463 abundantia
644 2430 739 2462 vitam
764 2439 826 2462 non
856 2430 1039 2472 prolongat,
1064 2430 1119 2463 sed

158 2482 340 2526 frequenter
363 2483 540 2522 abbreviat;
563 2483 768 2516 Ecclesiastici
791 2483 944 2516 octavo⁷z
973 2496 988 2512 α
1006 2484 1119 2517 Multos

230 2704 238 2719 ¹
262 2706 337 2742 vers.
356 2705 398 2731 ⁴5.
418 2719 452 2724 —-
479 2705 569 2731 Glossa
594 2704 793 2731 interlinearis:
822 2704 948 2740 Dixitque
975 2705 1012 2732 ad
1040 2705 1113 2737 ittos,

159 2752 213 2775 tam
232 2750 266 2776 ad
285 2749 375 2776 turbas
399 2757 480 2783 quam
509 2750 543 2775 ad
559 2750 711 2783 ‚discipulos
735 2749 782 2784 [ita
803 2749 902 2784 Beda]:
927 2749 1022 2783 Videte,
1043 2750 1118 2776 ratio-

159 2801 219 2820 nem
239 2794 389 2826 providete,
408 2797 498 2820 contra
517 2801 598 2827 quam
618 2794 639 2820 si
658 2801 720 2820 caro
738 2795 871 2827 suggerit,
891 2797 979 2821 cavete
998 2798 1048 2820 etc.

230 2837 241 2852 ¹
261 2839 337 2864 Vers.
356 2839 380 2863 9.
400 2841 426 2864 et
446 2839 486 2863 lo.

229 2880 241 2896 ⁸
260 2883 336 2909 Vers.
358 2883 399 2908 tl.
419 2882 472 2909 Cl‘r.
490 2883 575 2914 Beda,
595 2883 621 2909 iu
641 2884 713 2910 hunc
732 2884 779 2910 loc.
799 2897 835 2903 —
854 2883 972 2910 subinde
991 2885 1118 2916 allegatur

159 2928 188 2953 ll.
206 2927 266 2954 Cor.
285 2927 315 2958 4,
336 2927 377 2952 ⁴8.

230 2970 241 2985 ¹
261 2971 334 2997 Vers.
356 2970 397 2997 Η.
418 2985 452 2990 -
470 2971 591 3004 August„
610 2973 654 2998 Xl.
673 2973 707 2998 de
726 2973 788 2999 Gen⁴
809 2973 843 2999 ad
863 2973 899 2999 lit.
918 2980 941 2999 c.
962 2973 1003 2999 ⁴5.
1023 2980 1049 2999 n.
1069 2973 1118 3004 49,

159 3015 205 3041 ubi
225 3015 315 3047 docet,
329 3015 483 3049 generalem
495 3015 642 3043 avaritiam
655 3017 804 3049 significare
817 3018 886 3043 illam
895 3038 901 3049 ,
918 3027 929 3040 ι
941 3024 993 3050 qua
1006 3017 1120 3050 quisque

159 3060 259 3092 appetit
286 3060 386 3093 aliquid
413 3060 538 3092 amplius,
567 3067 647 3094 quam
673 3065 790 3094 oportet,
816 3065 924 3094 propter
942 3060 1119 3088 excellentiam

159 3111 235 3130 suam
254 3108 280 3131 et
298 3105 431 3138 quendam
452 3105 575 3137 propriae
592 3105 629 3131 rei
651 3113 768 3131 amorem
779 3115 805 3138 n,
818 3110 844 3132 et
861 3106 922 3132 (lein
935 3105 1039 3132 subdit:
1058 3106 1120 3140 Spe-

159 3148 236 3176 cialis
254 3152 293 3175 est
311 3151 398 3175 autem
418 3149 540 3180 avaritia,
559 3156 629 3182 quae
647 3150 766 3176 usitatius
784 3151 931 3183 appellatur
949 3157 1024 3176 amor
1043 3157 1120 3183 pecu-

159 3193 228 3219 niae.
245 3192 326 3220 Cuius
346 3193 451 3219 nomine
469 3194 623 3226 Apostolus,
643 3201 691 3226 per
714 3194 830 3226 speciem
850 3201 934 3227 genus
952 3194 1118 3226 significans,

159 3237 335 3263 universalem
354 3237 492 3263 avaritiam
505 3237 610 3264 volebat
623 3238 743 3271 intelligi,
756 3238 881 3265 dicendo:
895 3238 984 3265 Radia>
996 3238 1118 3265 omnium

159 3279 299 3306 malorum
316 3282 357 3307 est
375 3280 502 3307 avaritia.
523 3281 575 3307 uae
593 3282 663 3308 enim
683 3285 710 3308 et
733 3282 855 3309 diabolus
874 3282 985 3314 cecidit,
1004 3282 1055 3316 qut
1070 3282 1119 3308 uti-

159 3330 213 3357 que
237 3331 291 3350 non
314 3325 414 3351 amavit
431 3325 585 3358 pecuniam,
604 3327 651 3352 sed
670 3327 805 3359 propriam
824 3330 979 3359 potestatem
998 3330 1048 3353 etc.
1066 3326 1118 3353 Csr.

160 3368 238 3394 etiam
259 3369 342 3395 Serm.
363 3369 422 3396 ⁴07.
444 3369 517 3403 (alias
537 3370 597 3397 ⁴96.
617 3371 651 3397 de
671 3371 803 3404 Tempore
822 3374 848 3397 et
867 3372 909 3397 28.
929 3372 963 3398 de
983 3371 1118 3405 Diversis).

2088 219 2153 252 317

1194 299 1464 341 perdiditaurum
1500 306 1531 336 et
1565 308 1730 346 argentum
1746 318 1778 345 »;
1804 310 1835 338 et
1861 307 1995 339 Actuum
2024 310 2152 340 octavo:

1197 349 1213 380 ἀ
1231 353 1364 386 Pecunia
1387 358 1442 387 tua
1466 359 1569 389 tecum
1607 357 1646 389 sit
1680 358 1711 390 in
1736 359 1941 400 perditionem
1960 373 1991 392 ».
2017 360 2052 393 Et
2080 369 2153 402 pro·

1192 409 1309 446 pterea.
1323 406 1390 448 ipsa
1424 408 1582 449 perdenda
1616 414 1680 449 est,
1709 420 1748 444 ne
1780 412 1890 453 perdat
1921 422 2150 454 possessorem3

1192 458 1396 492 Ecclesiastici
1422 460 1571 502 vigesimo
1595 472 1694 495 nono:
1724 476 1740 492 α
1756 464 1853 497 Perde
1880 466 2047 507 pecuniam
2079 476 2152 508 pro—

1192 514 1263 552 pter
1286 511 1416 545 fratrem
1442 516 1473 546 et
1494 515 1647 555 amicum,
1670 519 1701 548 et
1717 526 1778 549 uon
1795 517 1967 551 abscondas
1983 519 2068 551 illam
2091 520 2151 552 sub

1193 563 1294 604 lapide
1317 564 1349 596 in
1373 565 1580 606 perditionem
1597 581 1627 599 ι.

1282 618 1334 649 26.
1359 618 1461 660 (Vers.
1489 620 1564 661 16.).
1592 620 1684 653 Dixit
1706 626 1817 654 autem
1841 623 1887 655 ad
1902 624 1976 655 ittos
1993 625 2151 657 similitu·
2164 631 2268 656 Secundo.
2278 637 2318 658 νοτ

1190 670 1320 710 dinem,
1345 671 1457 705 dicens
1480 676 1539 706 etc.
1564 674 1617 707 Hic
1641 675 1778 707 secundo
1811 681 1936 709 revocat
1959 687 1977 709 a
2000 678 2150 711 sollicitu-
2179 659 2298 715 ffemmffi?

1189 723 1261 756 dine
1284 725 1434 758 avaritiae
1453 736 1516 768 per
1539 728 1723 770 exemplum
1747 729 1937 768 terribite⁸‚·
1962 731 2045 764 circa
2065 732 2151 774 quod
2168 710 2195 732 αθ
2210 716 2251 738 qm
2267 714 2316 732 ‘m'

1172 777 1250 809 *tria
1273 777 1536 819 introducuntur,
1560 781 1678 814 scilicet
1703 791 1798 814 vanae
1814 784 1993 817 securitatis
2009 786 2150 824 occasio,

1188 838 1286 862 vanae
1309 831 1489 864 securitatis
1512 834 1675 876 conceptio
1699 837 1730 867 et
1754 844 1851 868 vanae
1875 837 2053 870 securitatis
2073 838 2150 871 sub-

1189 883 1318 916 tractio.

1278 938 1380 971 Primo
1403 939 1500 981 igitur
1524 945 1679 982 quantum
1702 942 1740 975 ad
1764 952 1874 975 vanae
1888 945 2080 977 securitatis
2097 956 2148 978 oc·
2170 949 2272 971 Primum·

1187 990 1354 1024 casionem
1389 992 1564 1026 venientem
1601 1003 1643 1027 ex
1675 995 1838 1029 fructuum
1874 997 2019 1031 ubertate
2053 999 2145 1031 dicit:

1187 1043 1341 1076 Hominis
1364 1045 1543 1079 cuiusdam
1566 1047 1679 1080 divitis
1703 1048 1818 1082 uberes
1840 1049 1976 1093 fructas
2000 1062 2081 1095 ayer
2099 1057 2149 1085 at-

1188 1096 1272 1130 tulit.
1298 1098 1377 1131 Haec
1400 1099 1483 1132 enim
1507 1105 1742 1134 consueverunt
1764 1111 1832 1135 esse
1857 1104 1937 1136 bona
1957 1104 2088 1138 divitum
2107 1115 2149 1138 ex

1186 1150 1331 1184 ubertate
1354 1152 1518 1185 fructuum
1545 1155 1780 1196 temporalium;
1799 1157 1939 1190 Psalmus
1952 1158 1981 1190 ⁹:
2011 1172 2027 1187 c
2042 1159 2147 1191 Prom-

1186 1204 1310 1246 ptuaria
1344 1214 1456 1238 eorum
1480 1207 1589 1248 plena,
1613 1210 1790 1241 eructantia
1821 1219 1863 1242 ex
1895 1211 1954 1244 hoc
1986 1211 2016 1244 in
2050 1212 2148 1252 illud‚·-

1186 1266 1261 1290 oves
1277 1271 1292 1286 n
1313 1261 1391 1297 etc.;
1416 1259 1500 1292 unde
1517 1260 1569 1292 lob
1586 1260 1736 1302 vigesimo
1760 1263 1878 1304 primo:
1908 1277 1922 1292 α
1940 1265 2044 1305 Quare
2061 1266 2146 1307 impii

1186 1310 1314 1350 vivunt,
1338 1311 1492 1345 sublevati
1510 1317 1585 1346 sunt
1605 1314 1834 1358 confortatique
1857 1317 1972 1350 divitiis
1989 1322 2026 1350 »ἲ
2055 1332 2070 1347 α
2087 1319 2147 1352 Do-

1188 1373 1259 1396 mus
1282 1373 1392 1397 eorum
1418 1374 1548 1399 securae
1566 1370 1686 1400 suntet
1702 1373 1843 1409 pacatae,
1861 1374 1892 1402 et
1908 1380 1969 1402 non
1994 1376 2040 1404 est
2057 1372 2146 1414 virga

1186 1417 1240 1450 Dei
1265 1426 1362 1459 super
1385 1418 1455 1452 illos
1470 1432 1501 1451 ι).
1958 1454 1961 1458 .

1275 1472 1328 1503 27.
1353 1471 1454 1510 (Vers.
1483 1473 1557 1512 17.).
1584 1473 1619 1505 Et
1642 1475 1717 1515 quia
1740 1474 1865 1508 divitiae
1889 1476 1933 1508 sic
1957 1476 2075 1509 faciunt
2098 1486 2146 1510 se-

1185 1532 1318 1563 curum,
1351 1524 1436 1566 quod
1459 1525 1603 1558 reddunt
1626 1526 1823 1566 sollieitum;
1847 1528 1916 1561 ideo
1951 1530 2076 1562 subdit:
2107 1531 2147 1563 Et

1185 1577 1352 1619 coyz'tabat
1375 1578 1467 1611 intra
1489 1589 1523 1611 sc
1546 1579 1676 1612 (licens.-
1703 1580 1792 1621 Quid
1814 1580 1963 1624 faciam,
1980 1583 2061 1626 qnia
2078 1594 2145 1616 non

1185 1627 1305 1670 liabeo,
1330 1641 1395 1674 quo
1418 1641 1609 1674 conyreycm
1639 1631 1775 1675 fructus
1803 1635 1914 1667 meos?
1945 1636 2146 1670 Ecclesiastae

1184 1688 1299 1726 quarto
1314 1685 1357 1717 1⁰:
1386 1698 1402 1714 α
1419 1685 1471 1718 Est
1494 1686 1554 1718 alia
1578 1687 1716 1726 vanitas,
1748 1697 1843 1730 quani
1880 1689 1943 1722 vidi
1975 1690 2035 1723 sub
2063 1691 2145 1723 sole:

1184 1744 1268 1770 unus
1290 1741 1339 1770 est
1361 1741 1392 1770 et
1415 1738 1589 1771 sec-undum
1614 1740 1806 1780 nonhabet,
1823 1746 1854 1775 et
1873 1746 1976 1776 tamen
2002 1743 2145 1777 laborare

1183 1799 1246 1822 non
1270 1794 1387 1830 cessat,
1412 1800 1470 1824 nec
1485 1792 1642 1825 satiantur
1661 1794 1744 1826 oculi
1769 1795 1839 1827 eius
1862 1795 1978 1829 divitiis
1994 1810 2025 1835 »,
2051 1797 2145 1830 immo

1183 1846 1268 1876 certe
1292 1844 1522 1884 sollicitantur;
1555 1845 1757 1880 Ecclesiastae
1788 1848 1922 1890 quinto:
1956 1862 1971 1878 α
1991 1850 2145 1891 Saturitas

1183 1896 1289 1930 divitis
1311 1907 1373 1930 nou
1397 1898 1471 1931 sinit
1494 1907 1568 1932 eum
1591 1900 1730 1934 dormire
1747 1915 1776 1933 n.

1274 1951 1327 1984 28.
1352 1951 1453 1990 (Vers.
1482 1953 1556 1992 18.).
1582 1953 1618 1985 Et
1653 1954 1749 1987 huius
1777 1955 1860 1988 ratio
1876 1959 1943 1993 est,
1968 1957 2042 1998 quia
2066 1957 2146 1999 cogi—
2164 1959 2234 1980 Μο-

1184 2008 1238 2037 tur
1261 2005 1425 2047 coyitare5
1440 2008 1472 2038 et
1487 2006 1556 2039 ideo
1580 2007 1701 2039 subdit:
1728 2008 1775 2040 Ec
1788 2008 1890 2041 dixit:
1908 2009 1977 2041 Hoc
1991 2008 2143 2051 faciam:

1183 2057 1356 2091 destruam
1379 2057 1502 2091 liora-ea
1525 2069 1598 2092 mea
1620 2065 1650 2092 cc
1672 2061 1806 2093 maiora
1833 2061 1983 2104 faciam,-
2007 2068 2037 2095 ct
2062 2063 2143 2096 illuc

1183 2112 1389 2155 con-yreyabo
1412 2113 1542 2151 omnia,
1566 2122 1652 2156 qaae
1682 2118 1765 2146 itata
1795 2119 1875 2147 sunt
1897 2114 1982 2148 milti
2005 2121 2034 2149 et
2057 2116 2143 2150 bona

1185 2172 1268 2196 mea.
1292 2164 1401 2197 Glossa
1415 2166 1460 2196 l¹:
1491 2178 1506 2193 a
1524 2165 1617 2205 Ecce,
1642 2175 1755 2208 magna
1778 2167 1954 2201 sollicitudo
1977 2177 2019 2201 ex
2043 2169 2145 2201 avari-

1185 2217 1227 2249 tia
1243 2231 1275 2256 υ,
1298 2218 1373 2259 quia
1394 2218 1571 2251 sollicitudo
1593 2218 1775 2252 destruendi
1800 2220 1880 2254 facta
1904 2224 1935 2254 et
1958 2222 2141 2255 aedificandi

1182 2279 1274 2306 nova.
1294 2271 1383 2303 Licet
1406 2271 1488 2304 enim
1514 2276 1618 2305 essent
1646 2273 1760 2306 horrea
1784 2274 1889 2315 plena,
1913 2275 2067 2316 cupiditas
2090 2276 2144 2308 ad-

1185 2323 1247 2356 huc
1271 2332 1370 2357 vacua
1392 2324 1566 2367 quaerebat
1595 2335 1676 2359 nova
1700 2328 1915 2369 receptacula;
1942 2328 2143 2362 Ecclesiastae

1183 2377 1294 2418 quinto
1308 2378 1351 2409 ¹²:
1381 2390 1396 2406 a
1413 2379 1534 2411 Avarus
1549 2388 1610 2411 non
1628 2379 1811 2421 implebitur
1836 2381 1967 2423 pecunia
1984 2395 1999 2410 a>
2020 2385 2094 2421 etc.;
2111 2379 2143 2414 et

1184 2431 1387 2464 Ecclesiastici
1405 2431 1531 2464 decimo
1554 2436 1686 2474 quarto:
1717 2446 1732 2462 (ι
1748 2434 1932 2468 Insatiabilis
1954 2435 2065 2468 oculus
2089 2444 2144 2468 cu-

1182 2484 1261 2526 pidi,
1285 2484 1316 2516 in
1340 2488 1430 2526 parte
1453 2485 1626 2527 iniquitatis
1650 2495 1711 2519 non
1736 2487 1901 2520 satiabitur
1917 2501 1947 2519 n.
1977 2488 2144 2530 Inipletum

2174 1481 2285 1510 ‚Securitas

2161 1513 2207 1528 sino
2221 1509 2302 1534 quiete.

1253 2704 1264 2720 ⁶
1283 2705 1368 2732 Codd.
1385 2705 1464 2732 CDG
1484 2706 1606 2732 omittunt
1633 2708 1679 2733 est.
1699 2721 1735 2727 —
1753 2706 1871 2733 Subinde
1899 2714 1913 2733 e
1932 2707 1984 2734 CD
2011 2708 2143 2740 supplevi·

1184 2757 1243 2776 mus
1262 2749 1311 2777 hoc
1330 2752 1382 2782 est,
1403 2750 1486 2777 υἱέα...
1506 2757 1575 2784 quae
1591 2750 1716 2785 possidet.

1254 2792 1265 2808 ³
1284 2795 1379 2820 psalm.
1401 2794 1443 2827 48,
1458 2795 1499 2820 Η.
1513 2802 1568 2828 seq.
1582 2799 1734 2828 postquem
1748 2795 1793 2821 lob
1812 2796 1861 2828 27,
1882 2796 1924 2821 ⁴9.
1937 2799 1969 2822 et
1987 2797 2028 2822 Ps.
2047 2796 2094 2829 75,
2117 2797 2141 2822 6.

1254 2836 1263 2852 '¹
1285 2839 1360 2864 Vers.
1371 2839 1395 2864 3.
1406 2853 1442 2857 —
1455 2839 1512 2865 Duo
1526 2846 1600 2873 seqq.
1614 2840 1663 2866 loci
1676 2844 1736 2866 sunt
1749 2841 1803 2866 Act.
1818 2841 1843 2872 8,
1860 2841 1903 2866 20.
1915 2845 1941 2867 et
1954 2841 2030 2867 Eccli.
2044 2841 2086 2872 29,
2103 2842 2144 2867 13.

1254 2881 1265 2896 ⁸
1284 2883 1334 2908 Csr.
1354 2890 1435 2914 supra
1454 2890 1480 2909 n.
1501 2884 1542 2909 21.
1649 2886 1658 2898 ·

1254 2925 1265 2940 ⁹
1283 2927 1378 2953 Psalm.
1398 2927 1462 2959 ⁴43,
1483 2928 1530 2958 ⁴3,
1550 2929 1591 2954 cui
1611 2927 1807 2960 subiunguntur
1832 2929 1878 2955 lob
1904 2930 1953 2960 21,
1971 2929 1996 2955 7.
2016 2933 2041 2955 et
2061 2930 2086 2955 9.
2106 2944 2142 2950 —

1183 2971 1273 2997 Glossa
1292 2970 1490 2997 interlinearis:
1512 2970 1609 2998 Uberes
1626 2971 1750 3005 tructus,
1771 2973 1830 3004 plus
1849 2973 1933 2998 solito.

1255 3013 1277 3029 ¹⁰
1297 3015 1372 3040 Vers.
1391 3015 1417 3041 7.
1440 3018 1466 3041 et
1485 3016 1515 3048 8,
1534 3019 1560 3041 et
1578 3016 1640 3042 dein
1658 3017 1687 3047 5,
1711 3017 1750 3042 ll.

1256 3058 1275 3076 ¹¹
1296 3059 1397 3085 Scilicet
1415 3059 1604 3087 intcrlinemis.
1625 3061 1743 3093 Gregor„
1763 3061 1821 3086 XV.
1835 3061 1923 3086 Moral.
1941 3068 1964 3087 c.
1984 3062 2026 3086 22.
2046 3068 2072 3087 n.
2094 3062 2140 3087 26:

1183 3105 1204 3131 Ο
1223 3104 1343 3136 angustia
1361 3111 1392 3129 ex
1411 3104 1528 3130 satietate
1545 3107 1619 3130 natat
1638 3105 1676 3130 De
1696 3104 1813 3130 ubertate
1837 3105 1895 3136 agi-'1
1918 3110 2073 3136 angustatur
2091 3107 2142 3131 ani-

1184 3156 1243 3175 mus
1261 3149 1342 3174 avari.
1371 3149 1465 3174 Dicens
1493 3156 1620 3182 namque:
1650 3148 1722 3180 Quid
1745 3148 1865 3182 faciam?
1889 3150 2007 3181 protecto
2028 3150 2141 3183 indicat,

1183 3194 1259 3227 quia,
1278 3197 1401 3219 votorum
1421 3200 1529 3219 suorum
1549 3193 1685 3219 affectibus
1704 3200 1826 3225 pressus,
1845 3193 1895 3219 sub
1914 3194 2030 3227 quodam
2051 3201 2140 3220 rerum

1184 3239 1253 3264 fasce
1271 3237 1415 3263 laborabat„
2084 3256 2087 3258 -

1255 3280 1277 3296 ¹¹
1296 3282 1370 3307 Vers.
1390 3282 1414 3307 9.
1435 3281 1600 3315 (retinuimus
1620 3282 1689 3307 huuc
1708 3281 1793 3310 iocum
1807 3288 1869 3307 cum
1885 3282 1951 3313 Vat.,
1970 3289 2050 3315 quern
2062 3282 2140 3308 codd.

1183 3326 1305 3353 omittunt
1323 3326 1446 3359 quidem,
1465 3326 1512 3352 sed
1532 3327 1640 3352 sortasse
1668 3325 1783 3352 indicunt
1802 3329 1861 3358 post
1880 3333 1950 3353 noca
1967 3326 2139 3360 reoeptacula

1184 3374 1311 3403 ponentes
1329 3372 1378 3397 elo.
1396 3372 1422 3397 et
1434 3369 1515 3397 Eccli.
1535 3368 1603 3402 14),
1626 3373 1685 3402 post
1703 3377 1784 3403 quem
1803 3370 1880 3396 EcclI.
1902 3370 1948 3403 it,
1968 3371 1994 3396 9.
