2427 3872
419 335 473 362 IDO

177 395 213 401 —
231 381 377 408 Idololatria
397 381 482 406 honor
500 380 608 406 divinus
635 380 669 406 ad
697 386 767 406 crea-

124 430 211 453 turam
230 426 383 452 transfertur
402 425 435 452 VI
457 425 501 450 494
526 432 552 451 v.
575 425 584 450 4
607 439 643 443 -—
663 424 768 451 Idolola-

125 471 174 496 tria
193 470 335 497 adorantur
360 470 401 495 vel
429 469 477 495 Dei
505 472 641 495 creaturae
666 469 707 495 vel
727 475 768 495 co-

124 515 231 541 lentium
251 514 374 547 propriae
393 515 508 540 facturae
525 513 588 540 ibid.
607 528 643 532 —
661 513 768 539 Idolola-

125 563 180 586 trae
199 559 310 585 adorant
328 559 458 590 imagines
477 561 505 584 ut
523 565 578 589 res,
597 560 727 590 putantes,
741 557 766 583 in

125 605 163 630 eis
175 603 290 637 ‘aliquod
309 603 403 628 vivum
422 609 479 628 esse
500 602 550 628 496
570 610 596 628 ν.
617 602 649 627 49
664 617 699 620 -
712 601 766 628 Ido-

124 649 245 679 lolatrae‚
264 647 324 673 licet
341 647 409 673 idola
428 649 456 672 ut
478 653 557 672 veros
584 647 649 672 deos
668 647 766 678 colant,

124 699 179 718 non
198 694 285 718 tamen
304 691 342 717 eis
369 691 455 717 inesse
479 690 697 722 omnipotentiam
718 697 767 722 pu-

125 740 179 763 tant
199 736 249 762 203
269 744 295 762 v.
315 736 349 762 29

178 795 212 800 —-
231 780 316 807 Causa
343 779 503 806 idololatriae
527 782 578 812 est,
607 779 668 812 quia
698 779 767 804 Deus

124 832 174 851 nec
192 825 360 857 cognoscitur
389 824 442 850 fide
469 831 518 850 nec
542 823 643 849 ratione
661 823 695 848 VI
716 823 766 848 492

125 877 151 895 ν.
172 870 182 894 4

177 928 212 932 -
240 916 280 939 351
307 913 420 939 daemon
448 912 602 944 praesidens
636 912 705 938 idolo
734 911 767 937 Vl

125 959 176 984 498
195 966 221 984 ν.
251 958 266 983 9
285 971 321 977 —-
344 958 372 983 ln
401 957 471 983 idolo
499 956 660 983 considerari
688 955 768 982 debet

124 1002 232 1035 spiritus
250 1002 404 1034 praesidens
423 1004 448 1027 et
467 1001 552 1033 figura
572 1001 637 1033 ligni
656 1000 719 1027 ibid.
732 1015 768 1020 —

123 1046 250 1072 Diabolus
268 1047 293 1072 in
314 1046 383 1072 idolo
402 1045 566 1071 maledicitur
585 1045 768 1071 maledictione

124 1092 217 1124 culpae
244 1094 270 1117 et
298 1098 400 1123 poenae
426 1090 488 1117 ibid.
504 1094 544 1110 ⁸-
562 1090 675 1123 Lignum
704 1090 767 1116 idoli

123 1136 286 1162 maledicitur
317 1135 500 1161 maledictione
532 1135 711 1167 detestationis
742 1137 767 1161 et

123 1180 257 1218 infamiae,
277 1180 339 1213 quia
358 1182 398 1206 est
416 1179 525 1205 materia
545 1180 585 1206 vel
599 1179 702 1205 occasio
716 1179 767 1204 cul-

123 1232 174 1258 pae
193 1224 255 1251 ibid.

176 1284 212 1288 —
232 1269 301 1295 Idola
321 1276 373 1295 non
393 1271 454 1295 sunt
473 1276 487 1294 a
507 1268 576 1300 Deo,
589 1268 635 1294 sed
650 1270 710 1294 sunt
722 1269 766 1293 ho-

123 1315 226 1341 minum
245 1314 316 1340 fictio
335 1314 368 1340 Vl
390 1314 440 1339 499
469 1321 496 1339 v.
517 1313 549 1339 43
569 1328 603 1331 -
624 1312 694 1338 Idola
713 1319 765 1338 non

123 1362 199 1385 erunt
217 1359 244 1384 in
263 1362 435 1391 perpetuum,
449 1358 497 1383 sed
512 1358 693 1390 destruentur,
707 1363 766 1382 con-

123 1404 207 1430 versis
239 1403 391 1429 hominibus
421 1403 455 1428 ad
484 1402 582 1428 cultum
613 1402 691 1427 unius
718 1401 765 1427 Dei

124 1447 187 1474 ibid.

176 1507 211 1511 —
231 1494 318 1518 iurare
337 1499 384 1524 per
404 1492 503 1518 idolum
523 1493 563 1517 est
575 1490 696 1517 divinum
710 1491 765 1516 cul-

123 1540 179 1563 tum
199 1537 270 1563 idolo
289 1536 406 1563 tribuere
431 1536 465 1562 Vl
490 1536 540 1561 203
562 1543 588 1561 v.
609 1535 642 1561 30
661 1549 697 1553 —
716 1535 766 1567 Qui

123 1582 191 1608 iurat
205 1582 268 1607 falso
278 1588 326 1614 per
339 1581 440 1607 idolum
452 1580 592 1612 dupliciter
603 1582 695 1612 peccat
705 1578 767 1606 ibid.

176 1640 212 1644 —
230 1627 279 1652 Ars
297 1625 366 1652 idola
386 1624 570 1651 fabricantium
589 1627 629 1650 est
648 1625 715 1650 mala
730 1624 763 1650 VI

124 1670 175 1697 205
195 1678 222 1696 v.
242 1670 257 1696 4
270 1684 306 1689 —
319 1670 456 1696 Amatores
469 1670 602 1695 idolorum
616 1669 690 1701 digni
704 1671 766 1694 sunt

121 1718 207 1741 morte
225 1715 362 1747 temporali
381 1716 407 1740 et
425 1717 529 1740 aeterna
549 1713 583 1740 ib.
602 1722 628 1739 v.
648 1714 664 1739 6
683 1727 718 1733 -
731 1714 766 1739 Ex

123 1760 200 1786 idolis
219 1760 301 1786 multa
319 1762 428 1792 peccata
452 1758 613 1791 proveniunt
632 1758 683 1784 206
703 1765 729 1784 v.
750 1758 765 1783 6

177 1818 212 1823 -
238 1804 369 1830 idolorum
393 1803 517 1829 auxilium
545 1801 708 1833 invocantes,
735 1808 765 1827 ea

124 1848 295 1880 fabricantes,
314 1848 453 1880 diligentes
481 1850 506 1874 et
533 1847 672 1873 adorantes
691 1846 765 1878 digni

124 1895 185 1919 sunt
203 1895 288 1919 morte
307 1893 340 1918 VI
361 1893 412 1918 206
432 1899 460 1917 v.
488 1892 503 1916 6
531 1905 567 1910 —
595 1891 764 1917 maledictum

122 1940 163 1963 est
181 1944 243 1963 cum
268 1944 317 1963 suo
343 1937 441 1962 artifice
470 1936 520 1961 498
549 1942 576 1961 v,
595 1936 610 1960 8
635 1950 670 1953 —
695 1935 765 1960 Idola

123 1985 185 2008 sunt
203 1981 356 2008 detestanda
376 1983 484 2013 propter
503 1980 630 2005 offensam
643 1979 691 2005 Dei
703 1986 766 2012 qua-

123 2030 182 2053 tuor
202 2027 236 2052 de
255 2026 341 2051 causis
360 2024 393 2051 ib.
412 2032 439 2050 v.
460 2025 475 2049 9
489 2024 608 2050 —Idola
621 2023 766 2049 cultoribus

123 2071 177 2097 suls
195 2070 337 2096 multorum
367 2069 497 2094 malorum
525 2075 604 2094 causa
633 2067 765 2093 511111207

123 2122 150 2140 ν.
170 2114 204 2140 44
222 2127 258 2133 -
276 2113 420 2139 Idololatria
439 2114 479 2138 est
497 2119 576 2138 causa
589 2112 765 2144 corruptionis

123 2159 174 2184 203
194 2166 221 2184 ν.
240 2158 274 2184 26
293 2171 329 2177 —
348 2157 494 2183 Idololatria
517 2160 557 2183 est
581 2163 660 2182 causa
679 2157 767 2182 omnis

122 2203 185 2228 mali
204 2209 252 2234 per
278 2202 423 2228 intellectus
446 2201 657 2227 excaecationem
676 2205 702 2227 et
720 2208 766 2227 vo-

123 2247 230 2273 luntatis
248 2246 449 2273 subversionem
468 2245 503 2273 ib.
522 2253 548 2271 v.
569 2246 603 2272 27

176 2305 212 2311 -
230 2291 363 2317 idolorum
382 2291 467 2317 cultus
480 2294 519 2317 est
532 2294 701 2323 peccatorum
715 2298 766 2317 ser-

123 2336 194 2362 vitus
214 2336 247 2362 Vl
267 2335 318 2361 550
338 2336 353 2361 9
374 2350 409 2354 -
427 2335 559 2362 IdoIorurn
583 2336 669 2362 cultus
688 2335 766 2361 inter-

124 2381 219 2407 dicitur
244 2380 270 2406 in
296 2380 394 2413 templo
422 2380 526 2406 animae
546 2380 630 2406 fidelis
648 2379 711 2406 ibid.
730 2394 766 2399 —

123 2425 276 2452 idololatrae
292 2427 355 2451 sunt
373 2425 487 2451 infelices
514 2432 562 2457 per
590 2425 765 2457 privationem

124 2470 250 2496 felicitatis
268 2470 327 2496 viae
346 2469 398 2495 494
417 2477 444 2495 v.
465 2470 497 2495 40
516 2484 552 2487 -
564 2470 650 2495 Homo
663 2468 699 2495 ob
712 2469 765 2495 ido·

123 2515 177 2541 lum
196 2515 319 2547 punItur,
337 2514 399 2547 quia
418 2521 468 2546 pro
481 2513 603 2540 Creatore
616 2516 764 2539 creaturam

124 2560 235 2585 honorat
254 2559 303 2584 498
324 2566 351 2584 v.
371 2559 386 2584 8

177 2617 213 2623 -·
232 2603 367 2637 idololatra
388 2602 531 2635 imagines,
550 2605 579 2628 ut
597 2602 685 2634 pueri,
705 2602 765 2628 facit

123 2650 150 2674 et
167 2648 259 2674 adorat
278 2648 310 2674 VI
331 2647 381 2672 490
401 2654 428 2673 v.
447 2646 480 2673 24
499 2661 534 2665 -
553 2647 622 2673 Idola
637 2648 721 2673 facere
740 2650 765 2673 et

124 2692 209 2718 colere
226 2692 289 2718 ludo
308 2698 453 2724 puerorum
472 2691 577 2717 videtur
601 2691 685 2717 simile
713 2691 764 2717 207

124 2743 151 2762 v.
172 2736 205 2762 42

177 2794 213 2800 -
233 2780 368 2807 idololatra
387 2783 540 2806 excaecatus
559 2783 598 2806 est
617 2780 710 2807 merito
729 2780 765 2806 in-

124 2825 254 2851 fidelitatis
273 2832 337 2851 suae
355 2825 388 2851 VI
409 2824 460 2850 207
479 2832 506 2851 v.
521 2825 552 2850 43
566 2839 602 2843 ——
613 2825 766 2850 idololatrae

125 2869 278 2902 insipientes
302 2872 364 2895 sunt
387 2876 435 2902 per
462 2869 594 2895 defectum
621 2870 766 2902 sapientiae

124 2914 167 2939 vel
186 2914 248 2940 fidei
267 2917 395 2947 quantum
414 2914 448 2940 ad
468 2914 641 2946 intellectum,
660 2917 686 2940 et
705 2914 766 2939 infe·

125 2958 187 2984 lices
199 2958 289 2991 quoad
299 2959 420 2984 affectum
434 2957 468 2984 ib.
487 2966 514 2983 v.
528 2958 561 2983 44
575 2972 608 2977 -
628 2958 765 2984 idololatra

125 3002 240 3035 abnegat
267 3003 391 3035 pietatem
416 3002 499 3029 divini
523 3003 608 3028 cultus
633 3003 683 3028 498
704 3010 730 3028 v.
749 3003 765 3027 9

124 3060 161 3066 -
188 3047 322 3073 idololatra
356 3047 429 3079 facit,
460 3047 532 3080 quod
561 3047 668 3079 spiritus
695 3047 766 3072 mali-

126 3098 195 3123 gnus
213 3091 363 3124 praesideat
387 3091 458 3117 idolo
477 3090 510 3117 ib.
529 3098 556 3117 V.
580 3091 613 3116 40
632 3105 667 3109 -
686 3091 766 3117 Idolo-

126 3136 207 3161 latrae
225 3142 272 3168 per
292 3135 468 3161 infidelitatem
481 3136 610 3161 adversus
623 3135 707 3161 Deum
720 3142 766 3167 pu-

128 3182 208 3211 gnant
226 3180 273 3205 204
298 3187 324 3205 v.
344 3180 378 3205 22
397 3193 433 3199 --
452 3179 605 3205 idololatrae
623 3186 671 3211 per
684 3178 767 3205 libidi-

127 3230 187 3256 nem
207 3227 233 3250 et
252 3224 446 3250 immunditiem
465 3224 516 3250 diis
534 3224 589 3250 suis
601 3224 706 3256 placere
720 3230 766 3255 pu-

127 3266 217 3293 tabant
235 3268 286 3294 202
305 3275 332 3293 v.
351 3267 385 3294 24
400 3282 432 3286 -
447 3268 599 3294 idololatrae
618 3268 701 3293 Deum
715 3274 767 3293 non

127 3312 212 3338 solum
231 3312 301 3338 intus
320 3313 347 3338 in
366 3313 446 3339 corde
460 3319 511 3338 non
525 3312 640 3344 laudant,
660 3312 707 3338 sed
720 3318 767 3338 nec

127 3362 174 3381 ore
193 3357 348 3382 confitentur
367 3357 417 3382 209
438 3364 464 3382 ν.
486 3357 517 3382 49

181 3400 311 3426 IscnoruAs
328 3415 364 3419 —
382 3401 448 3433 quid
466 3401 594 3433 significet
621 3401 647 3426 in
676 3407 768 3432 genea-

129 3443 197 3475 logia
216 3443 309 3470 Christi
329 3445 373 3471 Vll
395 3445 427 3470 87
447 3446 481 3471 60

795 290 832 324 lN
855 278 1149 323 comusnrltntos
1172 289 1201 321 S.
1226 288 1452 322 SCRIPTURAE

858 379 970 405 Isturuuu
993 392 1029 397 —
1057 381 1096 404 est
1124 384 1192 410 opus
1210 377 1385 410 poenitentiae
1413 377 1446 403 VI

804 423 857 449 594
876 423 892 449 3
911 436 946 442 -
965 422 1062 448 Ieiunio
1081 424 1206 448 sanantur
1222 424 1310 454 pestes
1328 422 1447 454 corporis

803 467 847 494 VII
868 467 901 493 63
921 467 965 492 86.
985 466 1036 492 449
1057 467 1072 491 3
1093 480 1128 484 --
1146 465 1241 492 Christi
1269 469 1322 491 tam
1343 473 1357 491 a
1377 466 1448 498 Lege

803 518 884 545 quam
898 518 913 537 a
933 511 1071 543 Prophetis
1084 509 1177 536 habuit
1189 510 1370 536 testimonium
1384 511 1417 535 89
1432 510 1447 536 4

804 570 839 574 -
858 555 975 587 Septima
995 556 1059 580 hora
1079 554 1149 580 vitae
1174 561 1238 580 suae
1256 553 1376 580 Christus
1394 561 1448 580 car-

804 607 864 626 nem
884 606 933 625 suo
952 599 1048 624 ieiunio
1068 599 1212 625 maceravit
1229 599 1262 624 VI
1277 599 1328 624 302
1343 599 1375 624 83
1391 598 1447 631 (82)

804 658 839 662 -
857 643 976 670 Christus
995 643 1108 669 nolendo
1128 643 1152 668 in
1173 650 1252 669 cruce
1270 642 1361 668 11411313
1375 642 1448 668 dedit

804 688 954 720 exemplum
982 687 1072 713 ieiunii
1101 687 1152 712 648
1182 687 1197 712 3
1216 701 1252 706 --
1271 687 1448 713 communiter

803 739 856 758 non
874 728 996 764 'procedit
1015 732 1079 757 ultra
1100 731 1216 758 triduum
1236 732 1280 757 VII
1300 732 1334 757 90
1354 731 1369 756 6

857 777 946 803 13111111
966 791 999 795 --
1020 776 1159 802 indiscrete
1178 776 1252 802 vovit
1270 779 1296 801 et
1314 776 1392 802 solvit
1413 776 1446 801 VI

805 820 838 847 44
857 828 884 854 q.
905 821 914 846 4
939 835 974 840 -
993 821 1119 847 solvendo
1139 823 1231 846 votum
1252 820 1338 852 magis
1357 827 1448 852 pecca-

805 866 856 897 vit,
875 873 956 899 quam
976 865 997 891 si
1018 872 1069 891 non
1089 865 1210 891 solvisset
1229 863 1290 891 ibid.
1309 879 1345 884 —
1364 865 1390 890 in
1403 871 1447 890 vo-

805 910 893 936 vendo
913 910 960 936 fuit
978 910 1072 936 stultus
1090 913 1116 935 et
1143 909 1168 935 in
1197 909 1324 935 solvendo
1348 909 1447 941 impius

804 954 867 981 ibid.
886 969 921 973 —
940 961 993 980 non
1013 954 1214 980 commendatur
1226 953 1260 979 ab
1273 954 1400 986 Apostolo
1413 954 1447 979 de

804 1002 866 1025 voto
886 1006 934 1025 nec
962 999 996 1025 de
1024 999 1079 1024 voti
1107 999 1249 1031 solutione,
1275 998 1322 1024 sed
1341 999 1375 1024 de
1394 998 1446 1024 fide

804 1043 868 1070 ibid.
886 1058 921 1062 —
946 1043 1057 1069 credidit
1082 1043 1246 1075 triumphare
1274 1043 1308 1068 de
1334 1043 1446 1068 inimicis

803 1088 908 1115 Domini
927 1088 1022 1114 auxilio
1043 1087 1076 1113 45
1095 1095 1121 1120 q.
1143 1088 1152 1112 4

857 1134 975 1159 1333111115
993 1146 1028 1151 -
1047 1132 1224 1158 sanctificatus
1252 1132 1299 1157 fuit
1324 1132 1349 1157 in
1370 1135 1445 1158 utero

803 1181 923 1204 materno
950 1177 991 1203 VII
1014 1177 1046 1202 47
1067 1177 1100 1203 26
1122 1191 1155 1195 -
1175 1179 1214 1202 351
1240 1176 1325 1208 figura
1350 1176 1445 1203 Christi

803 1222 854 1247 596
875 1222 909 1247 34

856 1268 955 1293 lantcuo
974 1280 1009 1285 -—
1027 1269 1067 1292 est
1085 1266 1179 1292 civitas
1207 1265 1336 1292 subversa
1366 1273 1380 1292 a
1409 1267 1445 1291 lu-

802 1311 884 1342 daeis,
904 1311 1012 1337 transito
1041 1302 1151 1337 Iordane
1170 1311 1214 1336 Vll
1235 1310 1286 1336 472
1306 1311 1322 1336 2
1341 1324 1377 1329 -
1400 1310 1446 1336 de-

802 1359 899 1382 structa
919 1356 966 1382 fuit
984 1363 999 1381 a
1019 1357 1094 1381 105113
1114 1354 1165 1381 474
1189 1355 1206 1380 7
1233 1369 1268 1374 -
1294 1355 1321 1380 111
1346 1355 1446 1380 Iericho

802 1401 889 1426 nullus
907 1401 1023 1426 salvatus
1042 1403 1081 1426 est
1099 1400 1147 1425 nisi
1161 1399 1234 1425 Raab
1248 1399 1370 1425 meretrix
1383 1398 1445 1425 ibid.

802 1460 837 1463 —
856 1445 1022 1471 reaedificata
1042 1444 1089 1470 fuit
1116 1443 1167 1470 sub
1193 1443 1284 1469 Achab
1304 1443 1354 1469 473
1376 1445 1391 1469 2
1411 1457 1446 1462 -

803 1490 927 1515 illustrata
948 1489 995 1514 fuit
1013 1496 1027 1514 a
1042 1489 1189 1520 praesentia
1203 1488 1297 1514 Christi
1311 1487 1374 1515 ibid.

856 1548 892 1552 —
911 1534 971 1559 luna
991 1534 1176 1565 interpretatur
1196 1533 1237 1558 VII
1259 1532 1310 1558 470
1330 1533 1373 1558 58.
1395 1532 1445 1558 473

802 1578 819 1603 7
838 1592 874 1596 -
892 1578 1014 1610 designat
1027 1576 1227 1603 mutabilitatem
1241 1584 1331 1602 rerum
1346 1576 1397 1602 470
1412 1576 1445 1601 58

856 1623 996 1656 lanosum
1015 1636 1050 1641 —
1070 1622 1256 1653 interpretatur
1279 1621 1347 1647 visio
1373 1621 1446 1653 pacis

803 1668 836 1693 vt
857 1667 889 1693 47
909 1675 935 1693 ν.
957 1668 998 1692 42.
1018 1666 1062 1692 Vll
1083 1666 1115 1692 42
1136 1666 1196 1691 440.
1217 1665 1251 1691 57
1271 1666 1314 1692 56.
1336 1665 1387 1691 447
1402 1665 1444 1691 47.

805 1711 855 1737 433
876 1712 909 1737 23
934 1725 970 1730 -
997 1711 1127 1742 significat
1155 1713 1251 1736 statum
1280 1710 1375 1743 quietis
1403 1710 1446 1735 VII

805 1756 854 1782 433
876 1757 908 1781 23
928 1770 964 1775 -
988 1755 1118 1787 significat
1146 1758 1242 1781 statum
1268 1754 1446 1786 contemplati-

803 1807 898 1826 vorum
919 1799 970 1834 447
991 1800 1023 1825 47
1036 1813 1072 1818 -
1086 1800 1133 1825 Ρ31·
1152 1800 1291 1825 Ierusalem
1305 1799 1446 1830 designan-

803 1848 844 1871 tur
864 1848 968 1870 aeterna
994 1844 1028 1870 57
1054 1844 1088 1870 56
1108 1858 1143 1862 -—
1162 1847 1255 1876 typum
1277 1844 1345 1875 gerit
1363 1843 1446 1869 Eccle-

802 1889 872 1920 siae,
891 1889 994 1914 animae
1013 1891 1119 1914 sanctae
1142 1891 1168 1914 et
1193 1888 1333 1914 Ierusalem
1356 1894 1447 1920 super-

802 1940 852 1959 nae
871 1933 922 1959 468
943 1933 976 1959 53

855 1992 891 1997 —
909 1977 1072 2003 nobilissima
1091 1980 1147 2003 erat
1166 1977 1259 2002 civitas
1278 1980 1303 2002 et
1318 1976 1396 2005 totius
1409 1983 1446 2002 rc·

803 2023 848 2055 gni
868 2022 1030 2055 principium
1049 2022 1083 2048 VI
1102 2022 1118 2047 9
1137 2029 1165 2047 v.
1187 2022 1196 2046 4
1227 2036 1261 2039 --
1280 2024 1336 2047 3131
1354 2021 1447 2047 civitas

802 2067 911 2099 regalis,
931 2066 1090 2099 magistralis
1109 2069 1135 2092 et
1153 2066 1323 2092 sacerdotalis
1338 2066 1379 2091 Vll
1395 2065 1446 2091 355

804 2112 846 2137 69.
867 2111 917 2137 468
938 2111 982 2137 53.
1004 2111 1055 2136 487
1078 2111 1110 2136 42

856 2169 892 2175 --
911 2155 1078 2181 Ecclesiastes
1097 2158 1153 2181 erat
1175 2162 1219 2181 rex
1249 2155 1277 2180 in
1305 2155 1445 2180 Ierusalem

804 2201 837 2227 VI
856 2201 871 2226 9
892 2208 918 2226 v.
939 2201 949 2225 4
973 2214 1010 2219 -
1028 2201 1095 2226 Ante
1108 2201 1276 2225 Salomonem
1291 2200 1395 2224 fuerunt
1408 2205 1446 2224 re-

803 2248 850 2277 g'es
869 2245 895 2270 in
920 2245 1059 2270 Ierusalem
1079 2244 1113 2270 de
1131 2243 1254 2270 Chanaan
1273 2244 1307 2269 23
1326 2251 1354 2276 q.
1375 2244 1391 2268 2

855 2303 892 2308 -
910 2289 980 2315 Deus
998 2289 1026 2314 in
1045 2289 1183 2314 Ierusalem
1203 2287 1322 2314 habitare
1341 2286 1444 2313 diceba-

804 2337 860 2364 tur,
879 2334 941 2366 quia
961 2333 997 2358 ibi
1017 2333 1182 2359 excellentius
1194 2331 1330 2358 colebatur
1344 2332 1377 2357 VI
1392 2332 1442 2357 468

804 2386 831 2404 ν.
851 2379 865 2403 8
892 2392 926 2397 —
951 2381 1006 2403 erat
1033 2378 1106 2404 Iocus
1133 2378 1231 2404 electus
1259 2377 1292 2402 ad
1322 2377 1443 2402 divinum

802 2423 901 2449 cultum
920 2423 962 2448 Vll
983 2423 1017 2449 56
1037 2423 1070 2448 52
1089 2436 1125 2442 -
1144 2423 1170 2448 111
1184 2422 1323 2448 131115313111
1337 2420 1445 2453 vigebat

802 2468 887 2493 cultus
905 2467 953 2493 Dei
971 2467 1119 2493 secundum
1147 2466 1343 2492 observantiam
1366 2466 1444 2497 Legis

802 2512 836 2537 58
856 2512 898 2537 59.
918 2512 952 2537 65
971 2512 1005 2537 93
1025 2526 1061 2531 -
1079 2511 1244 2543 let-osolymis
1263 2514 1302 2536 est
1315 2511 1388 2536 Iocus
1401 2510 1445 2536 ad-

802 2556 927 2582 orationis
946 2556 979 2582 Vl
1000 2556 1051 2582 295
1071 2556 1105 2582 35
1123 2570 1158 2574 -
1179 2555 1214 2581 lbi
1235 2559 1355 2587 tempore
1373 2554 1443 2588 Chri-

802 2601 834 2627 sti
853 2601 947 2626 melius
965 2600 1125 2626 adorabatur
1143 2607 1225 2633 quam
1248 2601 1273 2625 in
1292 2604 1381 2625 monte
1394 2600 1443 2625 Ga-

802 2645 875 2671 rizim
895 2644 929 2672 ib.
948 2645 981 2670 36

854 2705 891 2708 -
910 2690 1075 2716 Praedictum
1101 2690 1147 2715 fuit
1165 2696 1180 2715 a
1199 2689 1350 2721 Prophetis,
1370 2688 1443 2722 quod

801 2734 836 2761 de
853 2735 993 2761 ierusalem
1013 2734 1114 2760 veniret
1133 2735 1172 2760 lex
1190 2741 1260 2760 nova
1280 2734 1323 2759 Vll
1344 2733 1396 2759 355
1409 2733 1443 2758 69

801 2793 837 2799 -
856 2780 896 2805 Ad
914 2779 1053 2805 Ierusalem
1073 2778 1195 2805 ducimur
1214 2785 1262 2811 pet·
1274 2778 1406 2805 Christum
1419 2780 1445 2803 et

802 2824 874 2849 viam
894 2824 1079 2850 mandatorum
1109 2823 1142 2849 42
1166 2823 1217 2849 440
1236 2838 1271 2841 -
1290 2824 1317 2848 111
1342 2829 1373 2847 33
1393 2829 1445 2848 ma-

802 2869 871 2894 xime
890 2868 1044 2895 habitabant
1063 2869 1184 2894 doctores
1205 2867 1255 2893 424
1276 2866 1309 2892 42

855 2927 890 2932 -
916 2914 942 2939 111
968 2913 1108 2939 Ierusalem
1136 2912 1254 2938 Christus
1279 2911 1444 2943 crucifigitur

804 2958 845 2983 VII
866 2957 917 2983 424
943 2957 976 2982 42
1000 2971 1046 2989 -Ὶ
1061 2958 1089 2982 111
1115 2956 1253 2982 Ierusalem
1282 2955 1444 2981 occidendus

802 3005 858 3027 erat
876 3001 995 3027 Christus
1014 3001 1065 3026 477
1086 3001 1118 3026 46
1132 3011 1167 3020 -—
1180 3001 1206 3025 ln·
1221 2999 1360 3025 Ierusalem
1374 2998 1443 3025 Chri-

802 3049 858 3072 stus
875 3046 1066 3076 condemnatus
1084 3047 1135 3077 est,
1164 3045 1211 3070 sed
1239 3047 1310 3070 extra
1339 3047 1442 3075 portam

802 3097 896 3122 passus
916 3090 967 3116 355
987 3090 1019 3114 69
1041 3103 1074 3108 --
1103 3088 1295 3121 ierosolymitae
1323 3087 1444 3119 negaturi

802 3138 884 3165 erant,
903 3133 1034 3160 Christum
1054 3141 1112 3160 esse
1131 3140 1210 3159 suum
1229 3139 1320 3164 regem
1335 3131 1385 3157 486
1411 3131 1443 3157 42

856 3193 891 3196 -
909 3179 931 3204 si
950 3174 1125 3210 praevidisset
1143 3179 1229 3203 futura
1242 3177 1324 3209 mala,
1338 3183 1389 3202 non
1404 3183 1444 3201 cs-

803 3225 843 3248 set
860 3223 953 3248 laetata
973 3223 996 3248 in
1025 3221 1208 3255 praesentibus
1236 3221 1372 3253 prosperis
1400 3220 1442 3245 Vll

805 3266 856 3292 496
876 3267 910 3292 65
929 3281 965 3285 -
990 3267 1012 3293 54
1037 3267 1205 3299 cognovisset
1229 3273 1304 3292 suam
1327 3265 1443 3296 ruinam,

805 3311 919 3337 flevisset
938 3310 1000 3337 ibid.

857 3370 893 3374 —
912 3356 1022 3382 exsultat
1040 3358 1065 3381 et
1083 3363 1134 3381 non
1154 3355 1240 3387 plorat
1268 3357 1376 3386 propter
1395 3353 1444 3378 im-

805 3400 1000 3432 providentiam
1020 3400 1063 3426 Vll
1084 3399 1135 3425 496
1156 3399 1189 3425 65
1208 3412 1243 3417 -
1256 3397 1369 3424 1131131131
1383 3404 1444 3429 gau·

805 3445 879 3471 dium
899 3445 1005 3471 stultum
1020 3447 1128 3476 propter
1141 3442 1375 3469 considerationem
1393 3441 1444 3466 diei

2060 291 2124 324 763

1775 335 1826 360 lGN

1485 378 1630 410 praesentis
1649 381 1674 404 et
1699 381 1806 410 propter
1834 377 2035 405 absconsionem
2059 380 2126 405 cala-

1485 422 1581 448 mitatis
1606 421 1667 448 ibid.
1687 437 1721 441 —
1746 423 1813 448 mala
1843 424 1928 448 futura
1948 430 2000 449 non
2026 424 2125 456 prospi-

1484 465 1584 497 ciebat,
1605 467 1705 493 habens
1724 466 1792 493 bona
1812 468 1958 499 praesentia
1978 467 2012 493 ad
2032 475 2125 500 pacem

1485 511 1656 542 temporalem
1676 510 1739 537 ibid.

1537 569 1572 573 ·--
1592 555 1716 587 Discipuli
1736 556 1853 581 instructi
1874 557 1978 581 fuerunt
1995 563 2009 581 a
2024 555 2126 582 Christo

1485 599 1519 624 de
1537 599 1676 625 eversione
1695 600 1869 631 ierosolymae
1897 607 1945 632 per
1973 600 2126 632 parabolam

1486 643 1530 669 VII
1551 643 1601 668 487
1623 643 1656 669 42
1670 657 1705 662 -
1719 644 1797 676 Signa
1812 651 1908 676 magna
1921 647 1947 670 et
1960 645 2039 670 multa
2054 651 2127 676 prae-

1485 691 1620 713 cesserunt
1639 688 1696 714 eius
1715 689 1879 714 eversionem
1905 689 1956 714 526
1985 689 2014 714 16
2035 703 2069 707 —-
2088 689 2126 715 sic

1487 732 1534 757 fuit
1553 731 1660 758 obsessa
1681 732 1858 765 strictissime,
1883 736 1911 758 ut
1938 736 2021 758 mater
2040 739 2126 759 come·

1485 777 1559 803 deret
1586 776 1684 809 fllium,
1709 780 1734 802 et
1759 784 1827 803 unus
1855 777 1964 803 alterum
1989 777 2128 804 devoraret

1485 821 1537 847 497
1557 822 1591 846 66
1810 846 1812 848 ,

1538 880 1574 885 -
1592 867 1657 892 Tota
1677 872 1744 898 gens
1764 866 1810 892 fuit
1829 866 1948 898 dispersa
1969 874 2016 892 nec
2030 867 2126 892 mansit

1484 911 1508 936 411
1528 911 1633 936 34141313
1651 910 1716 943 Iapis
1735 918 1815 942 super
1833 911 1949 942 lapidem
1970 912 2012 936 VII
2028 910 2078 936 497
2094 911 2127 936 67

1483 969 1518 974 -
1537 962 1598 980 cum
1618 954 1715 987 terisplo
1735 962 1827 981 eversa
1856 958 1896 981 est
1914 962 1929 980 a
1948 955 2007 981 Tito
2033 958 2059 981 et
2078 955 2126 980 Ve-

1483 999 1604 1032 spasiano
1623 1000 1828 1032 quadragesimo
1848 1000 1964 1025 secundo
1978 1006 2047 1025 anuo
2066 1004 2126 1032 post

1482 1044 1631 1076 passionem
1651 1044 1755 1070 Domini
1768 1044 1820 1070 524
1836 1045 1863 1069 44
1882 1059 1916 1062 -
1931 1047 2019 1070 vetere
2033 1051 2126 1070 eversa

1482 1095 1552 1114 nova
1572 1088 1743 1120 postmodum
1763 1091 1802 1114 est
1820 1089 1985 1114 reaedificata
2006 1088 2067 1115 ibid.

1536 1148 1571 1151 —
1590 1135 1738 1165 exspectata
1758 1136 1809 1164 est,
1833 1136 1861 1159 ut
1880 1134 1974 1159 faceret
1993 1134 2124 1165 poeniten-

1483 1178 1546 1203 tiam
1567 1178 1610 1203 VII
1631 1177 1682 1203 524
1704 1178 1731 1202 44
1749 1192 1784 1196 ——-
1799 1181 1968 1210 coangustata
1983 1181 2008 1203 et
2022 1185 2123 1208 eversa,

1483 1225 1522 1248 est
1542 1222 1625 1254 figura
1655 1222 1802 1254 peccatoris
1831 1223 1855 1247 in
1885 1225 1969 1248 morte
1988 1222 2126 1254 temporali

1483 1270 1509 1292 et
1527 1267 1561 1292 ad
1582 1266 1708 1292 iudicium
1728 1267 1868 1292 accedente
1883 1266 1933 1292 497
1954 1267 1986 1292 68
2006 1280 2041 1285 -
2055 1267 2128 1298 Quae

1485 1311 1624 1337 Ierusalem
1644 1314 1703 1337 ante
1722 1318 1797 1337 suam
1821 1311 1986 1336 eversionem
1999 1318 2075 1343 passa
2089 1314 2128 1336 est

1483 1356 1632 1387 significant
1651 1355 1844 1381 tribulationem
1865 1356 1993 1381 Ecclesiae
2009 1359 2127 1387 tempore

1483 1400 1628 1426 antichristi
1647 1400 1699 1425 530
1720 1400 1753 1425 38
1766 1414 1801 1417 -
1816 1400 1863 1425 Per
1876 1400 2018 1425 exercitum
2033 1399 2127 1425 urbem

1484 1444 1693 1470 circumdantem
1712 1444 1862 1475 intelligitur
1890 1444 2044 1469 insurrectio
2072 1451 2128 1476 per-

1484 1496 1624 1514 versorum
1661 1491 1750 1514 contra
1792 1488 1994 1514 ecclesiast1cam
2032 1495 2126 1520 pacem

1484 1532 1518 1559 ib.
1538 1534 1572 1559 30
2115 1536 2121 1537 ’

1537 1591 1573 1596 -
1592 1577 1723 1603 destructa
1745 1577 1793 1602 fuit
1812 1577 1839 1602 in
1853 1577 1978 1602 ultionem
1993 1577 2128 1608 sanguinis

1484 1622 1540 1647 Iesu
1560 1621 1655 1652 Christi
1674 1625 1700 1647 et
1719 1622 1909 1654 Prophetarum
1936 1622 1993 1647 eius
2013 1622 2054 1647 vn
2075 1621 2121 1646 534

1484 1667 1517 1692 33
1537 1680 1571 1684 -
1591 1667 1652 1692 Eius
1670 1666 1773 1692 eversio
1798 1669 1838 1692 est
1865 1666 1949 1698 figura
1968 1666 2073 1692 divinae
2093 1666 2128 1691 ul-

1484 1711 1560 1737 tionis
1579 1714 1687 1743 propter
1713 1714 1821 1743 peccata
1849 1717 2024 1743 personarum
2050 1710 2127 1736 eccle-

1483 1756 1647 1781 siasticarum
1661 1754 1694 1781 ib.
1708 1755 1741 1781 34
1756 1770 1789 1774 -
1804 1754 1945 1781 calcabitur
1964 1762 1978 1780 a
1993 1754 2125 1786 gentibus,

1483 1800 1567 1826 donec
1586 1799 1722 1832 plenitudo
1742 1799 1859 1832 gentium
1879 1799 2014 1825 intraverit
2027 1799 2078 1824 532
2093 1800 2125 1824 39

1531 1850 1571 1863 ’-
1590 1844 1630 1870 Ad
1650 1844 1789 1870 Ierusalem
1809 1851 1950 1876 supernam
1964 1851 2018 1869 non
2031 1851 2128 1876 appro-

1483 1889 1645 1922 pinquamus
1663 1888 1785 1921 passibus
1805 1889 1937 1921 corporis,
1963 1888 2009 1914 sed
2029 1888 2125 1913 affecti-

1484 1932 1534 1958 bus
1553 1932 1641 1958 cordis
1665 1936 1690 1958 et
1719 1932 1811 1965 mentis
1836 1933 1879 1958 Vll
1906 1932 1957 1958 356
1976 1932 2009 1957 72
2029 1947 2064 1950 —
2084 1939 2124 1957 su-

1483 1984 1565 2008 perna
1585 1977 1680 2002 dleitur
1699 1977 1802 2003 deserta
1823 1977 1874 2002 385
1894 1977 1926 2001 «40
1952 1990 1986 1994 -
2011 1983 2125 2008 superna

1483 2021 1578 2047 dicitur
1597 2021 1694 2047 domus
1713 2020 1749 2047 ib.
1769 2022 1801 2046 43
1822 2036 1854 2039 -
1875 2021 1914 2046 Ad
1928 2021 2067 2046 Ierusalem
2081 2027 2125 2046 su-

1483 2072 1594 2098 pernam
1613 2069 1706 2091 euntes
1725 2065 1823 2091 debent
1842 2066 1952 2091 transire
1965 2072 2013 2097 per
2029 2066 2125 2091 famam

1483 2114 1509 2136 et
1528 2110 1660 2136 infamiam
1681 2110 1732 2136 495
1752 2111 1786 2136 62

1539 2169 1572 2173 --
1604 2154 1722 2180 Civitatis
1743 2155 1893 2180 ,Ierusalem
1926 2154 2126 2180 fundamentum

1483 2202 1523 2225 351
1541 2199 1635 2225 caritas
1653 2199 1771 2225 ordinata
1792 2200 1825 2224 VI
1845 2200 1860 2224 3
1885 2200 1891 2224 l
1918 2213 1951 2217 —-
1971 2206 2018 2231 per
2031 2200 2124 2225 carita-

1484 2247 1535 2269 tem
1555 2244 1666 2276 erigitur
1684 2244 1717 2269 ati
1737 2247 1841 2269 aeterna
1862 2243 1923 2270 ibid.
1944 2257 1979 2262 —
1999 2244 2024 2269 in
2043 2247 2124 2269 aeter-

1482 2288 1522 2314 nis
1540 2288 1652 2321 quiescit
1670 2291 1696 2314 et
1724 2288 1750 2313 in
1779 2288 1817 2314 eis
1844 2287 2032 2319 beatitudinem
2053 2289 2126 2320 ponit

1482 2331 1545 2358 ibid.

1536 2377 1603 2402 Issus
1621 2390 1656 2395 —
1675 2377 1775 2402 Nomen
1790 2377 1859 2402 lesus
1873 2377 2002 2408 significat
2014 2377 2124 2402 salutem

1482 2422 1515 2446 VI
1537 2421 1587 2446 466
1609 2421 1641 2447 48
1655 2435 1690 2440 -
1709 2421 1805 2447 dicitur
1819 2421 1936 2446 Salvator
1951 2421 2001 2446 496
2022 2421 2065 2446 34.
2080 2421 2122 2446 VII

1483 2466 1517 2491 55
1539 2465 1579 2491 46.
1601 2466 1635 2491 87
1655 2466 1699 2491 62.
1722 2465 1771 2491 124
1792 2465 1824 2491 43

1533 2524 1570 2530 -·
1588 2517 1686 2536 nomen
1715 2510 1761 2535 fuit
1786 2510 1993 2542 praefiguratum
2023 2516 2037 2535 a
2066 2510 2123 2535 lesu

1481 2556 1552 2581 Nave
1571 2558 1596 2581 et
1615 2562 1629 2580 a
1649 2555 1741 2587 Ioseph
1762 2554 1892 2586 Aegyptio
1918 2554 1961 2579 VII
1984 2554 2016 2580 24
2037 2554 2071 2579 55
2091 2568 2126 2572 -

1479 2606 1576 2626 nomen
1596 2599 1721 2631 competit
1741 2599 1789 2631 ipsi
1816 2598 1919 2625 Christo
1940 2605 2002 2624 vere
2022 2602 2047 2624 et
2066 2606 2126 2631 pro.

1481 2645 1537 2677 prie
1558 2644 1592 2670 55
1612 2644 1645 2670 46
1666 2658 1700 2662 —-
1719 2650 1817 2669 nomen
1843 2644 1964 2669 divinum
1985 2647 2010 2669 et
2029 2644 2127 2675 angeli-

1480 2696 1542 2716 cum
1561 2692 1600 2715 est
1619 2688 1652 2715 ib.
1682 2688 1715 2714 47
1734 2702 1770 2708 --
1796 2695 1894 2714 nomen
1917 2688 2041 2720 sapidum
2062 2687 2123 2714 ibid.

1482 2748 1516 2753 —-
1535 2737 1574 2760 est
1593 2740 1691 2759 nomen
1721 2733 1834 2765 dignum
1861 2733 1934 2758 omni
1958 2733 2127 2758 veneratione

1482 2777 1515 2805 ib.
1536 2778 1569 2804 46

1535 2823 1603 2848 Issus
1621 2823 1692 2848 Nava
1711 2837 1746 2840 —
1766 2822 1813 2847 fuit
1832 2822 1904 2847 fortis
1929 2822 1955 2847 in
1975 2821 2050 2852 bello,
2070 2828 2122 2847 ma-

1482 2874 1551 2899 gnus
1569 2867 1717 2893 secundum
1737 2873 1835 2892 nomen
1855 2869 1880 2891 31
1899 2866 2029 2892 maximus
2049 2866 2074 2891 in
2088 2873 2126 2892 sa-

1481 2912 1561 2937 lutem
1580 2911 1723 2936 electorum
1743 2911 1790 2936 Dei
1811 2911 1853 2936 VII
1874 2910 1907 2936 24
1928 2910 1962 2935 55

1534 2955 1636 2980 11121351.
1665 2969 1699 2972 -
1728 2955 1913 2986 interpretatur
1942 2955 2028 2979 fluxus
2065 2958 2126 2979 ster-

1481 2999 1581 3032 quilinii
1604 2999 1644 3024 Vll
1668 2998 1716 3023 444
1736 2998 1769 3023 39

1535 3043 1641 3068 1013111115
1665 3056 1701 3061 -
1727 3042 1812 3074 Ignari
1838 3045 1898 3067 sunt
1926 3042 1971 3074 qui
2001 3042 2122 3073 concupi-

1480 3087 1591 3113 scentias
1610 3087 1784 3119 insequuntur
1805 3086 1838 3111 Vl
1858 3086 1909 3111 540
1929 3086 1944 3110 9

1535 3132 1599 3157 Ictus
1617 3145 1652 3150 —
1673 3131 1738 3156 Tres
1756 3134 1818 3156 sunt
1837 3130 1939 3162 species
1959 3130 2042 3162 ignis:
2062 3130 2119 3162 lux,

1481 3177 1601 3207 flamma,
1621 3174 1702 3201 carbo
1722 3175 1755 3200 Vl
1776 3175 1826 3200 248
1847 3182 1873 3199 v.
1899 3174 1915 3199 5
1934 3188 1969 3193 —
1989 3174 2123 3206 multiplex

1480 3223 1520 3246 est
1537 3220 1655 3251 acceptio
1676 3220 1717 3245 Vll
1743 3219 1776 3244 79
1806 3219 1840 3244 39
1859 3232 1894 3238 --
1913 3218 2044 3250 significat
2063 3225 2120 3244 con-

1481 3264 1668 3296 cupiscentiam
1691 3264 1721 3289 Vi
1742 3263 1793 3288 629
1818 3263 1846 3288 10
1866 3276 1901 3282 —
1921 3263 1997 3295 Igniti
2016 3269 2120 3294 serpen-

1481 3312 1519 3334 tes
1537 3311 1598 3334 sunt
1618 3311 1705 3334 motus
1718 3307 1968 3339 concupiscentiales
1987 3306 2050 3333 ibid.

1535 3366 1570 3371 —
1589 3352 1699 3378 mundat
1719 3352 1751 3377 Vl
1765 3352 1816 3377 600
1837 3351 1852 3377 4
1868 3366 1901 3370 -
1925 3352 2041 3377 conflans
2061 3351 2123 3376 nihil

1482 3397 1577 3423 metalli
1590 3396 1720 3429 relinquit,
1734 3396 1806 3429 quod
1820 3403 1873 3421 non
1884 3396 2029 3428 liquefaciat
2041 3395 2091 3420 629
2106 3395 2122 3420 5

1484 3455 1518 3459 -
1527 3442 1678 3467 1131111314131
1690 3441 1714 3466 411
1726 3447 1794 3473 aqua
1805 3440 1978 3472 exstinguitur
1990 3439 2040 3465 232
2051 3440 2099 3465 ν..4
2107 3439 2122 3464 9
