2476 3921
16 364 125 388 lactantia.

35 630 124 653 Invidia.

0 904 1 907 ¹
9 896 124 919 iracundia.

10 1161 123 1185 Moestitia.

24 1321 124 1344 Perfidia.

0 1643 77 1665 mestas
86 1643 131 1664 effi-

0 1669 52 1691 tiens
64 1670 132 1697 expli-

0 1697 54 1727 *3²¹³
61 1697 129 1724 tripli·

0 1724 55 1745 mer.

2 1839 125 1884 utaequa.

741 210 935 244 COMMENT.
961 210 998 242 lN
1022 209 1261 242 EVANGELIUM
1285 209 1403 242 LUCAE
1427 209 1459 241 C.
1486 209 1533 241 lX.

146 302 388 345 quadragesimo
419 301 522 344 primo
537 302 565 333 ¹:
596 301 695 343 «lpse
727 303 774 333 est
799 309 857 333 rex
882 308 979 342 super
1003 307 1112 331 omnes

144 355 225 388 filios
237 355 405 398 superbiae
418 368 448 387 n.
465 373 506 378 -
519 353 662 387 Secundo
676 362 751 386 vero
767 352 891 385 clamat
908 361 965 394 per
982 351 1110 384 iactan-

144 410 248 448 tiam
272 408 367 442 Isaiae
390 408 545 451 quint02:
575 420 590 437 «
608 406 812 449 Exspectavi,
829 409 865 439 ut
889 406 1005 439 faceret
1021 405 1112 438 iusti-

144 463 235 502 tiam,
259 465 291 495 et
322 470 409 501 ecce,
442 461 561 494 clamor
576 474 607 493 n.
633 460 723 493 Tales
746 462 838 493 erant
863 458 1038 498 Pharisaei,
1063 467 1111 491 se-

145 516 286 550 cundum
316 514 394 548 illud
429 514 575 547 Matthaei
611 513 762 556 vigesimo
798 512 911 546 tertio:
941 525 956 541 α
973 512 1111 544 Dilatant

144 567 338 611 phylacteria
360 576 436 607 sua,
461 566 664 612 magnificant
687 566 843 605 fimbrias,
868 568 975 598 amant
991 565 1111 607 primos

143 621 309 655 accubitus
333 620 365 653 in
389 620 494 653 coenis
511 633 527 649 »
556 622 614 653 etc.
639 638 683 643 —-
709 619 815 652 Tertio
841 628 917 652 vero
940 618 1031 651 elidit
1053 627 1111 660 per

143 675 328 713 invidiam,
353 674 527 707 secundum
545 673 623 706 illud
647 673 700 706 lob
716 672 878 715 trigesimo
891 672 921 704 ³:
944 685 959 700 α
978 671 1110 704 Elevasti

142 738 211 768 me,
235 732 267 762 et
290 728 379 771 quasi
406 737 502 770 super
525 731 656 760 ventum
686 735 806 769 ponens
823 740 854 765 n,
878 735 935 768 per
958 734 1110 768 arrogan-

144 781 237 821 tiam,
275 780 415 814 «elisisti
451 780 600 819 valide»,
632 788 689 821 per
726 778 894 818 invidiam,
926 778 1020 821 quia,
1055 777 1108 810 lob

144 835 272 878 quinto,
302 848 317 864 <z
335 834 504 876 parvulum
528 832 642 866 occidit
657 831 775 865 invidia
790 846 820 864 ».
837 850 882 855 -
897 832 1018 873 Quarto
1035 837 1111 864 vero

143 889 331 931 dissipatur
355 897 412 930 per
429 887 666 926 iracundiam,
683 895 765 929 quae
781 895 890 919 omnes
907 885 1111 928 cogitationes

144 941 331 981 conturbat,
367 940 542 974 secundum
577 939 655 973 illud
690 939 743 972 lob
777 939 899 972 decimo
934 939 1109 981 septimo⁴:

149 1008 165 1025 «
181 995 389 1038 Cogitationes
413 1003 501 1027 meae
531 993 699 1036 dissipatae
727 996 820 1032 sunt,
845 996 1031 1035 torquentes
1055 1002 1110 1026 cor

144 1058 251 1083 meum
268 1061 299 1088 1>;
324 1052 356 1082 et
378 1048 408 1081 in
442 1048 580 1081 Psalmo:
611 1061 627 1076 «
644 1047 789 1089 Dissipati
815 1056 873 1080 nec
909 1046 1109 1089 compuncti,

143 1101 355 1144 frenduerunt
386 1111 483 1144 super
515 1110 566 1134 me
597 1100 745 1134 dentibus
776 1100 843 1133 suis
861 1114 890 1132 ι).
916 1119 960 1124 -
992 1099 1110 1142 Quinto

144 1155 290 1189 dilaniat
313 1165 370 1198 per
395 1155 507 1188 cordis
531 1154 749 1193 moestitiam,
774 1163 838 1197 qua
857 1153 1054 1196 praecipitat
1078 1153 1109 1186 in

143 1209 386 1252 impatientiam,
418 1218 475 1251 per
505 1218 601 1251 quam
634 1208 804 1241 dilaniatur
836 1210 867 1240 et
898 1207 1109 1246 conscientia;

143 1261 228 1294 unde
251 1261 457 1294 Ecclesiastici
483 1261 646 1303 trigesimo
669 1261 822 1294 octav0⁶2
854 1273 869 1289 α
885 1260 1024 1292 Tristitia
1040 1268 1110 1292 cor-

143 1313 192 1347 dis
215 1314 313 1347 flectit
337 1314 493 1347 cervicem
509 1327 525 1342 υ
551 1317 610 1346 etc.
628 1332 667 1336 ——
697 1314 732 1345 Et
756 1313 829 1345 hinc
854 1316 918 1351 est,
943 1312 1028 1354 quod
1054 1312 1110 1344 vix

143 1366 282 1399 discedit
311 1370 441 1408 propter
475 1365 653 1408 perfidiam
662 1378 673 1404 ;
705 1366 880 1408 Sapientiae
903 1365 1108 1398 duodecimo:

150 1434 165 1449 «
182 1420 323 1463 Nequam
348 1423 395 1453 est
419 1419 504 1452 natio
528 1419 673 1458 illorum,
697 1423 729 1452 et
752 1418 906 1452 naturalis
923 1418 1042 1451 malitia
1058 1427 1110 1451 eo-

144 1482 236 1513 rum,
260 1476 292 1506 et
315 1473 464 1515 quoniam
488 1482 551 1505 non
575 1476 699 1515 poterat
724 1472 839 1505 mutari
865 1471 1012 1514 cogitatio
1040 1480 1110 1504 cor-

144 1527 192 1561 dis
216 1536 327 1561 eorum
351 1527 384 1560 in
408 1529 599 1569 perpetuum
617 1540 647 1558 ».

234 1583 287 1615 77.
312 1581 413 1623 (Vers.
440 1580 517 1621 lit).
551 1580 761 1622 Respondens
792 1583 904 1612 autern
937 1579 1030 1611 Iesus
1061 1578 1112 1611 ait

144 1635 236 1668 ictis⁶
259 1638 318 1668 etc.
344 1634 415 1667 Post
438 1633 706 1676 opportunitatem
729 1633 948 1675 disponentem
972 1632 1111 1675 explicat

145 1688 283 1722 secundo
307 1688 503 1730 Evangelista
522 1691 714 1730 potestatem
730 1686 938 1730 efficientem,
955 1695 1037 1729 quae
1057 1686 1110 1719 de-

145 1742 298 1775 scribitur
322 1741 374 1774 hic
394 1745 434 1774 ut
458 1750 586 1784 aequa,
610 1744 646 1773 ut
666 1740 728 1783 pia
752 1743 783 1773 et
807 1744 843 1773 ut
867 1749 1004 1783 mayna.

235 1795 338 1828 Primo
361 1795 552 1828 describitur
580 1798 616 1827 ut
640 1803 749 1837 aequa
768 1794 800 1826 in
820 1794 989 1836 argutione
1008 1793 1112 1826 cordis

144 1849 317 1889 increduli,
342 1858 415 1882 cum
440 1849 532 1881 dicit:
560 1848 586 1880 Ο
608 1847 777 1891 generacio
810 1847 954 1888 infidelis
985 1851 1014 1880 ct
1036 1857 1111 1889 per-

144 1897 263 1936 versa'!
286 1906 323 1936 ut
346 1902 526 1945 infidelitas
550 1902 589 1935 sit
612 1901 645 1934 in
668 1901 845 1943 cognitione
861 1904 892 1934 et
906 1900 1111 1944 perversitas

144 1956 176 1989 in
200 1956 380 1995 affectione,
399 1955 573 1988 secundum
597 1954 676 1987 illud
692 1955 927 1988 Deuteronomii
951 1954 1112 1997 trigesimo

145 2009 282 2042 secundo
296 2009 323 2041 ⁷:
354 2022 369 2038 «
385 2008 551 2041 Generatio
575 2008 659 2042 enim
683 2017 834 2050 perversa
857 2012 922 2047 est,
947 2012 978 2041 et
1001 2007 1112 2040 infide-

145 2062 190 2095 les
221 2061 328 2094 filii».
361 2061 530 2095 lnfidelitas
559 2060 709 2095 reddebat
739 2070 792 2094 eos
823 2061 940 2105 stultos
971 2064 1003 2094 et
1039 2070 1111 2102 per—

144 2115 278 2149 versitas
300 2117 424 2155 duros,
450 2116 624 2149 secundum
649 2116 727 2149 illud
759 2115 962 2149 Ecclesiastae
987 2114 1109 2157 primo:

150 2183 165 2198 «
182 2170 325 2203 Perversi
348 2170 475 2203 difficile
509 2170 730 2212 corriguntur,
755 2173 787 2202 et
811 2169 982 2202 stultorum
1007 2167 1111 2200 infini-

145 2226 198 2255 tus
221 2226 268 2255 est
292 2232 447 2256 numerus
463 2235 494 2262 »;
519 2223 588 2255 ideo
612 2232 675 2255 non
699 2222 801 2255 solum
818 2224 893 2254 sunt
908 2219 1110 2259 admonendi,

146 2275 199 2308 sed
229 2276 325 2308 etiam
356 2275 481 2308 fortiter
513 2274 705 2316 increpandi.
740 2293 781 2297 -—
806 2274 976 2315 Propterea
1006 2272 1108 2305 addit:

151 2328 322 2371 Usquequo
346 2338 402 2360 ero
426 2328 521 2370 apud
542 2337 619 2366 vos,
645 2327 733 2359 vobis
750 2326 868 2359 scilicet
885 2326 999 2358 faciens
1017 2325 1108 2363 bona,

145 2386 174 2414 et
194 2381 314 2424 patiar
337 2381 418 2414 vos?
442 2381 601 2413 sustinens
629 2380 746 2412 scilicet
770 2383 875 2412 vestra
899 2379 999 2415 mala;
1024 2377 1110 2420 quod

146 2444 208 2468 non
232 2434 307 2467 dicit
330 2437 460 2476 propter
477 2433 719 2475 impatientiam,
736 2441 808 2465 cum
826 2432 892 2474 ipse
917 2431 973 2470 sit,
990 2431 1029 2463 de
1045 2440 1110 2473 quo

146 2488 262 2521 dicitur
298 2486 443 2519 Matthaei
479 2485 635 2528 quintoss:
665 2485 756 2527 «Qui
789 2485 886 2518 solem
917 2493 1012 2517 suum
1036 2483 1110 2516 facit

146 2541 224 2574 oriri
248 2549 344 2583 super
367 2540 466 2573 bonos
489 2542 520 2572 et
543 2539 642 2571 malos
658 2550 689 2578 »;
707 2541 738 2571 et
754 2548 851 2580 supra
875 2541 983 2571 sexto:
1014 2551 1029 2566 «
1043 2537 1110 2579 Ipse

146 2595 302 2637 benignus
325 2596 372 2627 est
395 2602 491 2635 super
514 2592 654 2634 ingratos
677 2595 709 2625 et
732 2592 832 2624 malos
849 2605 878 2623 ».
904 2591 963 2624 Sed
988 2591 1047 2624 hoc
1063 2590 1107 2623 di-

219 2841 227 2856 ¹
249 2841 323 2866 Vers.
344 2841 387 2866 25.
405 2854 440 2859 —
460 2839 586 2872 Superius
606 2847 654 2871 pro
670 2838 763 2873 prium
781 2839 848 2873 facit
871 2840 915 2872 (ita
935 2841 967 2874 G)
994 2840 1014 2866 Α
1029 2840 1048 2866 C
1074 2839 1109 2874 [D

148 2883 283 2917 primitus]
302 2884 323 2909 11
340 2882 433 2917 prima
458 2883 523 2916 fuit,
554 2883 610 2909 Vat.
632 2882 724 2916 primo
742 2883 822 2917 facit,
842 2884 863 2909 D
887 2884 1003 2910 secunda
1029 2891 1109 2910 manu

149 2929 207 2963 ipsa
225 2928 292 2962 suit,
312 2935 393 2961 qua...
413 2927 579 2953 extenderat.

219 2972 230 2989 ²
250 2972 325 2998 Vers.
344 2971 369 2997 7.
391 2986 423 2989 -
443 2971 567 3005 Sequitur
587 2972 675 2997 Mattli.
695 2972 744 3002 23,
764 2971 787 2997 5.
808 2979 864 3005 seq.

219 3014 230 3030 ⁸
251 3017 327 3042 vers.
346 3017 393 3047 22,
413 3019 473 3048 post
491 3023 572 3049 quom
592 3016 623 3047 ὅ,
643 3017 669 3041 2.

219 3059 230 3075 ⁴
249 3061 323 3086 Vers.
355 3061 393 3086 lt.
411 3075 447 3080 -
466 3061 590 3094 Sequitur
609 3062 648 3087 ΡΒ.
670 3061 719 3092 34,
745 3061 782 3087 16.

219 3103 231 3119 ⁸
250 3104 324 3130 Vers.
349 3105 388 3130 19.
407 3118 441 3125 —
461 3104 577 3131 Subinde
596 3106 723 3137 allegatur
737 3107 799 3138 Sap.
819 3106 865 3137 ¹2,
882 3106 921 3131 l0.
938 3120 968 3123 —
983 3105 1111 3137 Superius

149 3153 209 3183 post
227 3148 388 3175 moestitiam
406 3148 425 3175 C
436 3150 488 3175 DG
499 3150 520 3175 ΙΙ
540 3153 738 3183 prosequuntur
757 3149 786 3176 in
805 3157 860 3184 qnav
874 3149 906 3184 [Η
920 3150 1013 3184 quam]
1030 3156 1110 3183 prue-

150 3193 242 3227 cipicat
260 3192 296 3226 [ll
320 3192 393 3219 addit.
419 3192 461 3227 se]
481 3193 509 3219 in
529 3193 560 3227 [C
572 3194 622 3219 Dll
642 3193 705 3228 per]
726 3193 934 3227 impatientiam,
955 3200 1006 3227 per
1026 3200 1110 3227 quam

150 3236 300 3264 dilaniatur
319 3238 343 3263 et
361 3237 524 3264 conscientia
543 3237 616 3272 [Vat.
635 3237 663 3264 in
682 3237 867 3272 conscientia}

220 3281 232 3298 ⁶
251 3280 303 3307 Csr.
322 3288 401 3313 supra
423 3289 483 3314 pag.
504 3283 565 3313 2³9,
584 3285 644 3308 nota
665 3283 689 3307 6.
711 3296 743 3300 ——
763 3282 873 3308 lnl'erius
892 3289 941 3314 pro
970 3281 1110 3316 disponen-

151 3327 204 3353 tem
225 3326 282 3351 Vnt.
301 3324 495 3359 disponendam
501 3336 512 3359 ;
532 3327 594 3353 vide
613 3334 692 3359 supra
713 3334 737 3352 n.
756 3326 800 3352 70.

223 3368 233 3384 ⁷
254 3370 327 3396 Vers.
347 3371 390 3396 20.
409 3384 444 3390 -
463 3370 581 3396 Subinde
599 3371 726 3403 allegatur
746 3371 827 3397 Eccle.
850 3371 878 3402 l,
899 3371 940 3396 45.

259 3423 288 3450 S.
308 3423 412 3449 Bonan.
425 3437 459 3442 —
474 3424 552 3449 Tom.
570 3424 623 3450 Vll.

2077 208 2135 241 241

1176 297 1236 336 cit,
1260 301 1298 330 ut
1321 306 1377 339 per
1402 298 1647 339 increpationem
1672 298 1785 331 duram
1803 298 1942 340 expellat
1965 297 2069 331 cordis
2085 297 2142 330 du-

1177 350 1299 390 ritiam,
1325 351 1499 384 secundum
1524 351 1601 383 illud
1633 351 1671 384 ad
1696 351 1801 384 Titum
1827 351 1945 393 primo:
1981 364 1996 393 ‘f
2015 352 2144 393 increpa

1176 411 1230 436 eos
1252 403 1352 443 dure,
1378 407 1413 435 ut
1437 403 1503 436 sani
1529 403 1591 436 sint
1615 404 1645 436 in
1672 403 1731 437 fide
1748 418 1778 435 ι».

1267 457 1318 489 78.
1345 456 1488 490 Secundo
1519 456 1711 489 describitur
1736 461 1771 489 ut
1793 457 1853 499 pia
1885 457 1915 489 in
1940 457 2142 490 advocatione

1176 509 1303 543 infantis
1326 509 1460 548 obsessi,
1485 518 1558 542 cum
1575 509 1668 542 dicit:
1687 509 1807 542 Adduc
1824 508 1888 542 huc
1903 510 2013 551 filium
2030 514 2142 548 tuum,

1176 563 1294 596 scilicet
1317 562 1356 595 ad
1389 562 1598 605 praesentiam
1633 562 1820 601 Salvatoris‚
1845 566 1881 595 ut
1913 563 1972 595 iam
1999 562 2143 595 videatur

1176 616 1341 659 impletum
1367 616 1444 649 illud
1477 616 1571 649 Isaiae
1603 615 1844 658 quadragesimo
1876 615 2001 648 non0⁹:
2034 616 2143 648 «Affe-

1177 674 1248 703 rent
1271 670 1352 702 filios
1375 678 1450 702 suos
1474 669 1504 702 in
1529 669 1614 702 ulnis
1642 672 1673 702 et
1698 669 1777 701 filias
1801 678 1875 702 suas
1898 678 1995 711 super
2031 670 2144 702 hume-

1177 732 1230 755 ros
1254 722 1474 764 portabunt».
1500 722 1639 761 Adduo,
1670 722 1818 764 inquam,
1852 730 1908 763 per
1937 722 2029 754 fidem
2056 726 2143 754 tuam

1176 786 1250 809 eum
1274 777 1328 819 qui
1355 786 1416 809 non
1448 779 1550 818 potest
1580 776 1688 809 venire
1720 785 1777 818 per
1802 775 1894 808 fidem
1925 785 2035 814 suain,
2061 776 2143 808 sicut

1176 830 1219 862 illi
1247 830 1305 862 viri
1329 832 1580 872 apportaverunt
1610 829 1839 872 paralyticum,
1863 829 1902 862 de
1926 829 2044 871 quibus
2068 829 2143 861 Mat-

1176 883 1260 916 thaei
1284 893 1367 916 nono
1383 883 1408 902 ¹⁰
1431 883 1566 916 dicitur:
1589 896 1604 912 α
1621 883 1764 924 Quorum
1790 882 1883 915 fidem
1900 886 1935 915 ut
1953 882 2030 915 vidit
2047 882 2142 921 lesus,

1175 936 1273 970 dixit:
1298 936 1509 969 Dimittuntur
1546 936 1600 969 tibi
1637 939 1764 978 peccata
1798 939 1898 969 tua».
1932 935 2019 969 Unde
2048 936 2142 968 Marci

1176 1000 1259 1023 nono
1293 990 1447 1023 Dominus
1482 990 1564 1023 dixit
1596 990 1638 1022 illi
1673 990 1759 1022 viro:
1789 989 1850 1022 «Si
1880 993 1969 1031 potes
1994 989 2141 1028 credere,

1176 1044 1281 1077 omnia
1304 1043 1463 1086 possibilia
1487 1047 1562 1077 sunt
1585 1043 1770 1077 credenti».
1796 1043 1884 1076 Fides
1908 1043 1990 1076 enim
2016 1042 2069 1075 illa
2085 1046 2142 1082 est,

1175 1106 1240 1140 qua
1263 1096 1419 1129 mediante
1442 1096 1515 1138 quis
1545 1095 1674 1129 ducitur
1706 1095 1744 1128 ad
1769 1095 1947 1134 Christum,
1973 1095 2048 1137 quia
2076 1095 2143 1137 ipsa

1176 1153 1223 1184 est
1246 1150 1296 1183 via
1319 1149 1503 1183 deveniendi
1528 1149 1566 1182 ad
1591 1150 1709 1188 lucem3
1734 1148 1818 1182 unde
1842 1149 2007 1191 Apostolus
2031 1148 2068 1181 ad
2086 1149 2142 1181 He-

1175 1205 1288 1237 braeos
1320 1203 1487 1236 undecimo
1502 1204 1542 1235 ¹¹:
1573 1216 1589 1231 «τ
1605 1202 1808 1236 Accedentem
1838 1205 1963 1244 oportet
1995 1202 2141 1242 credere,

1175 1257 1251 1299 quia
1275 1256 1342 1289 siue
1366 1256 1427 1288 fide
1451 1256 1644 1298 impossibile
1668 1259 1715 1289 est
1739 1256 1863 1297 placere
1890 1256 1951 1288 Deo
1968 1269 1997 1287 n.

2163 464 2189 485 Ut
2203 464 2247 491 pia.

1265 1311 1318 1342 79.
1344 1310 1445 1351 (Vers.
1475 1309 1553 1346 42).
1582 1309 1616 1341 Et
1640 1309 1715 1351 quia
1729 1309 1755 1327 ¹2
1785 1321 1800 1337 «
1817 1318 1879 1341 non
1904 1312 1951 1341 est
1976 1309 2141 1342 conventio
2157 1315 2308 1338 1nvitusvenit

1175 1363 1291 1396 Christi
1315 1363 1354 1395 ad
1378 1363 1470 1395 Belial
1503 1371 1561 1395 nec
1590 1363 1669 1395 lucis
1693 1362 1731 1394 ad
1764 1362 1910 1395 tenebras
1934 1375 1965 1401 n,
1990 1362 2059 1394 ideo
2088 1362 2141 1394 ad-

1175 1416 1237 1449 dit:
1266 1417 1305 1449 Ec
1327 1425 1404 1448 cam
1436 1416 1621 1454 accederet,
1645 1415 1730 1448 elisit
1755 1415 1849 1448 iilam
1874 1415 2088 1448 daemonium
2113 1420 2142 1448 et

1175 1469 1372 1512 dissipavic;
1397 1469 1428 1501 in
1453 1478 1516 1511 quo
1541 1468 1737 1507 ostenditur,
1762 1467 1847 1510 quod
1872 1468 1938 1509 ipse
1955 1467 2074 1500 invitus
2090 1476 2143 1500 ve-

1176 1524 1281 1556 niebat
1316 1523 1355 1556 ad
1388 1523 1490 1556 lucem
1526 1525 1676 1565 tanquam
1713 1522 1794 1555 male
1825 1531 1939 1564 agens,
1965 1521 2141 1554 secundum

1175 1577 1254 1610 illud
1286 1576 1409 1610 Ioannis
1445 1576 1556 1609 tertio:
1587 1589 1602 1604 «
1619 1575 1678 1617 Qui
1704 1575 1784 1608 male
1815 1575 1880 1618 agit
1903 1575 1968 1608 odit
1992 1575 2094 1608 lucem
2112 1589 2142 1606 n.

1176 1631 1276 1664 Simul
1299 1630 1392 1664 etiam
1417 1639 1489 1663 cum
1514 1630 1574 1662 hoc
1598 1628 1794 1668 ostenditur,
1811 1628 1895 1671 quod
1919 1629 2063 1661 diabolus
2081 1637 2144 1660 ma—

1176 1685 1263 1718 xime
1285 1684 1491 1723 adversatur,
1517 1693 1555 1717 ne
1579 1683 1651 1726 quis
1675 1682 1714 1715 ab
1743 1692 1780 1716 eo
1808 1682 1956 1716 obsessus
1981 1685 2144 1715 converta-

1177 1742 1230 1771 tur
1265 1738 1303 1771 ad
1336 1737 1518 1777 Christum,
1554 1736 1728 1770 secundnm
1765 1735 1850 1778 quod
1886 1735 1961 1768 dicit
1996 1735 2077 1768 Beda
2112 1734 2144 1767 in

1176 1791 1337 1825 Glossaffl:
1360 1804 1376 1820 «
1389 1790 1475 1824 Unde
1492 1800 1573 1833 puer
1589 1789 1628 1823 ad
1643 1789 1809 1822 Dominum
1828 1789 1979 1822 accedens
1996 1789 2124 1822 eliditur
2136 1815 2143 1828 ,

1176 1845 1252 1888 quia
1275 1844 1419 1878 conversi
1452 1844 1490 1877 ad
1524 1843 1692 1876 Dominum
1725 1843 1915 1885 plerumque
1939 1852 1958 1875 a
1992 1842 2144 1875 daemone

1176 1898 1306 1941 gravius
1330 1898 1518 1940 pulsantur,
1543 1901 1579 1929 ut
1602 1896 1642 1929 ad
1666 1896 1742 1929 vitia
1766 1899 1969 1929 revertantur
1986 1909 2017 1928 22.
2047 1895 2144 1928 Cuius

1176 1952 1360 1993 exemplum
1397 1951 1552 1983 habemus
1585 1949 1683 1982 Exodi
1712 1949 1834 1982 decimo
1863 1952 1979 1991 quarto
2001 1948 2040 1981 de
2064 1948 2143 1980 Pha—

1177 2014 1290 2044 raone,
1314 2004 1368 2047 qui
1394 2004 1646 2046 persequebatur
1671 2003 1824 2045 populum
1850 2002 2059 2034 recedentem.

1267 2060 1319 2091 80.
1347 2058 1449 2100 (Vers.
1475 2057 1553 2098 43).
1579 2056 1685 2089 Tertio
1701 2056 1893 2089 describitur
1909 2058 1946 2088 ut
1962 2053 2088 2097 mayna
2109 2055 2140 2087 in

1176 2112 1364 2154 expulsione
1387 2111 1518 2153 spiritus
1535 2109 1708 2148 immundi,
1726 2118 1798 2141 cum
1816 2108 1959 2141 additur:
1979 2109 2019 2140 Ec
2035 2109 2142 2141 inore-

1173 2165 1269 2207 pavit
1293 2165 1384 2196 Iesus
1407 2163 1567 2205 spiritum
1592 2161 1816 2199 immundam,
1842 2161 1930 2203 quasi
1956 2161 2022 2194 solo
2043 2161 2140 2194 verbo

1175 2226 1378 2259 compescens
1410 2225 1502 2255 eum,
1528 2215 1702 2248 secundum
1738 2215 1816 2247 illud
1841 2224 1939 2257 supra
1963 2219 2078 2257 quarto
2092 2216 2139 2247 ¹⁴:

1180 2283 1195 2299 (ι
1213 2270 1381 2311 Increpans
1417 2278 1478 2301 non
1515 2268 1637 2301 sinebat
1668 2276 1705 2300 ea
1737 2268 1822 2310 loqui
1841 2280 1872 2306 »;
1897 2267 1981 2301 unde
2005 2268 2141 2310 Angelus

1174 2322 1298 2356 Domini
1330 2322 1500 2355 Zachariae
1532 2321 1626 2354 tertio
1656 2321 1796 2354 dicebat:
1826 2321 2002 2363 «Increpet
2034 2321 2140 2354 Domi—

1175 2382 1235 2409 nus
1259 2375 1291 2408 in
1316 2379 1364 2414 te,
1390 2378 1476 2408 satan
1495 2388 1525 2406 2».
1552 2393 1593 2398 —
1620 2374 1655 2407 Et
1679 2375 1755 2417 quia
1778 2375 1832 2418 illa
1848 2375 2062 2416 increpatione
2078 2374 2140 2407 eie-

1174 2433 1262 2463 ctum
1286 2431 1334 2462 est
1349 2428 1568 2468 daemonium,
1586 2428 1751 2461 subditur:
1772 2429 1809 2460 Et
1825 2428 1963 2460 sanavit
1982 2438 2139 2470 puerum.

1174 2483 1261 2516 Unde
1277 2482 1330 2515 illa
1354 2482 1526 2524 increpatio
1551 2486 1619 2515 erat
1643 2482 1805 2521 salutaris;
1831 2486 1960 2524 propter
1979 2482 2064 2525 quod
2088 2482 2140 2515 Iob

1174 2536 1286 2579 quinto
1300 2536 1341 2568 ¹⁵:
1364 2549 1380 2565 α
1399 2535 1645 2578 increpationem
1671 2536 1794 2569 Domini
1812 2545 1851 2569 ne
1876 2537 2042 2578 reprobes,
2067 2536 2142 2578 quia

1175 2590 1241 2632 ipse
1264 2590 1412 2623 vulnerat
1436 2593 1467 2622 et
1501 2589 1665 2629 medetur,
1690 2590 1847 2632 percutit,
1879 2594 1911 2623 et
1935 2599 2049 2623 manus
2073 2591 2142 2623 eius

1245 2838 1256 2853 ⁸
1276 2840 1352 2865 Vers.
1373 2839 1418 2871 45,
1439 2843 1499 2871 post
1518 2846 1597 2872 quem
1619 2839 1680 2864 Luc.
1701 2839 1732 2869 6,
1753 2838 1796 2863 35
1816 2841 1841 2863 et
1860 2838 1910 2863 Tit.
1933 2837 1962 2869 l,
1986 2837 2024 2862 13.

1245 2883 1257 2898 ⁹
1277 2885 1351 2910 Vers.
1372 2885 1419 2916 22,
1440 2883 1485 2909 ubi
1506 2890 1554 2915 pro
1573 2890 1638 2909 suos
1657 2887 1682 2908 et
1701 2889 1767 2909 suns
1787 2882 1898 2914 Vulgata
1919 2885 1944 2907 et
1964 2882 2023 2908 Vat.
2043 2883 2104 2908 tuos
2117 2886 2140 2907 et

1174 2930 1254 2962 tuas,·
1273 2929 1335 2954 vide
1355 2936 1435 2961 supra
1455 2935 1479 2954 c.
1501 2929 1527 2953 5.
1547 2935 1572 2953 n.
1594 2927 1635 2952 44.
1657 2927 1680 2952 in
1701 2927 1760 2952 fluo.

1246 2971 1269 2987 ¹⁰
1289 2973 1364 2998 Vers.
1384 2973 1414 3005 ‘.>;
1434 2973 1478 2997 cir.
1493 2979 1573 3003 supra
1587 2971 1617 3003 5,
1635 2971 1674 2996 ¹8.
1688 2978 1762 3004 seqq.
1778 2985 1810 2988 —
1825 2970 1948 3002 Sequitur
1968 2971 2044 2995 Marc.
2060 2971 2085 3001 9,
2099 2970 2141 2995 22.

1246 3015 1268 3030 ¹¹
1289 3017 1361 3042 Vers.
1384 3017 1407 3041 6.
1427 3029 1463 3034 -
1481 3015 1609 3047 Superius
1636 3018 1697 3047 post
1717 3013 1794 3041 Fides
1813 3013 1885 3040 cuim
1904 3015 1926 3039 G
1945 3014 2019 3039 addit
2038 3013 2096 3045 via,
2117 3018 2143 3038 ct

1174 3061 1287 3087 subinde
1306 3068 1355 3092 pro
1375 3059 1439 3094 quia
1458 3059 1518 3093 ipsa
1537 3059 1619 3086 ACll
1639 3059 1703 3093 quia
1723 3059 1787 3093 ipsc.

1247 3104 1269 3119 ¹⁹
1288 3106 1321 3131 Ut
1339 3105 1434 3131 dicitur
1453 3105 1480 3129 ll.
1500 3104 1559 3130 Cor.
1583 3105 1612 3134 6,
1636 3104 1676 3129 ¹5.
1698 3107 1723 3129 et
1745 3103 1785 3129 ¹4.
1805 3117 1840 3122 —
1860 3103 1924 3128 Dein
1945 3104 2013 3128 ioan.
2034 3103 2065 3133 3,
2085 3103 2127 3127 20.

1247 3148 1269 3164 ¹⁸
1289 3150 1392 3176 Scilicet
1411 3148 1571 3175 ordinaria:
1592 3149 1659 3174 Dum
1680 3155 1747 3180 puer
1761 3148 1794 3174 ad
1809 3147 1951 3173 Dominum
1971 3147 2080 3177 accedit,
2100 3146 2143 3172 eli-

1174 3195 1271 3220 ditur...
1292 3194 1401 3226 gravius
1419 3194 1570 3226 pulsantur,
1590 3196 1618 3219 ut
1636 3193 1678 3217 vel
1703 3192 1738 3218 ad
1767 3192 1829 3218 vitia
1849 3192 2024 3221 reducantur,
2045 3191 2086 3216 vel
2107 3191 2140 3216 de

1174 3246 1221 3265 sua
1241 3239 1394 3271 expulsione
1411 3238 1532 3264 diabolus
1552 3245 1580 3263 sc
1598 3237 1714 3263 vindicet
1735 3237 1778 3269 (ita
1799 3237 1877 3262 etiarn
1898 3237 1940 3270 ΙΙ).
1960 3250 1996 3256 --
2016 3236 2141 3269 Sequitur

1176 3283 1255 3309 Exod.
1278 3282 1325 3313 ⁴4,
1348 3282 1371 3307 4.

1247 3325 1270 3341 ¹⁶
1290 3327 1364 3353 vers.
1386 3327 1409 3358 l,
1429 3326 1471 3352 cui
1490 3325 1659 3358 subiungitur
1679 3326 1755 3351 Zach.
1778 3325 1806 3357 3,
1827 3326 1852 3350 2.

1248 3368 1270 3384 ¹⁸
1291 3370 1364 3395 Vers.
1389 3369 1427 3395 l7.
1448 3372 1473 3395 et
1494 3369 1536 3395 ⁴8.
1551 3383 1586 3387 —-
1599 3369 1727 3401 Superius
1741 3375 1790 3401 pro
1808 3367 1941 3394 salutaris
1957 3367 2014 3393 Vnt.
2033 3366 2139 3394 salutis.

1999 3421 2027 3445 3¹

2181 1343 2280 1365 daemon.
