2476 3921
0 2679 34 2702 IDe
50 2680 96 2702 eius
109 2681 146 2703 ds

13 2707 113 2739 tractiouc
122 2708 145 2730 in

10 2733 122 2757 locutione.

752 193 945 226 COMMENT.
973 193 1008 226 [Ν
1033 192 1271 226 EVANGELIUM
1297 192 1413 226 LUCAE
1439 194 1470 226 C.
1496 195 1554 226 Vll.

251 285 303 317 58.
324 284 425 327 (Vers.
443 283 520 325 32).
537 283 689 322 Secundo,
706 285 860 325 quantuni
884 282 923 314 ad
939 285 1044 314 notam
1061 282 1123 313 du-

10 330 151 396 ssingtffloffffiss
161 337 261 371 ritiae
284 338 320 370 in
344 334 512 380 affectione
527 335 647 369 subdit:
673 335 804 369 Similes
819 339 898 367 sunt
917 335 1050 377 pueris,
1067 334 1122 367 ubi

10 397 89 423 lotione.

161 390 303 433 adiungit
326 389 579 429 similitudinem,
605 398 661 431 per
684 398 779 431 quam
806 388 983 421 ostenditur
1006 387 1124 420 duritia

161 452 290 482 eorum,
314 443 389 486 quia
420 452 477 476 nec
507 442 583 475 moti
607 446 681 476 sunt
704 442 743 475 ad
774 445 910 474 cantum
942 440 1123 482 promissio-

162 505 238 530 num
262 505 319 530 nec
342 496 381 529 ad
405 495 585 529 lamentum
608 495 901 533 comminationum,
925 494 1007 527 sicut
1030 493 1122 536 pueri

162 549 249 583 stulti
273 550 305 582 in
328 549 397 582 foro
420 557 482 581 non
506 547 695 590 respondent
722 547 809 586 aliis,
834 555 891 580 nec
923 546 1123 579 cantantibus

161 611 218 636 nec
242 602 504 640 lamentantibus;
536 610 616 643 quos
647 600 819 633 introducit
841 609 898 642 per
927 599 1057 632 modum
1081 599 1123 632 si-

160 655 355 691 militudinis.
386 655 516 696 Propter
547 653 631 696 quod
662 653 758 686 dicit:
783 653 913 687 Similes
943 657 1023 685 sunt
1042 662 1123 695 pue-

160 709 211 742 ris
233 707 419 741 sedentibus
441 708 478 740 in
500 706 585 750 foro.
611 707 759 740 Similiter
783 706 931 748 competit
946 706 991 739 eis
1013 706 1073 739 dici
1091 708 1122 738 et

160 761 370 804 improperari
409 761 493 803 quod
531 761 746 803 improperant
782 760 873 802 pueri
910 760 1053 793 sedentes
1089 759 1121 791 in

160 815 228 848 foro
252 815 317 848 suis
349 815 531 848 coaetaneis.
556 815 687 857 Propter
711 814 794 857 quod
819 813 924 846 addit:
953 812 1121 856 Loquenti-

161 867 222 901 bus
235 869 247 888 ¹
269 868 315 901 ad
338 868 476 901 invicem
500 872 529 900 et
551 867 753 901 dicentibus:
780 866 1000 900 Cantavimus
1030 865 1121 898 vobis

161 921 268 960 tibiis,
292 925 322 954 et
343 931 410 954 non
432 921 582 954 saltastis
590 933 601 959 ,·
625 920 700 963 quia
715 921 760 953 sic
784 923 915 962 possunt
929 919 975 952 eis
999 918 1121 961 praedi-

160 977 282 1007 catores
297 973 418 1007 dicere:
438 974 656 1007 Cantavimus
678 972 769 1006 vobis
785 972 890 1011 tibiis,
916 972 1032 1005 scilicet
1049 980 1121 1014 pro-

159 1027 255 1060 missa
277 1027 331 1060 Dei
357 1027 591 1069 concrepando;
616 1032 644 1059 et
666 1036 733 1059 non
760 1026 929 1064 saltastis,
955 1025 1120 1068 proficien-

160 1080 209 1113 do.
235 1081 270 1113 Et
290 1084 375 1114 recta
398 1084 445 1114 est
456 1073 666 1123 comparatio,
691 1080 766 1122 quia
782 1080 977 1122 praedicator
1002 1079 1119 1112 tibicini

160 1137 379 1176 comparatur,
411 1134 584 1167 secundum
620 1133 696 1166 illud
733 1133 826 1166 lsaiae
861 1133 1121 1175 quinquagesimo

160 1188 313 1220 octav02:
343 1201 358 1217 «
374 1187 493 1226 Clama,
518 1196 557 1220 ne
580 1196 700 1226 cesses,
725 1187 814 1229 quasi
839 1186 916 1219 tuba
938 1186 1044 1219 exalta
1067 1195 1121 1218 vo-

161 1250 228 1275 cem
262 1245 349 1274 tuam
365 1253 401 1280 »;
425 1244 456 1274 et
489 1241 635 1274 Ieremiae
658 1243 790 1283 quarto:
819 1253 836 1269 «
851 1240 958 1273 Canite
983 1240 1059 1272 tuba
1089 1240 1121 1272 in

161 1295 232 1328 Sion
257 1308 287 1327 ».
313 1295 374 1328 Nec
404 1294 576 1333 immerito,
600 1294 690 1337 quia,
715 1293 918 1326 Ecclesiastici
947 1293 1121 1335 quadrage-

161 1349 239 1381 simo
252 1349 275 1388 ³,
305 1348 431 1381 «tibiae
454 1351 485 1381 et
509 1348 693 1390 psalterium
724 1356 852 1380 suavem
876 1347 995 1379 faciunt
1025 1346 1121 1379 melo-

160 1402 259 1442 diam,
291 1405 322 1435 et
352 1411 448 1446 super
479 1404 616 1444 utraque
648 1401 754 1443 lingua
785 1400 890 1433 suavis
910 1414 940 1432 ».
975 1400 1015 1432 Ad
1046 1401 1121 1432 haec

160 1455 232 1489 duri
249 1455 343 1489 corde
366 1465 428 1488 non
453 1458 622 1488 moventur
645 1463 702 1487 nec
726 1454 839 1487 saltant
863 1463 919 1495 per
944 1453 1119 1495 profectum

161 1509 316 1542 bonorum
339 1517 490 1551 operum;
522 1508 560 1549 de
584 1517 648 1550 quo
677 1507 757 1540 saltu
790 1507 957 1540 Malachiae
988 1510 1120 1549 quarto:

167 1563 417 1606 «Egrediemini,
433 1565 464 1595 et
480 1562 596 1595 salietis
619 1562 701 1594 sicut
725 1561 844 1594 vitulus
864 1561 903 1593 de
925 1564 1068 1593 armento
1092 1563 1123 1593 et

161 1616 318 1649 calcabitis
341 1616 453 1657 impios
466 1629 496 1648 ».
515 1616 550 1648 Et
572 1615 611 1648 de
628 1615 685 1648 hac
710 1615 931 1647 Ambrosius⁴:
961 1627 977 1643 «ι
991 1614 1123 1646 Honesta

161 1669 299 1708 saltatio,
324 1669 399 1711 quia
429 1669 581 1710 tripudiat
611 1668 735 1701 animus
764 1667 853 1700 bonis
879 1667 1029 1709 operibus
1060 1668 1123 1700 ele-

161 1725 300 1760 vatus»;
318 1721 401 1754 unde
425 1721 478 1763 qui
496 1721 534 1753 ad
547 1724 676 1757 cantum
693 1720 936 1762 promissionum
963 1720 1038 1752 moti
1059 1729 1120 1752 non

160 1775 290 1808 fuerunt
312 1774 384 1807 duri
416 1777 490 1806 sunt
515 1773 623 1812 corde,
647 1773 699 1805 sed
733 1781 828 1814 opere
851 1772 1014 1810 duriores,
1047 1772 1122 1814 quia

160 1836 217 1860 nec
233 1827 272 1860 ad
295 1827 551 1860 comminationes
567 1826 805 1868 suppliciorum.
822 1844 864 1849 —
883 1826 1013 1867 Propter
1036 1824 1121 1867 quod

159 1880 261 1914 addit:
286 1880 558 1913 Lamentavimus
590 1879 695 1919 vobis,
720 1879 837 1912 scilicet
869 1888 925 1921 per
953 1879 1122 1912 commina-

159 1934 275 1967 tionem
299 1942 430 1976 poenae;
453 1933 620 1966 Ezechielis
644 1932 821 1966 secundo⁵:
845 1933 1012 1975 «Scriptae
1032 1936 1122 1966 erant

160 1987 192 2020 in
215 1987 297 2020 libro
320 1986 556 2020 lamentationes
579 1989 610 2019 et
633 1995 760 2019 carmen
789 1990 820 2019 et
843 1995 900 2019 vae
927 1999 962 2025 »3
987 1990 1018 2020 et
1042 1986 1122 2020 lere—

161 2041 241 2074 miae
264 2049 361 2074 nono:
384 2053 400 2070 «
415 2040 673 2082 Contemplamini
698 2043 728 2072 et
745 2042 852 2074 vocate
877 2040 1121 2079 lamentatrices,

160 2097 192 2128 et
215 2098 376 2128 assumant
399 2102 496 2136 super
519 2102 576 2127 nos
605 2094 776 2126 lamentum
793 2105 828 2132 »3
853 2093 941 2126 loelis
965 2094 1122 2126 secundo:

166 2161 181 2177 α
198 2148 421 2182 convertimini
446 2147 485 2181 ad
509 2147 606 2181 mein
631 2147 747 2181 ieiunio
770 2150 801 2180 et
824 2147 901 2180 fletu
925 2150 956 2180 et
980 2147 1122 2189 planctu,

161 2205 192 2235 et
215 2201 345 2235 scindite
369 2201 463 2234 corda
487 2204 591 2234 vestra
614 2205 645 2233 et
667 2210 729 2233 non
754 2200 939 2233 vestimenta
963 2204 1067 2233 vestra
1090 2214 1121 2232 ».

162 2255 198 2287 Et
221 2258 324 2287 tamen
342 2254 380 2287 ad
404 2255 464 2287 hoc
480 2254 553 2286 moti
579 2263 640 2286 non
659 2256 750 2292 sunt:
775 2253 859 2286 unde
874 2253 976 2286 addit:
1002 2254 1042 2285 Et
1056 2263 1123 2286 non

157 2307 336 2351 plorastis,
361 2316 417 2350 per
433 2307 703 2349 compunctionem
722 2307 941 2348 poenitentiae;
963 2306 1057 2340 Isaiae
1078 2306 1123 2339 vi—

161 2360 280 2403 gesimo
310 2360 448 2394 secundo
463 2360 494 2392 ⁰:
524 2373 540 2389 «
562 2360 689 2393 Vocabit
713 2360 864 2393 Dominus
895 2360 934 2393 ad
958 2360 1066 2393 fletum
1092 2364 1124 2393 et

161 2413 322 2456 planctum
334 2425 365 2452 n;
382 2416 413 2446 et
429 2416 512 2456 post:
536 2426 551 2442 «ι
565 2413 601 2446 Et
615 2421 697 2453 ecce,
714 2413 864 2455 gaudium
880 2417 911 2446 et
927 2413 1058 2453 laetitia,
1075 2413 1123 2446 iu-

161 2466 272 2509 gulare
294 2465 436 2499 arietes»
465 2460 540 2505 etc.;
565 2475 637 2499 cum
662 2469 767 2499 tamen
790 2466 873 2499 dicat
895 2466 1061 2509 Apostolus
1084 2466 1122 2499 ad

162 2519 316 2552 Romanos
330 2518 533 2551 duodecimo:
563 2531 579 2547 «
594 2518 737 2552 Gaudere
761 2527 834 2552 cum
850 2519 1076 2561 gaudentibus,
1092 2522 1124 2552 et

163 2572 240 2605 flere
263 2581 335 2605 cum
359 2571 508 2605 flentibus
525 2585 554 2604 n.

253 2626 304 2659 59.
330 2625 431 2665 (Vers.
457 2626 534 2664 33.).
559 2626 683 2664 Tertio,
708 2629 863 2668 quantum
886 2626 925 2659 ad
949 2630 1053 2659 notam
1070 2626 1123 2659 de-

164 2679 336 2712 tractionis
359 2679 394 2712 in
418 2679 593 2718 locutione,
617 2688 680 2721 qua
708 2678 825 2711 bonum
858 2683 979 2720 ponunt
1002 2679 1032 2712 in
1057 2689 1124 2712 ma-

162 2733 244 2772 lum,
268 2732 400 2765 dicitur:
433 2733 522 2765 Venit
545 2733 685 2765 Ioannes
710 2732 862 2774 Baptista
890 2742 956 2765 non
980 2734 1124 2766 mandu-

237 2882 245 2898 1
266 2883 377 2916 Vulgata
398 2885 423 2909 et
436 2884 458 2909 Η
476 2890 537 2909 cum
552 2884 611 2910 vat.
630 2884 667 2911 Et
678 2883 854 2918 loquentibus.
867 2898 902 2904 —
916 2884 965 2911 Pro
984 2884 1042 2912 suis
1056 2892 1128 2912 eoae·

168 2928 252 2955 laneis
265 2929 283 2954 E
297 2929 445 2955 cantantes.
458 2928 566 2968 lnserius
584 2935 633 2961 pro
646 2927 832 2962 concrepando
848 2929 868 2954 A
879 2928 898 2955 C
911 2929 931 2954 D
950 2928 1122 2964 increpando,

166 2972 188 2998 Η
206 2971 366 2999 nuntiando.

237 3015 247 3031 ²
269 3018 341 3043 Vers.
363 3017 386 3048 1,
407 3020 466 3049 post
478 3023 558 3050 quem
579 3018 625 3042 ler.
639 3017 667 3050 t,
682 3017 707 3043 5.
725 3024 780 3051 seq.
796 3017 852 3050 (cfr.
873 3017 922 3043 loel
935 3019 964 3050 2,
985 3018 1009 3043 1.
1023 3022 1049 3044 et
1063 3018 1124 3051 ta).

237 3059 247 3075 ⁸
269 3062 341 3087 Vers.
361 3061 405 3087 21.
423 3075 459 3081 -
477 3060 595 3087 Subinde
614 3061 739 3094 allegatur
759 3062 865 3087 Malacli.
885 3061 913 3093 4,
933 3063 958 3087 2.
978 3069 1034 3095 seq.

236 3103 248 3118 ¹
267 3105 336 3131 Libr.
358 3105 398 3133 Vl.
419 3105 444 3131 in
464 3106 525 3132 Luc.
545 3113 572 3131 n.
591 3106 622 3138 8,
646 3105 691 3132 ubi
711 3110 795 3133 textus
819 3106 966 3139 originalis,
985 3114 1065 3140 quem
1085 3114 1126 3133 se-

167 3148 255 3181 quitur
276 3150 346 3182 Vat.,
365 3157 413 3182 pro
428 3149 503 3177 bonis
519 3148 644 3184 operibus
657 3149 775 3177 elevatus
794 3149 927 3176 substituit
938 3152 963 3178 et
981 3149 1056 3178 bonis
1069 3158 1126 3178 cor-

163 3198 217 3226 pus
236 3192 360 3226 operibus
379 3193 508 3220 elevatur.

238 3234 249 3250 ⁶
270 3236 342 3263 Vers.
363 3238 391 3271 9,
411 3241 471 3270 post
489 3245 570 3271 quem
590 3238 636 3265 ler.
656 3239 686 3272 9,
707 3239 750 3265 17.
768 3246 824 3272 seq.
845 3241 870 3264 et
888 3238 938 3265 loel
957 3240 986 3272 2,
1009 3240 1049 3265 12.
1069 3246 1125 3273 seq.

237 3278 249 3295 ⁶
269 3281 343 3308 vers.
365 3283 404 3309 t2.
424 3286 450 3309 et
469 3283 510 3309 13.
531 3298 565 3302 -
584 3283 706 3317 Sequitur
723 3284 800 3310 Rom.
821 3284 867 3316 12,
888 3283 929 3309 15.
1097 3281 1099 3283 ’

238 3322 248 3339 '
268 3325 392 3358 Vulgata:
409 3326 485 3354 Venit
500 3326 571 3354 enim
585 3327 698 3354 Ioannes
718 3327 837 3361 Baptista
849 3334 934 3362 neque
946 3327 1125 3355 manducans.

168 3369 269 3395 —Duo
289 3376 363 3403 seqq.
381 3371 430 3397 loci
449 3374 510 3397 sunt
528 3371 614 3397 Matth.
634 3373 677 3403 21,
691 3372 732 3398 32.
746 3374 771 3398 et
784 3372 848 3398 Dan.
863 3372 908 3403 10,
923 3373 946 3398 2.
967 3379 1021 3406 seq.
1036 3372 1125 3404 (codd.

2088 200 2145 231 181

1187 281 1293 314 eans⁷
1307 291 1429 324 panem
1452 292 1554 325 neque
1577 283 1686 316 bibens
1709 285 1842 324 vinum,
1864 289 1894 318 et
1918 286 1960 318 ita
1983 286 2080 319 invia
2103 296 2151 319 se-

1186 335 1337 367 veritatis
1360 338 1391 368 et
1415 335 1573 374 iustitiae,
1595 328 1677 369 sicut
1699 337 1814 370 dicitur
1831 339 1975 372 Matthaei
2002 340 2150 382 vigesimo

1187 388 1310 430 primo:
1348 401 1363 416 α
1393 389 1483 421 Venit
1506 389 1544 422 ad
1575 397 1630 422 vos
1656 390 1783 423 loannes
1815 391 1845 423 in
1879 392 1929 424 via
1961 392 2098 425 iustitiae
2119 405 2149 424 ».

1187 442 1272 475 Unde
1296 442 1371 484 quia
1394 442 1479 474 venit
1510 451 1583 475 cum
1616 443 1799 476 austeritate
1823 445 2049 485 poenitentiae,
2082 445 2150 477 ideo

1186 495 1272 528 venit
1295 495 1376 528 sicut
1393 495 1566 528 lamentans
1588 499 1619 528 et
1642 505 1770 538 gemens
1791 500 1918 538 propter
1943 498 2075 530 salutem
2101 507 2151 539 po-

1188 548 1271 590 puli,
1296 548 1469 581 secundum
1495 549 1571 582 illud
1596 549 1731 582 Danielis
1754 549 1895 582 decimo:
1926 563 1941 578 a
1958 550 2019 592 Ego
2043 550 2151 583 Daniel

1187 601 1331 644 lugebam
1350 602 1446 635 trium
1465 602 1733 635 hebdomadarum
1756 602 1884 641 diebus,
1902 611 2013 644 panem
2030 603 2149 636 deside—

1188 654 1318 687 rabilem
1343 664 1404 687 non
1429 655 1566 694 comedi,
1590 659 1622 688 et
1645 664 1718 688 caro
1742 658 1773 688 et
1796 655 1904 687 vinum
1929 664 1989 687 non
2023 656 2149 688 introie-

1187 711 1263 740 runt
1294 708 1324 740 in
1353 717 1388 740 os
1416 717 1522 741 meum
1548 722 1578 740 ».
1608 708 1666 740 Sed
1699 711 1801 741 tamen
1826 717 1882 750 per
1911 717 1984 740 eum
2009 717 2070 740 non
2103 712 2149 741 est

1185 761 1323 794 emollita
1346 770 1456 794 eorum
1478 761 1595 794 duritia
1615 761 1652 793 ad
1678 761 1878 803 plorandum,
1900 761 1954 794 sed
1977 766 2069 794 aucta
2086 770 2150 794 ma-

1185 814 1251 846 litia
1266 814 1304 846 ad
1321 814 1560 847 detrahendum.
1586 833 1631 837 —
1653 814 1739 847 Unde
1763 814 1931 847 subditur:
1958 815 1997 847 Et
2021 815 2148 847 dit-itis:

1186 867 1407 900 Daemonium
1431 866 1540 906 babet,
1565 868 1641 910 quia
1663 867 1822 900 dissimilis
1845 871 1893 900 est
1916 868 1997 900 vitae
2021 868 2149 901 alienae.

1185 920 1234 953 Sic
1248 920 1394 953 dicebant
1418 921 1569 953 Salvatori
1587 921 1708 953 loannis
1731 920 1892 954 decimo⁸:
1915 934 1930 949 α
1944 921 2149 954 Daemonium

1185 974 1300 1013 habet;
1325 974 1401 1016 quid
1433 983 1507 1007 eum
1534 974 1650 1007 auditis
1674 978 1716 1007 »ἲ
1740 974 1825 1007 Unde
1848 984 1944 1017 opera
1977 975 2149 1014 virtutum,

1185 1036 1267 1070 quae
1291 1031 1365 1060 sunt
1388 1037 1407 1060 a
1429 1028 1548 1070 Spiritu
1573 1033 1694 1067 sanctO,
1721 1029 1776 1070 ipsi
1810 1038 1850 1061 ex
1876 1029 2016 1070 nequitia
2047 1029 2150 1062 cordis

1185 1081 1400 1114 attribuebant
1423 1081 1595 1120 daemonio,
1613 1082 1695 1114 sicut
1718 1082 1862 1114 Matthaei
1888 1091 1971 1115 nono
1986 1082 2148 1115 dicebant:

1190 1148 1206 1164 (ι
1223 1135 1255 1167 ln
1280 1135 1421 1177 principe
1444 1135 1680 1168 daemoniorum
1706 1135 1789 1168 eiicit
1812 1135 1974 1168 daemonia
1991 1149 2020 1167 n.
2047 1136 2082 1168 Et
2105 1135 2149 1168 sic

1186 1188 1382 1222 verificatum
1409 1191 1456 1221 est
1479 1188 1509 1220 in
1542 1189 1587 1221 eis
1611 1188 1688 1221 illud
1718 1188 1920 1221 Ecclesiastici
1944 1188 2147 1221 undecimo⁹:

1190 1255 1206 1271 α
1224 1242 1306 1274 Bona
1330 1242 1361 1274 in
1392 1242 1474 1274 mala
1505 1245 1692 1274 convertens
1724 1242 1900 1279 insidiatur,
1925 1246 1956 1274 et
1980 1242 2010 1274 in
2042 1242 2148 1275 electis

1185 1295 1324 1337 imponet
1339 1295 1494 1327 maculam
1512 1307 1542 1326 ».
1569 1295 1604 1327 Et
1628 1298 1795 1336 propterea
1812 1304 1867 1327 vae
1891 1295 1950 1334 eis,
1975 1295 2147 1328 secundum

1185 1348 1262 1381 illud
1287 1348 1381 1381 Isaiae
1405 1348 1530 1390 quinto:
1553 1361 1568 1376 «
1586 1348 1665 1380 Vae!
1691 1348 1744 1390 qui
1769 1348 1871 1380 dicitis
1895 1348 2012 1380 bonum
2031 1349 2147 1381 malum

1185 1404 1216 1434 et
1239 1401 1358 1434 malum
1383 1401 1500 1433 bonum
1519 1414 1547 1432 ».

1276 1455 1327 1486 60.
1362 1453 1462 1495 (Vers.
1496 1452 1573 1493 34).
1608 1453 1742 1494 Quarto,
1778 1456 1933 1495 quantum
1968 1453 2006 1485 ad
2042 1457 2146 1486 notam
2165 1460 2314 1508 Degss‘hbffi

2207 1513 2311 1535 mationa.

1186 1505 1407 1550 blasphemiae
1427 1507 1461 1539 in
1486 1505 1705 1538 obduratione
1728 1510 1837 1539 contra
1862 1506 1964 1548 ipsum
1985 1506 2145 1539 Christum
2162 1487 2205 1534 effi

1186 1560 1355 1594 subditur:
1388 1560 1477 1593 Venit
1503 1560 1610 1592 Filius
1639 1558 1782 1592 hominis
1810 1560 2022 1592 manducans
2050 1565 2078 1592 et
2102 1560 2148 1592 bi-

1187 1614 1281 1653 bens,
1317 1618 1348 1647 et
1383 1614 1425 1646 ita
1457 1615 1488 1646 in
1524 1613 1574 1646 via
1604 1613 1791 1646 elementiae
1822 1614 1910 1656 quasi
1946 1613 2086 1647 medicus
2118 1618 2148 1646 et

1186 1672 1336 1710 tanquam
1361 1676 1513 1709 sponsus,
1538 1667 1619 1700 sicut
1637 1676 1733 1708 supra
1750 1667 1860 1709 quinto
1875 1667 1913 1699 ¹⁰:
1944 1681 1959 1695 «
1973 1668 2038 1699 Non
2063 1671 2149 1708 pote-

1186 1721 1255 1753 ritis
1282 1720 1363 1753 filios
1386 1720 1490 1762 sponsi
1515 1720 1617 1753 facere
1642 1720 1796 1759 ieiunare,
1821 1720 1972 1762 quamdiu
1997 1729 2068 1753 cum
2089 1720 2149 1753 illis

1185 1777 1233 1806 est
1256 1781 1390 1815 sponsus
1406 1786 1437 1805 ι».
1455 1791 1500 1796 -
1517 1773 1551 1805 Et
1575 1776 1679 1805 tamen
1704 1782 1765 1805 nou
1790 1777 1864 1806 sunt
1888 1774 1961 1806 moti
1979 1773 2018 1806 ad
2041 1774 2150 1806 exsul-

1185 1826 1330 1865 tandum,
1355 1825 1409 1858 sed
1440 1825 1600 1867 depravati
1625 1826 1664 1858 ad
1695 1826 1993 1868 blasphemandum
2018 1831 2049 1859 et
2081 1827 2149 1859 ideo

1185 1879 1349 1913 subditur:
1378 1879 1415 1911 E't
1442 1878 1572 1911 dicitis:
1606 1879 1701 1917 Ecce,
1730 1877 1825 1911 bomo
1848 1881 2025 1912 vorator-1²
2050 1885 2079 1912 et
2102 1880 2149 1913 bi—

1186 1933 1261 1966 bens
1284 1932 1422 1971 vinum,·
1443 1932 1502 1965 hoc
1525 1931 1634 1965 dicunt
1649 1935 1804 1974 quantum
1822 1931 1861 1965 ad
1884 1932 2148 1975 superfluitatem

1185 1987 1310 2026 vietus,
1334 1986 1423 2029 quasi
1455 1986 1580 2019 dicant:
1612 1995 1674 2018 non
1705 1989 1808 2028 potest
1838 1994 1906 2019 esse
1937 1986 2075 2028 sapiens,
2100 1995 2148 2019 se-

1165 2035 1325 2073 ‘cundum
1357 2039 1434 2073 illud
1463 2039 1705 2072 Proverbiorum
1737 2039 1903 2081 vigesimo:
1933 2052 1949 2068 α
1970 2040 2148 2073 Luxuriosa

1187 2102 1238 2127 res
1266 2093 1374 2126 vinum
1399 2096 1430 2126 et
1453 2092 1650 2126 tumultuosa
1676 2092 1854 2125 ebrietas».
1881 2093 2018 2126 Amicus
2040 2093 2148 2136 publi-

1187 2156 1351 2180 canorum
1374 2151 1405 2180 et
1424 2150 1654 2189 peccatorum,
1679 2149 1833 2188 quantum
1857 2145 1896 2179 ad
1914 2145 2148 2180 inhonestatem

1187 2201 1366 2240 convietus,
1383 2201 1473 2243 quasi
1493 2200 1612 2233 dicant:
1636 2209 1699 2232 non
1715 2202 1818 2242 potest
1837 2209 1905 2233 esse
1921 2200 2033 2240 bonus,
2058 2201 2146 2243 quia,

1186 2255 1268 2288 sicut
1291 2254 1407 2287 dicitur
1431 2253 1633 2287 Ecclesiastici
1658 2253 1779 2286 decimo
1802 2254 1896 2286 tertio
1909 2254 1946 2292 ¹⁸,
1976 2267 1991 2282 α
2008 2255 2060 2297 qui
2079 2255 2149 2288 teti-

1186 2307 1267 2349 gerit
1290 2298 1391 2349 picem
1422 2306 1639 2349 inquinabitur
1663 2306 1702 2339 ab
1726 2315 1776 2345 ea,
1801 2310 1832 2339 et
1859 2307 1914 2349 qui
1938 2308 2149 2341 communica-

1186 2360 1268 2394 verit
1291 2360 1429 2402 superbo
1459 2360 1568 2393 induet
1596 2359 1777 2402 superbiam
1803 2373 1832 2391 ι».
1862 2360 1921 2393 Sed
1953 2360 2050 2399 male,
2075 2361 2149 2403 quia

1187 2412 1333 2446 Ieremiae
1357 2413 1478 2446 decimo
1510 2412 1635 2455 quinto:
1665 2412 1756 2455 «Ipsi
1781 2417 2005 2445 convertentur
2038 2413 2075 2445 ad
2100 2417 2147 2452 te,

1186 2470 1217 2500 et
1252 2475 1314 2499 non
1349 2466 1543 2499 converteris
1576 2465 1616 2499 ad
1650 2474 1704 2499 eos
1728 2478 1763 2506 n;
1798 2470 1830 2499 et
1864 2466 2009 2499 Matthaei
2044 2476 2147 2499 nono:

1193 2533 1208 2549 a
1233 2520 1348 2553 Euntes
1378 2519 1506 2559 discite,
1535 2519 1612 2561 quid
1643 2522 1708 2552 est:
1741 2519 1984 2552 Misericordiam
2019 2519 2086 2552 volo
2118 2524 2149 2553 et

1187 2583 1248 2607 non
1273 2572 1472 2606 sacrificium.
1503 2572 1567 2605 Non
1599 2572 1683 2606 enim
1707 2572 1778 2605 veni
1803 2581 1916 2605 vocare
1947 2573 2062 2611 iustos,
2095 2573 2148 2606 sed

1187 2629 1366 2669 peccatores
1382 2638 1413 2664 ι,
1438 2625 1477 2658 ad
1500 2625 1733 2667 poenitentiam.

1277 2681 1328 2713 61.
1354 2679 1455 2721 (Vers.
1481 2679 1557 2718 35).
1584 2679 1619 2711 Et
1642 2679 1717 2721 quia
1741 2679 1934 2721 blasphemia
1962 2679 2149 2712 ludaeorum

1187 2736 1377 2776 aggravatur
1401 2741 1442 2766 ex
1466 2741 1542 2765 vera
1564 2731 1794 2774 praedicatione
1817 2733 2053 2774 Apostolorum,
2082 2728 2150 2765 ideo

1191 2878 1294 2918 legunt:
1313 2884 1463 2912 secundum
1483 2883 1552 2911 illud
1571 2883 1690 2910 Danielis
1711 2882 1762 2910 40:
1785 2883 1899 2918 Propter
1923 2883 2037 2911 salutem
2054 2884 2151 2918 populi

1190 2937 1239 2964 eqo
1253 2929 1349 2956 Daniel
1367 2931 1436 2963 ete.).
1456 2943 1491 2949 --
1511 2929 1637 2961 Superius
1657 2935 1706 2961 pro
1725 2935 1778 2962 qua
1798 2927 1898 2955 bonum
1915 2931 2021 2963 ponunt
2041 2929 2067 2954 in
2092 2936 2150 2956 ma-

1191 2974 1262 3007 lum,
1283 2974 1355 3007 quod
1375 2973 1473 2999 babent
1497 2973 1564 3005 CH,
1584 2973 1605 2999 D
1630 2980 1684 3007 qua
1704 2972 1804 2999 bonum
1828 2972 1926 3000 dicitur
1945 2973 2065 3005 malum,
2093 2974 2150 2999 Vat.

1190 3018 1254 3054 quia
1275 3018 1375 3045 bonum
1392 3017 1558 3052 pervertitur
1583 3017 1611 3044 in
1635 3016 1754 3050 malum,
1774 3024 1843 3051 quae
1867 3018 1946 3043 etiam
1971 3017 2082 3044 subinde
2102 3025 2149 3050 pro

1189 3066 1214 3091 et
1232 3064 1269 3091 ita
1289 3063 1316 3089 in
1335 3062 1379 3089 via
1397 3062 1546 3089 severitatis
1565 3061 1697 3089 substituit
1716 3061 1771 3089 vita
1790 3062 1818 3089 in
1837 3061 1881 3089 via
1899 3062 2061 3089 securitatis.

1260 3106 1270 3122 Β
1291 3109 1364 3133 Vers.
1386 3108 1429 3133 20.
1448 3120 1484 3126 —
1502 3106 1620 3133 Subinde
1644 3107 1770 3139 allegatur
1795 3107 1883 3133 Matth.
1902 3107 1931 3139 9,
1951 3107 1993 3133 34.
2013 3121 2048 3126 —
2067 3108 2150 3139 Supe-

1189 3153 1244 3179 rius
1262 3159 1311 3185 pro
1327 3151 1396 3178 vitae
1415 3151 1519 3178 alienae
1537 3151 1559 3177 Η
1578 3150 1647 3178 nime
1666 3150 1809 3179 hunwnae.

1260 3194 1271 3210 ⁹
1291 3197 1364 3222 Vers.
1386 3195 1434 3226 33,
1452 3198 1512 3227 post
1531 3202 1610 3227 quem
1631 3195 1687 3221 lsai.
1701 3195 1730 3225 5,
1750 3196 1792 3220 20.

1263 3239 1285 3255 ¹⁰
1306 3240 1379 3266 Vers.
1398 3237 1442 3265 34.
1630 3238 1633 3239 ⁷

1261 3282 1281 3299 ¹¹
1302 3284 1415 3316 Vulgata
1434 3287 1459 3309 et
1479 3283 1536 3309 Vat.
1556 3282 1718 3315 devoratam
1737 3285 1783 3309 cna
1796 3283 1883 3309 Matth.
1900 3283 1940 3313 11,
1957 3283 1997 3314 19,
2013 3282 2057 3308 ubi
2078 3282 2150 3315 poni-

1189 3331 1231 3354 tur
1250 3328 1329 3355 homo
1348 3334 1445 3354 vorax.
1465 3341 1499 3346 -
1521 3326 1638 3353 Subinde
1661 3328 1787 3360 allegatur
1807 3328 1882 3353 Prov.
1902 3327 1948 3358 20,
1972 3328 1994 3352 l.

1261 3370 1283 3386 ¹²
1302 3373 1377 3398 Vers.
1398 3370 1422 3403 1,
1441 3374 1500 3404 post
1518 3377 1598 3404 quem
1618 3371 1664 3397 ler.
1688 3372 1730 3402 15,
1752 3372 1792 3397 19.
1812 3374 1837 3396 et
1855 3372 1941 3396 Matth.
1962 3371 1992 3403 9,
2016 3371 2053 3396 13.

2169 2683 2228 2705 Haec
2242 2688 2315 2710 aggiu-

2204 2712 2272 2731 vatur.
