2476 3921
14 436 146 490 [manimius

14 497 15 511 l
23 491 147 513 Pharisaeo-

14 534 15 540 ,
23 523 76 539 rum.

15 1737 39 1759 )e
54 1738 145 1761 seeundo

51 1765 98 1786 tria.

746 205 931 238 COMMENT
967 205 1004 238 ΙΝ
1030 204 1269 238 EVANGELIUM
1293 206 1411 239 LUCAE
1435 207 1467 239 C.
1491 208 1566 240 XIV.

2087 211 2150 245 359

165 295 256 338 quia,
280 304 352 329 cum
376 295 463 328 dives
497 298 598 334 esset,
623 297 753 337 propter
788 303 846 327 nos
880 302 999 336 egenus
1026 293 1127 326 factus
1158 294 1162 333 Ι
1196 306 1214 322 «¹
1229 293 1343 326 Omnia
1365 304 1462 336 opera
1485 296 1607 328 Domini
1632 297 1730 336 bona,
1747 302 1778 331 et
1793 308 1885 331 omne
1901 308 1981 341 opus
1997 308 2055 332 sua
2072 300 2151 332 hora

164 352 229 388 est,
252 351 289 381 ut
312 348 396 381 illius
419 348 524 390 inopia
546 356 604 381 nos
626 347 739 380 divites
761 354 946 380 essemus».

254 400 284 434 3.
298 400 440 446 Secundo
455 403 562 433 autem
575 403 729 442 quantum
742 399 781 432 ad
793 398 1041 432 observantium
1054 408 1127 431 ma-

164 453 346 496 liy‘nitatem
370 453 494 487 subdit:
520 454 560 486 Et
594 453 661 496 ipsi
694 452 913 486 observabant
945 461 1031 485 eum.
1059 452 1126 485 Non

163 506 238 540 dicit
261 506 456 549 Evangelista
480 506 517 539 in
539 516 619 550 quo,
644 509 680 539 ut
703 506 861 545 insinuet,
877 506 962 549 quod
977 505 1128 539 observa-

163 559 238 592 bant
261 561 293 592 et
315 558 416 592 verba
446 562 479 592 et
509 558 697 598 miracula,
721 562 753 592 et
775 558 987 592 observabant
1008 557 1048 591 ad
1075 566 1126 591 re-

163 611 422 654 prehendendum
456 614 489 645 et
525 612 746 654 arguendum;
782 620 881 654 supra
915 610 1081 644 undecimo
1095 611 1124 642 ¹:

168 678 184 694 ιι
200 665 378 707 Coeperunt
413 665 571 698 Pharisaei
604 668 636 698 et
659 665 830 708 legisperiti
866 665 1012 698 insistere
1035 668 1067 697 et
1089 672 1125 697 os

163 718 232 751 eius
254 718 448 760 opprimere,
472 718 655 751 insidiantes
678 718 707 751 ei
737 721 769 751 et
799 721 989 760 quaerentes
1012 726 1125 760 capere

162 770 282 813 aliquid
305 780 347 804 ex
369 780 425 804 ore
448 771 535 811 eius,
559 773 596 804 ut
630 775 817 805 accusarent
840 780 913 804 eum
931 783 961 810 »;
986 770 1070 804 unde
1093 774 1125 804 et

164 824 285 857 loannis
308 824 430 857 decimo
460 824 591 867 quinto:
619 824 679 857 «Si
703 833 755 857 me
786 824 943 867 persecuti
968 827 1061 863 sunt,
1093 827 1125 858 et

162 886 219 910 vos
242 880 491 920 persequentur;
516 877 542 910 si
564 886 743 911 sermonem
768 886 874 911 meum
899 882 1123 917 servaverunt,

162 934 193 964 et
215 934 357 964 vestrum
393 931 607 964 servabunt».
636 930 855 964 Observabant
888 931 982 964 etiam
1017 931 1124 964 mira-

161 984 257 1024 cula,
283 984 457 1018 secundum
480 984 566 1027 quod
593 984 710 1018 dicitur
742 985 836 1018 Marci
860 984 998 1018 terti02:
1028 997 1043 1013 α
1060 984 1123 1018 Ob-

162 1038 329 1071 servabant
363 1048 452 1078 eum,
477 1039 502 1072 si
538 1037 672 1071 Sabbato
700 1041 845 1077 curaret,
878 1041 915 1071 ut
937 1041 1124 1071 accusarent

161 1100 234 1124 eum
252 1105 282 1124 1².
306 1092 393 1125 Unde
417 1091 494 1125 haec
517 1091 695 1125 observatio
719 1092 908 1134 procedebat
932 1100 974 1125 ex
990 1091 1123 1124 malitia

161 1144 356 1183 insidiante,·
380 1148 490 1178 contra
513 1153 607 1187 quam
631 1144 748 1177 dicitur
771 1144 1014 1178 Proverbiorum
1038 1144 1123 1187 vige-

161 1199 241 1231 simo
264 1201 396 1240 quarto:
426 1210 442 1226 εκ
458 1198 501 1231 Ne
525 1197 682 1230 insidieris
713 1201 745 1230 et
768 1206 904 1240 quaeras
927 1189 1121 1239 impietatem

161 1251 193 1284 in
216 1251 309 1284 domo
332 1251 406 1284 iusti
431 1259 534 1292 neque
551 1252 655 1283 vastes
670 1250 815 1292 requiem
838 1250 907 1283 eius
923 1262 954 1282 »,
973 1249 1031 1283 Sed
1048 1250 1122 1292 quia

159 1303 378 1337 difficillimum
403 1306 450 1336 est
473 1302 593 1336 homini
616 1302 770 1336 malitioso
801 1302 959 1335 declinare
983 1302 1122 1344 proximi

160 1356 427 1395 observationem,
460 1356 529 1389 ideo
563 1356 680 1389 dicitur
705 1355 949 1389 Proverbiorum
972 1355 1122 1397 vigesimo

160 1409 297 1443 tertio³:
327 1410 401 1443 «Ne
436 1409 579 1443 comedas
610 1418 682 1442 cum
719 1408 846 1442 homine
881 1409 987 1442 invido
1019 1413 1050 1442 et
1082 1418 1122 1442 ne

159 1462 317 1497 desideres
340 1463 427 1496 cibos
449 1463 536 1503 eius,
561 1463 708 1506 quoniam
726 1463 758 1495 in
774 1462 1011 1497 similitudinem
1032 1462 1122 1495 arioli

159 1520 191 1550 et
214 1517 400 1550 coniectoris
422 1517 568 1550 aestimat
590 1516 675 1559 quod
691 1516 824 1559 ignorat.
842 1516 975 1550 Comede
992 1519 1023 1549 et
1039 1516 1122 1555 bibe,

159 1570 241 1603 dicet
263 1570 337 1610 tibi;
363 1579 451 1604 mens
481 1570 551 1603 eius
583 1579 645 1603 non
677 1574 724 1603 est
757 1573 873 1603 tecum.
906 1569 1016 1610 Cibos,
1041 1578 1122 1612 quos

159 1623 351 1663 comederas,
367 1632 493 1657 evomes
509 1626 540 1657 et
555 1624 669 1666 perdes
685 1623 814 1666 pulcros
829 1632 991 1657 sermones
1006 1626 1079 1656 tuos
1091 1636 1121 1655 ».

248 1677 278 1711 lt.
292 1677 393 1718 (Vers.
407 1679 462 1720 2).
478 1678 517 1710 Et
527 1687 607 1716 ecce,
621 1676 716 1710 homo
728 1677 890 1721 quidam*
906 1676 1121 1721 hydropicus.

159 1731 229 1764 Post
244 1731 433 1773 descriptam
454 1730 707 1764 observationem
731 1730 971 1764 Pharisaeorum
1000 1730 1052 1763 hic
1075 1738 1123 1763 se-

158 1784 262 1817 cundo
273 1784 423 1818 describit
433 1784 641 1817 detectionem
653 1783 921 1821 observatorum‚·
934 1784 1017 1817 circa
1026 1792 1122 1826 quam

152 1837 404 1870 introducuntur
421 1837 499 1877 tria,
515 1837 633 1870 scilicet
656 1837 832 1880 aeyritudo
853 1837 899 1870 ad
915 1836 1122 1870 detectionem

158 1890 354 1932 disponens,
378 1891 526 1935 quaestio
550 1891 698 1933 deteyeus
721 1894 753 1924 et
774 1890 946 1923 simulatio
969 1894 1085 1933 tepens.

249 1943 351 1976 Primo
375 1952 451 1987 ergo
479 1946 635 1987 quantum
664 1943 704 1977 ad
735 1943 979 1987 aeyricudinem
1013 1943 1123 1985 ‹lispo-

8 2002 148 2029 Ἰιεεςιῑιιιᾱοειιι
160 2001 286 2029 nentem
309 1997 355 2030 aa
377 1996 629 2030 observatorum
651 1997 859 2035 detectionem
874 1996 966 2030 dicit:
987 1997 1025 2029 Et
1040 2005 1121 2034 ecce,

13 2028 148 2052 detectionem

14 2054 129 2083 uspouon..
161 2048 256 2083 homo
279 2051 419 2095 quidam
442 2049 647 2095 hydropicus
679 2055 752 2084 erat
775 2054 851 2084 ante
876 2049 979 2083 illum.
1004 2049 1048 2082 Ad
1072 2049 1122 2082 lit-

162 2105 260 2136 teram
285 2103 336 2137 hic
360 2102 565 2148 hydropicus
589 2112 646 2136 sua
669 2103 852 2136 infirmitate
872 2102 1066 2135 manifesta⁶
1091 2104 1122 2135 et

160 2156 249 2198 gravi
273 2156 355 2190 viam
380 2157 550 2199 praebebat
572 2156 612 2190 ad
628 2156 850 2190 confutandam
865 2159 897 2189 et
917 2155 1120 2197 detegendam

160 2208 344 2243 ludaeorum
369 2209 542 2252 perfidiam.
568 2210 604 2242 Et
638 2210 787 2252 quoniam
819 2212 945 2251 tempus
979 2210 1011 2241 et
1033 2208 1121 2241 locus

159 2270 194 2295 se
215 2262 383 2302 offerebat,
407 2263 476 2296 ideo
499 2263 588 2296 dicit:
608 2263 647 2295 Ec
662 2272 750 2301 ecce,
766 2262 857 2305 quasi
874 2261 1028 2294 Dominus
1044 2264 1120 2294 tunc

159 2314 344 2349 adduxisset
367 2324 440 2349 eum
464 2315 496 2348 iu
520 2315 676 2354 medium;
701 2315 785 2348 unde
802 2313 1007 2348 Ecclesiastici
1025 2313 1120 2355 trige—

160 2367 239 2400 simo
270 2368 395 2401 nono⁶:
424 2381 440 2397 α
457 2368 560 2411 Opera
583 2368 684 2401 omnis
719 2367 823 2401 carnis
857 2375 963 2400 coram
994 2366 1064 2405 illo,
1089 2369 1120 2399 et

159 2429 222 2453 non
257 2425 304 2454 est
338 2421 512 2464 quidquam
542 2420 759 2454 absconditum
794 2421 835 2454 ab
868 2420 969 2454 oculis
1002 2420 1072 2454 eius
1087 2432 1117 2453 n.

166 2486 182 2503 «ι
197 2474 258 2507 Nec
281 2477 328 2507 est
351 2474 473 2508 dicere:
497 2474 578 2517 Quid
601 2478 650 2508 est
672 2474 747 2514 hoc,
771 2478 826 2508 aut
849 2474 926 2517 quid
949 2477 997 2507 est
1013 2473 1120 2507 istud?

161 2527 273 2561 Omnia
295 2528 378 2562 enim
402 2528 434 2561 in
458 2531 601 2571 tempore
624 2536 682 2562 suo
706 2531 902 2571 quaerentur
918 2540 950 2568 „;
975 2532 1006 2561 et
1029 2530 1117 2571 post:

232 2710 241 2726 ¹
262 2712 337 2738 Vers.
357 2713 399 2739 53.
413 2715 438 2739 et
452 2712 500 2744 54;
519 2713 637 2746 sequitur
657 2713 726 2739 loan.
745 2713 793 2746 45,
807 2714 850 2740 20.
869 2727 904 2733 —
924 2714 1050 2746 Superius
1063 2715 1123 2745 post

161 2756 185 2781 el
204 2755 382 2784 observabant
400 2758 419 2783 B
439 2757 507 2783 bene
525 2758 630 2790 supplet
648 2757 744 2791 verba,
764 2761 789 2784 et
808 2765 858 2791 pro
874 2757 911 2785 ad
927 2757 1123 2792 reprehenden-

162 2797 228 2825 dum
247 2800 304 2826 Vat.
324 2808 384 2827 cuin
405 2802 534 2828 nonnullis
552 2802 630 2828 codd.
649 2801 686 2829 ad
705 2802 993 2837 comprehendendum.

233 2841 244 2857 ²
263 2844 337 2871 vei-s.
357 2846 382 2871 2.
401 2859 437 2865 —
450 2845 574 2873 Subinde
592 2847 720 2879 allegatur
738 2847 815 2873 Prov.
829 2847 878 2879 24,
892 2847 935 2873 ⁴5.
948 2861 983 2867 —
997 2848 1123 2880 Superius

163 2887 223 2916 post
235 2885 371 2914 miracula
385 2889 404 2914 B
417 2889 490 2916 addit
501 2889 538 2916 ad
550 2889 786 2917 calumniandum.
954 2889 966 2905 ⁸
981 2891 1054 2917 Vers.
1067 2891 1122 2916 6-8.

233 2927 245 2943 ⁴
263 2929 352 2957 Plures
370 2932 449 2959 codd.
468 2933 511 2960 hle
535 2934 658 2960 omittunt
682 2933 807 2968 quidam,
832 2934 906 2968 quod
931 2937 1017 2961 tamen
1043 2935 1123 2967 paulo

163 2971 270 2999 interius
288 2973 428 3007 exhibent3
446 2977 494 3003 cfr.
512 2984 592 3011 supra
611 2985 637 3004 n.
658 2977 667 3004 l
681 2999 687 3011 ,
700 2977 746 3005 ubi
759 2978 801 3005 hlc
814 2985 908 3005 versus
922 2982 1047 3012 tanquam
1062 2986 1123 3012 pars

163 3017 277 3043 secunda
297 3018 435 3046 constituta
453 3024 501 3048 est.

233 3059 244 3075 ⁶
263 3061 347 3089 Codd.
366 3064 387 3089 Α
397 3063 416 3090 C
427 3065 448 3090 D
457 3066 476 3091 F
486 3067 507 3092 G
526 3066 708 3102 manifestata.

233 3104 244 3120 ⁰
263 3107 337 3133 Vei-s.
358 3107 400 3134 24.
421 3108 490 3142 (Vnt.
514 3111 589 3137 addit
613 3117 640 3138 v.
665 3112 708 3138 25.
733 3115 760 3138 et
784 3112 860 3138 Prov.
881 3110 929 3145 2⁴5,
951 3112 1001 3139 ⁴6:
1022 3111 1123 3147 Septies

163 3150 234 3178 enim
253 3150 329 3178 castet
347 3151 435 3179 iustus
452 3153 529 3188 etc.);
549 3155 646 3182 deinde
664 3163 690 3182 v.
711 3157 753 3183 26.
772 3159 798 3182 et
817 3157 859 3182 39.

233 3192 243 3209 τ
263 3195 353 3222 Glossa
371 3195 514 3224 ordinaria
534 3198 691 3232 (secundum
711 3200 819 3233 Bedam)
845 3199 918 3232 apud
943 3200 1075 3232 Lyn-anum
1098 3201 1124 3227 in

163 3241 226 3267 Luc.
246 3239 293 3272 tt,
313 3239 347 3267 4:
367 3240 478 3275 Vitium,
494 3242 568 3275 quod
587 3242 680 3279 istodin
698 3250 824 3277 corpore,
844 3244 973 3270 Pharisaei
987 3244 1124 3277 gestabant

164 3284 191 3311 in
218 3288 322 3317 mentm
350 3287 375 3311 et
402 3284 462 3312 ideo
491 3293 580 3312 coram
609 3287 673 3319 ipsis
700 3292 806 3315 curatur
825 3288 1008 3321 corporaliter,
1026 3293 1055 3316 ut
1072 3290 1123 3316 hoc

162 3329 282 3362 exemplo
302 3329 402 3356 discant
420 3329 587 3362 spiritualiter
609 3332 703 3358 curari.
728 3332 779 3359 Cir.
803 3334 928 3365 Gregor..
947 3333 1015 3360 XlV.
1035 3332 1123 3360 Moral.

164 3379 187 3399 c.
207 3374 250 3400 ⁴2.
267 3381 293 3400 n.
314 3373 356 3400 tt.

1191 346 1489 380 subministrabit».
1516 349 1600 382 Unde
1624 350 1701 382 haec
1725 352 1888 392 aegritudo
1912 352 2084 393 corporalis
2102 362 2154 385 va-

1191 399 1275 431 lebat
1297 399 1337 432 ad
1361 399 1603 442 impugnandam
1621 404 1652 434 et
1668 403 1907 444 expurgandam
1924 404 2152 446 aegritudinem

1191 452 1404 494 spiritualem,
1428 454 1502 495 quia
1533 454 1651 487 directe
1685 459 1752 487 erat
1783 456 1826 488 illi
1860 457 2016 489 contraria
2031 458 2052 489 ⁷.
2078 458 2153 489 Nam

1191 504 1243 537 hic
1267 505 1362 538 homo
1385 506 1578 548 hydropicus
1601 510 1669 540 erat
1692 512 1764 541 ante
1788 509 1888 541 lesum
1913 510 1949 541 ad
1976 510 2154 542 misericor-

1191 557 1275 590 diam
1309 558 1556 600 implorandam,
1592 569 1687 602 quam
1725 561 1881 594 Pharisaei
1918 563 2152 604 impugnabant.

1192 611 1383 653 Implorabat
1413 621 1549 655 namque
1584 613 1830 646 misericordiam
1866 615 1939 653 Dei,
1976 615 2051 657 quia
2086 618 2155 648 erat

1190 663 1307 704 homo;
1330 675 1403 698 nam
1438 666 1641 699 Ecclesiastici
1675 667 1796 700 decimo
1819 668 1973 700 octavo82
2004 681 2018 695 a
2036 669 2154 701 Miseri-

1189 718 1297 752 cordia
1328 719 1382 752 Dei
1415 728 1511 761 super
1543 729 1668 753 omnem
1693 729 1819 753 carnem
1837 733 1868 759 »;
1894 725 1924 754 et
1955 722 2030 763 quia
2059 720 2153 754 homo

1190 771 1367 814 infirmus,
1403 773 1577 806 secundum
1611 773 1688 806 illud
1725 774 1929 807 Ecclesiastici
1966 774 2152 807 undecimo:

1194 838 1210 854 «
1228 826 1280 858 Est
1303 827 1397 859 homo
1421 826 1580 859 marcidus
1603 830 1634 860 et
1658 827 1799 869 indigens
1816 828 2064 870 recuperatione,
2082 828 2154 870 plus

1188 878 1338 912 deficiens
1361 880 1497 918 virtute,
1522 884 1553 913 et
1587 880 1699 913 oculus
1734 880 1789 913 Dei
1825 881 1966 923 respexit
1995 881 2083 913 illum
2119 882 2149 914 in

1189 931 1271 965 bono
1287 944 1319 971 1>;
1347 935 1379 966 et
1402 933 1479 975 quia
1502 937 1578 966 ante
1602 933 1697 966 illum
1731 937 1817 973 erat,
1841 934 1917 976 quia
1942 934 2018 967 tales
2042 943 2152 967 recur-

1189 989 1265 1018 runt
1296 985 1336 1018 ad
1370 986 1485 1025 Deum,
1510 990 1541 1019 et
1566 987 1681 1020 talibus
1704 987 1923 1020 condescendit
1947 988 2045 1025 Deus;
2071 988 2153 1020 Psal-

1188 1037 1303 1070 mus⁹:
1334 1050 1350 1067 α
1365 1038 1520 1079 Quoniam
1543 1039 1708 1081 prospexit
1731 1040 1770 1073 de
1793 1040 1920 1073 excelso
1943 1043 2051 1073 sancto
2075 1049 2151 1079 suo,

1186 1090 1339 1123 Dominus
1363 1091 1401 1124 de
1425 1092 1511 1124 caelo
1534 1092 1566 1125 in
1592 1096 1710 1125 terram
1735 1093 1906 1135 aspexit».

1278 1145 1307 1176 5.
1333 1144 1434 1185 (Vers.
1461 1145 1516 1182 3.).
1542 1146 1685 1179 Secundo
1700 1150 1856 1188 quantum
1873 1147 1911 1179 ad
1929 1147 2150 1190 quaestionem
2166 1154 2266 1181 Quaastio
2281 1155 2318 1176 de-

1163 1197 1381 1239 -deteyeutem
1413 1197 1537 1230 subdit:
1574 1199 1614 1231 Ec
1645 1200 1845 1241 respondens
1869 1200 1963 1232 Iesus
1994 1200 2080 1232 (lixit
2104 1200 2150 1232 ad

1187 1249 1390 1292 leyisperitos
1413 1254 1443 1282 et
1474 1249 1687 1284 Pharisaeos.
1724 1252 1889 1294 Signanter
1913 1253 1988 1285 dicit
2017 1263 2150 1295 respou—

1186 1302 1286 1341 dens,
1310 1311 1382 1335 cum
1408 1303 1516 1336 nullus
1540 1304 1629 1345 prius
1653 1305 1771 1346 aliquid
1795 1310 1978 1347 quaereret,
2003 1306 2077 1347 quia
2101 1315 2151 1339 re-

1186 1355 1359 1397 spondebat
1382 1356 1422 1388 ad
1438 1365 1550 1389 eorum
1567 1357 1798 1399 manationes,
1816 1366 1895 1399 quas
1912 1358 2035 1391 videbat
2052 1362 2083 1391 et
2098 1367 2151 1390 au-

1186 1407 1301 1448 diebat,
1313 1409 1488 1441 secundum
1502 1409 1579 1442 illud
1591 1410 1736 1443 Matthaei
1751 1419 1832 1443 nono
1843 1411 1884 1443 ¹⁰:
1902 1424 1918 1439 α
1931 1411 2008 1443 Cum
2023 1411 2149 1444 vidisset

1187 1462 1273 1495 Iesus
1304 1462 1506 1504 cogitationes
1538 1472 1668 1502 eorum,
1700 1463 1799 1496 dixit:
1831 1464 1869 1497 Ut
1900 1465 1977 1506 quid
2006 1465 2148 1507 cogitatis

1187 1515 1269 1548 mala
1292 1515 1324 1548 in
1348 1515 1497 1549 cordibus
1521 1516 1795 1550 vestrisni'Unde
1819 1517 1944 1550 Glossa:
1974 1531 1989 1546 α
2008 1519 2150 1560 Respon-

1186 1568 1267 1601 dens
1292 1569 1402 1608 Iesus,
1428 1568 1584 1602 insidiosis
1607 1569 1865 1603 observatoribus
1881 1584 1913 1609 »,
1937 1571 2011 1613 quia
2035 1570 2150 1603 dicitur

1187 1621 1364 1664 Sapientiae
1387 1622 1509 1664 primo:
1539 1635 1554 1651 «
1572 1622 1663 1655 Auris
1693 1623 1751 1655 zeli
1783 1623 1871 1656 audit
1898 1624 2019 1662 omnia,
2045 1627 2075 1656 et
2100 1628 2150 1656 tu-

1187 1675 1309 1709 multus
1337 1676 1629 1709 murmurationum
1653 1686 1715 1710 non
1739 1677 1950 1711 abscondetur
1967 1691 1997 1710 n.
2023 1678 2059 1711 Et
2082 1678 2150 1711 ideo

1188 1729 1358 1771 respondet
1381 1729 1623 1772 cogitationibus
1646 1730 1787 1764 faciendo
1822 1731 1883 1764 illis
1915 1732 2150 1774 quaestionem,

1187 1792 1284 1825 quam
1313 1786 1345 1816 et
1375 1783 1435 1825 ipsi
1467 1783 1663 1825 cogitabant,
1688 1793 1760 1817 cum
1797 1785 1919 1818 subdit:
1944 1785 2083 1817 Dicens:
2115 1785 2152 1818 Si

1186 1835 1259 1868 licet
1275 1835 1417 1868 Sabbato
1434 1835 1582 1868 curare?
1600 1855 1643 1860 —
1659 1837 1741 1870 Hanc
1757 1837 1973 1879 quaestionem
2000 1837 2150 1880 leguntur

1187 1888 1343 1922 Pharisaei
1368 1889 1501 1922 Domino
1524 1889 1649 1929 fecisse,
1666 1890 1748 1923 sicut
1771 1891 1886 1932 legitur
1910 1891 2056 1923 Matthaei
2072 1891 2150 1923 duo-

1186 1942 1308 1975 decimo
1322 1943 1366 1974 ¹¹:
1396 1942 1684 1984 «interrogabant,
1713 1943 1739 1975 si
1764 1943 1835 1976 licet
1859 1943 1994 1976 Sabbato
2017 1952 2148 1982 curare,

1186 1998 1223 2028 ut
1245 1998 1430 2028 accusarent
1446 2004 1520 2028 eum
1534 2008 1564 2027 ».
1582 1995 1641 2028 Sed
1657 1996 1756 2028 Lucas
1771 1996 1924 2037 exprimit
1941 1996 2070 2029 illorum
2095 2005 2148 2029 co-

1186 2049 1319 2091 gitatus,
1344 2049 1519 2081 Matthaeus
1543 2049 1695 2091 exprimit
1718 2049 1863 2082 verbum.
1890 2050 1950 2082 Hoc
1975 2049 2149 2091 quaerebat

1187 2102 1339 2134 Dominus
1362 2101 1402 2134 ab
1425 2101 1487 2140 eis,
1512 2101 1587 2143 quia
1603 2101 1857 2143 ipsi-fatebantur
1882 2111 1915 2135 se
1931 2102 2145 2144 legisperitos;

1186 2155 1270 2188 unde
1293 2154 1401 2188 Glossa
1414 2154 1457 2186 ¹2:
1488 2167 1503 2183 α
1519 2156 1541 2187 Α
1566 2155 1753 2197 legisperitis
1775 2155 1926 2188 iudicium
1944 2156 2033 2198 Legis
2049 2165 2148 2198 quae—

1185 2208 1228 2241 rit
1243 2221 1274 2241 ».
1300 2208 1431 2251 Propter
1454 2208 1538 2250 quod
1570 2208 1738 2242 Malachiae
1761 2209 1917 2242 secundo:
1948 2222 1963 2238 α
1979 2210 2072 2242 Labia
2099 2219 2148 2243 sa-

1185 2261 1321 2294 cerdotis
1350 2260 1533 2294 custodiunt
1567 2261 1748 2301 scientiam,
1780 2265 1812 2295 et
1843 2262 1941 2304 legem
1979 2263 2148 2304 requirunt

1184 2314 1223 2347 de
1247 2322 1303 2347 ore
1327 2313 1395 2346 eius
1412 2325 1443 2352 »;
1468 2317 1499 2347 et
1529 2313 1638 2347 Glossa
1672 2314 1806 2348 ibidem:
1836 2327 1851 2343 <x
1868 2315 1898 2347 Si
1931 2315 2076 2348 sacerdos
2107 2315 2145 2348 de

1184 2367 1251 2409 lege
1275 2367 1506 2409 interrogatur,
1531 2367 1654 2407 doceat;
1678 2368 1817 2410 alioquin
1840 2368 1960 2401 frustra
1984 2369 2077 2401 iactat
2100 2368 2147 2401 di-

1182 2420 1351 2463 gnitatem,
1375 2421 1468 2454 cuius
1490 2430 1553 2454 non
1576 2421 1708 2455 exhibet
1732 2422 1944 2464 operationem
1960 2436 1991 2454 υ.

1273 2475 1303 2507 6.
1329 2474 1430 2515 (Vers.
1455 2475 1510 2516 4.).
1536 2475 1641 2508 Tertio
1665 2479 1819 2518 quantum
1835 2475 1874 2508 ad
1897 2476 2141 2509 simulationem

1181 2531 1334 2571 tepentem
1359 2527 1479 2561 subdit:
1505 2530 1549 2561 At
1571 2528 1622 2562 illi
1641 2532 1831 2562 tacuerunt.
1857 2529 1927 2562 Ideo
1956 2533 2142 2568 tacuerunt,

1258 2711 1269 2726 ⁸
1288 2713 1363 2738 Vers.
1388 2712 1426 2738 ¹2.
1446 2727 1478 2731 ——
1500 2712 1622 2745 Sequitur
1641 2712 1716 2738 Eccli.
1740 2712 1785 2743 ll,
1810 2713 1846 2737 1-2.
1867 2719 1922 2745 seq.

1257 2755 1269 2770 ⁹
1288 2757 1382 2783 Psalm.
1402 2757 1447 2782 iol
1461 2776 1467 2788 ,
1487 2757 1529 2782 20.

1258 2799 1281 2815 ¹⁰
1301 2801 1375 2827 Vers.
1387 2800 1410 2831 4,
1421 2805 1480 2833 post
1493 2808 1572 2834 quem
1586 2801 1675 2827 Glossa
1691 2800 1870 2827 interlinearis
1882 2801 1926 2833 (de
1937 2808 1988 2833 qua
1999 2802 2045 2825 cfr.
2057 2800 2146 2831 Beda),

1186 2846 1212 2872 in
1231 2852 1282 2879 qua
1303 2852 1352 2877 pro
1370 2843 1587 2872 observatoribus
1613 2845 1729 2871 nonnulli
1755 2845 1832 2871 codd.
1857 2843 2102 2876 obserratwnibus,
2122 2849 2147 2869 et

1187 2891 1248 2917 dein
1268 2891 1328 2922 Sap.
1349 2890 1379 2921 t,
1400 2890 1442 2916 lo.

1259 2933 1280 2949 ¹¹
1301 2934 1374 2960 vers.
1396 2934 1437 2960 ⁴0.
1457 2947 1491 2952 —
1511 2934 1618 2959 inferius
1643 2933 1720 2959 codd.
1746 2939 1903 2966 perperam:
1923 2931 1976 2959 Sed
1994 2932 2147 2959 Matthaeus

1186 2978 1318 3013 exprimit
1334 2977 1448 3004 illorum
1466 2977 1613 3011 cogitatus,
1632 2977 1720 3004 Lucas
1745 2976 1876 3010 exprimit
1900 2975 2024 3007 verbum,
2050 2977 2074 3002 in
2094 2983 2146 3009 qua

1187 3023 1248 3049 salsa
1267 3022 1375 3048 lectione
1394 3022 1606 3054 transposuimus
1623 3027 1703 3047 voces
1722 3020 1874 3048 Matthaeus
1893 3024 1918 3045 et
1936 3020 2040 3049 Lucas:
2053 3020 2095 3045 vel
2113 3019 2147 3045 le-

1187 3066 1304 3099 gendum
1324 3072 1385 3092 cum
1405 3066 1427 3091 D
1446 3065 1472 3097 (a
1490 3065 1606 3091 secunda
1626 3065 1716 3097 inanit)
1736 3064 1790 3091 Sed
1807 3063 1959 3090 Matthaeus
1977 3062 2106 3097 exprimit
2119 3063 2146 3088 it-

1188 3111 1279 3139 lorum
1297 3109 1424 3142 verbum,
1446 3109 1533 3136 Lucas
1551 3108 1683 3143 exprimit
1700 3108 1849 3142 coqiwlus,·
1868 3109 1910 3133 vel
1935 3114 1996 3133 cum
2016 3106 2073 3132 Vat-
2093 3106 2147 3134 Sed

1187 3155 1340 3183 Matthaeus
1359 3153 1492 3188 expressit
1512 3152 1623 3180 illorum
1642 3152 1774 3186 cogitatus
1792 3151 1886 3182 verbo,
1908 3151 1995 3178 Lucos
2019 3158 2074 3178 novi
2099 3158 2146 3178 ea:—

1184 3199 1283 3235 pm'mic
1299 3197 1386 3226 verbo.

1258 3242 1281 3258 ¹¹
1300 3244 1403 3270 Scilicet
1421 3241 1618 3274 imerlt'neam's,
1633 3242 1674 3268 cui
1688 3240 1882 3273 subiunguntur
1901 3241 2008 3266 Mulacli.
2027 3241 2057 3271 2,
2076 3240 2102 3265 7.
2122 3244 2147 3265 et

1187 3289 1278 3315 Glossa
1297 3286 1478 3314 interlinearis
1499 3287 1540 3319 (ex
1559 3286 1674 3318 Hieron.)
1694 3287 1719 3311 in
1738 3285 1851 3311 eundem
1872 3285 1933 3316 loc.y
1960 3285 1985 3310 in
2010 3291 2062 3318 qua
2087 3287 2146 3316 post

1188 3331 1281 3359 doceat
1298 3335 1382 3358 textus
1400 3330 1534 3363 originalis
1553 3330 1627 3356 addit
1644 3328 1795 3356 resistentes
1814 3328 1961 3356 convincat.

2198 1183 2277 1207 tegens.

2171 1844 2287 1865 Difficultas

2183 1872 2278 1892 solvitur.

2165 2483 2279 2504 Simulatio

2182 2512 2262 2536 tegens.
