2476 3921
768 222 962 277 COMMENT.
987 244 1025 277 IN
1049 244 1289 278 EVANGELIUM
1313 245 1431 278 LUCAE
1455 246 1488 278 C.
1512 247 1586 279 XVI.
2113 251 2178 284 413

26 343 79 367 nata
93 342 165 374 9ttitu-
181 337 257 366 ante
283 333 396 365 Deum.
412 351 453 356 —
470 332 530 365 Sed
546 335 595 366 est
610 332 681 365 alia
697 332 852 371 altitudo,
869 341 951 375 quae
967 333 1093 375 elongat
1107 333 1147 366 ab

30 371 57 393 ⁶⁰
74 369 160 397 ''mu'‘
180 385 336 420 Altissimo
346 411 354 425 ,
370 389 402 418 et
418 385 495 419 haec
511 389 558 418 est
574 384 716 418 altitudo
728 385 1013 427 praesumtionis,
1029 386 1068 419 de
1084 395 1148 428 qua

180 438 328 472 Ieremiae
352 437 594 480 quadragesimo
617 440 728 470 octavo
742 438 771 470 ¹:
800 450 816 466 α
833 438 1018 471 Audivimus
1034 447 1147 480 super-

179 491 264 524 biam
287 491 393 531 Moab,
425 490 586 533 superbus
615 493 664 524 est
692 490 803 531 valde;
828 491 1054 524 sublimitatem
1077 492 1147 525 eius

179 546 212 576 et
233 543 447 586 arrogantiam
480 545 512 576 et
534 543 717 585 superbiam
749 546 782 576 et
812 543 1010 577 altitudinem
1042 544 1146 577 cordis

179 594 250 630 eius
272 606 330 639 ego
354 597 435 635 scio,
460 596 504 629 ait
526 596 680 630 Dominus
696 609 726 629 ι».
760 597 840 630 Haec
870 596 964 629 etiam
995 600 1044 630 est
1071 596 1146 630 alti-

1211 342 1337 367 omnem
1361 334 1559 368 altitudinem
1575 336 1780 369 extollentem
1798 346 1831 370 se
1846 338 1999 371 adversus
2015 339 2178 372 scientiam

1213 386 1287 426 Dei,
1311 389 1343 419 et
1366 386 1397 419 in
1419 387 1631 429 captivitatem
1649 389 1826 432 redigentes
1842 400 1966 424 omnem
1983 391 2176 425 intellectum

1212 439 1245 472 in
1269 439 1457 482 obsequium
1481 440 1645 474 Christi».

1302 492 1355 525 30.
1381 493 1483 534 (Vers.
1512 494 1586 535 16.).
1624 495 1690 527 Lex
1720 499 1751 528 et
1781 495 1967 538 Prophetae
1997 507 2102 541 usqae
2132 498 2179 530 aa
2206 507 2321 528 camno

1212 545 1373 578 Ioannem
1395 549 1454 578 etc.
1489 547 1559 579 Post
1590 548 1821 589 repressionem
1846 550 2044 591 arrogantiae
2070 551 2178 583 Phari·
2188 536 2344 590 η’ῗῖιῗῗὲἕιῖἴω

1211 607 1359 631 saeorum
1390 599 1555 632 rebellium
1588 600 1737 633 subditur
1769 601 1820 634 bic
1847 602 1986 635 secundo
2009 602 2178 645 descriptio
2192 589 2330 666 ιιῖιξῗὲῑὲὲἑι

20 1616 76 1637 llaec
86 1615 168 1637 dissua-

58 1642 129 1664 detur.

47 2041 108 2063 Ratio
123 2041 160 2063 tri-

77 2068 134 2096 plex.

181 650 260 683 tudo
276 649 493 688 ambitioni&
510 649 660 683 ieremiae
676 649 918 692 quadragesimo
935 659 1035 683 nono:
1059 663 1075 679 «
1091 651 1146 683 Ar-

182 703 323 746 rogantia
346 706 401 736 tua
423 702 546 745 decepit
570 705 618 742 te«,
642 702 696 745 qui
721 702 832 736 niteris
847 703 1086 745 apprehendere
1101 704 1146 736 al-

182 757 346 790 titudinem
371 756 459 789 collis
476 769 507 788 ».
531 756 612 789 Haec
635 756 729 788 etiam
760 759 809 789 est
835 755 977 789 altitudo
1005 761 1146 790 ostenta-

181 809 305 849 tioni3‚·
329 809 498 842 Ezechielis
522 808 683 851 trigesimo
706 809 858 851 prim02:
887 822 904 838 α
921 809 980 842 Pro
1003 818 1041 843 eo
1061 810 1147 852 quod

181 862 370 896 sublimatus
384 865 432 895 est
448 861 480 894 in
496 861 662 895 altitudine
678 865 709 895 et
725 861 810 895 dedit
825 861 1039 895 summitatem
1056 872 1146 896 suam

180 915 334 948 virentem
359 917 454 957 atque
478 914 685 954 condensam,
710 917 742 947 et
764 914 922 947 elevatum
945 918 992 948 est
1008 924 1062 948 cor
1078 915 1148 949 eius

181 968 212 1000 in
234 967 399 1000 altitudine
423 976 501 1007 sua;
527 976 612 1000 nunc
636 967 749 1000 tradidi
772 976 846 1001 eum
879 967 910 1000 in
942 977 1056 1001 manus
1083 968 1148 1001 for-

182 1020 290 1054 tissimi
315 1020 457 1063 gentium
474 1034 489 1050 1>
518 1024 576 1054 etc.
603 1021 663 1054 lsta
686 1020 818 1054 altitudo
842 1021 874 1054 in
898 1024 1070 1063 conspectu
1091 1022 1147 1055 ho—

180 1073 301 1106 minum
326 1075 374 1106 est
396 1072 601 1106 abominatio
617 1073 712 1116 apud
729 1073 845 1112 Deum,
870 1073 1044 1107 secundum
1070 1073 1149 1107 illud

181 1126 423 1160 proverbiorum
448 1126 572 1160 decimo
595 1127 734 1160 sexto⁸t
763 1139 779 1155 «
796 1127 993 1160 Abominatio
1015 1130 1064 1160 est
1088 1128 1148 1159 Do-

180 1179 266 1212 mino
296 1179 398 1212 omnis
417 1176 600 1222 arrogans,
631 1179 724 1212 etiam
749 1179 775 1212 si
804 1189 918 1213 manus
948 1180 987 1213 ad
1019 1189 1148 1213 manum

180 1233 294 1272 fuerit,
326 1242 388 1265 non
419 1236 467 1266 est
497 1232 647 1265 innocens
665 1245 694 1264 n.
719 1232 842 1265 Dicitur
865 1236 972 1266 autem
997 1233 1149 1267 Dominus

181 1286 375 1319 abominari
405 1285 588 1319 huiusmodi
618 1285 817 1319 altitudinem
849 1289 981 1328 propter
1005 1295 1147 1320 severam

181 1339 281 1382 ipsius
303 1339 507 1372 deiectionem
520 1364 528 1378 ‚
553 1338 728 1372 secundum
753 1338 832 1371 illud
849 1339 944 1371 Isaiae
961 1339 1147 1372 secund04:

187 1406 203 1422 «
219 1392 309 1425 Oculi
333 1392 486 1425 sublimes
517 1391 653 1424 hominis
681 1392 837 1425 humiliati
869 1394 961 1430 sunt,
986 1395 1021 1424 et
1041 1392 1148 1425 incur-

184 1445 311 1478 vabitur
333 1444 467 1478 altitudo
483 1444 645 1484 virorum,
662 1444 856 1477 exaltabitur
872 1449 978 1478 autem
995 1444 1149 1478 Dominus

183 1498 269 1531 solus
292 1498 325 1530 in
348 1497 398 1530 die
421 1497 475 1530 illa
490 1510 522 1529 n.
587 1528 590 1531 Α

272 1552 323 1584 29.
350 1551 419 1584 ldeo
443 1551 521 1583 haec
544 1551 662 1593 triplex
686 1550 819 1584 altitudo
842 1554 993 1593 tanquam
1015 1551 1148 1584 Domino

182 1604 400 1638 abominabilis
416 1603 628 1643 dissuadetur,
645 1603 749 1646 primo
765 1603 884 1637 scilicet
896 1603 1037 1637 altitudo
1046 1614 1148 1646 prae-

182 1657 380 1696 sumtionis;
403 1656 606 1690 Ecclesiastici
625 1657 718 1690 tertio
731 1658 762 1689 ⁵:
784 1670 800 1686 «
817 1656 934 1690 Altiora
949 1660 980 1690 te
996 1666 1035 1690 ne
1051 1666 1148 1700 quae-

183 1712 273 1746 sieris
290 1724 320 1752 1>;
344 1715 375 1745 et
398 1711 436 1744 ad
461 1712 616 1745 Romanos
639 1711 824 1744 undecimo:
846 1723 861 1739 α
879 1711 945 1743 ΝοΙί
969 1711 1069 1744 altum
1098 1720 1147 1744 sa-

183 1774 259 1808 pere
275 1778 290 1794 »
320 1767 378 1798 etc.
404 1764 565 1804 Secundo,
597 1764 739 1797 altitudo
770 1763 989 1802 ambitionis;
1019 1764 1056 1797 ad
1089 1765 1148 1797 Ro-

182 1827 293 1851 manos
320 1817 526 1851 duodecimo:
557 1830 572 1846 11
588 1817 654 1850 Non
678 1817 740 1850 alta
763 1816 937 1859 sapientes,
963 1817 1017 1850 sed
1041 1817 1147 1850 bumi-

182 1871 266 1905 libus
289 1871 518 1904 consentientes
535 1883 551 1900 ι)
580 1873 638 1903 etc.
664 1869 871 1903 Dissuadetur
889 1869 982 1903 tertio
1005 1870 1147 1904 altitudo

183 1925 429 1962 ostentationis,-
454 1924 616 1957 Psalmus:
646 1937 661 1952 (ι
677 1923 777 1956 Nolite
807 1923 962 1957 extollere
990 1923 1022 1956 in
1046 1924 1145 1957 altum

184 1986 285 2011 cornu
308 1981 468 2016 vestrum,
501 1976 597 2009 nolite
620 1975 707 2018 loqui
730 1975 884 2009 adversus
907 1976 1009 2010 Deum
1032 1976 1147 2020 iniqui—

185 2031 281 2062 tatem
296 2042 327 2062 ».
346 2047 388 2054 —
401 2029 484 2061 Hanc
501 2032 606 2062 autem
620 2028 817 2062 altitudinem
831 2029 1032 2062 abominatur
1043 2030 1149 2063 Domi—

185 2092 264 2123 nus,
295 2084 371 2126 quia
397 2081 577 2126 fastuosa;
602 2082 696 2124 primi
721 2083 841 2125 Regum
864 2083 985 2116 decimo
1009 2084 1147 2117 sextoss:

192 2150 208 2166 ι(
223 2136 267 2170 Ne
301 2136 451 2179 respicias
480 2135 678 2168 altitudinem
710 2139 851 2169 staturae
881 2136 969 2175 eius,
1000 2137 1149 2179 quoniam

182 2190 282 2224 abieci
306 2199 378 2224 eum
395 2202 426 2222 ι).
451 2188 532 2231 Quia
553 2188 737 2228 simulata,-
760 2189 898 2223 Danielis
923 2190 1032 2223 tertio:
1059 2204 1075 2220 «ι
1091 2191 1150 2224 Na-

184 2243 426 2276 buchodonosor
458 2251 518 2275 rex
549 2241 622 2275 fecit
653 2245 789 2275 statuam
819 2252 948 2276 auream
984 2243 1150 2277 altitudine

183 2296 363 2329 cubitorum
395 2295 559 2337 sexaginta
575 2308 591 2323 n
619 2298 678 2328 etc.
711 2295 791 2337 Quia
821 2295 988 2335 ruinosa;
1020 2300 1150 2340 propter

185 2348 271 2391 quod
302 2348 545 2381 Proverbiorum
576 2347 697 2380 decimo
728 2348 905 2390 septimo⁷:
935 2361 950 2377 «
967 2349 1028 2391 Qui
1055 2350 1151 2383 altam

185 2402 260 2435 iacit
282 2401 412 2434 domum
441 2409 531 2434 suam
563 2401 689 2443 quaerit
724 2402 848 2434 ruinam
868 2415 897 2434 ι».
923 2402 959 2434 Et
982 2402 1052 2436 ideo
1074 2403 1151 2436 dici-

188 2459 241 2488 tur
265 2454 420 2488 secundae
443 2454 481 2487 ad
506 2453 685 2487 Corinthios
707 2453 850 2487 decimo:
880 2468 895 2484 α
912 2456 1005 2488 Arma
1021 2456 1151 2489 militiae

186 2511 312 2541 nostrae
335 2517 398 2540 non
422 2510 497 2540 sunt
521 2507 675 2546 carnalia,
700 2507 755 2540 sed
780 2508 919 2550 potentia
946 2508 1012 2541 Deo
1035 2508 1075 2541 ad
1097 2509 1151 2542 de-

186 2561 392 2595 structionem
431 2560 643 2594 munitionum
663 2587 671 2600 ,
715 2561 845 2594 consilia
882 2561 1082 2595 destruentes
1120 2565 1152 2595 et

259 2785 269 2801 ¹
289 2788 366 2813 Vers.
384 2777 434 2814 29.‘
446 2791 473 2813 et
491 2788 535 2814 30.
553 2801 589 2807 —
609 2787 726 2814 Subinde
744 2788 871 2820 allegatur
890 2788 938 2814 ler.
958 2787 1006 2819 49,
1027 2788 1071 2814 46.

258 2829 269 2846 ¹
289 2832 364 2858 Vers.
385 2832 426 2858 40.
446 2835 472 2859 et
492 2833 534 2865 Η,
553 2832 580 2858 in
598 2840 653 2866 quo
673 2833 731 2859 Vat.
750 2839 811 2858 cum
831 2832 945 2864 Vulgata
959 2832 1055 2859 omittit
1067 2839 1151 2860 nunc.

259 2873 271 2889 ⁸
292 2876 366 2901 Vei-s.
386 2876 419 2901 5:
439 2875 609 2903 Abominatio
630 2876 741 2903 Domini
758 2877 798 2904 est
809 2875 898 2903 omnis
911 2879 960 2903 etc.
974 2890 1010 2896 —
1023 2877 1151 2910 Superius

189 2921 249 2951 post
267 2919 323 2946 Ista
341 2918 456 2947 altitudo
477 2921 530 2946 sere
549 2927 641 2947 omnes
659 2921 738 2947 codd.
758 2921 859 2947 addunt
877 2920 971 2953 etiam,
991 2921 1063 2954 quod
1082 2921 1110 2947 in
1129 2921 1151 2947 D

189 2963 305 2989 secunda
325 2970 419 2990 manus
437 2964 553 2995 delevit;
572 2964 591 2991 C
612 2965 692 2997 legit:
717 2966 772 2992 Ista
795 2964 924 2997 altitudo,
950 2972 1020 2999 quae
1045 2964 1073 2992 in
1092 2972 1151 2993 con-

189 3008 283 3041 spectu
301 3007 444 3034 hominum
471 3009 525 3040 est,
553 3008 718 3037 abominatio
742 3011 783 3037 est
798 3009 874 3044 apud
892 3010 978 3036 Deum
987 3020 999 3043 ,·
1018 3011 1077 3036 vat.
1096 3011 1151 3037 Ista

189 3050 304 3078 altitudo
323 3053 362 3078 est
380 3051 461 3079 etiam
481 3051 509 3078 in
528 3055 670 3087 conspectu
689 3052 845 3086 hominum,
864 3053 912 3081 sed
929 3055 969 3081 est
985 3053 1150 3081 abominatio

190 3095 265 3130 apud
282 3097 379 3124 Deum.
477 3129 480 3137 Ι

261 3139 274 3155 ⁴
292 3141 367 3167 vers.
387 3142 429 3174 Η,
448 3140 494 3167 ubi
514 3148 563 3173 pro
581 3140 708 3169 sublimes
726 3143 806 3169 codd.
823 3141 955 3170 sublimis.

261 3183 273 3199 ⁸
292 3185 367 3212 Vers.
382 3186 424 3212 22.
444 3200 479 3204 —
498 3186 564 3211 Tres
576 3193 652 3219 seqq.
664 3187 714 3213 loci
726 3191 787 3213 sunt
799 3188 876 3214 Rom.
891 3188 934 3221 ll,
947 3188 991 3214 20.
1003 3190 1029 3214 et
1043 3188 1085 3219 1¹2,
1098 3188 1150 3221 ⁴6;

193 3229 235 3255 l‘s.
252 3228 303 3262 74,
322 3230 348 3256 6.
422 3254 425 3257 .

261 3271 274 3287 ⁶
294 3274 368 3300 Vers.
386 3274 411 3300 7.
431 3288 466 3294 —
485 3274 609 3307 Sequitur
637 3275 702 3301 Dan.
721 3276 754 3307 3,
774 3276 798 3310 l,
817 3277 846 3303 in
864 3283 919 3310 quo
938 3284 987 3310 pro
1005 3276 1150 3310 sexaginta

191 3316 270 3344 codd.
288 3317 469 3352 septuaginta.
908 3347 911 3350 ,

263 3358 273 3374 ¹
294 3361 369 3387 Vers.
389 3361 432 3387 ⁴6.
451 3364 477 3387 et
495 3362 591 3389 deinde
610 3363 638 3388 ll.
656 3361 717 3389 Cor.
736 3363 784 3395 40,
804 3363 829 3390 t.
847 3367 873 3390 et
891 3365 916 3391 ὅ.

264 3402 276 3418 “
295 3404 347 3431 Cir.
366 3412 446 3438 supra
465 3413 490 3432 n.
509 3407 553 3433 25.
767 3405 779 3421 ⁹
798 3407 866 3435 Cod.
882 3408 902 3435 C
921 3408 1055 3436 substituit
1073 3415 1149 3443 quae.

1210 651 1440 684 evacuationis
1448 657 1706 695 praeceptorum
1723 653 1881 696 legalium
1890 654 1915 693 ⁸,
1929 664 2066 697 quorum
2084 665 2179 689 causa

1211 704 1388 744 Pharisaei,
1421 705 1578 748 erigentes
1601 707 1827 748 supercilium,
1851 708 1969 741 Christi
1991 709 2179 744 documenta

1211 758 1403 799 spernebant
1425 762 1456 791 et
1480 768 1568 792 suam
1594 760 1758 793 avaritiam
1776 761 1956 802 palliabant.
1976 762 2012 794 Et
2027 763 2177 805 quoniam

1212 811 1265 844 lex
1290 811 1444 852 Moysaica
1474 820 1531 854 per
1562 811 1725 845 Christum
1754 817 1802 846 est
1824 818 1992 854 evacuata,
2021 816 2063 848 ita
2093 816 2178 858 quod

1212 867 1317 897 manet
1348 867 1503 906 quantum
1527 864 1566 897 ad
1589 865 1802 909 spiritualem
1825 867 2075 910 intelligentiam
2106 879 2178 902 cae-

1212 917 1450 950 remonialium
1467 921 1498 951 et
1514 917 1686 951 litteralem
1703 918 1950 953 observantiam
1975 921 2178 960 moralium,-

1212 969 1282 1002 ideo
1306 970 1338 1002 in
1363 971 1421 1003 hac
1446 974 1536 1013 parte
1560 971 1699 1005 insinuat
1730 982 1793 1005 non
1824 973 1926 1006 solum
1952 974 2052 1016 ipsius
2086 976 2179 1018 Leqia

1211 1024 1462 1057 evacuationem
1498 1025 1672 1058 secundum
1705 1025 1951 1059 observantiam
1984 1027 2177 1067 litteralem,

1213 1086 1326 1110 verum
1358 1077 1452 1110 etiam
1485 1078 1704 1120 impletionem
1732 1079 1906 1112 secundum
1931 1080 2178 1123 intelliyentiam

1211 1130 1424 1172 spiritualem
1448 1134 1479 1164 et
1501 1132 1714 1165 durationem
1738 1133 1911 1166 secundum
1937 1134 1991 1166 ius
2007 1135 2134 1167 morale
2150 1139 2178 1167 et

1212 1183 1368 1226 copulam
1392 1184 1609 1227 coniuyalem.

1304 1236 1407 1269 Primo
1434 1237 1532 1279 igitur
1560 1241 1716 1280 quantum
1739 1239 1778 1273 ad
1802 1240 2052 1273 evacuationem
2083 1241 2178 1284 Leyis
2197 1249 2335 1297 3:333&

1213 1289 1387 1322 secundum
1423 1289 1670 1324 observantiam
1705 1292 1878 1326 litteralem
1915 1293 2011 1326 dicit:
2048 1294 2113 1326 Lex
2149 1299 2179 1327 et
2197 1302 2333 1350 L⁶¹31¹2⁸n¹¹²²²‘

1214 1341 1401 1383 Prophetae
1424 1352 1528 1386 usque
1551 1344 1596 1376 ad
1621 1345 1804 1383 loannem,·
1836 1347 1924 1388 quasi
1957 1346 2040 1379 dicat
2071 1347 2178 1379 Phari-

1213 1394 1312 1427 saeis:
1337 1404 1400 1428 non
1423 1396 1543 1429 debetis
1567 1398 1773 1439 supercilium
1799 1399 1921 1441 erigere
1945 1409 2004 1441 pro
2021 1400 2109 1442 Legis
2124 1400 2180 1433 ob-

1213 1447 1391 1487 servantia,
1415 1448 1515 1490 quia⁹
1540 1449 1601 1482 iam
1625 1454 1727 1483 cessat
1750 1455 1905 1493 quantum
1930 1452 1968 1485 ad
1994 1453 2131 1485 litteram
2147 1456 2178 1486 et

1213 1499 1360 1542 figuram.
1386 1501 1422 1534 Et
1445 1506 1537 1542 nota,
1561 1503 1661 1545 quod,
1679 1504 1751 1538 licet
1767 1505 1913 1538 Christus
1936 1506 2040 1539 dicere
2057 1510 2178 1548 posset:
2200 1514 2331 1536 Notandum.

1213 1562 1317 1596 usque
1332 1553 1379 1585 ad
1393 1563 1455 1593 me,
1473 1555 1565 1596 quia,
1582 1555 1621 1588 ad
1639 1557 1792 1590 Romanos
1808 1557 1929 1591 decimo
1944 1559 1969 1577 ¹⁰
1980 1584 1987 1597 ,
2006 1571 2022 1587 α
2038 1559 2109 1592 finis
2125 1560 2180 1592 Le-

1213 1605 1260 1647 gis
1277 1605 1424 1639 Christus
1447 1607 1484 1640 ad
1510 1608 1663 1641 iustitiam
1681 1623 1696 1638 ιι
1725 1613 1807 1649 etc.;
1831 1610 1944 1643 maluit
1961 1614 2064 1643 tamen
2081 1612 2181 1644 nomi-

1213 1668 1290 1692 nare
1314 1659 1556 1693 Praecursorem
1583 1665 1732 1704 tanquam
1757 1672 1847 1696 suam
1873 1672 2000 1702 vocem,
2025 1664 2100 1706 quia
2124 1674 2181 1707 per

1212 1711 1313 1754 ipsius
1329 1713 1452 1746 Ioannis
1469 1714 1680 1748 ministerium
1697 1719 1842 1749 ostensus
1865 1720 1914 1749 est
1936 1716 2034 1759 digito
2057 1719 2179 1760 Agnus;

1213 1765 1337 1798 loannis
1360 1765 1485 1807 primo:
1516 1780 1531 1795 «
1547 1767 1642 1806 Ecce,
1667 1769 1773 1810 Agnus
1805 1769 1878 1808 Dei;
1911 1778 2003 1808 ecce,
2036 1771 2090 1812 qui
2124 1771 2181 1803 tol-

1213 1818 1248 1851 lit
1261 1832 1277 1847 »
1294 1822 1373 1858 etc.;
1387 1822 1418 1852 et
1430 1819 1498 1862 ipse
1513 1820 1575 1853 iam
1592 1821 1709 1863 incepit
1724 1822 1889 1856 ostendere
1906 1823 2070 1856 veritatem
2088 1833 2180 1866 aper-

1213 1876 1277 1905 tam
1300 1882 1338 1905 ac
1363 1882 1419 1915 per
1444 1874 1504 1907 hoc
1527 1883 1683 1908 evacuare
1706 1875 1853 1917 figuram.
1871 1877 1951 1918 Quia
1967 1877 2049 1910 enim
2068 1878 2130 1910 Lex
2150 1881 2181 1910 et

1214 1925 1389 1968 Prophetae
1412 1935 1521 1960 omnes
1544 1927 1770 1968 promittebant
1790 1928 1951 1961 Christum
1969 1929 2131 1968 suturum;
2149 1933 2181 1963 et

1214 1978 1343 2012 loannes
1359 1979 1495 2012 ostendit
1511 1984 1728 2021 praesentem:
1746 1980 1815 2014 ideo
1835 1994 1851 2010 α
1869 1982 1934 2014 Lex
1950 1986 1979 2014 et
1995 1981 2180 2025 Prophetae

1213 2041 1317 2075 usque
1340 2032 1387 2064 ad
1409 2032 1588 2072 Ioannem,
1606 2033 1681 2076 quia
1697 2043 1759 2067 non
1776 2034 1877 2076 potuit
1894 2035 1976 2068 ultra
1995 2036 2178 2078 prophetari

1213 2083 1372 2127 fut-urum
1395 2086 1481 2128 quod
1505 2086 1602 2119 claret
1625 2087 1750 2120 venisse
1770 2087 1948 2121 testimonio
1965 2088 2086 2122 loannis
2101 2090 2124 2108 1¹
2148 2103 2178 2121 ».

1305 2139 1358 2172 31.
1380 2139 1416 2172 Et
1439 2139 1513 2181 quia
1529 2140 1601 2173 finis
1618 2140 1706 2183 Legis
1721 2144 1769 2174 est
1785 2149 1841 2183 per
1857 2141 2090 2175 inchoationem
2106 2143 2179 2175 novi
2193 2150 2307 2172 lnehoauo
2323 2158 2346 2172 n.

2199 2179 2336 2199 testamenti.

1215 2192 1408 2231 testamenti,
1425 2192 1494 2225 ideo
1510 2192 1670 2235 sequitur:
1690 2194 1740 2226 Eae
1756 2203 1791 2226 eo
1805 2194 1831 2214 ¹²
1848 2204 1989 2237 reynum
2007 2195 2067 2228 Dei
2081 2205 2180 2228 evan-

1212 2245 1395 2288 9elizatu-r‚
1420 2245 1451 2278 id
1475 2249 1541 2286 est,
1565 2247 1605 2280 ab
1628 2255 1665 2280 eo
1688 2247 1891 2290 Evangelium
1915 2248 2035 2290 gratiae
2052 2248 2180 2282 inchoa-

1217 2301 1279 2330 tur.
1305 2298 1392 2332 Unde
1415 2299 1510 2332 Marci
1543 2300 1648 2342 primo
1662 2300 1709 2333 ¹³:
1740 2313 1756 2329 «
1772 2300 1897 2334 Initium
1921 2301 2079 2344 Evangelii
2111 2302 2180 2335 lesu

1215 2350 1351 2389 Christi,
1376 2351 1458 2384 sicut
1481 2352 1635 2395 scriptum
1658 2356 1706 2387 est
1729 2353 1761 2386 in
1786 2353 1883 2387 lsaia:
1900 2354 1992 2393 Ecce,
2009 2363 2067 2397 ego
2090 2354 2180 2387 mitto

1216 2404 1366 2446 Angelum
1391 2413 1497 2438 meum
1515 2419 1530 2435 »
1559 2409 1640 2446 etc.;
1673 2406 1742 2440 ideo
1766 2407 1859 2440 etiam
1884 2407 1995 2440 beatus
2019 2408 2117 2440 Lucas
2141 2408 2181 2440 ab

1216 2457 1283 2499 ipsa
1306 2457 1389 2490 beati
1414 2458 1536 2491 loannis
1559 2460 1763 2502 conceptione
1779 2460 1811 2493 in
1828 2469 1886 2493 suo
1903 2461 2069 2503 Evangelio
2085 2470 2180 2493 exor-

1215 2509 1303 2543 dium
1334 2511 1468 2550 sumsit3
1493 2520 1591 2554 supra
1615 2513 1738 2555 primo:
1769 2526 1785 2543 α
1800 2514 1870 2546 Fuit
1894 2514 1925 2547 in
1950 2514 2061 2547 diebus
2085 2514 2180 2547 Hero-

1214 2562 1263 2596 dis
1278 2576 1309 2596 ».
1334 2564 1420 2598 Unde
1443 2569 1481 2598 ut
1504 2565 1604 2608 ipsius
1627 2566 1818 2609 praedicatio
1841 2576 1929 2600 nova
1946 2567 2178 2607 ostenderetur,

1287 2788 1310 2804 ¹⁰
1330 2791 1404 2817 Vers.
1425 2791 1449 2818 4.
1470 2806 1504 2810 —
1523 2791 1642 2818 Subinde
1661 2793 1789 2825 allegatur
1803 2793 1872 2818 loan.
1893 2792 1917 2823 4,
1937 2792 1980 2818 29.
2001 2805 2035 2811 -
2054 2792 2181 2824 Superius

1216 2833 1328 2860 vocibus
1346 2841 1432 2869 usque
1450 2842 1493 2862 me
1512 2836 1564 2862 fide
1583 2835 1602 2864 C
1614 2836 1666 2862 Dii
1684 2835 1884 2862 interseruimus
1901 2835 1946 2862 ad.

1287 2878 1308 2893 ¹¹
1329 2880 1362 2906 Ut
1380 2880 1443 2905 dicit
1461 2881 1552 2907 Glossa
1566 2880 1710 2907 ordinaria
1723 2881 1794 2913 apud
1812 2881 1944 2912 Lyranum
1958 2880 1984 2906 in
1999 2881 2061 2907 Luc.
2076 2881 2122 2913 16,
2138 2881 2179 2907 17.

1215 2929 1246 2948 ex
1258 2922 1339 2954 Beda,
1353 2923 1385 2949 V.
1399 2923 1424 2949 in
1438 2925 1501 2950 Luc.
1515 2925 1557 2955 16,
1573 2925 1614 2958 47,
1627 2924 1674 2958 qui
1686 2925 1766 2952 flnem
1779 2924 1923 2950 sententiae
1937 2925 1969 2950 ita
1984 2924 2101 2950 exhibet:
2115 2925 2178 2959 quia

1214 2973 1269 2993 non
1284 2960 1376 3000 potuit
1394 2967 1469 2994 ultra
1487 2969 1634 2995 venturum
1653 2967 1706 3002 [sic
1724 2969 1803 2994 etiam
1817 2967 1922 3003 Glossa]
1935 2968 2096 3002 prophetari
2107 2968 2180 3003 quod

1217 3010 1326 3037 Ioannis
1342 3011 1490 3045 praeconio
1510 3011 1566 3038 iam
1585 3012 1688 3039 venisse
1706 3012 1836 3039 clarebat.
1858 3013 1907 3039 Pro
1926 3012 2002 3039 ultra
2017 3012 2181 3047 prophetari

1214 3054 1342 3089 futmum
1362 3055 1407 3088 (ita
1427 3055 1489 3089 CH)
1510 3057 1568 3082 Vnt.
1589 3056 1663 3083 ultra
1681 3056 1810 3083 nuntium
1830 3056 1878 3091 [ita
1890 3057 1969 3083 etiam
1984 3059 2073 3090 plures
2086 3057 2176 3092 codd]

1212 3099 1374 3133 properari,
1397 3103 1423 3126 et
1441 3100 1538 3127 deinde
1557 3107 1606 3132 pro
1619 3099 1691 3134 quod
1709 3101 1730 3126 Η
1749 3108 1812 3127 cum
1831 3102 1921 3127 Glossa
1936 3109 2024 3136 quem.
2043 3116 2078 3121 —
2097 3103 2178 3134 Supe-

1214 3143 1270 3169 rius
1288 3144 1367 3170 codd.
1386 3145 1510 3171 omittunt
1529 3144 1676 3172 Christum.

1287 3185 1309 3201 ¹¹
1327 3187 1412 3214 codd.
1431 3189 1467 3215 Et
1482 3196 1518 3215 ea·
1536 3196 1580 3221 eo,
1594 3189 1641 3222 qui
1653 3189 1732 3215 etium
1745 3189 1868 3222 superius
1882 3190 2006 3215 omittunt
2018 3190 2176 3217 testamenti.

1286 3229 1308 3245 ¹⁸
1328 3232 1402 3258 Vers.
1424 3233 1448 3258 l.
1467 3240 1523 3266 seq.
1542 3236 1568 3259 et
1587 3233 1682 3259 deiude
1702 3235 1763 3259 Luc.
1785 3234 1808 3266 l,
1829 3233 1852 3260 5.
1867 3247 1902 3253 —
1915 3235 2007 3260 Glossa
2025 3234 2178 3261 interlinea-

1214 3275 1270 3302 ris:
1290 3276 1361 3308 Le-v,
1392 3276 1438 3302 ubi
1467 3278 1620 3309 temporalia
1650 3277 1794 3310 dabantur,
1813 3280 1839 3305 et
1855 3278 2005 3312 Prophetae
2031 3286 2117 3313 usque
2140 3279 2178 3306 ad

1215 3320 1359 3351 loannem,
1378 3321 1425 3353 qui
1443 3321 1631 3352 poenitentiam
1645 3326 1670 3348 et
1682 3322 1753 3348 vitae
1765 3322 1943 3348 austeritatem
1958 3323 2040 3349 verbo
2054 3327 2078 3348 et
2092 3330 2176 3349 exem-

1214 3364 1258 3396 plo
1287 3367 1395 3396 propter
1423 3365 1542 3391 caelestia
1571 3365 1699 3398 docebat,
1726 3367 1772 3400 qui
1795 3369 1835 3393 est
1853 3367 1911 3393 fluis
1933 3368 2010 3399 Legis
2029 3370 2054 3393 et
2073 3368 2175 3393 initium

1214 3408 1331 3440 gratiam
1349 3415 1385 3435 eoe
1403 3415 1448 3441 eo,
1468 3416 1482 3435 a
1503 3413 1622 3443 tempore
1641 3411 1712 3445 eius,
1730 3417 1849 3445 reanum
1868 3411 1919 3438 Dei
1935 3415 1985 3438 etc.
