2476 3921
170 1806 281 1828 Veraeitas

174 1833 277 1855 eiusdem.

294 278 357 309 500

294 365 361 398 fieri
380 365 526 397 hortatur
543 362 699 396 secundae
714 361 753 394 ad
769 361 968 393 Timotheum
985 362 1101 402 quarto
1114 360 1142 390 ¹:
1166 356 1251 390 «Te-

293 419 412 452 stificor
442 426 548 451 coram
576 417 641 449 Deo
671 418 703 449 et
725 415 850 448 Christo
882 414 968 446 lesu:
1000 412 1146 455 praedica
1180 420 1250 444 ver-

295 473 388 510 bum,
411 471 494 503 insta
516 472 712 512 opportune,
736 468 931 510 importune,
960 475 1077 508 argue,
1102 465 1250 503 obsecra,

295 526 422 567 increpa
445 524 475 556 in
500 522 583 556 omni
608 521 758 564 patientia
781 524 812 554 et
835 519 979 553 doctrina
990 532 1021 551 n.
1047 537 1088 542 -
1114 518 1252 551 Perfecta

295 577 465 620 publicatio
486 580 572 615 erat,
596 575 671 618 quia
693 574 764 606 sirie
787 572 933 606 alieuius
956 571 1153 609 exclusione,
1178 568 1253 611 quia

296 640 357 664 non
381 631 412 663 in
434 633 576 668 secreto,
599 628 653 661 sed
677 627 709 660 in
733 628 801 659 loco
825 625 968 668 publico,
993 624 1110 657 scilicet
1126 623 1157 655 in
1176 626 1253 655 tem-

298 685 366 727 plo;
392 683 514 716 loannis
536 682 657 715 decimo
690 680 843 713 oetavoss:
873 691 888 707 α
907 679 968 720 Ego
990 677 1092 719 palam
1128 676 1254 708 locutus

299 746 369 771 sum
392 736 527 775 mundo,
551 744 608 777 ego
640 742 764 775 semper
794 732 885 765 docui
911 731 941 764 in
969 738 1126 772 synagoga
1159 732 1191 761 et
1221 727 1253 759 in

300 790 434 832 templo,
458 798 522 831 quo
545 797 653 821 omnes
677 786 779 820 ludaei
801 784 1008 822 conveniunt,
1024 786 1056 816 et
1079 782 1110 814 in
1131 780 1254 814 occulto

301 844 425 877 locutus
455 851 526 875 sum
558 841 679 874 nihil».
706 858 746 864 -
780 838 918 871 Perfecta
941 837 1036 870 etiam
1065 833 1254 877 publicatio,

300 897 374 939 quia
397 896 467 928 sine
490 895 637 927 alicuius
661 893 752 926 acilus
775 891 947 928 celatione5
972 889 1041 922 ideo
1064 886 1254 930 generaliter

300 950 374 983 dicit
397 950 532 987 (locem,
557 947 630 990 quia
655 954 779 984 omnem
796 944 959 978 veritatem
976 941 1126 979 docebat,
1143 948 1255 972 secun-

300 1003 374 1036 dum
392 1002 469 1035 illud
494 1002 587 1034 Isaiae
603 998 845 1042 quadragesimo
865 999 975 1029 octavo
988 996 1017 1026 ³:
1040 1007 1055 1022 α
1074 994 1137 1035 Ego
1151 992 1256 1025 Domi-

301 1065 361 1089 nus
384 1056 498 1088 docens
534 1058 563 1086 te
597 1053 687 1086 utilia
702 1064 734 1091 »;
758 1054 790 1084 et
825 1049 946 1082 loannis
973 1048 1095 1081 decimo
1126 1045 1255 1088 quinto:

306 1123 320 1138 «
337 1109 465 1148 Omnia,
489 1116 570 1150 quae
593 1105 697 1139 audivi
715 1115 733 1137 a
752 1105 840 1136 l’atre
856 1111 943 1140 meo,
961 1106 1035 1134 nota
1049 1100 1107 1133 feci
1125 1099 1213 1132 vobis
1225 1112 1255 1130 n.

302 1164 337 1196 Et
360 1164 427 1205 ipse
450 1165 518 1194 erat
542 1161 623 1192 iuste
646 1159 779 1195 docens,
802 1156 879 1198 quia'
912 1154 1040 1196 proprie
1069 1153 1136 1195 ipse
1171 1152 1258 1184 solus

300 1217 428 1253 doctor,
453 1213 625 1247 secundum
662 1210 738 1243 illud
775 1207 919 1241 Matthaei
945 1207 1095 1249 vigesimo
1119 1205 1256 1238 tertio4:

305 1282 319 1297 «
336 1268 423 1301 Unus
450 1270 498 1299 est
527 1264 674 1306 magister
706 1266 809 1295 vester
841 1261 986 1293 Christus
998 1272 1029 1298 »;
1052 1259 1136 1301 quod
1160 1267 1257 1300 expo-

302 1331 378 1355 nens
413 1319 604 1361 Augustinus
626 1317 714 1350 dicit:
745 1329 759 1344 τι
777 1315 962 1348 Cathedram
988 1313 1082 1346 habet
1115 1312 1145 1345 in
1172 1312 1258 1345 caelo

302 1375 356 1417 qui
381 1375 466 1406 intus
489 1373 578 1405 docet
602 1371 696 1404 corda
713 1384 742 1402 ι).
760 1387 802 1394 -
827 1368 965 1401 Perfecta
988 1377 1063 1409 ergo
1081 1369 1150 1400 erat
1174 1375 1258 1399 com-

304 1426 472 1459 municatio
506 1424 665 1457 doctrinae
697 1432 737 1455 ex
770 1425 858 1464 parte
882 1420 945 1453 loci
967 1424 998 1452 et
1021 1429 1062 1452 ex
1088 1422 1177 1461 parte
1201 1419 1258 1451 do-

302 1480 459 1518 cumenti,
491 1479 580 1511 iuxta
604 1477 687 1520 quod
711 1478 843 1509 Actuum
876 1475 1024 1517 vigesimo
1040 1474 1052 1493 ⁵
1082 1472 1197 1506 Paulus
1219 1472 1258 1505 de

303 1544 335 1567 se
358 1534 449 1567 dicit:
479 1532 592 1565 «Nihil
624 1530 768 1564 subtraxi
794 1529 882 1561 vobis
913 1528 1055 1566 utilium,
1088 1526 1258 1569 quominus

302 1587 520 1620 annuntiarem
553 1584 641 1617 vobis
664 1587 695 1616 et
728 1583 871 1616 docerem
897 1590 952 1614 vos
984 1580 1108 1622 publice
1138 1583 1170 1612 et
1201 1588 1258 1621 per

301 1641 422 1678 domos,
448 1638 616 1672 testificans
641 1637 760 1670 ludaeis
779 1639 810 1669 et
826 1635 972 1678 gentibus
989 1633 1211 1676 poenitentiam
1227 1635 1258 1665 et

303 1694 394 1727 fidem
419 1692 641 1726 in-Dominum
666 1691 766 1723 lesum
791 1688 998 1721 Christum».

390 1747 441 1780 74.
467 1745 609 1778 Secundo
633 1748 787 1786 quantum
815 1742 852 1774 ad
871 1740 1041 1773 doctrinae
1067 1739 1192 1773 Christi
1207 1749 1258 1772 ve-

302 1801 491 1838 racitatem,
509 1808 576 1842 qua
592 1806 693 1830 exosa
708 1800 780 1829 erat
796 1794 994 1833 incredulis,
1011 1793 1132 1826 subdit:
1155 1793 1257 1825 Prin-

302 1855 387 1896 cipes
408 1856 517 1886 autem
533 1850 760 1888 sacerdotum,
778 1851 907 1891 propter
928 1847 1129 1885 ambitionem
1148 1846 1258 1889 digni-

302 1907 380 1939 tatis
402 1904 638 1943 sacerdotalis,
655 1903 693 1936 de
717 1902 834 1945 quibus
850 1901 945 1934 Isaiae
969 1899 1115 1942 primoss:
1138 1912 1153 1928 α
1172 1898 1258 1931 Prin-

302 1961 386 2003 cipes
421 1959 465 1992 tui
503 1957 665 1995 infideles,
701 1956 775 1989 socii
811 1955 941 1993 surum,
976 1962 1086 1986 omues
1124 1952 1260 1995 diligunt

303 2021 434 2049 munera
451 2025 466 2041 ι»
494 2014 552 2044 etc.
581 2029 625 2034 -
655 2010 695 2042 Et
717 2008 862 2047 scribae,
894 2010 1024 2049 propter
1056 2005 1258 2038 ambitionem

302 2065 477 2098 cathedrae
500 2063 725 2106 mayistralis,
750 2061 923 2095 secundum
942 2059 1021 2092 illud
1044 2058 1189 2091 Matthaei
1215 2058 1261 2089 vi-

303 2119 420 2161 gesimo
448 2117 584 2150 tertio⁷:
613 2129 629 2144 α
647 2117 748 2157 Super
779 2113 959 2147 cathedram
985 2112 1080 2153 Moysi
1112 2111 1263 2144 sederunt

304 2171 425 2204 scribae
447 2174 480 2203 et
511 2168 668 2202 Pharisaei
686 2180 721 2207 »;
745 2170 777 2200 et
807 2166 888 2199 infra
920 2165 1089 2207 vigesimo:
1118 2176 1133 2192 «
1150 2163 1262 2195 Cavete

303 2234 321 2256 a
338 2223 467 2262 scribis,
491 2222 546 2264 qui
571 2221 680 2254 volunt
702 2220 866 2253 ambulare
889 2219 923 2251 in
941 2217 1029 2251 stolis
1045 2220 1077 2250 et
1092 2220 1198 2249 amant
1214 2225 1264 2249 sa-

304 2278 472 2310 lutationes
488 2276 519 2309 in
543 2275 611 2308 foro
627 2278 659 2307 et
682 2274 800 2316 primas
816 2272 982 2305 cathedras
1002 2271 1033 2303 in
1051 2270 1215 2312 synagogis
1232 2283 1262 2302 ὴ.

305 2348 346 2355 -
366 2332 403 2363 Et
416 2330 587 2373 principes
602 2327 715 2371 plebis,
732 2330 861 2369 propter
877 2324 1078 2358 ambitionem
1094 2323 1263 2366 potestatis

305 2383 495 2421 iudz'eialis;
519 2385 551 2416 et
573 2382 612 2415 de
636 2381 686 2414 his
710 2380 802 2422 primi
828 2379 943 2412 Esdrae
966 2377 1088 2411 non0³z
1121 2390 1136 2406 a
1153 2377 1264 2410 Manus

305 2437 482 2478 principum
499 2438 530 2468 et
547 2434 787 2476 magistratuum
812 2431 871 2464 fuit
888 2431 919 2463 in
936 2429 1185 2472 transgressione
1205 2429 1264 2462 hac

305 2490 406 2532 prima
423 2503 452 2521 n.
479 2489 514 2521 Et
538 2488 613 2530 quia
636 2487 739 2529 primo
769 2485 814 2518 eis
838 2485 1013 2527 imputatur
1037 2483 1184 2517 delictum
1210 2492 1264 2526 po-

379 2688 387 2702 ¹
410 2689 482 2713 Vers¹
506 2688 528 2712 l.
547 2690 573 2712 et
593 2687 617 2711 2.
648 2696 651 2697 ’

378 2731 389 2746 ²
412 2733 483 2757 Vers.
505 2732 547 2757 20.
566 2730 617 2757 Csr.
638 2737 718 2763 supra
738 2738 761 2756 c.
782 2730 804 2755 4.
826 2738 849 2755 η,
870 2730 913 2755 29.

379 2775 390 2790 ⁸
410 2777 483 2802 Vers.
508 2775 552 2806 17,
566 2778 625 2807 post
644 2782 723 2808 quem
744 2775 812 2801 loun.
833 2774 880 2805 ⁴5,
902 2774 943 2800 15,

379 2821 389 2835 ⁴
411 2821 484 2846 Vers.
504 2821 546 2846 ⁴0.
566 2834 598 2838 —
625 2820 754 2845 Sententia
783 2819 921 2852 Augustini
947 2818 1058 2844 habetur
1085 2818 1112 2844 iu
1140 2818 1158 2843 Ι.
1186 2817 1265 2849 Epist.

309 2867 377 2892 toan.
397 2869 427 2891 tr.
448 2866 472 2891 3.
492 2873 516 2891 n.
538 2865 582 2897 l3;
603 2866 648 2890 ct’r.
670 2868 732 2890 tom.
755 2864 783 2889 V.
804 2871 866 2896 pag.
885 2863 950 2895 324,
964 2867 1024 2890 nota
1039 2865 1063 2889 2.
1083 2866 1109 2889 ct
1122 2870 1184 2896 pag.
1204 2863 1265 2893 331,

309 2914 366 2937 nota
387 2911 411 2936 6.

379 2954 390 2970 ⁶
409 2956 483 2981 Vers.
504 2956 546 2981 20.
565 2957 590 2980 et
609 2955 652 2981 21.
784 2986 787 2993 5

379 2999 390 3014 Β
410 3000 483 3025 Vers.
503 3000 546 3035 23.
565 2998 616 3025 Csr.
634 3005 714 3030 supra
734 3006 756 3025 c.
777 2998 818 3023 to.
838 3005 862 3023 n.
883 2997 924 3023 55.
945 3002 970 3023 et
992 3004 1014 3023 c.
1036 2997 1080 3022 43.
1102 3004 1126 3022 n.
1146 2996 1189 3022 28.
1208 3002 1263 3029 seq.

380 3042 390 3057 ⁷
411 3043 485 3068 Vers.
504 3043 534 3073 2,
553 3042 595 3068 oui
615 3041 777 3068 subnectitur
795 3041 931 3072 Luc.‘20„
944 3041 986 3067 46.

379 3087 390 3101 ⁵
411 3088 485 3113 vers.
504 3088 529 3112 2.
550 3100 583 3105 —-
602 3086 726 3119 Sequitur
751 3086 828 3111 Num.
853 3085 902 3121 25,
929 3084 953 3111 4.
972 3098 1008 3104 —
1026 3084 1135 3111 lnterius
1156 3090 1206 3117 pro
1223 3082 1266 3110 de-

310 3131 393 3159 bitum
409 3130 576 3165 populorum
595 3128 777 3156 substituimus
804 3136 834 3155 ex
862 3129 882 3155 13
895 3130 916 3155 Η
943 3129 976 3162 (D
994 3136 1008 3155 a
1033 3128 1148 3155 secunda
1165 3128 1265 3161 manu)

310 3175 435 3202 delictmn
451 3174 628 3209 populorum.

380 3219 391 3234 ⁹
410 3219 486 3245 Vers.
506 3219 552 3250 20,
572 3218 629 3245 ubi:
644 3218 712 3251 Quid
725 3225 768 3244 mc
786 3217 911 3251 quaeritis
923 3217 1088 3244 interficeret*
1106 3218 1154 3243 ctr.
1176 3217 1206 3249 8,
1220 3215 1267 3242 to:

311 3264 382 3290 Nunc
401 3268 487 3289 autem
506 3263 632 3296 quaeritis
651 3269 694 3288 me
711 3262 871 3293 interlicere,
895 3262 1045 3295 hominem,
1064 3261 1110 3295 qui
1129 3261 1267 3287 veritatem

310 3307 387 3333 vobis
406 3308 508 3333 locutus
525 3314 592 3333 sum.

382 3350 405 3366 ¹⁰
424 3352 499 3381 vers,
519 3352 561 3378 to.
578 3351 629 3378 Csr.
648 3358 728 3384 supra
750 3358 774 3378 c.
800 3351 842 3377 13.
864 3358 890 3377 n.
911 3350 954 3377 73.

313 3438 330 3463 F
383 3394 404 3409 ¹¹
425 3396 517 3421 Psalm.
537 3396 568 3428 2,
587 3396 612 3421 2.
631 3409 665 3414 —-
683 3396 810 3428 Superius
834 3401 882 3427 pro
906 3393 971 3428 quia
989 3395 1066 3421 amat
1084 3395 1104 3420 Α
1116 3393 1138 3419 D
1155 3399 1267 3424 amans,

341 3439 361 3463 G
381 3440 465 3465 amat.

871 271 1065 304 COMMENT.
1090 270 1126 302 IN
1152 268 1389 303 EVANGELIUM
1413 266 1531 300 LUCAE
1556 266 1589 299 C.
1613 266 1687 298 xlx.

1315 356 1479 398 pulorum,
1504 355 1573 388 ideo
1596 355 1808 387 Numerorum
1825 352 1978 396 vigesimo
2000 352 2127 395 quinto:
2158 365 2173 381 α
2189 352 2276 385 Tolle

1315 413 1446 442 cunctos
1469 408 1628 451 principes
1658 411 1689 440 et
1713 406 1946 448 suspende‘eos
1977 409 2088 439 contra
2115 405 2211 438 solem
2243 405 2275 438 in

1316 461 1464 504 patibulis
1480 474 1510 492 n.
1535 479 1580 484 —
1600 460 1644 492 De
1668 459 1718 492 his
1740 458 1875 497 dicitur,
1899 458 1984 500 quod
2007 457 2211 501 quaerebant
2237 456 2276 489 il-

1317 515 1386 548 tum
1407 514 1561 557 perdere,
1591 522 1648 555 per
1671 512 1778 545 odium
1810 511 2030 553 malignitatis;
2054 511 2124 544 ideo
2155 510 2277 544 Ioannis

1315 568 1449 610 septimo
1461 568 1474 587 ⁹
1490 567 1614 600 dicebat
1628 566 1689 599 eis.
1710 578 1727 594 ‹1-
1742 565 1823 607 Quid
1844 573 1895 597 me
1911 564 2063 607 quaeritis
2083 563 2276 603 interficere,

1317 621 1494 660 hominem,
1510 620 1565 663 qui
1590 629 1666 653 vera
1681 619 1807 652 locutus
1829 626 1902 650 sum
1924 617 2061 650 vobisn?
2078 616 2148 650 ldeo
2170 620 2275 650 autem
2297 623 2426 647 Notandum.

1318 674 1367 707 isti
1392 673 1490 716 magis
1514 672 1710 715 quaerebant
1732 680 1828 713 quam
1851 670 1921 709 alii,
1946 670 2021 712 quia
2045 670 2150 703 minus
2167 669 2277 702 volunt

1317 727 1492 765 sustinere,
1525 726 1599 758 vitia
1633 734 1691 759 sua
1723 724 1829 766 tangi,
1865 723 2038 756 secundum
2073 723 2151 761 illud
2186 723 2278 755 Amos

1318 781 1429 823 quinto
1444 780 1483 812 ¹⁰:
1514 792 1529 808 α
1542 779 1620 811 Odio
1644 778 1826 811 habuerunt
1849 776 2072 818 corripientem
2091 776 2122 809 in
2137 779 2229 818 porta
2242 788 2276 814 ιη

1319 835 1368 867 vel
1390 834 1464 877 quia
1488 833 1593 875 potius
1616 831 1768 864 timebant
1791 830 1924 873 perdere
1942 830 2094 863 honorem
2119 838 2224 863 suum.
2243 829 2279 861 Et

1319 888 1396 920 haec
1420 886 1480 919 fuit
1503 884 1684 927 principalis
1707 884 1803 923 ratio,
1831 892 1913 926 quae
1937 883 2034 916 movit
2051 883 2120 929 illos
2135 882 2174 915 ad
2198 882 2279 915 occi-

1319 939 1456 973 dendum
1480 938 1652 971 Christum.
1672 937 1706 970 Et
1730 937 1788 969 hac
1805 936 1925 969 ratione
1949 939 2035 969 totus
2058 935 2110 968 hic
2125 935 2278 974 mundus,

1320 993 1396 1035 quia
1418 995 1501 1024 amat
1526 991 1684 1033 privatum
1711 990 1843 1029 bonum,
1864 989 1953 1032 quasi
1978 988 2155 1022 coniuravit
2170 992 2281 1022 contra

1321 1045 1500 1083 Christum,
1517 1044 1571 1086 qui
1588 1043 1663 1076 dicit
1679 1043 1781 1085 ipsum
1799 1042 2080 1080 contemnendum
2098 1041 2182 1074 unde
2197 1041 2281 1074 Psal-

1320 1107 1393 1131 mus
1406 1099 1447 1130 11:
1478 1110 1493 1125 (ι
1510 1097 1682 1129 Astiterunt
1698 1105 1789 1138 reges
1805 1099 1923 1134 terrae,
1940 1098 1971 1128 et
1982 1094 2145 1137 principes
2168 1103 2280 1128 conve-

1321 1154 1439 1185 nerunt
1455 1151 1486 1183 in
1505 1159 1605 1183 unum
1623 1163 1653 1181 ι».
1670 1148 1757 1182 Unde
1773 1149 1952 1182 Bernardus
1964 1148 2006 1180 ¹²:
2029 1161 2044 1176 «
2057 1147 2083 1180 Ο
2099 1147 2180 1181 bone
2196 1148 2280 1181 lesu!

1322 1207 1408 1237 totus
1434 1203 1574 1236 mundus
1605 1202 1731 1235 videtur
1762 1206 1872 1234 contra
1903 1205 1934 1234 te
1958 1201 2154 1240 coniurasse,
2186 1204 2217 1234 et
2247 1200 2280 1234 hi
2310 1216 2314 1220 —

1323 1257 1416 1300 primi
1440 1257 1474 1289 in
1498 1255 1716 1299 persecutione
1739 1258 1794 1288 tua
1817 1258 1906 1300 sunt,
1929 1255 1984 1297 qui
2000 1254 2148 1287 videntur
2171 1262 2282 1296 regere

1322 1310 1474 1353 populum
1499 1313 1530 1343 et
1553 1309 1683 1351 diligere
1707 1296 1919 1350 principatum
1939 1321 1969 1339 ιι.

1412 1365 1463 1396 75
1489 1363 1591 1403 (Vers.
1619 1363 1697 1403 48).
1727 1361 1833 1395 Tertio
1865 1364 2020 1404 quantum
2050 1360 2089 1393 ad
2121 1360 2282 1393 doctrinae
2301 1365 2428 1388 Gratiosita·

1324 1416 1449 1450 Christi
1480 1416 1747 1459 spatiositatem,
1783 1424 1852 1458 qua
1886 1414 2015 1457 placita
2048 1418 2122 1446 erat
2144 1413 2282 1452 devotis,
2315 1392 2420 1446 Ψεᾱω

1322 1470 1542 1512 subiungitur:
1569 1470 1609 1502 Et
1627 1478 1694 1501 non
1718 1467 1941 1506 inveniebant,
1958 1466 2040 1509 quid
2058 1465 2206 1509 facerent
2223 1465 2282 1504 illi,

1321 1524 1396 1567 quia
1430 1528 1578 1566 acceptus
1612 1527 1681 1556 erat
1715 1522 1808 1565 plebi.
1845 1521 1930 1554 Unde
1961 1520 2043 1553 infra
2066 1519 2217 1562 vigesimo
2233 1519 2282 1551 ¹⁵:

1328 1591 1343 1607 «
1359 1577 1558 1620 Quaerebant
1586 1576 1744 1619 principes
1775 1575 1972 1609 sacerdotum
1997 1577 2029 1607 et
2059 1573 2181 1607 scribae
2211 1572 2282 1605 mit—

1322 1636 1389 1665 tere
1413 1632 1444 1664 in
1469 1631 1559 1664 illum
1583 1637 1710 1669 manus,
1735 1629 1789 1662 sed
1814 1629 1990 1662 timuerunt
2021 1627 2173 1670 populum
2191 1638 2226 1664 »;
2251 1628 2283 1659 et

1322 1686 1396 1724 hoc,
1420 1684 1495 1727 quia
1513 1683 1684 1726 diligebant
1707 1691 1781 1716 eum
1805 1682 1887 1715 sicut
1902 1680 2089 1723 magistrum
2110 1679 2234 1712 fidelem
2251 1682 2282 1712 et

1321 1739 1450 1772 bonum.
1469 1756 1510 1762 —
1525 1738 1561 1770 Et
1584 1737 1653 1769 ideo
1676 1736 1797 1769 subdit:
1825 1733 1942 1768 Omnis
1956 1733 2044 1767 enim
2051 1733 2203 1777 populus
2225 1743 2282 1766 su·
2312 1738 2433 1786 Susqenqn,

1321 1801 1461 1835 spensus
1477 1801 1512 1823 e)
1514 1794 1565 1829 ac
1582 1789 1724 1822 audiens·
1741 1788 1853 1826 i;llum
1869 1788 1953 1821 unde
1968 1786 2090 1820 loannis
2110 1786 2283 1829 εθρῐίιῃο44
2269 1770 2444 1819 *pffiici'issrn'

1321 1845 1474 1878 dixerunt
1497 1843 1540 1876 illi
1564 1843 1618 1886 qui
1643 1842 1729 1875 missi
1753 1841 1879 1875 fuerant
1901 1840 1940 1874 ad
1972 1849 2044 1873 eum
2076 1839 2280 1882 capiendum:

1329 1898 1524 1940 «Nunquam
1548 1896 1593 1930 sic
1609 1896 1704 1929 homo
1727 1895 1852 1928 locutus
1875 1898 1938 1933 est,
1955 1894 2038 1927 sicut
2063 1893 2113 1926 hic
2130 1893 2224 1926 homo
2241 1893 2286 1926 lo-

1299 1970 1304 1972 >
1323 1951 1434 1993 quitur
1450 1962 1482 1989 »3
1507 1950 1591 1983 unde
1615 1948 1758 1991 suspensi
1783 1952 1874 1981 erant
1897 1946 2141 1984 admiratione.-
2157 1949 2287 1989 propter

1323 2003 1407 2046 quod
1432 2003 1548 2036 dicitur
1573 2001 1892 2044 Matthaei‘septimo:
1919 2014 1935 2030 «
1951 2000 2193 2033 Admirabantur
2218 2003 2287 2033 tur—

1324 2057 1382 2089 bae
1407 2064 1503 2098 super
1526 2055 1669 2088 doctrina
1692 2054 1760 2087 eius
1777 2067 1807 2086 ».
1833 2053 1981 2096 Suspensi
2006 2053 2099 2086 etiam
2125 2057 2216 2086 erant
2243 2061 2286 2086 ex

1325 2109 1510 2147 devotione;
1533 2117 1631 2150 supra
1663 2110 1772 2140 sexto:
1802 2120 1818 2136 (ι
1833 2107 2000 2139 Multitudo
2030 2106 2156 2149 copiosa
2187 2105 2287 2148 plebis

1326 2165 1470 2203 venerat,
1495 2165 1531 2194 ut
1547 2161 1694 2194 audirent
1713 2160 1802 2193 illum
1827 2163 1858 2192 et
1878 2163 2067 2193 sanarentur
2090 2168 2109 2191 a
2128 2158 2287 2201 languori-

1326 2215 1387 2248 bus
1410 2215 1477 2248 suis
1493 2228 1523 2247 ».
1548 2213 1696 2257 Suspensi
1714 2213 1806 2246 etiam
1831 2216 1986 2248 erantsex
2007 2212 2166 2245 aviditate
2181 2216 2210 2244 et
2233 2211 2287 2244 de-

1326 2269 1466 2308 siderio,
1492 2267 1665 2302 secundum
1691 2266 1769 2304 illud
1792 2265 1995 2299 Ecclesiastici
2015 2265 2108 2298 tertio
2121 2265 2166 2297 ¹⁶:
2194 2278 2209 2294 α
2226 2265 2287 2297 Au-
2342 2293 2345 2294 γ

1328 2322 1372 2355 ris
1388 2322 1469 2355 bona
1485 2331 1557 2355 cum
1575 2320 1658 2354 omni
1676 2319 1929 2363 concupiscentia
1948 2319 2055 2356 audiet
2070 2318 2251 2361 sapientiam
2265 2331 2281 2347 ι»

1328 2379 1359 2410 et
1381 2376 1520 2409 maxime
1544 2374 1727 2417 sapientiam
1744 2372 1979 2416 sapientissimi,
2000 2373 2054 2415 qui
2078 2376 2126 2406 est
2149 2372 2217 2415 ipsa
2233 2373 2287 2405 Sa-

1328 2429 1458 2472 pientia,
1482 2438 1564 2472 quae
1579 2428 1654 2462 dicit
1679 2427 1919 2461 Proverbiorum
1944 2430 2054 2460 octavo
2067 2426 2109 2458 ¹⁶:
2140 2439 2155 2455 α
2173 2426 2286 2459 Beatus

1329 2483 1437 2520 homo,
1462 2482 1516 2525 qui
1549 2476 1636 2520 audit
1667 2486 1716 2514 me
1748 2485 1779 2514 et
1809 2480 1863 2523 qui
1896 2479 2004 2523 vigilat
2033 2479 2072 2512 ad
2096 2479 2179 2513 fores
2199 2486 2287 2511 meas

1400 2682 1421 2698 ¹²
1443 2684 1525 2709 Serm.
1546 2683 1571 2708 in
1591 2682 1767 2708 Conversione
1781 2681 1807 2706 S.
1821 2680 1906 2712 Pauli,
1922 2687 1948 2705 n.
1962 2681 1990 2705 3:
2010 2679 2166 2705 Coniurasse
2184 2678 2288 2703 videtur

1329 2730 1416 2752 contra
1438 2730 1462 2751 te
1482 2725 1637 2752 universitas
1656 2724 1748 2756 populi
1761 2723 1899 2749 Christiani
1918 2730 1933 2748 a
1953 2722 2061 2748 minimo
2081 2728 2164 2754 usque
2184 2720 2217 2746 nd
2237 2727 2289 2746 mu·

1328 2770 1547 2802 ximtun...‘lleu‚
1568 2770 1632 2795 heu!
1652 2767 1762 2794 Domine
1782 2767 1863 2800 Deus,
1883 2767 1945 2800 quia
1965 2766 2013 2799 ipsi
2039 2769 2098 2791 sunt
2118 2765 2143 2791 in
2170 2771 2293 2797 persecu-

1331 2815 1400 2840 tione
1420 2818 1463 2840 tua
1478 2814 1570 2846 primi,
1588 2813 1633 2846 qui
1648 2812 1770 2838 videntur
1783 2812 1808 2837 in
1824 2811 1935 2837 Ecclesia
1949 2814 1992 2837 tua
2007 2810 2148 2843 primatum
2168 2809 2290 2841 diligere,

1330 2866 1421 2891 gerere
1447 2858 1638 2891 principatum!
1666 2871 1697 2875 -
1723 2855 1773 2882 Csr.
1799 2856 1888 2881 Glossa
1914 2854 2095 2882 interlinearis
2125 2854 2167 2888 (ex
2192 2853 2291 2886 Beda):

1330 2902 1499 2935 Quaerebant
1524 2901 1603 2929 illum
1624 2900 1750 2936 perdere,
1772 2901 1834 2934 quia
1860 2899 1978 2933 quotidie
2001 2897 2114 2924 docebat
2138 2898 2164 2923 in
2188 2898 2285 2930 templo

1327 2951 1353 2974 ct
1372 2947 1492 2974 eiiciebat
1510 2948 1637 2977 latrones,
1655 2944 1799 2978 recipiebat
1817 2944 1923 2970 laudem
1943 2942 2088 2969 turbarum.

1360 2984 1368 2986 ”
1400 2991 1422 3006 ¹⁹
1441 2992 1516 3018 Vers.
1537 2991 1579 3016 19.
1591 3004 1626 3010 -
1639 2990 1729 3017 Glossa
1748 2987 1892 3016 ordinaria
1911 2987 1952 3021 (ex
1972 2987 2069 3020 Beda):
2088 2987 2148 3013 ldeo
2162 2994 2214 3013 non
2234 2989 2289 3019 pot-

1288 3032 1291 3034 ’
1328 3040 1400 3063 erunt
1419 3036 1542 3068 perdere,
1561 3035 1623 3068 quia
1643 3033 1769 3061 timebant
1788 3033 1928 3059 tumultum
1955 3031 2059 3064 populi;
2079 3031 2120 3057 vel
2139 3031 2198 3057 ideo
2217 3031 2289 3057 vole-

1329 3080 1391 3107 bant
1409 3081 1481 3106 illum
1502 3080 1625 3112 perdere,
1644 3078 1721 3112 quia,
1740 3078 1858 3110 neglecto
1878 3083 1926 3103 suo
1952 3075 2118 3108 magisterio,
2142 3079 2224 3102 totum
2244 3082 2289 3108 po-

1329 3126 1421 3158 pulum
1440 3123 1565 3150 videbunt
1584 3123 1617 3149 ad
1636 3123 1693 3149 eius
1711 3122 1857 3149 doctrinam
1874 3121 2017 3147 confluere.
2153 3126 2155 3129 ·

1401 3168 1423 3184 ¹⁴
1442 3169 1518 3195 Vers.
1537 3168 1580 3194 156.
1594 3181 1626 3187 -—
1641 3167 1698 3193 Duo
1716 3173 1790 3200 seqq.
1810 3165 1859 3192 locl
1877 3166 1939 3192 sunt
1957 3166 2044 3192 Mutth.
2063 3165 2094 3196 7,
2117 3165 2161 3191 28.
2180 3167 2205 3191 et
2223 3165 2287 3190 Luc.

1330 3214 1359 3246 6,
1380 3212 1422 3239 Π.
1441 3219 1497 3246 seq.

1401 3256 1424 3272 ¹⁶
1445 3257 1519 3283 Vers.
1538 3256 1582 3282 at.
1604 3270 1638 3274 —
1656 3255 1765 3282 interius
1790 3261 1839 3287 pro
1863 3252 2067 3288 sapientissimi,
2087 3252 2135 3288 qui
2146 3253 2206 3279 Vnt.
2227 3258 2288 3279 cum

1330 3301 1451 3335 pluribus
1469 3300 1548 3327 codd.
1565 3299 1730 3334 sapientum,
1750 3305 1827 3333 quae.

1404 3344 1426 3360 ¹⁶
1446 3344 1584 3371 Vers.·34.
1602 3348 1628 3370 et
1647 3344 1695 3375 35,
1714 3346 1774 3376 post
1792 3349 1860 3376 quos
1879 3342 1953 3368 Eccli.
1978 3341 2025 3374 24,
2049 3342 2092 3368 30.
2114 3348 2170 3375 seq.
2188 3354 2224 3360 —
2242 3340 2289 3366 llic

1332 3390 1388 3416 flnit
1405 3389 1464 3416 cod.
1483 3389 1514 3420 F,
1534 3388 1580 3422 qul
1595 3388 1673 3414 etlam
1692 3387 1718 3413 ln
1733 3386 1951 3419 praecedentibus
1967 3393 2045 3420 capp.
2063 3387 2137 3421 plura
2157 3385 2254 3412 omisit.
