2476 3921
176 595 280 617 Generale

155 624 298 649 praeceptum.

169 1394 297 1416 Notandum.

161 1660 235 1691 Modus
250 1660 303 1691 obli-

179 1690 277 1713 gationis.

163 2033 194 2054 De
209 2033 302 2054 secundo

176 2061 290 2090 tanguntur
314 2079 316 2081 .

208 2089 255 2107 tria.

196 2722 298 2745 Primum.

323 289 382 320 156

320 394 361 399 ——
380 376 452 407 Vult
476 384 550 416 ergo
567 374 598 405 in
623 374 681 405 hoc
706 373 851 406 mandato
874 373 993 412 dicere,
1010 373 1094 414 quod
1120 374 1213 406 homo
1237 374 1277 405 sit

320 431 446 469 paratus
469 427 507 459 ad
525 426 779 458 benefaciendum
801 426 962 464 omnibus,
979 435 1040 458 non
1058 426 1159 458 solum
1183 426 1277 459 bene-

319 480 488 513 factoribus
512 480 592 518 suis,
617 479 669 511 sed
693 479 786 512 etiam
810 479 877 512 suis
892 479 1141 521 praedatoribus.

407 534 458 564 76.
483 533 584 572 (Vers.
614 532 691 572 31.).
716 532 758 564 Ad
782 532 1004 574 perfectionem
1025 527 1118 564 etiam
1143 532 1277 565 benevo-

321 587 430 618 lentiae
453 586 607 627 exigitur,
632 585 716 627 quod
741 586 834 618 1]οῖΠο
857 585 1029 618 benefaciat
1045 585 1081 617 in
1104 585 1276 623 omnibus,-

321 640 402 671 unde
425 643 456 671 et
487 639 654 671 subditur:
689 640 728 671 Et
756 643 858 681 prout
889 638 1008 677 vultis,
1041 642 1078 670 ut
1108 638 1199 670 vobis
1222 638 1276 680 sa—

319 691 411 723 ciant
426 690 587 729 homines,
611 695 639 722 ct
662 700 720 723 vos
743 690 843 733 facite
858 691 925 723 illis
947 690 1172 740 similiter.‚Et
1189 693 1276 729 nota,

319 744 402 786 quod
425 753 486 776 non
510 743 606 776 dicit:
632 747 727 785 prout
757 743 909 786 faciunt,
943 743 1014 776 sed:
1040 746 1135 785 prout
1158 743 1277 785 vultis,

318 797 391 838 quia
422 796 554 838 quilibet
586 796 654 829 vult
685 796 762 835 sibi,
794 805 865 829 cum
902 796 1035 839 indiget,
1067 795 1215 829 benefieri
1247 798 1278 828 et

319 850 347 881 in
372 849 455 881 o'mni
480 849 663 882 necessitate
688 850 837 888 relevari;
863 849 1104 882 proverbiorum
1129 849 1278 891 vigesimo

318 906 432 944 quarto
447 904 475 934 ¹:
499 915 514 930 «
530 903 572 935 Ne
588 902 690 935 dicas:
714 902 876 944 Quomodo
892 902 964 935 fecit
988 902 1082 941 mihi,
1107 902 1151 935 sic
1168 902 1277 935 faciam

318 956 343 988 ei
368 960 399 988 et
423 956 550 988 reddam
578 956 750 998 unicuique
774 956 946 989 secundum
970 965 1051 998 opus
1074 965 1167 988 suum
1190 969 1220 987 ».
1246 956 1278 988 ln

319 1011 377 1042 hoc
402 1010 547 1042 mandato
571 1014 617 1042 est
641 1011 868 1042 consummatio
884 1010 960 1052 legis
977 1009 1163 1047 naturalis;
1187 1009 1279 1042 cuius

318 1072 381 1095 una
404 1072 477 1105 pars
501 1064 644 1106 negativa
668 1064 796 1105 ponitur
825 1064 938 1096 Tobiae
969 1067 1083 1105 quarto
1114 1066 1145 1096 et
1175 1063 1278 1105 impli-

318 1120 408 1149 catur
433 1117 501 1149 hic:
531 1130 546 1145 α
563 1117 652 1158 Quod
677 1117 716 1149 ab
732 1117 793 1149 alio
816 1117 920 1150 oderis
944 1117 997 1149 tibi
1017 1117 1104 1156 fieri,
1127 1117 1214 1155 vide,
1240 1126 1279 1149 ne

320 1174 352 1201 tu
376 1170 545 1211 aliquando
568 1170 657 1202 alteri
675 1170 769 1202 facias
787 1183 815 1201 ».
843 1170 916 1202 Vult
931 1179 1021 1212 ergo,
1046 1170 1130 1212 quod
1155 1178 1278 1211 semper

320 1224 454 1261 bonum,
479 1223 604 1264 quando
629 1232 813 1264 possumus,
846 1223 974 1256 cuilibet
1005 1223 1173 1262 faciamus,
1198 1216 1280 1256 sicut

320 1277 453 1318 prompti
479 1285 589 1309 sumus
613 1276 650 1308 ad
676 1277 843 1309 volendum
869 1277 1027 1319 recipere,
1052 1277 1226 1310 secundum
1243 1277 1279 1309 il-

320 1329 370 1362 lud
388 1330 425 1362 ad
450 1330 573 1362 Galatas
589 1330 714 1362 ultimo:
737 1343 751 1358 «
770 1331 887 1362 Bonum
905 1334 1010 1363 autem
1035 1330 1199 1370 facientes,
1217 1340 1279 1363 non

318 1382 501 1415 deficiamus
519 1396 534 1411 n
563 1386 620 1415 etc.
647 1401 689 1407 -
716 1383 750 1415 Et
774 1386 864 1422 nota,
897 1383 980 1426 quod
1013 1393 1074 1416 non
1107 1383 1202 1417 dicit:
1235 1384 1279 1416 fa-

319 1436 396 1475 cite,
421 1440 516 1478 prout
540 1436 652 1469 volunt
676 1435 841 1475 homines,
866 1437 934 1470 sed:
959 1442 1054 1480 prout
1070 1437 1194 1475 vultis,·
1211 1441 1279 1469 tum

318 1490 392 1532 quia
414 1490 559 1522 voluntas
590 1494 697 1523 nostra
725 1490 815 1523 nobis
846 1491 948 1523 notior
976 1494 1044 1530 est;
1073 1494 1140 1523 tum
1168 1491 1279 1529 etiam,

318 1544 392 1585 quia
409 1544 507 1585 magis
524 1552 580 1576 nos
604 1547 707 1576 movet
724 1543 931 1576 consideratio
955 1544 1068 1583 nostri;
1087 1548 1153 1577 tum
1171 1544 1279 1583 etiam,

318 1597 391 1638 quia
415 1597 556 1638 loquitur
579 1597 616 1629 ad
642 1606 695 1629 eos
719 1597 771 1638 qui
798 1597 1133 1630 voluntatem-liabent
1156 1597 1281 1630 ordina—

319 1654 398 1688 tam,
435 1654 465 1682 et
501 1650 674 1682 secundum
711 1650 794 1682 illam
831 1653 878 1683 est
913 1650 1108 1692 operandum
1126 1651 1148 1682 ².
1178 1669 1219 1674 —-
1249 1651 1280 1683 ln

317 1711 440 1735 summa
465 1702 633 1735 tenendum
666 1707 713 1735 est
736 1703 774 1735 de
806 1707 973 1745 praecepto
997 1704 1218 1737 beneficentiae
1250 1704 1280 1736 in

317 1756 472 1797 generali,
498 1755 581 1797 quod
600 1759 719 1788 tantum
744 1757 907 1798 astringit,
924 1760 1077 1799 quantum
1103 1758 1281 1799 explicatur

320 1819 374 1851 per
398 1810 546 1851 speciales
569 1810 772 1851 obligationes
796 1814 1054 1852 praeceptorum;
1080 1815 1111 1843 et
1135 1811 1204 1844 ideo
1229 1820 1285 1858 ει]-Ι

320 1873 375 1905 pra
399 1864 497 1905 legem
533 1867 665 1896 naturae
699 1863 803 1896 addita
825 1867 873 1896 est
908 1865 959 1897 lex
988 1864 1122 1907 scripta,
1159 1869 1194 1897 ut
1225 1873 1282 1907 per

318 1925 385 1949 eam
410 1916 504 1949 sciret
528 1918 639 1955 homo,
664 1917 701 1949 ad
718 1917 794 1959 quid
818 1917 1047 1960 astringeretur
1064 1927 1105 1951 ex
1130 1918 1257 1951 iustitia.

409 1972 460 2002 77.
488 1971 526 2002 Et
549 1970 580 2002 si
596 1970 734 2013 diliyitis
758 1970 856 2003 illos-‘⁵
873 1974 931 2004 etc.
957 1972 1122 2014 Postquam
1141 1972 1281 2014 promul-

318 2024 401 2064 gavit
427 2023 509 2065 leges
533 2024 728 2065 evangelicas
752 2023 812 2056 'sub
835 2025 1026 2066 perfectione
1058 2025 1280 2065 conveniente,

319 2077 369 2109 hic
405 2076 541 2109 secundo
571 2077 693 2119 probat
723 2087 762 2109 eac
793 2078 977 2110 conditione
1008 2078 1193 2120 deficiente,
1226 2079 1279 2111 ubi

318 2130 467 2169 ostendit,
492 2130 575 2172 quod
601 2130 783 2172 praecipere
807 2130 916 2163 debuit
947 2131 1120 2164 secundum
1152 2131 1281 2164 modum

318 2177 549 2225 praemissum;
586 2184 724 2225 alioquin
764 2184 887 2216 nullum
927 2188 974 2217 est
1010 2184 1157 2217 meritum
1197 2185 1281 2226 apud

320 2237 429 2268 Deum.
454 2236 540 2269 Unde
563 2237 698 2269 ostendit
723 2237 773 2269 hic
797 2237 875 2276 tria,
900 2237 1017 2270 scilicet
1033 2237 1117 2279 quod
1141 2246 1203 2270 non
1221 2237 1283 2270 suf-

321 2289 383 2321 licit
399 2289 436 2321 ad
455 2289 601 2321 meritum
625 2298 692 2322 esse
710 2289 896 2322 benevolum
913 2293 1058 2332 respectu
1075 2291 1280 2329 amancium,

321 2351 376 2375 nec
406 2342 583 2384 beneficum
611 2343 712 2375 solum
742 2346 888 2385 respectu
917 2343 1191 2383 retribuentium,
1225 2353 1281 2377 nec

320 2395 635 2436 communicativum
660 2400 807 2438 respectu
833 2397 1164 2439 recompensantium.
1191 2397 1226 2429 Et
1249 2396 1280 2429 in

322 2449 378 2481 hoc
402 2448 553 2487 ostendit,
578 2449 662 2491 quod
694 2449 831 2491 perfecta
862 2450 1077 2483 benevolentia
1105 2454 1135 2483 et
1164 2450 1280 2484 benefi-

320 2502 421 2534 centia
444 2511 506 2534 non
537 2506 659 2535 tantum
682 2502 774 2536 debet
806 2512 838 2536 se
861 2503 1033 2536 extendere
1064 2504 1103 2536 ad
1135 2504 1280 2543 amieos,

321 2563 431 2587 verum
464 2555 556 2587 etiam
588 2555 626 2588 ad
658 2556 872 2588 adversarios
904 2556 995 2589 iuxta
1026 2556 1158 2589 formam
1188 2566 1281 2600 supe-

322 2608 413 2641 rius4
438 2609 677 2650 promulgatam.

410 2662 461 2693 78.
492 2661 592 2700 (Vers.
619 2662 695 2703 32).
725 2662 867 2695 Ostendit
882 2672 958 2705 ergo
982 2664 1098 2706 primo,
1119 2664 1202 2707 quod
1220 2674 1280 2697 non

321 2714 435 2747 sufficit
460 2723 528 2747 esse
545 2714 730 2748 benevolum
756 2716 863 2748 sotum
880 2722 1028 2759 respectu
1053 2717 1281 2760 diliycntium,

321 2767 395 2809 quia
419 2768 478 2800 hoc
502 2771 549 2800 est
580 2771 798 2809 peccatorum;
831 2773 966 2811 propter·
988 2770 1073 2812 quod
1096 2771 1156 2803 ait:
1191 2772 1231 2803 Et
1251 2771 1283 2803 si

321 2820 460 2863 ‹liliyitis
483 2820 555 2853 illos
579 2821 638 2864 qui
659 2831 717 2854 vos
741 2822 899 2864 diliyunt,
925 2822 955 2855 id
979 2827 1042 2862 est,
1067 2823 1142 2865 quia
1165 2833 1220 2856 vos
1236 2823 1283 2856 di—

325 2872 440 2914 ligunt,
457 2882 542 2916 quae
565 2869 655 2906 vobis
679 2878 724 2906 esc
746 2874 886 2916 qratia?
908 2874 938 2907 id
962 2875 1108 2917 estquod
1133 2875 1281 2909 meritum

395 3058 402 3073 ¹
424 3061 497 3086 Vers.
518 3062 560 3086 29.
579 3076 614 3081 -
633 3062 751 3089 Subinde
776 3064 921 3096 allegantur
941 3064 1007 3090 Tob.
1035 3064 1064 3097 li,
1090 3066 1137 3097 16,
1161 3066 1187 3091 in
1206 3066 1281 3091 cuius

324 3104 373 3129 fine
392 3104 471 3130 codd.
496 3106 600 3136 legunt:
619 3105 692 3139 vide,
720 3114 753 3133 ne
777 3115 900 3141 unquam
919 3110 949 3134 tu
973 3108 1054 3134 alteri
1076 3108 1224 3143 aliquando
1243 3109 1299 3143 fa-.

322 3146 378 3173 cias
386 3157 396 3179 ,·
416 3151 441 3173 et
455 3149 507 3173 Gal.
522 3150 551 3179 6,
566 3150 590 3175 9.
600 3163 635 3169 —-
650 3151 756 3176 lnserius
769 3158 818 3183 pro
831 3151 1028 3178 consummatio
1042 3152 1099 3178 Vat.
1113 3152 1280 3180 conservatio

323 3194 348 3216 et
364 3198 416 3224 pro
435 3191 510 3219 nobis
530 3192 598 3219 bona
617 3193 736 3228 recipere
755 3202 802 3227 pro
820 3195 858 3222 ad
876 3195 1019 3223 volendum
1037 3196 1164 3230 recipere.

394 3233 405 3249 ⁹
425 3235 475 3262 Csr.
494 3237 583 3263 Glossa
609 3233 752 3265 ordinaria
774 3239 798 3264 in
824 3240 886 3266 Luc.
905 3241 936 3271 6,
962 3241 1004 3266 31.
1030 3241 1070 3274 (ex
1090 3241 1225 3273 Ambros.‚
1247 3242 1278 3267 V.

325 3279 350 3304 in
369 3280 429 3305 Luc.
449 3288 475 3305 n.
493 3280 562 3313 74.>:
582 3282 633 3308 Nec
652 3283 702 3308 ait:
722 3286 801 3314 prout
813 3284 923 3316 faciunt,
937 3285 983 3311 sed
992 3286 1079 3318 prout
1091 3284 1186 3318 vultis,
1201 3287 1231 3312 ul
1242 3285 1280 3319 fa-

324 3323 397 3349 ciant
414 3323 486 3350 vobis
506 3324 639 3357 homines,
659 3328 683 3352 et
701 3333 748 3353 vos
766 3327 873 3360 faciatis
893 3328 961 3361 illis,
982 3332 1010 3354 ut
1028 3329 1181 3355 vicissitudo
1194 3330 1227 3355 sit
1239 3336 1282 3355 cu-

324 3368 456 3400 mulatior,
477 3375 537 3394 cum
557 3369 625 3395 votis
644 3373 717 3396 actus
736 3374 871 3403 aequatur.

396 3410 407 3425 ¹³
427 3412 539 3444 Vulgata
557 3420 610 3439 eos.

395 3454 406 3469 ¹
426 3456 501 3482 Num.
521 3457 563 3482 65.
583 3464 659 3491 seqq.
677 3471 712 3477 —
732 3459 820 3485 Plures
839 3460 916 3493 codd.
935 3460 1066 3488 anterius.

918 284 1110 317 COMMENT.
1136 285 1173 318 IN
1196 285 1435 318 EVANGELIUM
1460 285 1577 318 LUCAE
1602 285 1633 317 C.
1660 286 1707 318 Vl.

1342 373 1549 406 retributione
1572 374 1723 416 dignum?
1747 375 1836 416 quasi
1868 375 1968 408 dicat:
1994 375 2126 408 nullum.
2154 376 2189 408 Et
2212 376 2304 409 ratio-

1341 435 1412 458 nem
1438 426 1556 459 reddit:
1590 426 1678 459 Nam
1706 431 1736 460 et
1762 432 1950 470 peccatores
1973 428 2141 471 diliycntes
2171 438 2205 461 se
2228 429 2303 462 dili-

1338 483 1438 521 9unt,
1463 479 1517 521 qui
1542 480 1665 512 nullum
1684 480 1800 513 habent
1824 481 1972 514 meritum
1989 481 2073 523 apud
2097 482 2215 521 Deum;
2243 483 2303 516 hoc

1340 532 1422 564 enim
1447 536 1495 564 est
1518 533 1690 571 naturale,
1715 534 1889 566 secundum
1912 534 1988 567 illud
2016 535 2218 572 Ecclesiastici
2250 535 2303 568 de-

1341 584 1423 616 cimo
1447 585 1580 617 terti0⁵:
1610 598 1625 614 <t
1643 585 1743 619 Omne
1766 587 1879 619 animal
1904 586 2005 629 diligit
2028 587 2129 620 simile
2158 587 2235 627 sibi,
2259 587 2304 620 sic

1339 641 1371 670 et
1394 638 1495 671 omnis
1520 639 1613 671 homo
1635 639 1818 680 proximum
1837 640 1894 672 sibi
1908 653 1923 669 ι»
1945 643 2024 679 etc.;
2048 640 2097 673 vel
2112 640 2205 673 etiam
2228 650 2304 673 car-

1340 691 1431 729 nale,
1464 691 1545 724 sicut
1569 692 1771 726 Ecclesiastici
1789 693 1949 735 trigesimo
1973 694 2124 735 septimo:
2154 707 2169 722 «
2186 690 2305 727 Sodalis

1341 744 1441 777 amico
1465 745 1608 778 condolet
1630 754 1725 778 causa
1753 746 1873 779 ventris
1903 751 1935 779 et
1965 751 2074 779 contra
2105 747 2227 780 hostem
2254 755 2304 780 ac-

1342 797 1436 838 cipiet
1458 801 1585 830 scutum
1601 811 1631 829 ».
1656 798 1738 831 Talis
1761 799 1885 832 dilectio
1908 799 1992 841 apud
2008 799 2108 832 Deum
2132 809 2194 832 non
2211 799 2306 833 habet

1342 851 1510 889 meritum,
1542 851 1617 893 quia
1649 861 1710 895 non
1743 851 1935 894 impenditur
1967 855 2097 894 propter
2131 852 2241 886 Deum.
2274 853 2304 886 Si

1342 903 1425 936 enim
1457 907 1587 946 propter
1610 904 1710 937 Deum
1742 901 1997 946 impenderetur,
2020 905 2132 947 utique
2162 905 2311 948 diligeret*

1344 957 1438 989 homo
1469 957 1638 1000 diligentes
1668 968 1720 996 se,
1746 958 1919 991 secundum
1953 958 2030 991 illud
2062 958 2306 991 proverbiorum

1343 1011 1494 1043 octavoss:
1526 1024 1541 1039 «
1559 1011 1620 1053 Ego
1643 1011 1806 1053 diligentes
1831 1020 1881 1044 me
1904 1011 1999 1054 diligo
2014 1023 2046 1051 »3
2075 1012 2189 1044 minus
2212 1011 2305 1045 etiam

1343 1063 1554 1106 diliyentibus
1584 1064 1657 1105 plus
1687 1064 1862 1097 dilectionis
1893 1065 2098 1107 rependeret,
2131 1065 2306 1098 secundum

1344 1117 1420 1150 illud
1437 1117 1593 1150 secundae
1616 1117 1654 1149 ad
1667 1117 1845 1150 Corinthios
1861 1117 2062 1151 duodecimo:
2089 1131 2104 1147 «
2121 1118 2184 1161 Ego
2199 1121 2306 1151 autem

1344 1170 1545 1204 libentissime
1569 1170 1745 1212 impendam
1770 1174 1802 1203 et
1824 1171 2084 1213 superimpendar
2108 1181 2166 1214 pro
2188 1171 2306 1204 anima-

1343 1225 1403 1257 bus
1427 1224 1556 1262 vestris,
1582 1224 1667 1263 licet,
1691 1224 1763 1266 plus
1779 1233 1834 1257 vos
1850 1225 1996 1267 diligens,
2022 1225 2127 1258 minus
2149 1224 2261 1268 diligar
2274 1237 2305 1265 »;

1343 1278 1436 1317 item,
1461 1277 1552 1309 nulio
1575 1277 1671 1309 modo
1695 1277 1789 1310 etiam
1815 1277 1985 1320 diliycntcs
2007 1278 2167 1321 diligeret,
2195 1287 2306 1312 secun-

1343 1331 1418 1364 dum
1444 1330 1521 1363 illud
1545 1330 1665 1373 primae
1694 1331 1816 1363 Ioannis
1839 1331 1997 1373 quarto⁷:
2026 1344 2042 1360 α
2060 1332 2092 1364 ln
2124 1332 2183 1365 hoc
2214 1341 2306 1375 appa-

1344 1385 1409 1417 ruit
1433 1384 1547 1417 caritas
1578 1384 1651 1423 Dei,
1676 1393 1737 1417 non
1759 1384 1833 1426 quia
1860 1393 1917 1417 nos
1951 1384 2157 1418 dilexerimus
2188 1385 2306 1425 Deum,

1344 1438 1398 1471 sed
1415 1438 1563 1480 quoniam
1588 1438 1653 1480 ipse
1670 1438 1757 1480 prior
1780 1438 1891 1470 dilexit
1914 1447 1971 1471 nos
1987 1451 2022 1477 »ς
2040 1441 2072 1471 et
2094 1439 2132 1472 ad
2155 1439 2307 1472 Romanos

1344 1492 1473 1534 quinto:
1504 1505 1519 1519 «
1543 1491 1744 1524 Commendat
1775 1494 1880 1524 autem
1912 1491 2073 1525 caritatem
2102 1501 2192 1525 suam
2223 1492 2308 1526 Deus

1344 1545 1375 1578 in
1399 1545 1506 1584 nobis,
1531 1545 1696 1586 quoniam,
1725 1554 1798 1578 cum
1822 1545 1926 1578 adhuc
1949 1549 2128 1587 peccatores
2151 1554 2306 1585 essemus,

1345 1599 1490 1631 Christus
1514 1607 1572 1640 pro
1595 1598 1700 1640 impiis
1723 1602 1869 1631 mortuus
1893 1602 1941 1631 est
1956 1612 1986 1630 ι).
2014 1617 2055 1622 —-
2072 1598 2158 1632 Unde
2181 1599 2307 1641 quando

1346 1652 1446 1684 solum
1472 1651 1510 1683 ad
1535 1651 1704 1693 diiiyentcs
1727 1651 1926 1690 extenditur,
1950 1661 2012 1684 non
2036 1655 2084 1684 est
2106 1652 2231 1685 dilectio
2261 1652 2307 1686 di-

1346 1705 1418 1737 vina
1441 1713 1498 1737 nec
1514 1705 1666 1746 gratuita,
1692 1704 1745 1737 sed
1770 1704 1964 1737 mercenaria
1979 1707 2011 1737 et
2027 1705 2181 1745 humana,
2198 1714 2234 1738 ac
2250 1714 2307 1748 per

1346 1759 1406 1791 hoc
1430 1767 1487 1790 nec
1511 1758 1719 1790 retributione
1742 1757 1845 1800 digna.

1436 1812 1487 1844 79.
1514 1812 1615 1852 (Vers.
1641 1810 1718 1848 33).
1743 1811 1809 1843 Non
1833 1811 1949 1844 sufficit
1972 1811 2064 1844 etiam
2093 1820 2162 1845 esse
2190 1811 2307 1855 benefi-

1331 1855 1422 1898 ‘cum
1454 1869 1602 1907 respectu
1633 1864 1906 1903 retribuencium,
1938 1865 2014 1907 quia
2046 1865 2104 1898 hoc
2135 1865 2228 1899 etiam
2260 1869 2309 1905 est

1346 1918 1488 1960 ipsorum
1513 1917 1763 1957 mundanorum;
1788 1921 1919 1960 propter
1942 1917 2027 1960 quod
2051 1918 2174 1951 subdit:
2209 1919 2247 1951 Et
2277 1918 2310 1952 si

1346 1970 1567 2014 benefeceritis
1601 1970 1653 2004 his
1684 1972 1744 2015 qm·
1776 1971 1867 2004 vobis
1899 1970 2109 2014 benefaciunt
2116 1983 2128 2010 ;
2155 1971 2306 2005 Glossa⁸:

1350 2038 1366 2053 <‹
1383 2025 1414 2057 ld
1431 2028 1488 2063 est,
1506 2024 1585 2063 ideo,
1602 2024 1677 2066 quia
1693 2024 1893 2057 benefaciunt
1909 2037 1944 2061 n:
1962 2034 2047 2068 quae
2061 2024 2153 2058 vobis
2169 2029 2217 2058 cst
2229 2034 2310 2068 yra-

1346 2077 1417 2110 tia?
1441 2077 1472 2110 id
1495 2081 1543 2110 est
1566 2077 1651 2119 quod
1674 2077 1843 2110 meritum?
1866 2078 1956 2120 quasi
1987 2077 2088 2111 dicat:
2112 2078 2246 2111 nullum.
2272 2077 2308 2111 Et

1345 2130 1426 2162 ratio
1450 2129 1609 2162 redditur:
1636 2129 1804 2173 Siquidem
1828 2134 1856 2162 et
1876 2134 2063 2172 peccatores
2080 2130 2139 2164 hoc
2158 2130 2308 2174 faciunt;

1345 2183 1532 2215 beneficium
1551 2191 1687 2225 namque
1711 2192 1769 2225 pro
1794 2184 2081 2226 recompensatione
2104 2184 2221 2217 factum
2244 2193 2308 2217 non

1345 2239 1393 2268 est
1416 2236 1605 2278 gratuitum,
1638 2236 1692 2269 sed
1723 2236 1846 2275 venale,
1871 2241 1902 2269 et
1933 2236 2002 2270 ideo
2029 2246 2087 2270 nec
2117 2237 2308 2280 acceptabile

1345 2293 1401 2322 est.
1426 2288 1512 2322 Unde
1536 2288 1739 2322 Ecclesiastici
1760 2283 1953 2332 'vigesimo⁹:
1981 2303 1996 2319 «
2012 2290 2110 2324 Datus
2133 2290 2308 2333 insipientis

1345 2352 1407 2375 non
1431 2343 1492 2384 erit
1527 2343 1582 2375 tibi
1618 2342 1720 2382 utilis3
1756 2342 1838 2376 oculi
1871 2343 1939 2376 eius
1974 2344 2191 2386 septemplices
2215 2347 2305 2383 sunt3

1344 2396 1462 2438 exigua
1477 2396 1563 2429 dabit
1586 2400 1617 2429 et
1633 2396 1733 2429 multa
1755 2396 1982 2439 improperabit
1999 2410 2028 2429 n.
2047 2397 2105 2430 Sed
2129 2397 2207 2430 illud
2222 2397 2308 2440 quod

1345 2450 1515 2483 liberaliter
1540 2454 1570 2483 et
1586 2450 1729 2483 hilariter
1752 2449 1857 2489 datur,
1874 2450 1952 2483 illud
1975 2453 2171 2493 acceptatur,
2195 2459 2308 2484 secun-

1345 2503 1421 2536 dum
1446 2503 1523 2536 illud
1547 2503 1702 2537 secundae
1724 2503 1764 2536 ad
1780 2503 1959 2537 Corinthios
1979 2513 2078 2537 nono:
2100 2517 2116 2533 «
2132 2504 2307 2547 Unusquis-

1346 2566 1408 2599 que
1432 2561 1527 2599 prout
1549 2557 1716 2590 destinavit
1739 2557 1771 2590 in
1795 2557 1889 2591 corde
1913 2567 1989 2598 suo,
2013 2568 2076 2591 non
2099 2567 2141 2591 ex
2164 2558 2305 2598 tristitia,

1345 2614 1401 2644 aut
1435 2620 1474 2643 ex
1512 2610 1709 2649 necessitate;
1746 2610 1878 2644 hilarem
1915 2611 1998 2644 enim
2032 2611 2175 2644 datorem
2207 2611 2308 2654 diligit

1346 2664 1430 2697 Deus
1443 2676 1473 2695 ».
1498 2663 1527 2695 Si
1553 2671 1628 2705 ergo
1652 2663 1835 2697 benefacere
1858 2663 2126 2697 benefacientibus
2141 2664 2243 2696 solum
2259 2667 2308 2697 est

1345 2716 1505 2755 debitum,
1531 2715 1713 2749 benefacere
1729 2726 1791 2749 non
1808 2716 2075 2750 benefacientibus
2095 2716 2306 2759 prandeum,-

1346 2769 1488 2808 videtur‚
1506 2769 1590 2811 quod
1614 2769 1798 2803 malefacere
1818 2769 2085 2803 benefacientibus
2100 2773 2148 2803 est
2163 2770 2307 2813 impium

1345 2826 1377 2856 et
1400 2822 1673 2862 crudelissimum;
1697 2823 1781 2865 quod
1805 2823 1932 2866 quidem
1956 2823 2030 2856 facit
2045 2826 2208 2865 peccator,
2232 2832 2305 2857 cum

1345 2875 1474 2908 offendit
1497 2875 1615 2914 Deum;
1650 2875 1742 2909 iuxta
1769 2876 1854 2918 quod
1889 2875 2016 2909 secundi
2050 2875 2306 2918 Paralipomenon

1416 3063 1428 3079 ⁶
1448 3066 1521 3091 vers.
1542 3065 1583 3091 19.
1603 3072 1658 3098 seq.
1679 3079 1712 3083 —
1731 3065 1821 3090 Glossa
1841 3057 2039 3091 interlinearis:
2060 3063 2131 3090 Nam
2144 3065 2170 3091 et
2182 3066 2305 3098 peccato-

1345 3116 1404 3141 res,
1424 3110 1520 3136 ethnici
1538 3113 1564 3136 et
1582 3109 1728 3142 publicani,
1754 3108 1891 3142 diligentes
1916 3115 1945 3136 se
1964 3101 2095 3143 diliguni,
2117 3111 2209 3135 natura
2228 3109 2305 3136 duce.

1347 3167 1380 3171 —
1400 3153 1517 3180 Subinde
1536 3154 1663 3186 allegatur
1681 3153 1758 3179 Eccli.
1785 3152 1833 3186 37,
1859 3153 1884 3179 5.
1910 3153 2037 3186 Superius
2059 3160 2108 3186 pro
2133 3153 2181 3189 qui
2196 3153 2304 3181 nullum

1347 3196 1395 3223 AC
1407 3198 1428 3223 D
1447 3198 1510 3232 quia
1531 3197 1646 3225 nullum.
1938 3228 1940 3231 ,

1416 3240 1428 3256 ⁶
1447 3243 1522 3268 Vers.
1543 3243 1584 3268 17.
1603 3256 1639 3261 -
1659 3241 1782 3274 Sequitur
1801 3241 1829 3267 ΙΙ.
1849 3241 1908 3268 Cor.
1928 3242 1974 3275 42,
1995 3242 2037 3268 ⁴5.
2055 3256 2091 3262 —
2110 3243 2236 3275 Superius
2254 3250 2303 3276 pro

1345 3284 1468 3319 diligeret
1485 3285 1564 3312 homo
1583 3285 1721 3319 diligentes
1739 3292 1767 3312 se
1787 3285 1843 3311 vat.
1862 3284 1986 3320 diliyeret
2003 3286 2074 3313 Deus
2093 3285 2231 3321 diligentes
2249 3294 2286 3314 se.

1416 3327 1426 3343 ⁷
1446 3330 1522 3356 Vers.
1542 3330 1587 3362 10,
1607 3333 1666 3362 post
1683 3336 1764 3363 quem
1784 3330 1860 3356 Rom.
1881 3330 1912 3362 5,
1933 3331 1957 3356 8.
1976 3337 2033 3364 seq.

1416 3372 1427 3387 θ
1446 3374 1549 3400 Scilicet
1567 3373 1760 3401 interlinearis.

1416 3416 1427 3432 ⁹
1447 3419 1521 3447 Vers.
1541 3418 1583 3451 ,⁴4-
1609 3425 1663 3451 seq.
1677 3432 1711 3437 —
1725 3418 1848 3451 Sequitur
1867 3420 1893 3445 11.
1907 3418 1966 3446 Cor.
1980 3419 2011 3452 9,
2030 3420 2056 3446 7.
2068 3433 2103 3439 —
2116 3419 2242 3452 Superius
2254 3427 2304 3453 pro

1344 3461 1437 3489 venale
1457 3463 1515 3488 vat.
1536 3462 1662 3500 celatum.

2322 385 2392 408 Ratio.

2326 1804 2454 1840 Secundum.
