2427 3872
286 274 353 306 714

537 315 600 341 CllR
621 313 677 347 (24)

283 362 392 396 aperiri,
414 364 442 387 ut
461 360 620 389 ostenderet,
649 357 720 390 quod
743 358 848 388 paratus
867 357 921 380 erat

284 415 329 433 cor
352 413 429 433 suum
458 406 521 431 dare
549 403 671 430 fidelibus
698 401 752 427 suis
780 400 831 425 618
853 400 867 424 3
887 412 922 417 -

285 454 332 478 Per
351 453 417 477 latus
442 450 534 476 Christi
556 449 719 474 vulneratum
740 448 766 471 et
784 450 878 469 manus
896 446 922 468 et

285 497 366 529 pedes
385 496 528 528 perforatos
547 492 696 523 intelligitur
709 489 843 515 tolerantia
862 494 922 519 pas-

285 541 364 567 sionis
384 539 493 565 acerbae
507 537 631 564 imitanda
647 536 688 561 1ἸΙ
703 535 753 560 213
768 534 801 558 86
814 546 849 552 -
863 532 922 557 Vul-

285 592 346 611 nera
366 584 457 610 Christi
478 582 667 613 contingimus,
686 586 746 605 cum
761 578 794 604 ad
814 577 921 603 toleran-

285 630 346 655 tiam
366 634 499 654 armamur
518 625 578 652 itn'd.

338 687 373 692 —
391 672 484 699 Christi
504 677 579 697 crura
599 676 651 694 non
666 671 726 694 sunt
746 669 839 698 fracta,
859 665 920 699 quia

286 723 404 744 mortuus
425 720 480 742 erat
505 716 535 741 Vl
562 715 612 740 500
639 714 667 739 51
692 726 726 732 -
745 711 838 738 Christi
862 717 921 736 ossa

286 770 336 789 non
356 765 415 787 sunt
434 763 526 790 fracta,
546 759 591 785 sed
606 759 671 784 latus
690 759 809 789 apertum
829 755 863 781 ad
877 754 922 780 im-

287 807 426 839 pletionem
441 805 588 836 scripturae
608 802 653 828 501
678 801 725 831 54,
745 801 778 826 55
799 814 832 818 —-
852 798 923 825 Chri-

288 852 320 876 sti
339 857 397 876 ossa
416 848 548 875 debebant
567 848 664 878 integre
677 844 841 875 conservari,
860 843 922 876 quia

287 896 357 921 solus
376 895 475 925 integer
493 900 506 917 a
528 894 635 924 peccato
655 890 706 916 500
727 890 760 915 50

340 953 372 956 -
391 945 419 963 50
439 938 524 969 ipsum
544 936 618 961 offert
636 933 748 960 hostiam
766 935 882 958 sanctam
897 932 923 957 in

289 983 409 1014 veritate,
430 989 480 1007 non
509 981 534 1006 in
564 984 626 1012 typo
646 979 679 1004 Vl
699 977 748 1003 473
770 977 798 1002 31
822 991 857 996 -
876 983 924 1009 per

288 1027 435 1060 passionem
456 1029 495 1051 est
515 1024 597 1050 hostia
619 1023 659 1048 Vll
680 1022 755 1048 5401
779 1036 814 1039 ——
833 1028 862 1047 se
875 1028 923 1053 pro

288 1071 364 1097 nobis
384 1070 519 1101 expendit,
548 1072 576 1094 ut
604 1067 762 1093 venderetur
781 1073 829 1098 pro
850 1065 928 1098 nobis

289 1115 463 1144 redimendis,
483 1113 701 1139 condemnaretur
720 1118 767 1143 pro
788 1110 863 1136 nob1s
882 1109 926 1135 ab·

288 1159 434 1188 solvendis,
454 1157 650 1188 crucifigeretur
664 1162 712 1187 pro
727 1155 803 1181 nobis
816 1154 925 1180 liberan-

288 1204 327 1229 dis
347 1204 379 1228 Vt
399 1202 451 1227 615
471 1203 485 1227 2
505 1215 539 1219 -
559 1204 597 1226 est
617 1201 700 1225 hostia
728 1204 832 1229 nostra,
852 1199 926 1224 cuius

288 1248 385 1273 oblatio
399 1254 412 1272 a
427 1245 579 1278 parentibus
593 1245 683 1270 invitat
697 1244 730 1270 ad
745 1243 927 1274 humilitatem,

288 1292 385 1318 oblatio
405 1292 494 1316 avium
510 1297 557 1322 pro
578 1290 634 1321 ipso
654 1289 745 1314 invitat
763 1289 796 1314 ad
817 1295 928 1320 pauper-

289 1340 383 1367 tatem,
402 1335 498 1361 oblatio
518 1335 542 1360 in
563 1341 642 1359 cruce
670 1341 718 1365 pro
744 1333 868 1358 omnibus
891 1333 928 1358 in-

289 1382 352 1406 vitat
371 1381 403 1406 ad
424 1380 546 1412 pietatem
572 1379 615 1404 Vll
642 1378 675 1403 57
695 1377 729 1403 54
748 1392 784 1397 —
802 1377 875 1403 dedit
894 1380 929 1402 to-

290 1429 343 1451 tum
364 1432 460 1456 corpus
480 1424 511 1449 ad
534 1423 734 1455 percutiendum
752 1422 822 1448 etad
838 1422 929 1447 immo-

290 1470 395 1495 landum
415 1469 447 1494 Vl
468 1469 518 1493 332
539 1468 567 1493 81

342 1529 376 1532 -—
396 1520 489 1545 passus
507 1516 546 1538 est
570 1511 718 1538 voluntarie
738 1515 763 1537 et
782 1511 928 1537 secundum

292 1565 366 1584 suam
394 1558 553 1583 voluntatem
574 1557 615 1583 vtt
637 1556 687 1582 353
708 1556 749 1582 67.
771 1557 822 1582 359
842 1556 875 1581 26
894 1569 930 1575 ——-

294 1603 437 1628 voluntarie
449 1603 545 1634 patitur
555 1604 580 1627 et
591 1602 701 1627 moritui·
712 1601 744 1626 Vl
756 1601 806 1626 273
820 1601 852 1626 17
861 1600 930 1626 2·-

292 1648 401 1674 111011101
412 1648 543 1673 voluntate
553 1650 578 1672 et
588 1650 716 1678 potestate
725 1666 731 1676 ,
744 1645 807 1679 quia
820 1645 930 1671 omnino

293 1693 358 1718 liber
376 1693 426 1717 389
447 1693 479 1718 39
499 1707 534 1710 -
553 1699 599 1717 sua
620 1691 755 1716 voluntate
774 1690 863 1722 posuit
875 1690 930 1715 ani—

294 1744 362 1763 mam
382 1744 456 1762 suam
477 1737 518 1762 Vll
548 1736 598 1761 582
629 1736 662 1761 56
682 1750 716 1753 —
736 1742 786 1760 non
806 1738 845 1760 est
865 1741 931 1760 mor-

293 1785 352 1807 tuns
371 1782 483 1811 invitus,
496 1780 542 1806 sed
558 1781 614 1812 ipse
627 1780 734 1806 tradidit
750 1780 864 1804 animam
879 1778 930 1804 227

293 1827 326 1851 36
345 1841 380 1844 -
398 1825 544 1851 secundum
573 1824 738 1850 Divinitatem
768 1826 853 1856 potest
877 1823 932 1849 ani-

294 1877 363 1895 mam
382 1871 416 1896 de
435 1877 513 1895 carne
532 1869 664 1901 deponere
679 1869 710 1894 1Ἰ
729 1869 780 1894 389
800 1868 829 1893 31
854 1883 888 1886 -
908 1868 932 1893 11-

294 1914 356 1940 bere
375 1915 462 1947 posuit
481 1914 595 1939 animam
610 1921 686 1939 suam
701 1913 726 1938 in
741 1915 825 1938 morte
839 1917 864 1938 et
878 1919 934 1944 pas-

295 1960 382 1992 sione,
401 1959 523 1984 resumsit
547 1965 605 1983 eam
635 1958 659 1983 in
688 1957 879 1983 resurrectione
903 1964 933 1982 ex

294 2006 420 2036 potestate
440 2004 490 2028 388
512 2004 554 2034 22,
574 2003 608 2027 23
627 2016 663 2021 —
681 2001 760 2027 habet
779 2004 933 2033 potestatem

296 2047 444 2079 deponendi
465 2047 546 2072 vitam
566 2053 641 2072 suam
663 2053 709 2078 per
728 2048 840 2071 mortem
860 2048 886 2070 et
898 2051 936 2070 re-

295 2092 416 2117 sumendi
443 2099 502 2117 eam
527 2098 574 2123 per
592 2090 809 2116 resurrectionem
830 2089 881 2114 389
902 2088 931 2114 31

294 2150 329 2155 κ-
350 2135 441 2161 habuit
469 2138 625 2168 potestatem
654 2133 789 2159 emittendi
814 2133 935 2165 spiritum

296 2180 338 2206 Vll
358 2181 410 2206 582
430 2180 463 2205 57

348 2239 382 2242 —
402 2231 496 2256 passus
515 2226 554 2250 est
573 2223 719 2249 secundum
744 2223 864 2249 divinum
891 2222 937 2248 de—

297 2272 397 2295 cretum
417 2272 442 2294 et
461 2276 538 2294 suum
560 2268 752 2300 beneplacitum
774 2267 815 2293 Vll
836 2267 887 2293 549
902 2267 931 2292 31

298 2328 332 2332 —-
352 2314 439 2339 Passio
458 2312 551 2339 Christi
581 2313 628 2338 fuit
656 2312 762 2338 definita
790 2319 804 2337 a
833 2312 887 2337 Deo
912 2314 938 2337 et

296 2358 345 2384 sibi
365 2358 455 2391 placita
476 2362 501 2384 et
519 2360 626 2390 accepta
646 2356 679 2384 ib.
700 2358 734 2382 32
755 2371 787 2375 —
802 2357 890 2382 Passio
903 2356 937 2383 ab

296 2403 355 2435 ipso
374 2403 421 2428 fuit
439 2402 586 2428 voluntarie
613 2405 734 2435 suscepta
763 2402 814 2428 355
843 2402 877 2427 67
904 2415 937 2420 —·

298 2447 364 2473 bibit
382 2448 504 2479 calicem,
533 2454 593 2472 eum
622 2447 770 2479 passionem
791 2446 938 2472 voluntarie

298 2492 413 2523 gustavit
433 2491 484 2517 556
505 2491 538 2517 54
552 2505 587 2510 —
601 2490 692 2517 bibere
712 2490 816 2517 volebat
829 2491 937 2516 calicem

298 2535 426 2568 passionis
445 2536 578 2561 voluntate
605 2535 726 2566 rationis,
747 2535 793 2561 sed
813 2535 939 2560 abhorre-

300 2579 344 2605 bat
362 2580 496 2605 voluntate
514 2579 688 2605 sensualitatis
705 2579 768 2606 ibid.

353 2639 387 2642 -—
407 2623 473 2648 bibit
501 2623 607 2648 calicem
636 2624 764 2655 passionis
792 2623 939 2649 secundum

301 2669 460 2693 voluntatem
491 2667 572 2692 Patris
601 2667 633 2692 Vl
655 2667 704 2692 480
726 2668 757 2692 19
779 2682 811 2685 -
831 2668 941 2693 1110111111

301 2713 334 2738 ad
356 2712 436 2737 Patris
464 2711 605 2743 imperium
627 2710 678 2735 445
699 2710 732 2736 45
750 2724 785 2730 —
805 2712 879 2737 Pater
899 2712 941 2737 de-

301 2757 339 2782 dit
359 2757 382 2781 ci
403 2756 555 2781 mandatum
576 2755 718 2785 moriendi,
737 2761 789 2780 non
808 2755 869 2787 (11113
890 2762 942 2780 1110-

302 2801 396 2826 ruisset
415 2800 486 2831 ipsc,
506 2799 552 2824 sed
573 2806 621 2830 pro
637 2801 723 2824 nostra
738 2799 820 2824 salute
834 2797 895 2824 ibid.
907 2812 942 2818 —

302 2852 362 2870 cum
384 2852 434 2870 non
454 2846 522 2869 esset
542 2842 644 2868 debitor
664 2842 766 2874 mortis,
780 2850 809 2868 ex
824 2849 895 2867 mera
915 2843 943 2868 li-

305 2889 436 2914 beralitate
463 2888 551 2920 posuit
580 2887 694 2912 animam
724 2894 772 2918 pro
795 2885 891 2911 ovibus
910 2887 942 2912 ad

304 2933 385 2958 Patris
403 2935 574 2964 praeceptum
595 2932 645 2956 388
661 2932 703 2963 22,
717 2931 749 2956 23
765 2944 799 2949 -
812 2930 943 2956 Christum

303 2977 421 3008 oportuit
441 2976 492 3008 pati
513 2983 563 3001 non
583 2983 615 3001 ex
634 2975 829 3007 compulsione,
848 2974 895 3000 scd
914 2981 945 2999 ex

305 3028 418 3052 superna
448 3020 617 3052 dispositione
638 3020 682 3045 Dei
704 3019 853 3051 passionem
873 3025 945 3050 prae·

305 3065 462 3094 ordinantis,
483 3064 647 3096 providentis
666 3067 692 3089 et
710 3063 884 3096 praedicentis
903 3063 945 3087 Vll

307 3108 358 3133 355
387 3108 419 3132 68
442 3121 473 3125 —
494 3107 581 3133 Passio
609 3107 702 3133 Clu-isti
723 3106 869 3133 necessaria
892 3108 947 3131 erat

307 3159 357 3176 non
386 3151 551 3183 simpliciter,
579 3151 625 3176 sed
652 3158 680 3177 ex
702 3150 947 3183 praesuppositione

308 3195 413 3220 divinae
443 3195 621 3226 dispositionis
646 3198 671 3220 et
696 3195 876 3227 promissionis
896 3194 946 3220 227

309 3239 352 3264 36.
375 3240 426 3265 355
451 3240 483 3264 68
512 3252 547 3257 —-
571 3242 690 3264 mortuus
708 3242 747 3264 cst
766 3238 855 3264 debito
876 3245 948 3270 prae-

309 3284 391 3314 cepti,
411 3290 462 3308 non
484 3283 583 3315 meriti,
603 3286 627 3308 et
652 3282 805 3313 liberaliter,
827 3282 888 3315 (11113
917 3289 947 3307 ex

310 3333 400 3352 amore
430 3327 460 3351 Vl
490 3327 540 3352 446
570 3326 603 3352 49
632 3326 660 3352 2·
680 3340 713 3345 —
736 3327 768 3352 ad
795 3326 947 3358 patiendum

311 3373 456 3396 coarctatur
469 3378 516 3402 per
530 3371 639 3396 nimium
659 3377 776 3395 amorem
786 3390 792 3400 ,
806 3370 852 3403 qui
871 3369 949 3395 habet

311 3414 398 3439 cordis
421 3414 566 3440 dominium
588 3415 629 3440 Vll
649 3415 695 3440 331
718 3415 752 3440 72

1148 259 1263 293 INDEX
1287 259 1414 292 RERUM

1013 365 1048 368 —
1068 348 1174 383 quando
1204 348 1260 380 ipse
1287 347 1431 380 disposuit,
1451 353 1545 379 passus
1564 349 1603 372 est

961 395 1003 420 Vll
1024 394 1074 419 540
1096 394 1110 419 2
1130 407 1166 411 -
1185 395 1306 418 1110111105
1319 394 1371 422 051,
1390 384 1497 424 Quando
1510 390 1602 421 voluit,

960 440 1072 464 offerens
1103 437 1224 469 spiritum
1256 443 1335 462 suum
1368 436 1400 460 Vl
1425 436 1477 461 500
1507 435 1539 460 48
1566 449 1602 453 -

960 482 1071 515 Quando
1091 482 1185 512 noluit,
1205 487 1283 507 nemo
1303 487 1364 506 eum
1389 479 1493 505 laedere
1518 478 1603 511 potuit

962 527 1004 553 Vll
1024 526 1076 552 355
1095 526 1130 551 67
1149 540 1184 543 —
1203 524 1292 550 Passio
1311 524 1405 550 Christi
1426 529 1485 549 ante
1498 526 1603 555 tempus

961 571 1008 597 fuit
1037 572 1131 597 frustra
1157 569 1191 595 ab
1211 569 1318 595 homine
1338 568 1461 594 intentata
1481 567 1533 593 354
1559 567 1602 598 64,

960 615 994 640 65
1022 629 1057 633 ——-
1085 615 1178 640 Malitia
1208 613 1351 639 machinari
1381 612 1465 645 potuit
1490 614 1601 637 mortem

962 659 1072 690 Christi,
1091 659 1139 685 sed
1158 658 1286 691 perficere
1299 664 1351 683 non
1365 657 1459 689 potuit,
1477 656 1525 682 nisi
1537 656 1604 682 sicut

960 704 1017 737 ipse
1046 704 1130 729 voluit
1158 703 1210 729 355
1237 702 1270 727 67
1290 715 1326 721 -
1345 702 1413 727 Mors
1431 700 1525 727 Christi
1551 707 1602 726 non

963 752 1019 774 erat
1038 747 1247 774 consummanda
1267 746 1415 772 secundum
1434 745 1604 771 machinatio-

961 800 1022 818 nem
1042 794 1173 818 humanae
1193 791 1320 823 malitiae,
1333 790 1380 816 sed
1390 790 1537 818 seeundum
1551 789 1605 815 dis-

960 837 1117 869 positionem
1146 835 1269 868 propriae
1293 835 1435 866 sapientiae
1460 837 1486 859 et
1513 834 1602 859 volun-

961 881 1020 907 tatis
1038 887 1102 907 suae
1122 879 1184 906 ibid.
1197 895 1232 898 —
1246 880 1328 905 Nemo
1348 878 1523 911 apprehendit
1535 877 1605 904 Chri-

961 929 1032 952 stum
1062 925 1152 951 divino
1182 924 1323 955 miraculo,
1343 924 1404 956 quia
1425 923 1544 949 nondum
1564 929 1606 947 ve·

962 972 1035 995 nerat
1054 970 1118 995 hora
1139 969 1195 994 eius
1215 969 1247 994 Vl
1268 968 1320 993 359
1340 968 1373 993 26

1014 1027 1051 1033 —-
1069 1014 1138 1039 Hora
1159 1013 1289 1045 passionis
1308 1015 1334 1038 et
1352 1011 1541 1044 redemptionis
1561 1017 1607 1036 no-

962 1062 1032 1084 strae
1051 1058 1097 1084 diu
1118 1058 1165 1083 fuit
1193 1060 1341 1089 exspectata
1361 1060 1386 1082 et
1406 1056 1554 1082 desiderata
1575 1055 1606 1080 Vl

964 1103 1014 1128 417
1035 1103 1068 1128 32
1088 1117 1123 1120 -
1142 1102 1231 1127 Passio
1251 1101 1299 1127 fuit
1317 1101 1351 1127 ab
1371 1104 1477 1126 aeterno
1490 1099 1608 1125 infallibi-

963 1148 1020 1173 liter
1040 1147 1224 1179 praeordinata
1244 1149 1269 1171 et
1288 1153 1302 1171 a
1323 1145 1459 1177 Prophetis
1473 1144 1606 1177 praedicta

964 1192 1006 1217 Vll
1027 1192 1079 1217 355
1099 1191 1132 1216 68
1151 1204 1187 1209 —
1207 1190 1295 1216 Passio
1324 1190 1417 1216 Christi
1443 1190 1489 1214 fuit
1514 1195 1608 1214 secun-

963 1236 1028 1263 dum
1048 1235 1272 1268 opportunitatem
1300 1234 1407 1260 divinae
1429 1232 1609 1266 dispositionis

964 1280 1025 1307 ibid.
1046 1294 1080 1299 -—
1100 1281 1196 1306 missus
1215 1279 1240 1305 in
1260 1278 1391 1305 mundum
1404 1278 1439 1304 ad
1458 1278 1609 1311 passionem

965 1325 998 1351 Vl
1019 1324 1070 1350 473
1091 1325 1124 1350 30
1144 1339 1179 1342 -
1199 1324 1274 1349 Pater
1292 1323 1365 1349 dedit
1383 1323 1475 1348 Filium
1496 1322 1521 1347 in
1540 1329 1610 1347 11101-

966 1372 1018 1395 tem
1039 1376 1088 1401 pro
1107 1372 1196 1394 nostra
1215 1368 1354 1394 dilectione
1375 1366 1426 1392 445
1447 1366 1489 1392 45.
1511 1366 1560 1392 450
1576 1366 1609 1392 20

1019 1427 1054 1433 ·-
1074 1421 1127 1439 non
1156 1413 1254 1445 patitur
1282 1415 1372 1438 coacte
1399 1412 1429 1436 Vl
1451 1411 1501 1437 444
1522 1411 1556 1436 44
1576 1425 1611 1429 -

967 1466 1061 1491 passus
1085 1458 1232 1484 voluntarie
1261 1458 1395 1483 voluntate
1417 1456 1539 1486 rationis,
1564 1455 1611 1481 sed

964 1511 1017 1540 „non
1037 1504 1173 1529 voluntate
1190 1504 1299 1528 naturae
1312 1501 1353 1527 vel
1366 1500 1539 1527 sensualitatis
1559 1500 1610 1525 528

968 1548 1000 1574 48
1021 1563 1056 1566 -
1077 1548 1110 1573 de
1124 1547 1217 1580 poenis
1230 1549 1256 1572 et
1270 1546 1413 1578 ignominia
1429 1545 1547 1584 corporis
1560 1551 1611 1570 non

966 1593 1069 1619 curavit
1089 1591 1140 1617 504
1161 1592 1193 1617 69
1207 1606 1242 1609 -
1256 1591 1348 1616 faciem
1363 1589 1478 1618 firmavit
1491 1596 1539 1621 per
1553 1596 1612 1614 con-

967 1638 1088 1663 stantiam
1109 1640 1134 1662 et
1153 1636 1303 1668 patientiam
1324 1635 1357 1660 ad
1377 1634 1558 1660 accedendum
1578 1633 1612 1658 ad

968 1680 1060 1706 mortis
1079 1679 1253 1712 opprobrium
1274 1678 1316 1704 Vll
1331 1677 1382 1703 246
1404 1678 1438 1703 95
1457 1691 1493 1696 —
1511 1676 1566 1702 ibat
1579 1676 1612 1701 ad

968 1725 1141 1757 ignominiam
1163 1723 1292 1756 passionis
1304 1723 1377 1748 etad
1397 1722 1508 1754 gloriam
1529 1728 1614 1747 resur·

969 1769 1091 1796 rectionis
1112 1769 1143 1794 Vl
1165 1768 1215 1794 459
1236 1768 1268 1793 23

1023 1829 1058 1833 —
1078 1821 1108 1839 ex
1127 1813 1265 1838 dilectione
1284 1811 1395 1837 moritur
1409 1818 1457 1843 pro
1470 1809 1566 1836 ovibus
1580 1810 1612 1835 Vl

969 1860 1021 1884 386
1043 1860 1084 1884 16.
1113 1858 1163 1884 387
1193 1859 1226 1883 20
1245 1872 1280 1875 -
1301 1856 1530 1882 vehementissima
1550 1855 1614 1881 dile-

970 1904 1055 1930 ctione
1075 1907 1195 1929 mortuus
1214 1905 1252 1928 est
1272 1909 1320 1934 pro
1338 1901 1415 1927 nobis
1442 1900 1493 1926 450
1520 1900 1553 1925 20
1577 1914 1612 1918 —-

971 1944 1099 1978 mortuus
1119 1955 1168 1980 pro
1196 1946 1379 1980 peccatoribus
1398 1946 1488 1971 divina
1506 1945 1612 1971 caritate

972 1993 1024 2018 592
1045 1992 1068 2018 4.
1089 1993 1130 2018 Vll
1153 1992 1202 2017 v153
1223 1992 1266 2017 65.
1288 1991 1338 2016 156
1359 1991 1392 2016 78
1412 2005 1447 2008 -—
1466 1996 1561 2022 passus
1574 1992 1613 2014 est

972 2044 1002 2063 ex
1021 2036 1184 2062 abundantia
1206 2035 1320 2061 caritatis
1340 2035 1381 2060 Vll
1403 2035 1449 2060 331
1474 2034 1508 2059 72
1528 2048 1562 2052 -
1582 2040 1613 2058 ex

973 2088 1063 2107 amore
1090 2080 1204 2106 animam
1225 2080 1313 2111 posuit
1332 2086 1380 2111 pro
1400 2077 1553 2104 hominibus
1580 2077 1612 2103 Vl

975 2125 1026 2151 184
1045 2132 1072 2150 v.
1092 2125 1125 2150 27

1026 2183 1062 2189 —-
1082 2169 1106 2194 in
1126 2169 1248 2201 passione
1267 2169 1382 2201 perfecte
1395 2167 1508 2194 ostendit
1526 2167 1615 2193 carita-

974 2217 1026 2241 tem
1046 2214 1173 2240 effusione
1192 2213 1329 2245 sanguinis
1349 2213 1391 2239 Vll
1407 2213 1452 2238 331
1476 2212 1511 2238 72
1529 2225 1566 2231 -
1584 2219 1615 2237 ex

974 2266 1065 2285 amore
1084 2259 1239 2290 sanguinem
1259 2265 1337 2284 suum
1359 2257 1424 2283 fudit
1437 2256 1500 2283 itn'd.
1516 2256 1566 2282 557
1582 2256 1614 2282 56

974 2318 1009 2324 —
1027 2304 1111 2330 Pietas
1130 2303 1224 2330 Christi
1244 2310 1293 2335 pro
1312 2302 1389 2328 nobis
1409 2301 1505 2327 mortui
1525 2309 1539 2327 a
1553 2301 1617 2327 mul-

975 2350 1008 2375 tis
1026 2356 1078 2375 non
1098 2348 1296 2381 recognoscitur
1315 2347 1367 2374 574
1388 2348 1420 2373 33
1436 2361 1468 2365 -
1483 2346 1568 2378 magis
1580 2346 1617 2371 di-

974 2394 1035 2420 lexit
1053 2394 1163 2420 salutem
1184 2396 1299 2419 nostram
1328 2399 1409 2425 quam
1435 2392 1515 2416 vitam
1541 2397 1616 2416 suam

975 2439 1009 2465 Vl
1029 2438 1079 2464 434
1101 2438 1133 2464 47

1029 2498 1064 2501 -
1083 2490 1130 2515 per
1149 2486 1261 2508 mortem
1280 2481 1361 2508 libere
1375 2484 1508 2513 acceptam
1524 2479 1619 2505 meruit

977 2528 1058 2553 Patris
1077 2527 1242 2553 dilectionem
1264 2527 1295 2552 Vl
1315 2526 1366 2552 388
1386 2527 1419 2551 22
1440 2540 1474 2544 ——
1495 2532 1541 2557 per
1560 2531 1619 2556 pas-

977 2572 1076 2598 sionem
1103 2572 1199 2597 incruit
1217 2571 1364 2596 secundum
1386 2572 1528 2595 humanam
1548 2572 1619 2594 natu-

976 2624 1033 2642 ram
1053 2616 1218 2642 dilectionem
1238 2615 1334 2646 Patris,
1363 2614 1482 2640 faciendo
1508 2621 1559 2639 11011
1585 2613 1619 2638 de

978 2660 1093 2687 indebito
1112 2659 1232 2686 debitum
1252 2667 1300 2685 nec
1320 2659 1353 2684 de
1372 2658 1462 2684 debito
1477 2658 1561 2689 magis
1574 2657 1619 2683 de-

978 2705 1077 2736 bitum,
1096 2705 1142 2730 sed
1163 2703 1281 2730 debitum
1302 2703 1349 2728 alia
1369 2703 1410 2728 via
1431 2706 1456 2728 et
1475 2702 1525 2727 alio
1540 2701 1619 2727 modo

981 2750 1031 2775 389
1053 2750 1086 2774 32

1033 2806 1069 2812 -
1093 2795 1151 2824 post
1179 2791 1328 2824 passionem
1357 2789 1493 2816 exaltatus
1512 2793 1551 2815 est
1578 2790 1619 2815 Vll

980 2836 1032 2862 564
1058 2837 1090 2862 82
1110 2850 1145 2854 ——
1165 2842 1212 2868 per
1240 2842 1345 2861 crucem
1374 2838 1413 2860 est
1437 2835 1562 2860 exaltatus
1589 2835 1620 2859 1”1

983 2881 1032 2906 198
1053 2888 1078 2906 ν.
1106 2880 1122 2906 7
1150 2893 1186 2899 -
1213 2880 1339 2905 exaltatus
1367 2882 1405 2904 est
1432 2885 1480 2910 per
1509 2881 1620 2903 mortem

981 2932 1056 2950 suam
1087 2925 1136 2950 124
1166 2932 1192 2949 ν.
1221 2925 1254 2949 22
1273 2937 1309 2942 -
1326 2923 1418 2949 crescit
1446 2923 1570 2948 exaltatus
1597 2923 1621 2947 in

983 2976 1060 2995 cruce
1080 2970 1131 2995 287
1146 2969 1178 2994 53
1193 2983 1227 2987 -
1242 2969 1334 2994 merito
1354 2967 1481 2999 passionis
1497 2970 1552 2992 erat
1564 2966 1624 2992 sub-

984 3014 1114 3039 limandus
1144 3013 1192 3039 433
1223 3012 1256 3038 44
1276 3027 1310 3030 —
1334 3012 1488 3038 clarificatur
1517 3011 1541 3036 in
1567 3018 1624 3043 pas-

984 3058 1056 3083 sione
1076 3057 1127 3083 470
1147 3058 1179 3083 18
1199 3072 1234 3075 -
1254 3057 1279 3082 111
1300 3056 1420 3088 passione
1439 3056 1534 3081 meruit
1553 3056 1624 3081 clari-

985 3102 1055 3127 ficari
1075 3105 1100 3126 et
1119 3105 1246 3134 quantum
1267 3101 1292 3126 in
1312 3108 1339 3126 se
1359 3100 1510 3126 clarificavit
1538 3100 1623 3125 Domi-

985 3153 1048 3171 num
1070 3145 1119 3170 431
1141 3145 1173 3171 52
1194 3159 1228 3163 —
1248 3145 1339 3170 debuit
1368 3144 1458 3169 venire
1478 3144 1511 3169 ad
1531 3144 1625 3169 exalta-

985 3191 1081 3216 tionem
1111 3196 1157 3221 per
1187 3189 1392 3214 humiliationem
1422 3191 1447 3213 et
1475 3188 1623 3219 passionem

987 3235 1029 3260 Vll
1050 3234 1096 3260 551
1124 3233 1156 3258 40
1175 3246 1210 3252 -
1228 3233 1316 3258 Passio
1344 3236 1383 3257 est
1406 3232 1447 3257 via
1469 3232 1495 3257 in
1514 3232 1624 3263 gloriam

986 3279 1037 3305 234
1057 3278 1090 3304 54
1112 3291 1145 3296 —
1164 3277 1315 3302 clarificavit
1344 3277 1426 3302 Deum
1456 3276 1481 3301 in
1505 3276 1626 3307 passione

986 3331 1034 3356 per
1053 3323 1161 3348 multam
1182 3321 1285 3346 virtutis
1302 3320 1551 3350 manifestationem,
1564 3320 1624 3352 quia

987 3374 1059 3394 mors
1077 3374 1124 3393 sua
1144 3369 1169 3391 et
1187 3365 1276 3397 passio
1304 3365 1380 3391 valde
1405 3365 1451 3390 fuit
1471 3364 1495 3390 in
1516 3364 1626 3396 gloriam

987 3412 1034 3438 Dei
1054 3412 1085 3437 Vl
1107 3410 1157 3436 433
1178 3409 1211 3436 45

1885 301 1951 328 CHR
1972 300 2031 334 (24)

1693 360 1728 366 -
1746 349 1806 378 post
1830 346 1901 372 diem
1930 345 2061 378 passionis
2085 347 2111 371 et
2129 345 2281 378 sepulturae

1638 395 1838 417 consummatus
1851 393 1891 416 est
1904 390 1946 416 die
1959 390 2158 416 resurrectionis
2172 390 2213 415 Vll
2229 390 2280 415 356

1638 436 1672 461 70
1691 449 1727 455 —
1746 435 1902 461 clarificatus
1920 437 1959 460 est
1977 442 1991 460 a
2012 435 2086 460 Patre
2105 441 2152 467 per
2171 434 2281 466 gloriam

1638 479 1838 506 resurrectionis
1859 480 1890 505 Vl
1911 479 1961 505 433
1983 479 2016 504 45

1692 539 1727 543 -
1737 524 1862 550 exaltatur
1873 524 1899 549 in
1910 523 1995 549 crucis
2006 523 2132 555 patibulo,
2146 526 2174 549 ut
2189 530 2283 549 omnes

1639 569 1664 594 in
1683 576 1745 594 eum
1765 569 1921 601 aspicientes
1940 575 1987 600 per
2006 568 2086 593 fidem
2105 571 2229 594 sanentur
2247 567 2283 592 Vi

1641 614 1692 639 282
1712 613 1745 639 24
1767 627 1800 631 -
1819 613 1946 639 exaltatus
1966 619 2013 645 per
2033 612 2181 644 passionem
2196 612 2282 638 crucis

1640 658 1729 683 omnia
1759 658 1837 683 1131111
1855 657 1889 683 ad
1909 664 1937 683 se
1957 664 2004 689 per
2023 657 2102 682 fidem
2123 659 2148 682 et
2167 656 2284 683 01100110-

1639 709 1701 728 nem
1723 702 1774 727 420
1794 701 1826 727 46
1847 716 1881 720 -
1901 701 1979 727 1131111
1997 701 2029 727 ad
2049 708 2077 727 se
2091 708 2175 733 genus
2193 702 2283 727 huma-

1640 754 1704 772 num
1724 753 1859 779 appensus
1878 746 1903 771 in
1923 749 2017 771 statera
2036 746 2123 771 crucis
2142 745 2193 771 567
2213 745 2229 771 5
2280 774 2283 775 .

1694 805 1729 809 —
1749 790 1773 816 in
1793 797 1871 816 cruce
1892 790 2064 822 triumphavit
2083 790 2115 816 vt
2136 789 2187 815 495
2201 790 2234 815 29
2249 804 2284 808 -

1640 849 1675 855 -
1694 839 1733 861 est
1753 836 1894 861 monarcha
1923 834 2015 860 mundi
2044 841 2092 867 per
2112 841 2219 860 crucem
2239 834 2284 860 Vll

1643 881 1693 906 103
1714 881 1748 906 59
2271 911 2275 914 .

1695 938 1731 944 —
1751 924 1775 950 in
1796 924 1917 956 passIOne
1935 924 2009 949 vadit
2022 924 2054 949 ad
2069 924 2169 949 Patrem
2184 924 2218 949 Vl
2232 923 2283 950 348

1644 969 1686 994 48.
1707 968 1758 994 457
1780 969 1789 994 1
1801 969 1806 993 l
1832 982 1866 988 —
1879 969 1913 994 de
1927 975 2032 994 carcere
2046 969 2130 994 earnis
2143 973 2169 994 et
2182 968 2216 994 de
2228 968 2285 993 vin-

1643 1014 1708 1039 culis
1736 1012 1865 1045 passionis
1893 1019 2017 1045 egressus
2045 1015 2083 1038 cst
2110 1012 2143 1038 ad
2171 1019 2285 1045 regnum

1643 1058 1742 1090 gloriae
1761 1057 1879 1083 caelestis
1893 1056 1921 1083 41
1939 1064 1967 1082 ν.
1980 1057 2013 1083 15
2027 1071 2062 1075 —-
2074 1057 2196 1090 relinquit
2212 1064 2286 1083 mun-

1643 1103 1708 1128 dum
1735 1109 1782 1134 per
1808 1101 1957 1133 passionem
1978 1101 2029 1126 465
2050 1100 2082 1126 42
2101 1115 2136 1120 —
2155 1101 2228 1127 vadit
2252 1101 2286 1127 ad

1645 1148 1746 1173 Patrem
1766 1153 1813 1178 per
1829 1146 1970 1178 gloriosam
1984 1145 2204 1171 resurrectionem
2224 1144 2285 1172 z'bz'd.

1644 1205 1680 1211 -—
1698 1190 1818 1217 transivit
1834 1197 1881 1222 per
1900 1190 2049 1222 passionem
2069 1189 2103 1215 ad
2122 1190 2224 1216 Patrem
2243 1190 2286 1215 Vll

1645 1236 1696 1262 540
1717 1237 1732 1261 2
1752 1249 1787 1255 -
1806 1242 1852 1267 per
1872 1234 2021 1267 passionem
2050 1233 2164 1260 debebat
2187 1235 2287 1260 assumi

1646 1281 1670 1306 in
1690 1280 1791 1307 caelum
1807 1283 1865 1311 post
1882 1278 2100 1304 resurrectionem
2120 1278 2171 1304 246
2191 1279 2226 1305 95

1698 1340 1733 1344 --
1754 1324 1881 1350 Divinitas
1904 1323 1998 1350 Christi
2018 1324 2185 1355 cognoscitur
2204 1324 2230 1350 in
2249 1324 2289 1349 in-

1646 1370 1768 1396 firmitate
1787 1368 1918 1401 passionis
1941 1368 1973 1393 Vl
1994 1368 2040 1393 361
2066 1368 2099 1393 38
2118 1381 2153 1387 —
2172 1369 2228 1394 Non
2247 1375 2289 1394 so-

1646 1416 1701 1441 lum
1721 1413 1876 1440 admiranda
1905 1412 2061 1444 magnitudo
2086 1412 2288 1443 miraculorum,

1647 1459 1694 1485 sed
1713 1459 1791 1484 etiam
1813 1457 1944 1483 humilitas
1964 1456 2093 1488 passionis
2112 1457 2155 1482 Vll
2180 1457 2232 1483 242
2255 1457 2288 1482 83

1646 1519 1682 1523 --
1702 1504 1727 1529 111
1747 1503 1869 1535 passione
1883 1502 1930 1527 fuit
1944 1501 2082 1532 minimus,
2096 1501 2162 1527 sicut
2175 1508 2289 1534 granum

1648 1548 1747 1580 sinapis
1774 1547 1918 1573 seminatus
1946 1545 1971 1571 in
2001 1546 2116 1578 mundo,
2143 1546 2216 1579 quod
2243 1552 2290 1578 per

1648 1593 1825 1619 ostensionem
1846 1590 1969 1617 bonitatis
1988 1597 2052 1616 suae
2071 1590 2153 1616 crevit
2172 1591 2197 1616 in
2216 1590 2291 1616 arbo·

1648 1645 1704 1663 rem
1725 1638 1752 1663 in
1772 1643 1849 1662 cruce
1871 1636 1900 1660 Vl
1916 1635 1967 1660 553
1988 1635 2002 1660 3
2016 1649 2051 1652 -
2065 1635 2089 1660 111
2103 1635 2225 1666 passione
2239 1641 2291 1660 ma-

1649 1683 1717 1708 xime
1736 1681 1849 1707 ostendit
1869 1679 2011 1705 bonitatem
2031 1686 2106 1704 suam
2120 1679 2181 1706 ibid.
2195 1693 2230 1699 -
2244 1686 2290 1711 per

1650 1727 1798 1759 passionem
1818 1725 1891 1751 dedit
1918 1724 2066 1756 exemplum
2095 1724 2222 1750 virtutum
2248 1723 2291 1749 Vll

1650 1772 1702 1798 595
1723 1772 1756 1797 33
1777 1785 1812 1790 —
1830 1770 1855 1796 in
1876 1769 1998 1802 passione
2017 1768 2133 1794 ascendit
2151 1771 2210 1794 anto
2228 1775 2289 1799 nos¹

1650 1820 1678 1842 ut
1698 1816 1745 1842 iter
1764 1815 1841 1841 nobis
1860 1814 1996 1846 expediret
2015 1813 2121 1838 ferendo
2135 1820 2247 1845 poenam
2266 1816 2291 1838 et

1649 1860 1781 1886 vincendo
1810 1865 1927 1892 pugnam
1957 1857 2128 1889 impedientes
2152 1864 2290 1883 ascensum

1650 1905 1682 1931 Vl
1697 1906 1743 1930 621
1769 1905 1784 1929 3
1804 1919 1838 1922 —
1853 1905 1880 1929 ln
1893 1901 1987 1929 Christi
2001 1901 2122 1933 passione
2135 1901 2231 1927 iustitia
2244 1901 2290 1926 im-

1650 1950 1717 1981 pleta
1738 1951 1777 1974 cst
1795 1951 1820 1974 et
1839 1947 1962 1980 iniquitas
1981 1945 2064 1971 deleta
2086 1946 2126 1971 Vll
2141 1945 2192 1972 545
2206 1945 2241 1972 24
2255 1959 2290 1964 -

1652 1994 1677 2019 111
1696 1993 1818 2025 passione
1837 1992 1965 2017 illuminat
1983 1990 2016 2016 ad
2031 1989 2195 2021 patientiam,
2209 1990 2235 2015 in
2249 1989 2291 2015 de-

1650 2045 1743 2063 scensu
1763 2037 1796 2063 ad
1816 2037 1912 2062 inferos
1930 2035 1964 2061 ad
1984 2034 2200 2065 misericordiam,
2213 2034 2238 2060 in
2251 2041 2292 2060 se-

1651 2083 1742 2114 pulcro
1762 2082 1795 2108 ad
1816 2088 1923 2114 pacem,
1944 2080 1969 2105 111
1989 2079 2180 2104 resurrectione
2203 2079 2236 2104 ad
2256 2078 2292 2102 vi-

1652 2130 1692 2152 tae
1711 2127 1869 2157 novitatem,
1899 2125 1922 2150 in
1949 2123 2102 2150 ascensione
2130 2123 2163 2149 ad
2189 2123 2293 2149 deside-

1650 2171 1720 2197 1111111
1739 2174 1907 2197 aeternorum
1927 2169 1959 2194 Vl
1979 2168 2031 2193 302
2051 2168 2084 2193 83
2105 2167 2160 2201 (82)

1705 2231 1740 2234 -
1760 2215 1898 2241 crucifixus
1926 2216 1965 2239 est
1987 2213 2093 2244 signum
2112 2212 2203 2238 datum
2223 2211 2293 2238 Chri·

1653 2260 1742 2286 stianis
1771 2260 1813 2286 1“11
1839 2259 1890 2285 300
1920 2258 1953 2283 69
1975 2271 2008 2276 —-
2028 2256 2115 2282 Passio
2134 2256 2230 2282 Christi
2254 2259 2293 2282 est

1653 2305 1774 2337 signum,
1793 2304 1865 2337 qnod
1884 2304 2030 2335 sequuntur
2049 2307 2113 2326 oves
2132 2301 2164 2326 Vi
2185 2301 2235 2327 583
2256 2301 2271 2325 9

1706 2364 1741 2367 -
1761 2339 1924 2380 significatus
1952 2349 1991 2371 est
2009 2352 2056 2377 per
2075 2348 2224 2377 serpentem
2251 2351 2294 2370 ac-

1656 2401 1735 2419 ncum
1757 2394 1788 2418 Vl
1803 2393 1849 2418 211
1875 2400 1900 2417 v.
1919 2392 1946 2417 7.
1968 2389 2018 2416 487
2039 2389 2072 2414 56
2086 2404 2120 2408 -
2133 2390 2189 2415 01115
2206 2388 2293 2421 passio

1655 2438 1850 2471 praefiguratur
1868 2437 1894 2463 in
1912 2437 2035 2467 serpente
2062 2441 2143 2460 aeneo
2173 2434 2224 2460 282
2251 2432 2293 2464 24,

1656 2483 1698 2508 25.
1719 2483 1769 2507 283
1790 2482 1823 2507 28
1842 2495 1878 2500 -
1896 2480 1953 2506 eius
1982 2485 2053 2504 mors
2081 2478 2244 2510 figurabatur
2270 2478 2295 2502 in

1656 2528 1751 2559 pascha
1772 2526 1860 2558 typico
1881 2525 1922 2550 Vll
1942 2523 1993 2549 540
2014 2523 2029 2548 2
2048 2537 2084 2540 —
2102 2530 2148 2548 sua
2175 2522 2295 2554 passione

1656 2571 1775 2602 implevit
1800 2569 1861 2602 agni
1890 2567 2020 2601 paschalis
2049 2567 2295 2598 praefigurationem

1656 2615 1708 2641 545
1728 2616 1761 2640 22
1781 2627 1817 2633 -
1836 2613 1923 2639 Passio
1952 2610 2046 2637 Christi
2070 2611 2231 2642 significatur
2250 2617 2297 2643 per

1657 2659 1756 2691 piscem
1777 2658 1829 2684 289
1849 2659 1881 2683 39
1901 2670 1936 2676 --
1956 2655 2044 2681 Passio
2063 2654 2156 2682 Christi
2170 2656 2298 2688 figuratur

1657 2703 1682 2728 in
1711 2702 1779 2728 rubo
1802 2702 1853 2727 516
1875 2701 1907 2726 44
1928 2714 1962 2719 -—
1982 2699 2070 2725 Passio
2090 2699 2183 2725 Christi
2203 2699 2298 2725 dicitur

1658 2747 1819 2778 baptismus,
1838 2746 1899 2779 quia
1920 2745 1946 2770 in
1965 2744 2021 2770 eius
2037 2744 2166 2775 sanguine
2180 2744 2298 2776 purinca-

1659 2798 1717 2816 mur
1737 2790 1812 2823 quasi
1832 2790 1857 2815 in
1882 2790 1987 2815 lavacro
2012 2787 2161 2819 baptismali
2186 2788 2233 2813 331
2262 2786 2292 2812 ’71

1658 2849 1692 2853 -—
1712 2835 1736 2860 in
1756 2834 1877 2866 passione
1897 2833 1943 2859 fuit
1958 2831 2116 2864 baptizatus,
2136 2832 2197 2865 qnia
2216 2834 2297 2857 totuin

1658 2886 1755 2910 corpus
1774 2878 1831 2904 eius
1851 2878 1898 2904 fuit
1918 2879 1966 2902 boc
1986 2876 2113 2907 sanguine
2137 2875 2298 2902 rubricatum

1660 2922 1720 2949 ibid.
1739 2936 1774 2942 ·—·
1787 2923 1874 2948 Passio
1894 2924 2062 2953 comparatur
2083 2919 2298 2952 baptism0,quia

1660 2967 1707 2992 fuit
1721 2966 1888 2997 universalis,
1902 2965 1984 2995 calici,
1998 2964 2058 2996 quia
2075 2964 2120 2989 fuit
2139 2963 2299 2993 voluntaria,

1661 3011 1798 3042 torculari,
1817 3010 1877 3042 quia
1898 3009 1945 3034 fuit
1967 3007 2134 3034 acerbissima
2161 3012 2186 3034 et
2211 3007 2300 3040 gravis

1662 3054 1724 3081 ibid.

1715 3114 1749 3117 —
1770 3101 1889 3124 mortuus
1908 3100 1947 3122 est
1966 3103 2014 3128 pro
2034 3096 2239 3128 transgressione
2258 3101 2300 3126 ge-

1662 3143 1732 3168 neris
1751 3142 1857 3168 humani
1877 3141 1922 3166 Vll
1942 3141 1992 3167 573
2013 3141 2055 3170 32,
2075 3141 2107 3165 33
2127 3154 2162 3159 -
2182 3142 2300 3165 mortuus

1662 3191 1701 3213 est
1721 3194 1768 3219 pro
1789 3186 1903 3218 peccatis
1922 3185 2017 3210 nostris
2030 3183 2063 3209 ib.
2076 3184 2109 3209 33
2129 3199 2163 3202 -
2183 3184 2231 3209 Per
2245 3190 2300 3215 pas-

1662 3232 1763 3257 sionem
1784 3230 1876 3256 Christi
1905 3229 2103 3255 reconciliamur
2123 3228 2176 3253 1)οο
2196 3227 2247 3254 595
2268 3227 2301 3252 33

1662 3289 1697 3294 -
1716 3275 1818 3300 00015115
1837 3277 1876 3300 051
1894 3276 2002 3306 propter
2021 3275 2171 3305 peccatores
2197 3271 2247 3296 400
2269 3269 2300 3295 46

1663 3334 1697 3337 -
1717 3323 1837 3344 mortuus
1856 3321 1895 3344 est
1913 3325 1961 3349 pro
1981 3316 2098 3343 sanando
2115 3316 2183 3341 malo
2203 3314 2302 3347 peccati

1664 3364 1697 3388 Vl
1718 3363 1764 3388 591
1789 3364 1804 3388 2
1824 3377 1859 3381 -
1878 3362 1969 3387 volens
1989 3361 2076 3394 puniri
2096 3367 2144 3392 pro
2163 3362 2248 3385 nostra
2263 3365 2303 3383 sa-

1664 3407 1724 3437 lute,
1737 3410 1856 3432 mortuus
1869 3410 1908 3432 est
1921 3413 1969 3439 pro
1982 3405 2077 3431 nostris
2095 3403 2236 3430 sceleribus
2249 3403 2304 3428 sine
