2476 3921
730 202 923 235 COMMENT.
950 203 985 234 lN
1010 202 1247 235 EVANGELIUM
1271 201 1388 234 LUCAE
1413 202 1444 234 C.
1470 202 1542 234 Vlll.
2074 201 2135 234 193

151 295 305 338 promittit
317 298 348 328 et
359 294 554 327 obedientem
572 292 727 335 perducit,
745 291 918 325 secundum
935 290 1012 323 illud
1026 291 1109 323 loan-

150 348 199 381 nis
222 347 350 390 quinto:
380 359 395 375 α
412 345 599 379 Scrutamini
625 344 818 387 Scripturas,
843 344 918 386 quia
941 352 996 375 vos
1021 346 1111 385 puta-

150 401 190 434 tis
214 400 246 433 in
269 400 352 442 ipsis
369 400 464 432 vitam
490 402 648 432 aeternam
675 398 792 431 habere
810 411 838 429 u.
865 397 909 429 De
940 397 990 429 his
1014 396 1111 438 igitur

150 448 224 487 dicit
247 453 399 495 Apostolis
424 452 599 494 specialiter
623 454 654 484 et
669 451 852 484 discretive:
883 450 976 482 Vobis
992 450 1111 482 datum

149 511 214 546 est,
238 507 314 549 quia
337 506 394 548 ipsi
420 506 458 538 ad
483 506 542 538 hoc
565 505 653 538 electi
678 505 826 542 fuerunt;
845 504 967 536 loannis
990 503 1112 536 decimo

150 559 261 602 quinto
275 561 300 592 ¹:
323 572 339 589 α
357 559 418 592 Vos
434 563 540 591 autem
556 558 621 590 dixi
640 558 756 590 amicos
767 583 774 596 ,
791 557 866 599 quia
882 556 997 594 omnia,
1015 565 1111 598 quae-

150 621 286 655 cumque
311 612 415 645 audivi
446 621 465 643 a
497 611 586 643 Patre
610 619 697 649 meo,
722 613 796 642 nota
823 610 880 642 feci
913 609 1002 642 vohis
1020 623 1049 641 ».
1076 610 1112 641 Et

150 666 309 708 signanter
340 665 416 697 dicit
446 664 582 703 datum,
614 673 675 696 non
708 663 894 701 venditam,
919 666 955 695 ut
978 663 1110 705 gratiam

149 727 373 762 agnoscamus;
409 717 553 750 Matthaei
589 717 728 750 decimo:
763 729 778 746 α
795 716 898 749 Gratis
929 717 1111 758 accepistis,

149 772 247 815 gratis
269 772 340 805 date
356 784 387 810 »;
412 772 528 804 datum
554 771 647 804 etiam
660 797 667 809 ,
683 776 745 803 non
764 770 940 808 innatum;
965 770 1046 803 infra
1066 770 1112 803 vi-

149 825 267 869 gesimo
290 825 410 867 primo:
440 838 456 853 «
474 824 535 866 Ego
559 824 641 857 enim
665 824 747 856 dabo
771 824 859 857 vobis
882 833 917 857 os
941 828 972 857 et
989 824 1112 866 sapien-

149 879 224 912 tiam
241 890 272 917 »;
304 878 440 917 datum,
473 887 535 911 non
568 877 796 921 acquisitum;
828 877 926 910 lacobi
961 878 1110 919 prim02:

155 946 171 962 «
186 932 286 977 Omne
309 932 419 965 datum
441 932 597 974 optimum
620 935 651 964 et
675 940 767 964 omne
789 931 908 964 donum
937 931 1110 973 perfectum

149 986 317 1019 desursum
341 989 388 1018 est
411 985 603 1018 descendens
625 995 643 1017 a
668 985 757 1018 Patre
775 985 931 1018 luminum
950 999 979 1017 ».
1000 985 1030 1017 ln
1054 986 1112 1018 hoc

149 1047 242 1081 ergo,
267 1038 350 1080 quod
375 1038 570 1070 familiariter
594 1038 669 1070 dicit
685 1047 739 1071 eos
756 1038 962 1080 praeelectos,
988 1038 1112 1071 confor—

150 1095 212 1131 tat,
236 1100 276 1124 ne
299 1091 445 1128 deficiant
468 1092 507 1124 ab
540 1091 745 1134 inquirendo;
771 1092 852 1124 infra
882 1092 1110 1124 duodecimoss:

155 1158 170 1174 «
186 1145 285 1178 Nolite
310 1145 435 1184 timere,
452 1145 587 1186 pusillus
603 1154 701 1187 greiz,
726 1145 801 1187 quia
824 1145 1013 1187 complacuit
1030 1146 1111 1178 Patri

149 1202 254 1231 vestro
277 1198 353 1231 dare
377 1199 465 1231 vobis
489 1207 621 1240 regnum
640 1212 669 1230 ».

241 1253 290 1284 16.
327 1252 446 1293 Quarto
478 1261 553 1284 vero
584 1256 739 1294 quantum
768 1252 805 1285 ad
838 1252 1030 1285 iudicialem
1061 1262 1112 1285 re-

22 1313 130 1341 Quartum.
146 1305 376 1348 probationem
400 1304 631 1337 humiliantem
655 1306 835 1348 subiungit:
856 1305 976 1338 Ceteris
1000 1310 1111 1338 aulem

149 1359 184 1391 in
205 1358 396 1400 parabolis,
414 1358 532 1391 scilicet
549 1359 677 1400 supple:
695 1359 805 1391 datum
829 1363 876 1391 est
900 1368 1008 1398 nosse,
1027 1360 1111 1401 quod

149 1412 254 1454 potius
286 1414 333 1444 est
365 1406 528 1454 ignorare;
555 1412 649 1444 isaiae
681 1412 832 1454 vigesimo
862 1414 1015 1445 octavo4:
1047 1413 1110 1445 «ln

148 1465 273 1508 loquela
298 1465 413 1504 labii»,
438 1465 556 1498 scilicet
578 1465 765 1504 exterioris,
795 1479 810 1494 «
828 1470 859 1499 et
882 1466 913 1498 in
939 1466 1045 1508 lingua
1068 1467 1112 1499 al-

149 1523 218 1552 tera
241 1519 352 1561 loquar
375 1519 413 1551 ad
438 1519 590 1561 populum
615 1519 754 1552 istum».
781 1520 816 1552 Et
842 1520 901 1552 hoc
929 1520 1001 1552 facit
1030 1520 1112 1553 iusto

149 1582 207 1605 suo
231 1573 363 1611 iudicio,
388 1582 452 1614 quo
475 1582 536 1605 non
562 1573 630 1605 vult
654 1573 887 1606 communicare
916 1577 1023 1606 sancta
1057 1574 1113 1606 irn-

148 1626 292 1665 mundis,
318 1626 490 1659 secundum
517 1626 595 1658 illud
630 1627 775 1659 Matthaei
801 1627 950 1669 septimo:
981 1640 996 1655 «
1014 1627 1112 1660 Nolite

149 1683 291 1713 sanctum
316 1680 392 1712 dare
416 1680 546 1712 canibus
562 1693 592 1711 ».
618 1698 657 1703 —
687 1680 722 1712 Et
746 1680 914 1722 propterea
930 1680 1050 1713 subdit:
1074 1680 1113 1712 Ut

148 1734 291 1766 videntes
328 1743 394 1765 non
418 1733 570 1770 videant;
593 1737 631 1765 ut
654 1743 716 1765 non
752 1737 799 1766 est
823 1733 863 1766 ibi
889 1734 1032 1773 causale,
1058 1734 1110 1767 sed

149 1787 404 1825 consecutivum,
422 1787 503 1819 sicut
521 1786 641 1819 loannis
658 1796 740 1819 nono
753 1786 781 1818 ⁵:
804 1800 819 1815 «ι
837 1787 869 1819 ln
886 1787 1037 1820 iudicium
1055 1797 1112 1830 ego

149 1840 219 1873 veni
237 1840 267 1873 in
286 1841 371 1873 hunc
387 1839 540 1872 mundum
552 1866 559 1878 ,
576 1843 612 1872 ut
635 1840 689 1882 qui
715 1849 776 1872 non
802 1840 908 1873 vident
924 1840 1063 1880 videant,
1081 1844 1113 1873 et

149 1893 204 1936 qui
228 1893 334 1926 vident
358 1893 441 1925 caeci
465 1893 542 1925 fiant
559 1906 588 1924 ».
615 1893 650 1924 Et
673 1893 733 1926 hoc
750 1893 901 1926 iudicium
918 1893 1112 1935 praedicitur

149 1947 244 1980 Isaiae
268 1946 418 1988 vigesimo
442 1955 541 1978 nono:
572 1959 588 1974 «
604 1946 733 1979 Claudet
758 1946 911 1979 Dominus
934 1947 1043 1979 oculos
1060 1955 1112 1979 ve-

149 2003 245 2039 stros;
271 2000 440 2042 prophetas
464 2003 495 2032 et
519 1999 677 2041 principes
701 2004 832 2038 vestros,
858 2000 912 2042 qui
936 2000 1042 2032 vident
1066 2000 1112 2033 vi-

149 2054 266 2092 siones,
290 2053 419 2095 operiet.
438 2053 473 2085 Et
496 2053 557 2085 erit
572 2052 661 2085 vobis
678 2053 755 2085 visio
772 2053 895 2085 Domini
913 2053 995 2085 sicut
1016 2053 1112 2086 verba

149 2108 219 2141 libri
245 2107 355 2149 signati
374 2120 403 2138 ι).
429 2107 494 2139 Non
518 2110 566 2139 est
589 2106 794 2139 contradictio
817 2106 848 2138 in
867 2107 941 2145 hoc,
958 2106 1042 2149 quod
1065 2107 1112 2139 di-

150 2161 208 2194 cit:
240 2161 279 2193 Ut
303 2161 444 2193 videntes
474 2169 541 2192 non
575 2159 726 2198 videant,
751 2159 826 2202 quia
849 2160 989 2201 primum
1014 2159 1112 2192 reser-

150 2218 204 2248 tur
227 2214 267 2247 ad
290 2214 393 2247 visum
417 2213 625 2252 exteriorem,
650 2213 823 2246 secundum
847 2213 886 2245 ad
910 2213 1111 2252 interiorem,

150 2268 324 2302 secundum
348 2267 424 2300 illud
450 2267 543 2300 Isaiae
567 2266 807 2309 quadragesimo
832 2266 967 2299 terti062
998 2266 1112 2299 «Educ

150 2321 234 2354 foras
258 2321 410 2363 populum
435 2329 562 2353 caecum
587 2323 617 2352 et
641 2320 748 2352 oculos
777 2320 945 2352 habentem
977 2323 1008 2352 et
1040 2328 1111 2352 sur-

150 2375 244 2413 dum,
268 2378 300 2407 et
322 2383 417 2407 aures
451 2374 478 2407 ei
515 2377 635 2407 sunt».
661 2373 697 2405 Et
726 2374 784 2406 hoc
815 2373 953 2415 explicat
977 2382 1112 2415 sequens

151 2428 309 2461 clausula:
330 2429 367 2460 Et
379 2428 550 2460 audientes
562 2437 629 2460 non
644 2426 848 2469 intelliyant;
866 2426 959 2459 isaiae
976 2430 1068 2459 sexto
1081 2426 1110 2458 ⁷:

156 2494 171 2509 α
189 2481 329 2514 Excaeca
352 2490 406 2514 cor
430 2481 537 2523 populi
562 2480 659 2513 huius
682 2484 713 2513 et
729 2489 823 2513 aures
840 2480 908 2513 eius
931 2489 1066 2522 aggrava
1079 2492 1110 2519 »;

1175 293 1206 322 et
1230 290 1344 323 ibidem
1369 290 1533 322 subditur:
1557 291 1722 323 «Auribus
1745 291 1851 323 audite
1874 295 1905 323 et
1928 292 2023 324 nolite
2047 292 2136 324 intel-

1175 343 1271 385 ligere
1288 357 1318 375 ».
1344 343 1430 376 Unde
1454 344 1570 376 dicitur
1594 344 1749 376 secundae
1774 345 1811 376 ad
1830 345 2008 378 Corinthios
2026 345 2135 377 tertio:

1181 408 1196 423 «
1213 396 1318 437 Usque
1342 395 1373 427 in
1398 396 1587 428 hodiernum
1604 396 1703 435 diem,
1721 397 1797 429 dum
1823 397 1981 438 legeretur
2006 399 2136 439 Moyses,

1176 448 1318 480 velamen
1343 451 1390 480 est
1414 448 1550 489 positum
1576 458 1672 490 super
1697 458 1750 481 cor
1775 458 1884 482 eorum
1902 464 1932 482 ».
1961 451 1994 483 Et
2019 451 2077 483 hoc
2094 451 2137 482 fa-

1177 502 1263 533 ctum
1287 503 1334 533 est
1357 500 1463 533 divino
1487 500 1619 539 iudicio,
1645 502 1817 534 secundum
1838 503 1912 535 illud
1930 503 1966 535 ad
1986 504 2138 536 Romanos

1176 553 1385 585 undecimo⁸z
1416 554 1524 586 «Nolo
1558 563 1612 586 vos
1643 554 1807 595 ignorare,
1832 556 1963 594 fratres,
1989 557 2063 598 quia
2098 566 2138 589 ex

1177 610 1266 648 parte
1298 607 1431 639 caecitas
1467 607 1596 649 contigit
1632 607 1661 639 in
1700 608 1812 647 lsrael,
1848 609 1946 642 donec
1979 610 2140 651 plenitudo

1176 660 1316 702 gentium
1343 660 1522 693 intraret».
1550 661 1584 693 Et
1602 661 1660 694 hoc
1689 662 1781 694 debet
1811 671 1920 695 omnes
1957 664 2139 702 humiliare,

1177 713 1351 747 secundum
1375 714 1459 756 quod
1484 714 1598 747 ibidem
1622 715 1755 747 dicitur:
1787 729 1802 743 «
1820 717 1883 748 Noli
1902 717 1999 749 altum
2018 726 2139 759 sapere,

1177 767 1230 800 sed
1255 767 1339 800 time.
1365 767 1394 800 Si
1430 767 1512 800 enim
1550 768 1633 801 Deus
1658 769 1855 801 naturalibus
1880 770 1976 802 ramis
2001 780 2061 803 non
2088 780 2140 813 pe-

1177 821 1294 862 percit,
1312 830 1352 853 ne
1368 821 1449 854 forte
1466 830 1522 854 nec
1541 821 1594 854 tibi
1614 826 1721 863 parcat
1739 837 1767 854 ».
1783 842 1826 846 ——
1840 823 1874 855 Et
1889 824 1964 856 haee
1979 824 2141 858 humilitas
2162 827 2289 849 Notandum-

1176 878 1224 908 est
1247 879 1425 917 opportuna
1449 879 1480 908 et
1504 876 1704 917 praeambula
1738 877 1775 908 ad
1812 877 2046 919 intelligentiam
2073 888 2139 919 niv-

1176 927 1361 966 steriorum‚
1386 928 1461 970 quia
1484 928 1599 961 dicitur
1624 930 1768 962 Matthaei
1796 930 2002 963 undecimo⁹:
2033 945 2047 960 «
2067 933 2140 965 Abs-

1176 981 1306 1014 condisti
1333 982 1410 1014 haec
1434 991 1451 1014 a
1483 983 1677 1024 sapientibus
1701 990 1732 1016 et
1764 984 1973 1026 prudentibus
1997 990 2027 1018 et
2053 995 2140 1019 reve-

1176 1035 1244 1068 lasti
1269 1044 1305 1068 ea
1329 1035 1470 1077 parvulis
1487 1049 1516 1067 ».

1290 1149 1405 1176 Secundo
1423 1150 1530 1185 ponitur
1548 1151 1698 1179 informatio
1717 1153 1860 1187 apostolica
1879 1154 1905 1180 in
1925 1155 2024 1189 apertis

1534 1195 1642 1231 eloquiis
1660 1205 1705 1231 per
1724 1198 1779 1224 duo.

1269 1304 1318 1335 17.
1344 1303 1445 1344 (Vers.
1467 1304 1541 1343 lt).
1563 1305 1619 1336 E'st
1635 1309 1747 1337 autem.
1764 1304 1843 1338 llaec
1856 1307 2033 1348 parabola.
2054 1309 2137 1342 Post-

1176 1365 1271 1398 quam
1296 1357 1468 1398 praemissa
1490 1361 1537 1390 est
1561 1357 1728 1391 instructio
1753 1360 1929 1400 parabolica
1952 1361 1982 1393 in
2008 1363 2139 1396 occultis

1176 1410 1352 1451 mysteriis,
1377 1410 1523 1452 sequitur
1547 1411 1684 1443 secunda
1701 1421 1774 1453 pars
1791 1413 1933 1454 capituli,
1952 1415 1981 1446 in
2008 1425 2070 1457 qua
2086 1416 2139 1449 de-

1177 1463 1328 1496 scribitur
1352 1462 1548 1505 informatio
1572 1465 1754 1506 apostolica
1779 1466 1814 1498 in
1839 1468 1965 1509 apertis
1988 1468 2136 1512 eloquiis.

1177 1517 1256 1549 Haec
1279 1520 1385 1549 autem
1412 1526 1486 1559 pars
1510 1517 1604 1550 habet
1628 1518 1707 1551 duas
1731 1520 1920 1561 particulas,
1946 1521 1976 1553 in
2002 1532 2139 1564 quarum
2161 1527 2250 1548 Divisio-

1176 1570 1279 1612 prima
1302 1571 1509 1603 erudiuntur
1532 1571 1579 1603 ad
1603 1572 1797 1605 intellectum
1818 1574 2024 1615 parabotae‚·
2045 1577 2076 1608 in
2093 1586 2140 1610 se-

1176 1624 1280 1657 cunda
1304 1624 1494 1657 invitantur
1517 1625 1564 1657 ad
1594 1627 1927 1660 communicationem
1951 1629 2140 1670 doetrinae,

1177 1677 1219 1710 ibi
1234 1678 1276 1710 1⁰:
1292 1677 1393 1710 Nemo
1410 1682 1522 1711 autem
1535 1679 1707 1711 lucernam
1721 1680 1902 1712 accendens
1915 1685 1973 1714 etc.
1985 1701 2026 1705 —
2037 1683 2142 1724 Quan-
2155 1687 2245 1734 ἀρτίως.
2262 1693 2308 1708 em·

1177 1735 1244 1764 tum
1269 1731 1307 1763 ad
1332 1732 1582 1773 explicationem
1596 1732 1781 1774 parabolae
1797 1734 2039 1774 attendendum,
2057 1737 2141 1778 quod
2158 1716 2308 1761 13i¹3113.¹'⁰⁵‘⁰'

1177 1785 1280 1826 primo
1303 1785 1441 1827 explicat
1465 1794 1533 1817 eam
1556 1786 1775 1827 yeneraliter,
1800 1787 1910 1820 deinde
1934 1789 2142 1830 specialiter,

1176 1838 1219 1871 ibi
1234 1840 1278 1870 ¹¹:
1306 1839 1372 1879 Qui
1395 1843 1506 1871 autem
1529 1848 1623 1871 secu-5
1647 1839 1747 1872 viam.

1266 1892 1347 1925 Dic-it
1381 1901 1457 1934 ergo
1493 1893 1610 1934 primo,
1643 1893 1732 1935 quasi
1767 1894 1952 1936 yeneralem
1984 1896 2141 1937 quandam
2153 1900 2308 1948 ⁰⁰35532292·

1176 1946 1381 1978 intentionem
1405 1946 1572 1987 parabolae
1596 1947 1816 1987 praemittens:
1844 1948 1899 1979 Est
1924 1952 2034 1981 aulem
2063 1948 2142 1983 liaeo
2166 1953 2288 1980 expsscatio-

1172 1998 1361 2041 parabola,
1385 1999 1416 2031 id
1440 2002 1504 2038 est,
1530 1999 1581 2032 hic
1605 2003 1652 2032 est
1683 2000 1861 2033 intellectus
1896 2002 2079 2042 parabolae,
2105 2007 2141 2036 ut

1177 2055 1281 2093 posset
1304 2051 1409 2084 dicere
1426 2051 1504 2084 illud
1521 2052 1643 2085 loannis
1666 2052 1787 2085 decimo
1811 2057 1902 2086 sexto
1917 2054 1960 2086 ¹2:
1984 2068 1999 2083 «
2013 2055 2091 2088 Haec
2108 2056 2139 2088 in

1175 2105 1352 2147 proverbiis
1377 2105 1502 2138 locutus
1526 2114 1596 2138 sum
1621 2106 1718 2138 vobis.
1746 2106 1836 2139 Venit
1861 2107 1953 2145 hora,
1980 2117 2052 2140 cum
2078 2109 2138 2141 iam

1176 2159 1279 2201 palam
1303 2158 1341 2191 de
1365 2159 1455 2191 Patre
1479 2168 1549 2191 meo
1579 2159 1773 2192 annuntiabo
1797 2160 1886 2193 vobis
1902 2174 1932 2192 υ.
1957 2180 2000 2184 -
2026 2162 2141 2195 Semen

1176 2216 1221 2244 est
1244 2211 1381 2244 verbum
1407 2212 1474 2244 Dei.
1502 2212 1553 2245 Est
1576 2215 1682 2245 autem
1705 2213 1849 2246 divinum
1874 2223 1980 2247 semen
2005 2215 2140 2248 verbum

1176 2266 1249 2305 Dei,
1273 2266 1348 2308 quia
1372 2275 1429 2308 per
1464 2266 1542 2301 illud
1578 2266 1791 2305 renascimur,
1817 2271 1853 2300 ut
1890 2268 2003 2301 fiamus
2027 2269 2139 2308 divini3

1176 2319 1276 2352 lacobi
1301 2319 1404 2361 primo
1418 2319 1461 2351 ¹⁸:
1493 2332 1508 2347 α
1526 2319 1709 2352 Voluntarie
1733 2321 1842 2362 genuit
1866 2330 1923 2353 nos
1944 2322 2041 2354 verbo
2058 2322 2141 2354 veri-

1176 2372 1291 2405 tatis».
1318 2390 1359 2395 —
1384 2372 1477 2405 quta
1501 2376 1639 2414 quatuor
1662 2373 1805 2406 membra
1829 2374 1859 2406 in
1878 2375 2026 2416 parabola
2051 2384 2141 2416 prae-
2173 2378 2285 2426 ³¹³⁰ff³02¹252

1175 2426 1271 2459 missa
1293 2429 1431 2468 quatuor
1447 2425 1612 2468 distinguit
1627 2427 1807 2462 auditorum
1825 2437 1957 2470 genera,
1975 2429 2006 2461 in
2024 2429 2141 2470 quibus
2159 2412 2293 2480 ηἶῖἓὲῐαυε-

1175 2479 1384 2513 diversimode
1409 2480 1580 2522 suscipitur
1605 2490 1709 2513 semen
1735 2481 1913 2514 divinornm
1931 2483 2141 2525 eloquiorum,
2207 2466 2219 2480 u
2248 2475 2252 2479 ’

224 2676 231 2690 ¹
254 2678 328 2702 Vers.
349 2676 390 2702 45.
409 2677 520 2702 —Duo
539 2683 614 2709 seqq.
633 2676 681 2702 loci
705 2679 767 2702 sunt
785 2677 871 2702 Matth.
893 2677 940 2709 ⁴0,
962 2677 984 2701 8.
1005 2679 1030 2701 et
1053 2678 1115 2702 Luc.

152 2723 180 2748 24
193 2743 199 2754 ‚
219 2722 261 2747 ⁴5.
280 2736 315 2741 —
334 2722 443 2747 Inferius
461 2728 509 2753 pro
529 2728 584 2747 non
602 2720 728 2747 innatum
748 2721 805 2747 Vat.
824 2728 879 2747 non
897 2723 1062 2747 mutuatum.

224 2764 234 2780 ²
255 2766 328 2791 Vers.
350 2765 392 2791 47.

224 2808 234 2823 ³
255 2810 328 2835 Vers.
350 2810 391 2835 32.

223 2854 234 2869 ⁴
255 2856 326 2880 Vers.
346 2853 438 2879 44.”-
452 2854 568 2880 Subinde
587 2854 714 2886 allegatur
727 2855 812 2880 Matth.
832 2855 863 2886 7,
884 2855 907 2880 6.
923 2869 956 2873 -
969 2856 1059 2881 Glossa
1078 2855 1117 2881 in-

153 2898 305 2925 terlinearis
325 2898 480 2931 (secundum
497 2898 604 2931 Bedam)
619 2898 643 2923 in
656 2899 718 2923 Luc.
733 2899 763 2929 8,
779 2899 824 2923 ι1οε
840 2898 953 2930 Ceteris,
970 2909 983 2922 «
993 2900 1040 2932 qui
1053 2899 1115 2925 foris

153 2947 250 2975 sunt»,
271 2947 299 2968 ut
317 2944 419 2969 Marcus
439 2942 474 2976 [4,
495 2942 547 2976 Μ.]
569 2943 617 2974 ait,
636 2942 682 2975 qui
703 2950 788 2975 neque
801 2943 894 2969 intueri
914 2949 1001 2976 neque
1019 2951 1116 2976 cogno-

154 2993 227 3012 scere
252 2990 344 3012 curant
368 2987 513 3012 veritatem.
534 3000 569 3006 —-
589 2987 696 3012 interius
722 2994 769 3018 pro
795 2987 998 3014 communicare
1019 2989 1115 3014 sancta

153 3030 172 3057 C
184 3031 264 3056 DFG
284 3030 485 3057 communicare
503 3030 663 3064 sacrata'OE
681 3033 785 3058 secreta
805 3030 945 3065 indignis).

225 3073 236 3088 ⁶
257 3075 331 3100 Vers.
351 3076 398 3107 39,
418 3080 477 3107 post
495 3083 574 3108 quem
596 3076 651 3101 lsai.
672 3076 719 3106 29,
741 3077 781 3101 lo.
800 3083 855 3113 seq.
876 3090 910 3095 —
931 3077 967 3102 De
986 3077 1113 3108 particula

154 3121 187 3146 ut
202 3120 248 3145 cfr.
269 3122 332 3144 tom.
351 3119 393 3145 Vl.
413 3126 474 3151 pag.
495 3120 559 3152 382,
579 3124 639 3146 nota
660 3121 683 3145 l.
703 3119 784 3145 verba
804 3120 952 3152 Chrysost.;
971 3121 1033 3147 vide
1051 3121 1114 3146 ibid.

155 3170 177 3189 c.
197 3164 221 3188 9.
242 3169 267 3187 n.
288 3163 330 3188 50.
349 3166 375 3188 et
393 3170 414 3188 c.
438 3164 480 3188 12.
499 3171 523 3189 n.
542 3164 585 3189 70.

225 3205 236 3220 ⁶
256 3207 331 3232 Vers.
356 3208 381 3232 8.
401 3221 435 3226 —
454 3207 602 3240 chrysost„
628 3209 723 3234 Homil.
749 3208 789 3233 45.
811 3209 883 3235 (alias
910 3209 962 3241 46.)
983 3210 1007 3235 in
1028 3210 1114 3235 Matth.

155 3258 179 3276 n.
208 3251 237 3275 l:
258 3250 356 3275 Verum
382 3251 402 3275 si
429 3258 459 3276 ex
484 3255 577 3277 natura
601 3253 713 3278 caecitas
738 3256 807 3282 erat,
832 3253 934 3284 aperire
959 3252 1115 3285 oportebat;

155 3295 217 3328 quia
235 3301 299 3320 vero
320 3294 465 3319 voluntaria
490 3296 614 3327 caecitas,
635 3296 694 3322 ideo
712 3303 765 3322 non
784 3297 935 3328 simpliciter
958 3298 1034 3323 dixit:
1060 3298 1116 3323 Non

157 3340 261 3370 vident;
282 3339 328 3364 sed
347 3337 463 3364 videntes
482 3346 537 3365 non
550 3339 653 3372 vident,
676 3341 709 3366 ita
724 3344 752 3366 ut
764 3348 795 3366 ex
814 3348 906 3367 eorum
926 3342 1041 3374 nequitia
1061 3349 1116 3367 cae·

157 3384 220 3410 citas
239 3384 278 3409 sit.
294 3383 421 3409 Viderant
439 3383 507 3408 enim
527 3384 670 3410 daemones
690 3392 811 3417 egressos
830 3389 855 3411 et
876 3385 999 3411 dicebant
1018 3385 1115 3419 [Matth.

264 3436 294 3462 S.
309 3437 411 3463 Bonav.
423 3449 458 3455 —-
471 3437 546 3461 Toni.
561 3437 613 3462 vu.

1180 2677 1211 2709 9,
1232 2676 1300 2710 34‚]:
1320 2677 1352 2702 In
1372 2675 1514 2702 Beelzebub
1532 2676 1654 2709 prim·z'pe
1678 2676 1882 2702 daemoniorum
1904 2676 1972 2703 efficit
1992 2677 2141 2703 daemonio.

1180 2722 1324 2747 Audierant
1342 2722 1414 2747 illum
1439 2722 1510 2753 ipsos
1536 2722 1590 2746 Deo
1616 2721 1789 2747 adducentem
1810 2725 1835 2746 et
1854 2729 1914 2747 cuin
1931 2722 1993 2747 'Deo
2015 2729 2141 2753 magnum

1180 2773 1338 2792 consensum
1358 2765 1523 2792 exhibentem
1545 2768 1570 2791 et
1590 2766 1679 2791 dicunt
1699 2765 1782 2799 [ioan.
1804 2767 1845 2796 9,-
1862 2766 1931 2799 ⁴6.]:
1959 2766 2005 2792 Hic
2025 2773 2078 2792 non
2105 2769 2142 2793 est

1179 2817 1215 2836 ew
1234 2810 1288 2836 Deo
1307 2813 1357 2835 etc.

1251 2852 1260 2868 '¹
1284 2855 1356 2880 Vers.
1371 2854 1417 2884 40,
1433 2853 1477 2879 ubi
1490 2854 1625 2879 subditum
1646 2855 1680 2879 Ne
1700 2856 1763 2880 sorte
1784 2855 1871 2880 videat
1884 2855 1967 2880 oculis
1987 2855 2041 2880 suis
2060 2859 2085 2880 et
2097 2862 2143 2880 au·

1179 2898 1253 2925 ribus
1271 2899 1326 2924 suis
1345 2899 1435 2924 audiat
1453 2902 1478 2924 et
1497 2898 1577 2924 corde
1590 2906 1638 2924 suo
1658 2899 1781 2930 intelligat
1800 2903 1860 2925 etc.:
1882 2898 1943 2924 ibid.
1959 2906 1983 2923 v.
1998 2900 2028 2923 9:
2049 2900 2142 2924 Audite

1179 2943 1315 2969 audientes
1333 2945 1359 2968 et
1379 2942 1456 2968 nolite
1475 2943 1626 2974 intelligere.
1648 2957 1681 2960 —
1701 2943 1825 2975 Sequitur
1845 2944 1870 2968 ll.
1891 2942 1950 2969 Cor.
1970 2944 1997 2973 3,
2022 2943 2062 2968 15.

1251 2985 1263 3000 ⁸
1282 2987 1356 3012 Vers.
1377 2986 1424 3017 25,
1449 2989 1509 3018 post
1533 2994 1613 3019 quem
1634 2994 1660 3012 v.
1688 2987 1730 3011 20.
1750 2994 1819 3019 seq,
1846 2988 1870 3011 in
1892 2988 1966 3012 cuius
1993 2988 2043 3012 line
2063 2988 2141 3013 codd.

1179 3032 1302 3058 omittunt
1321 3038 1354 3056 ne
1372 3031 1450 3064 forte,
1470 3034 1496 3056 et
1514 3031 1535 3056 G
1547 3031 1566 3055 H
1582 3038 1629 3063 pro
1643 3033 1745 3064 parcat
1762 3031 1923 3056 substituunt
1941 3033 2042 3064 pai-cet.
2055 3045 2090 3050 --
2105 3032 2143 3056 ln-

1179 3076 1259 3102 ferius
1278 3083 1325 3108 pro
1346 3075 1379 3102 Et
1398 3075 1447 3101 hoc
1465 3074 1539 3101 debet
1557 3082 1650 3101 omnes
1669 3075 1815 3101 humiliare
1838 3076 1893 3101 Vat.
1915 3075 1947 3102 Et
1966 3075 2038 3102 debet
2052 3076 2141 3102 onnus

1179 3128 1207 3147 se
1227 3119 1380 3147 humiliare.

1251 3163 1262 3178 ⁹
1284 3165 1356 3190 Vers.
1377 3164 1418 3190 25.

1252 3208 1274 3224 ¹⁰
1295 3210 1369 3235 Vers.
1391 3210 1431 3234 16.
1445 3223 1480 3228 —
1493 3209 1619 3240 Superius
1635 3213 1694 3241 post
1709 3208 1874 3235 erudiuntur
1887 3210 1908 3235 Η
1922 3210 1993 3235 addit
2013 3209 2142 3243 Apostoli.

1252 3252 1273 3268 ¹¹
1296 3255 1369 3279 Vers.
1390 3253 1431 3278 42.

1253 3296 1274 3312 ¹²
1294 3298 1370 3323 Vers.
1389 3297 1430 3323 25.

1253 3340 1275 3356 ¹³
1296 3343 1368 3368 Vers.
1391 3342 1432 3367 18.
1451 3355 1488 3361 -
1507 3342 1634 3373 Superius
1654 3342 1710 3368 Vat.
1731 3342 1826 3368 omittit
1844 3342 1892 3368 Est
1911 3344 1999 3368 utitem
2021 3341 2142 3367 divinum

1181 3393 1271 3413 semen
1290 3385 1402 3412 verbum
1423 3385 1470 3412 Dei
1487 3390 1513 3412 et
1525 3386 1584 3412 voci
1604 3385 1689 3412 divini
1707 3387 1827 3418 praefigit
1845 3386 1934 3413 sancti
1950 3388 1983 3412 el.

2001 3438 2034 3460 ‘253
