2476 3921
741 177 935 211 COMMENT.
961 177 998 209 IN
1022 175 1261 208 EVANGELIUM
1286 176 1403 209 LUCAE
1428 177 1459 209 C.
1486 177 1558 209 VIII.

162 269 322 312 beneficii,
347 273 383 302 ut
405 268 524 302 infirmi
541 267 660 306 curati:
685 267 830 309 quidam,
854 266 975 299 ratione
999 265 1123 307 impen-

161 323 261 356 dendi
282 322 475 361 ministerii,
499 325 536 355 ut
558 321 709 354 mulieres
726 320 888 359 honestae;
913 319 1059 361 quidam,
1077 326 1124 350 ra-

162 376 245 408 tione
261 374 422 408 audiendi
443 373 536 407 verbi
557 373 680 412 divini,
696 376 732 405 ut
756 372 926 413 multitudo
943 371 1065 404 turbae.
1088 370 1123 402 Et

163 429 240 462 baec
263 431 401 471 quatuor
428 436 545 470 genera
575 428 741 460 enumerat
765 425 960 467 Evangelista
990 432 1123 457 concur—

162 481 241 514 risse
256 481 295 514 ad
319 481 434 514 Christi
457 480 642 513 doctrinam.

6 567 7 570 ,
252 536 282 567 2.
307 534 409 575 (Vers.
437 535 489 575 1.).
508 534 611 566 Primo
631 533 728 575 igitur
751 536 907 575 quantum
922 531 961 564 ad
986 533 1124 573 Aposto-

5 596 69 618 ωηο
81 594 150 625 psima
164 587 211 619 tos
234 586 478 619 concomitantes
507 586 669 618 Christum
701 585 822 618 ratione
851 584 996 627 suscepti
1025 583 1126 627 officii

5 623 155 695 lssffitnssffi.
164 639 396 682 praemittitur:
413 640 461 671 ,Et
483 637 614 681 factum
637 643 684 671 est
706 638 856 680 deinceps
870 639 893 677 ¹,
918 642 946 670 et
970 638 1039 680 ipse
1062 637 1124 669 iter

4 680 7 697 ¹
53 676 92 702 μ’
162 692 308 736 faciebat
328 702 388 735 per
418 692 568 725 civita-tes
590 696 620 724 et
651 691 797 730 cas-tella,
823 691 852 724 id
877 694 925 724 est
956 700 1012 733 per
1033 691 1123 729 loca,

164 746 218 779 ubi
242 746 384 779 habitant
403 745 541 778 minores
556 747 588 777 et
611 744 762 783 maiores,
780 744 953 777 secundum
978 744 1062 786 quod
1078 744 1125 776 di-

164 800 247 833 citur
270 799 444 841 Sapientiae
475 801 583 832 sexto:
613 811 629 827 «
646 798 797 831 Pusillum
825 801 857 830 et
880 807 1029 840 magnum
1058 798 1125 840 ipse

164 853 250 892 fecit,
274 856 305 886 et
329 852 501 894 aequaliter
528 855 577 885 est
599 851 642 884 illi
667 860 745 884 cura
775 851 814 884 de
837 851 986 884 omnibus
1003 865 1034 890 »‚
1059 860 1124 883 ma-

166 906 251 938 xime
266 908 420 948 quantum
443 904 482 937 ad
498 913 535 937 ea
554 913 635 947 quae
659 907 734 937 sunt
751 904 875 942 salutiS;
892 907 1022 946 propter
1039 903 1123 945 quod

165 959 254 992 dicit:
274 958 483 991 Praedicans
506 962 534 990 et
550 957 787 1000 evanyetizans
803 966 942 1000 reynum
957 957 969 975 ²
989 957 1062 995 Dei,
1080 965 1125 989 se-

165 1011 304 1045 cundum
324 1011 401 1044 illud
424 1011 517 1044 Isaiae
540 1010 801 1053 quinquagesimo
817 1009 968 1043 secundo:
995 1009 1123 1051 «Quam

165 1065 267 1108 pulcri
284 1073 379 1107 super
391 1068 513 1097 montes
528 1064 623 1106 pedes
639 1063 854 1096 annuntiantis
869 1067 900 1096 et
916 1062 1125 1106 praedicantis

166 1127 273 1161 pacem
301 1121 332 1151 et
358 1111 573 1150 annuntiantis
597 1118 745 1157 salutem,
770 1116 978 1159 praedicantis
994 1116 1076 1149 bona
1092 1129 1123 1147 n.

2 1148 3 1204 i
167 1191 208 1196 —
227 1172 262 1214 Et
284 1172 358 1214 quia
378 1171 512 1205 verbum
532 1171 652 1204 frustra
675 1171 873 1213 proponitur,
890 1170 949 1203 nisi
973 1170 1054 1203 adsit
1069 1179 1125 1202 au-

165 1226 258 1265 ditor,
282 1225 351 1258 ideo
374 1224 514 1257 additur:
542 1225 581 1257 Et
603 1224 775 1257 duodecim
799 1233 874 1257 cum
899 1224 965 1263 illo,
986 1223 1041 1266 qui
1066 1223 1125 1256 sci-

1 1293 2 1311 l
167 1278 239 1312 licet
261 1278 475 1320 sequebantur
498 1286 572 1310 eum
598 1286 639 1310 ex
664 1280 810 1319 suscepto
833 1277 954 1316 officio,
978 1277 1017 1309 ad
1041 1276 1126 1319 quod

166 1332 259 1374 elegit
281 1340 351 1370 eos:
383 1340 481 1373 supra
512 1329 647 1363 sexto⁸:
676 1343 691 1358 α
709 1330 807 1372 Elegit
838 1330 1021 1369 duodecim,
1046 1338 1126 1372 quos

0 1411 1 1427 ,
167 1390 198 1419 et
228 1385 388 1428 Apostolos
422 1384 647 1416 nominavit».
680 1383 766 1416 Unde
794 1383 852 1425 ipsi
887 1383 1020 1425 Apostoli
1053 1391 1126 1415 cum

166 1438 396 1481 evangelizante
423 1437 613 1476 circuibant,
638 1440 675 1469 ut
702 1445 774 1469 cum
807 1437 874 1478 ipso
901 1436 932 1469 in
963 1436 1128 1478 Evangelio

167 1491 411 1530 collaborarent,
447 1490 620 1523 secundum
656 1489 751 1529 illud,
786 1489 824 1522 ad
860 1489 944 1532 quod
980 1489 1127 1522 hortatur

4 793 6 812 l

168 1545 332 1588 Apostolus
354 1543 508 1588 secundae
528 1543 566 1576 ad
590 1543 788 1576 Timotheum
810 1543 930 1585 primo:
960 1556 976 1572 α
989 1543 1048 1576 Sed
1064 1539 1140 1576 col-'

169 1598 276 1631 labora
306 1597 470 1639 Evangelio
500 1596 673 1629 secundum
697 1596 848 1629 virtutem
878 1596 952 1634 Dei,
972 1595 1039 1638 ‘qui
1071 1604 1129 1627 nos

169 1650 313 1684 liberavit
335 1653 366 1683 et
389 1650 510 1683 vocavit
534 1649 695 1682 vocatione
715 1658 773 1682 sua
796 1654 912 1689 sancta,
930 1659 992 1682 non
1016 1658 1128 1682 secun-

168 1704 245 1737 dum
261 1712 357 1746 opera
372 1706 493 1742 nostra,
510 1702 564 1735 sed
580 1702 754 1735 secundum
770 1702 967 1745 propositum
984 1712 1079 1736 suum
1092 1715 1127 1741 »;

169 1757 258 1800 quia,
280 1757 401 1790 Ioannis
419 1756 540 1790 decimo
559 1755 684 1798 quinto,
715 1769 730 1784 «
746 1765 808 1789 non
831 1765 887 1789 vos
903 1765 954 1789 me
976 1756 1128 1798 elegistis,

170 1810 224 1844 sed
247 1820 304 1853 ego
328 1810 405 1852 elegi
431 1819 484 1842 vos
508 1813 539 1842 et
561 1809 651 1851 posui
676 1818 746 1848 vos,
770 1813 807 1842 ut
821 1809 899 1843 eatis
927 1812 959 1842 et
988 1809 1129 1842 fructum

169 1863 323 1902 afferatis,
347 1867 378 1896 et
401 1862 525 1895 fructus
547 1864 651 1895 vester
676 1865 846 1895 maneat».

260 1916 290 1950 3.
304 1916 405 1958 (Vers.
419 1917 474 1957 2).
487 1915 643 1955 Secundo,
660 1919 814 1958 quantum
830 1915 870 1949 ad
886 1920 1022 1948 curatos
1038 1915 1131 1948 comi-

2 1977 156 2009 ·sqcunaa,ra-
170 1974 272 2004 tantes
302 1964 422 2003 ratione
453 1968 578 2012 accepti
607 1969 753 2012 beneficii
784 1969 952 2003 subditur:
987 1970 1027 2002 Et
1056 1978 1130 2001 mu-

3 2005 156 2060 =¹¹³¹3i¹i¹30⁴¹=³31¹³¹33
170 2024 264 2057 lieres
288 2024 434 2067 aliquae,
452 2023 578 2065 supple:
602 2032 674 2056 cum
699 2033 736 2057 eo
751 2024 812 2057 iter
827 2023 999 2062 faciebant,
1024 2026 1055 2056 et
1071 2023 1130 2055 hoc

171 2077 291 2110 ratione
314 2076 431 2118 accepti
455 2075 616 2115 beneficii;
637 2076 722 2109 unde
745 2076 900 2119 adiungit:
927 2076 1019 2117 Quae
1034 2079 1131 2108 erant

171 2135 310 2164 curatae
340 2140 362 2163 a
391 2129 568 2171 spiritibus
606 2130 766 2173 malignis
800 2134 828 2163 et
865 2129 1129 2171 infirmitatibus

171 2183 241 2216 Ideo
264 2182 494 2216 comitabantur
510 2191 584 2215 eum
608 2185 757 2225 tanquam
778 2191 872 2216 suum
896 2182 1084 2215 salvatorem
1100 2185 1132 2214 et

172 2236 327 2270 medicum
338 2261 346 2274 ,
362 2235 534 2268 secundum
552 2235 718 2269 consilium
734 2235 902 2278 Sapientis,
927 2234 1131 2268 Ecclesiastici

172 2289 333 2332 trigesimo
360 2288 512 2321 octavo⁴z
543 2301 558 2317 «ι
574 2289 620 2321 Da
651 2289 754 2322 locum
779 2288 913 2327 medico,
938 2291 969 2320 et
999 2297 1062 2320 non
1085 2287 1132 2320 di—

173 2342 278 2376 scedat
299 2346 381 2381 ate,
406 2342 481 2384 quia
503 2351 600 2384 opera
614 2342 684 2375 eius
707 2345 781 2375 sunt
804 2341 979 2375 necessaria
996 2353 1026 2381 ¹⁰3
1048 2341 1132 2374 unde

173 2405 270 2438 supra
286 2398 392 2429 sexto:
413 2407 429 2424 α
442 2395 478 2428 Et
493 2395 548 2438 qui
565 2396 764 2429 vexabantur
783 2405 801 2428 a
816 2395 980 2437 spiritibus
999 2395 1134 2428 immun-

173 2449 221 2482 dis
244 2448 448 2482 curabantur.
476 2449 510 2482 Et
532 2449 633 2483 omnis
656 2449 752 2482 turba
774 2448 947 2491 quaerebat
970 2458 1043 2482 eum
1064 2453 1133 2482 tan-

173 2511 262 2545 gere,
287 2502 362 2544 quia
383 2500 486 2535 virtus
508 2502 547 2535 de
567 2503 619 2536 illo
639 2502 746 2535 exibat
769 2505 801 2535 et
824 2502 954 2535 sanabat
979 2511 1131 2536 omnes».

247 2689 256 2705 ²
276 2691 331 2717 Non
345 2691 421 2723 pauci
435 2691 514 2718 codd.
526 2691 648 2717 omittunt
661 2689 789 2724 deinceps.
803 2704 839 2710 —
853 2691 976 2724 Sequitur
990 2692 1050 2724 Sap.
1065 2692 1094 2723 6,
1108 2692 1132 2716 8.

146 2756 165 2776 ,ζ
197 2762 199 2766 ,
246 2733 257 2749 ⁹
276 2734 359 2761 Codd.
378 2735 488 2762 CDFG
505 2734 625 2762 verbum.
640 2749 672 2753 —-
693 2734 810 2760 Subinde
828 2735 954 2768 allegatur
972 2735 1027 2762 lsai.
1042 2735 1089 2767 52,
1107 2734 1133 2760 7.

178 2779 247 2814 (Vat.
266 2780 339 2806 addit
357 2788 383 2806 v.
403 2780 448 2814 8.).

248 2822 259 2838 ⁸
278 2825 354 2850 Vers.
378 2825 417 2850 13.
434 2838 470 2843 -
488 2825 546 2850 Duo
565 2830 639 2857 seqq.
658 2823 707 2849 loci
727 2827 788 2849 sunt
808 2825 835 2850 ll.
851 2824 919 2850 Tim.
941 2825 970 2856 1,
990 2825 1015 2849 8.
1034 2831 1089 2857 seq.
1109 2826 1135 2849 et

177 2869 245 2894 loan.
267 2868 313 2901 115,
333 2869 375 2894 16.
395 2882 428 2886 -
448 2867 555 2893 inferius
573 2874 622 2899 pro
643 2860 763 2901 Apostoli
781 2874 843 2895 cum
862 2867 1063 2902 evangelizante
1077 2867 1134 2893 Vat.

179 2912 299 2946 Apostoli
316 2914 342 2939 et
353 2911 554 2945 Evanqelistae.

249 2956 260 2971 ⁴
279 2957 353 2982 Vers.
375 2957 417 2982 11.
435 2960 461 2982 et
481 2956 526 2987 12,
546 2959 606 2988 post
624 2964 692 2990 quos
710 2957 772 2983 Luc.
792 2958 821 2989 6,
841 2958 882 2982 18.
902 2964 957 2990 seq.

249 2999 260 3014 ⁶
281 3001 353 3026 Vers.
372 3000 398 3026 7.
417 3014 452 3020 —-
472 3000 588 3027 Subinde
608 3001 734 3034 allegatur
752 3002 828 3027 Prov.
848 3001 895 3032 31,
913 3001 955 3026 20.
976 3015 1009 3019 —
1030 3001 1136 3027 Inferius

179 3045 256 3072 codd.
276 3045 397 3070 omittunt
416 3052 499 3079 quam
514 3045 565 3072 vir.

249 3087 261 3102 ⁰
280 3089 392 3120 Vulgata
411 3092 435 3114 et
457 3089 513 3115 Vnt.
532 3089 700 3123 Maydalene.
726 3104 759 3109 ——
784 3091 849 3116 petr.
873 3089 1022 3120 Comestor‚
1042 3090 1136 3116 Hister.

180 3132 298 3158 scholast.
319 3132 345 3157 in
365 3133 465 3164 Evang.
482 3140 505 3159 c.
525 3132 568 3158 64.
588 3132 693 3159 Additio
714 3133 743 3159 l:
762 3132 921 3167 Maadalum
946 3133 1076 3166 oppidum
1099 3136 1138 3159 est

180 3175 286 3203 duobus
311 3176 437 3202 milliariis
460 3184 475 3203 a
499 3176 639 3204 Tiberiade
665 3180 714 3207 etc,
738 3176 791 3203 Cir.
817 3180 880 3203 tom.
906 3178 947 3203 Vl.
975 3184 1036 3210 pag.
1066 3177 1136 3209 498,

180 3223 241 3246 uota
260 3221 284 3246 2.

252 3263 262 3278 ⁷
283 3265 407 3299 Vulgata,
426 3273 507 3300 quam
526 3267 548 3292 H
567 3269 593 3292 et
611 3267 670 3292 Vat.
693 3271 853 3299 sequuntur,
872 3265 1013 3299 efferari&
1037 3267 1084 3292 etr.
1103 3270 1137 3292 ta-

183 3316 242 3335 men
263 3310 339 3335 Mai-c.
360 3310 407 3343 16,
427 3310 453 3336 9.
475 3325 509 3329 -
528 3310 657 3336 Sententia
677 3309 795 3342 Gregorii
820 3309 931 3335 habetur
949 3311 977 3336 11.
997 3310 1090 3336 Homil.
1110 3310 1138 3335 in

184 3355 281 3386 Evang.
301 3355 389 3380 homil.
409 3356 452 3381 33.
470 3362 497 3381 n.
519 3356 543 3380 l:

2085 178 2146 209 189

1189 282 1230 287 -
1259 264 1295 296 Et
1318 268 1405 304 nota,
1430 265 1515 307 quod
1539 266 1610 298 licet
1633 267 1793 298 curaverit
1816 270 1990 308 utrumque
2014 274 2148 303 sexum,
2168 276 2297 296 solandum.

1187 317 1287 359 magis
1311 320 1414 350 tamen
1435 318 1593 359 specificat
1615 318 1653 350 de
1675 319 1835 357 muliebri,
1861 319 1925 351 sive
1949 319 2024 360 quia
2052 327 2149 351 sexus

1187 369 1358 409 infirmior,
1383 370 1556 403 secundum
1582 371 1658 403 illud
1677 372 1794 412 primae
1813 372 1892 404 Petri
1911 372 2002 403 tertio
2015 372 2041 402 ⁵:
2069 384 2084 399 α
2103 371 2149 402 ln-

1188 423 1319 455 firmiori
1340 423 1465 456 vasculo
1482 424 1628 456 muliebri
1642 424 1855 466 impartientes
1872 425 2023 457 honorem
2036 436 2066 462 »;
2085 424 2149 456 sive

1188 476 1263 518 quia
1285 476 1469 509 clementior
1494 486 1588 518 quam
1613 477 1661 509 vir
1691 481 1835 518 respectu
1862 477 2052 509 infirmitatis
2076 477 2150 509 alie-

1188 539 1261 569 nae,
1285 530 1458 563 secundum
1481 530 1575 568 illud,
1602 530 1843 563 I‘roverbiorum
1864 531 1990 569 ultimo,
2015 530 2052 562 de
2070 530 2150 562 bona

1188 583 1335 616 muliere:
1357 596 1373 612 α
1387 584 1512 616 Manum
1536 592 1625 616 suam
1643 584 1768 624 aperuit
1792 583 1874 624 inopi
1892 587 1922 616 et
1943 583 2061 624 palmas
2077 591 2151 615 suas

1188 637 1330 670 extendit
1353 637 1391 669 ad
1416 645 1571 679 pauperes
1588 649 1622 675 »3
1644 637 1709 669 sive
1733 637 1808 679 quia
1825 637 1905 669 inter
1929 645 2080 677 personas
2096 644 2151 668 cu-

1189 693 1274 723 ratas
1289 694 1379 723 erant
1395 690 1572 723 nobiliores.
1591 709 1635 713 -—
1653 690 1687 722 Et
1704 689 1773 722 ideo
1789 689 1940 731 exprimit
1956 690 2078 731 aliquas
2094 698 2148 721 no-
2189 699 2279 729 somma
2297 725 2300 728 ‚

1189 743 1357 782 minaliter,
1374 752 1446 776 cum
1471 743 1569 776 addit:
1592 743 1720 781 Maria,
1745 752 1830 786 quae
1846 746 1986 774 vocatur
2010 742 2149 784 nayda·
2167 727 2233 781 ’πῖῗέ
2242 725 2314 772 ηῗὲιὲῗ

1188 796 1263 829 lena
1275 797 1300 835 ⁶,
1325 806 1343 829 a
1367 796 1505 838 Magdalo
1535 796 1649 838 oppido
1680 796 1817 829 secundo
1841 796 1987 828 milliario
2018 804 2036 827 a
2060 795 2150 827 Tibe—
2170 779 2291 831 ndffla.

1188 849 1296 888 riade;
1332 852 1363 882 et
1398 849 1474 882 haec
1509 853 1577 882 erat
1616 848 1761 881 notabilis
1801 849 1920 881 ratione
1942 848 2150 880 enormitatis

1185 901 1333 943 peccam
1356 901 1440 934 unde
1463 905 1494 934 et
1524 901 1626 934 addit:
1654 902 1698 934 De
1726 911 1794 945 qua
1824 905 1943 948 septem
1974 901 2152 933 daemonia

1188 954 1325 986 eiecerat
1337 951 1361 993 ⁷,
1386 955 1415 987 id
1438 960 1485 988 est
1502 956 1651 988 universa
1668 955 1759 994 vitia;
1776 955 1964 997 Gregorius:
1992 968 2006 983 α
2025 955 2148 996 Septem

1187 1006 1351 1039 daemonia
1374 1008 1470 1040 Maria
1494 1008 1619 1047 habuit,
1652 1017 1733 1051 quae
1757 1009 1914 1041 universis
1946 1008 2029 1040 vitiis
2061 1008 2151 1049 plena

1187 1059 1247 1092 fuit
1262 1073 1292 1092 ».
1318 1060 1397 1093 Haec
1420 1061 1585 1094 daemonia
1608 1062 1775 1100 exierunt,
1800 1062 1925 1104 quando
1951 1065 2075 1103 peccata
2103 1061 2151 1093 di-

1187 1113 1283 1146 missa
1305 1113 1453 1162 fuerunt,
1485 1114 1659 1147 secundum
1683 1115 1767 1157 quod
1798 1115 1914 1148 dicitur
1942 1115 2023 1147 infra
2055 1114 2152 1146 unde-

1189 1166 1312 1200 cimoss:
1342 1180 1357 1195 α
1379 1167 1457 1200 Cum
1482 1168 1664 1201 immundus
1688 1169 1820 1210 spiritus
1843 1169 1922 1201 exiit
1945 1169 1984 1201 ab
2009 1168 2150 1207 homine,

1189 1224 1275 1253 errat
1298 1229 1354 1263 per
1371 1221 1438 1253 loca
1457 1221 1608 1263 inaquosa
1625 1234 1659 1260 »;
1687 1222 1817 1266 remissa
1840 1226 1946 1255 autem
1964 1222 2093 1255 fuerunt
2109 1222 2151 1260 ei,

1189 1283 1287 1316 supra
1311 1274 1451 1316 septimo.
1478 1274 1555 1307 Haec
1580 1275 1662 1307 enim
1687 1279 1734 1307 est
1755 1275 1808 1307 illa
1832 1276 2010 1317 peccatrix,
2035 1275 2074 1308 de
2090 1284 2153 1317 qua

1190 1336 1288 1369 supra
1311 1336 1487 1360 sermonem
1512 1327 1601 1367 fecit,
1625 1328 1707 1360 sicut
1730 1328 1805 1360 dicit
1828 1328 1909 1360 Beda
1932 1329 1962 1360 in
1987 1328 2128 1361 Glossa0.

1281 1382 1311 1413 4.
1337 1381 1438 1420 (Vers.
1464 1381 1518 1419 3.).
1545 1381 1617 1413 Erat
1640 1381 1733 1414 etiam
1766 1381 1871 1423 aliqua
1895 1381 2008 1414 nobilis
2032 1382 2153 1413 ratione
2170 1389 2201 1410 ne
2216 1388 2316 1410 secunda.

1190 1434 1372 1467 nobilitatis
1396 1435 1464 1467 viri
1472 1446 1483 1473 ,·
1507 1434 1589 1467 unde
1606 1434 1707 1467 addit:
1736 1435 1772 1466 Et
1796 1435 1943 1473 Ioanna,
1960 1444 2049 1467 uxor
2067 1433 2153 1467 Cliu-

1190 1498 1263 1527 sae,
1284 1488 1521 1530 procuratoris
1544 1488 1703 1527 Herodis,
1728 1488 1781 1530 qui
1807 1492 1873 1521 erat
1907 1497 2040 1530 persona
2064 1487 2153 1520 nobi—

1192 1541 1240 1574 lis.
1263 1541 1335 1573 Erat
1359 1541 1451 1574 etiam
1470 1541 1575 1584 aliqua
1599 1541 1711 1575 nobilis
1733 1550 1774 1574 ex
1791 1551 1824 1574 se
1841 1542 1925 1583 ipsa,
1942 1541 1981 1573 de
2005 1550 2067 1583 qua
2085 1541 2151 1573 sine
2173 1548 2203 1569 De
2219 1549 2289 1570 terna.

1192 1594 1376 1636 cognomine
1399 1594 1600 1636 adiungitur:
1629 1595 1666 1626 Et
1691 1594 1859 1627 Susanna.
1886 1594 1943 1626 Has
1959 1585 2065 1626 autem
2089 1597 2154 1626 tres

1192 1648 1347 1687 nominat,
1372 1651 1408 1680 ut
1431 1648 1631 1680 commendet
1646 1648 1830 1681 castitatem
1854 1647 2028 1680 secundum
2055 1646 2153 1688 tripli-

1193 1710 1261 1735 cem
1284 1701 1491 1734 differentiam
1516 1702 1547 1734 in
1571 1702 1721 1734 comitatu
1737 1702 1871 1740 Christi,
1896 1701 2012 1734 scilicet
2035 1700 2154 1733 vidua-

1193 1754 1255 1787 lem
1269 1754 1306 1794 ¹⁰,
1331 1754 1538 1797 coniugalem
1562 1758 1593 1787 et
1617 1755 1825 1797 viryinalem.
1847 1755 1933 1788 Unde
1956 1755 2057 1797 prima
2080 1754 2156 1786 dici-

1194 1811 1247 1841 tur
1278 1808 1368 1850 prius
1398 1808 1494 1841 fuisse
1527 1808 1704 1850 peccatriX,
1733 1808 1871 1851 secunda
1902 1809 2084 1850 coniugata,
2117 1807 2155 1840 de

1193 1862 1287 1894 tertia
1310 1855 1432 1894 tacetur
1456 1864 1639 1904 utrumque.
1663 1861 1733 1901 Vel,
1759 1865 1794 1894 ut
1819 1862 1848 1894 in
1874 1862 1933 1895 hoc
1962 1862 2156 1894 ostendatur

1194 1916 1326 1948 curatio
1343 1924 1366 1947 a
1382 1914 1507 1957 triptici
1522 1915 1742 1957 aeyritudine,
1760 1915 1877 1948 scilicet
1900 1916 2023 1948 animae
2039 1918 2070 1948 et
2087 1924 2155 1948 car-

1193 1969 1243 2001 nis
1266 1972 1297 2001 et
1320 1968 1502 2011 utriusque;
1535 1968 1604 2001 ideo
1627 1971 1692 2001 tres
1716 1977 1866 2010 personas
1890 1972 2016 2001 curatas
2047 1968 2155 2010 expri-

1194 2022 1268 2061 mit,
1293 2021 1411 2055 scilicet
1434 2021 1580 2060 Mariam,
1605 2021 1750 2054 loannam
1773 2025 1804 2054 et
1828 2022 2012 2054 Susannam.

1285 2076 1314 2107 5.
1339 2074 1462 2114 Tertio,
1487 2078 1640 2117 quantum
1666 2074 1703 2107 ad
1728 2074 1912 2107 comitantes
1946 2075 2066 2107 ratione
2094 2074 2157 2107 im·
2179 2086 2258 2116 Tertia.
2274 2092 2307 2107 ra-

1191 2128 1358 2171 pendendi
1379 2128 1526 2172 obsequii
1547 2128 1612 2161 sive
1636 2128 1799 2161 ministerii
1824 2127 1967 2160 additur:
1999 2128 2038 2160 Et
2069 2127 2156 2160 aliae
2175 2113 2307 2187 ἓιῗὲἳὲἕέξί

1195 2182 1336 2221 multae,
1360 2191 1445 2226 quae
1463 2181 1703 2214 ministrabant
1722 2181 1752 2214 ei
1766 2180 1805 2214 de
1827 2180 2047 2224 facultatibus
2063 2182 2155 2220 suis,
2191 2166 2248 2188 ‘⁰²¹¹‘

1196 2236 1278 2269 sicut
1301 2235 1353 2268 illa
1376 2235 1546 2268 Sunamitis
1571 2235 1687 2274 Elise0‚
1712 2235 1816 2277 quarti
1845 2235 1963 2276 Regum
1988 2238 2102 2276 quarto
2119 2236 2155 2273 ¹¹,

1196 2289 1246 2322 cui
1270 2289 1403 2322 dicitur:
1434 2301 1450 2317 α
1473 2288 1567 2328 Ecce,
1591 2288 1699 2322 sedule
1730 2288 1762 2321 in
1793 2288 1940 2321 omnibus
1972 2288 2156 2320 miniStrasti

1195 2342 1286 2375 nobis
1302 2355 1332 2374 ».
1369 2341 1418 2374 Sic
1452 2345 1483 2374 et
1518 2351 1629 2375 socrus
1664 2341 1814 2380 Simonis,
1850 2341 1888 2374 de
1923 2350 1987 2383 qua
2010 2341 2155 2373 Matthaei

1196 2399 1306 2428 octavo
1336 2395 1467 2434 dicitur,
1492 2395 1576 2438 quod
1600 2399 1767 2437 postquam
1791 2399 1901 2427 curata
1924 2398 1987 2433 est,
2019 2408 2034 2422 «
2050 2403 2157 2427 surre-

1196 2449 1245 2481 xit
1267 2452 1298 2481 et
1322 2448 1520 2481 ministrabat
1543 2448 1588 2481 eis
1602 2461 1633 2480 ».
1650 2467 1694 2472 ——
1710 2448 1771 2481 Hoc
1788 2448 1869 2481 enim
1888 2448 2062 2490 antiquitus
2085 2456 2157 2480 con·
2178 2458 2306 2479 sonandum.

1196 2505 1343 2535 sueverat
1366 2510 1434 2535 esse
1457 2501 1596 2535 officium
1613 2502 1804 2541 mulierum,
1829 2502 1910 2534 sicut
1933 2501 2007 2534 dicit
2031 2501 2111 2534 Beda
2127 2501 2158 2533 in

1267 2689 1278 2704 ⁸
1300 2691 1373 2717 Vers.
1393 2691 1442 2723 24,
1462 2694 1521 2723 post
1540 2697 1620 2723 quem
1640 2690 1702 2716 Luc.
1721 2690 1752 2720 7,
1773 2689 1815 2715 47.
1835 2696 1890 2722 seq.

1267 2733 1279 2749 ⁰
1299 2735 1403 2761 Scilicet
1420 2734 1563 2762 ordinaria
1582 2735 1608 2760 in
1627 2735 1689 2760 Luc.
1709 2734 1739 2765 8,
1759 2735 1792 2759 2:
1815 2744 1828 2757 «ι
1842 2733 1908 2760 Cum
1929 2734 2006 2759 Maria
2027 2734 2074 2759 iter
2094 2734 2158 2758 sace-

1197 2782 1237 2806 ret
1255 2786 1317 2805 cum
1335 2780 1448 2805 Domino
1467 2782 1493 2804 et
1517 2779 1540 2805 ei
1560 2779 1706 2804 ministrare
1731 2781 1967 2809 commemoratur,
1986 2777 2081 2803 celebri
2101 2784 2159 2803 eam

1196 2823 1326 2850 vocabulo
1346 2824 1524 2856 Magdalenam
1543 2826 1634 2853 vocat;
1654 2822 1698 2848 ubi
1718 2823 1829 2848 eandem
1844 2822 2015 2854 peccatricem
2036 2821 2160 2847 describit

1199 2869 1291 2901 [supra
1309 2868 1341 2899 7,
1360 2868 1402 2893 37.
1428 2866 1525 2901 seqq.],
1551 2870 1700 2892 reverenter
1724 2873 1782 2891 eam
1802 2866 1917 2898 generali
1941 2865 2047 2891 nomine
2073 2865 2160 2890 mulie-

1198 2920 1255 2939 rem
1276 2912 1351 2943 dicit,
1380 2919 1414 2937 ne
1441 2918 1536 2937 nomen
1562 2914 1651 2941 ,tantae
1681 2912 1779 2942 ramae,
1798 2910 1870 2943 quod
1891 2910 1968 2935 hodie
1988 2915 2160 2939 veneramur,

1200 2957 1279 2990 prisci
1298 2956 1394 2982 erroris
1413 2958 1474 2981 nota
1495 2956 1646 2981 fuscaret».
1666 2955 1711 2981 His
1730 2954 1819 2980 verbis
1839 2955 1894 2987 ipse
1914 2954 1983 2979 Beda
1998 2954 2045 2986 (lll.
2061 2953 2085 2978 in
2098 2954 2160 2978 Luc.

1201 3002 1230 3032 8,
1250 2995 1289 3034 ΞΖ)
1309 3002 1374 3026 haec
1393 2999 1548 3032 praemittit:
1568 2999 1647 3024 Maria
1667 2999 1819 3031 Magdnlene
1838 2999 1894 3031 ipsa
1914 3002 1967 3029 est,
1987 2998 2062 3023 cuius
2084 2997 2160 3022 tacito

1201 3046 1307 3072 nomine
1326 3044 1444 3077 proxima
1464 3044 1538 3069 lectio
1558 3043 1594 3077 [c.
1614 3044 1640 3074 7,
1659 3044 1708 3069 37.·
1721 3042 1807 3077 seqq]
1827 3042 2013 3075 poenitentiam
2034 3045 2130 3066 narrat.

1272 3087 1295 3103 ¹⁰
1313 3089 1410 3114 Auctor
1428 3088 1613 3114 Commentarii
1633 3088 1658 3113 in
1677 3088 1776 3119 Evang.
1796 3087 1941 3113 secundum
1960 3087 2057 3112 Lucam
2084 3086 2161 3118 (inter

1201 3140 1282 3166 opera
1295 3132 1411 3166 Hieron.)
1426 3140 1448 3158 c.
1464 3132 1512 3163 15,
1526 3131 1568 3163 40,
1586 3132 1691 3157 Mariam
1707 3131 1886 3164 Magdalenam
1900 3134 1978 3156 vocat
1993 3140 2006 3153 α
2016 3130 2159 3156 viduam».

1200 3176 1252 3204 Crr.
1271 3176 1373 3204 Cornel.
1392 3183 1407 3202 a
1425 3176 1526 3209 Lupiae
1545 3176 1569 3201 in
1589 3176 1651 3201 Luc.
1672 3176 1700 3208 8,
1721 3176 1744 3201 2.
1758 3189 1794 3195 —
1806 3175 1896 3201 Glossn
1915 3173 2098 3201 interluunt-is
2119 3174 2159 3206 (ex

1201 3221 1282 3253 Beda)
1303 3220 1327 3246 in
1346 3221 1409 3246 Luc.
1429 3221 1458 3251 Β,
1478 3221 1508 3245 3:
1527 3219 1671 3251 Susanna,
1691 3219 1772 3245 lilium
1792 3222 1899 3251 propter
1923 3218 2084 3244 odoriferum
2105 3224 2161 3243 cae—

1202 3265 1273 3291 lestis
1291 3264 1360 3290 vitae
1380 3264 1531 3290 candorem.

1274 3307 1294 3322 ¹¹
1317 3308 1391 3334 Vers.
1415 3308 1452 3333 13.
1471 3321 1506 3327 -
1525 3307 1647 3340 Sequitur
1667 3308 1753 3333 matth.
1774 3308 1801 3339 8,
1824 3306 1868 3338 l5;
1888 3307 1934 3332 cir.
1954 3307 2029 3331 Marc
2055 3307 2079 3335 l,
2100 3305 2141 3330 31.
