2476 3921
8 531 77 563 'otigo
91 537 151 557 natu·

52 562 111 584 ralis.

10 1756 159 1779 Detestifican-

17 1783 45 1805 tis
58 1784 157 1805 sanctita-

16 1812 36 1832 te
50 1810 100 1832 duo.
123 1821 127 1824 ·

10 1837 83 1864 Quoad
91 1836 156 1858 vitam

40 1864 138 1885 activum.

19 2128 103 2159 Triplex
112 2128 158 2159 eius

20 2157 157 2177 coutinentia.

774 221 967 254 COMMENT.
994 221 1030 253 lN
1055 220 1293 253 EVANGELIUM
1318 221 1434 253 LUCAE
1459 221 1491 253 C.
1517 222 1550 253 ll.

169 314 254 346 Anna
276 315 344 345 erat
367 311 583 354 prophetissa,
607 310 682 353 quia
706 309 880 352 Sapientiae
904 309 1036 351 septimo
1059 308 1136 341 dici-

169 370 223 399 tur
243 365 282 399 de
306 364 472 407 sapientia,
496 364 581 407 quod
610 377 626 393 <1
642 364 674 396 in
689 364 810 397 animas
825 366 948 395 sanctas
976 371 1009 395 se
1034 366 1135 394 trans-

168 419 230 452 fert
252 421 284 451 et
306 417 423 451 amicos
445 417 502 450 Dei
524 417 597 450 facit
620 420 651 449 et
675 416 847 459 Prophetas
870 415 1032 448 constituit
1047 428 1077 447 ».

258 471 310 504 83.
344 471 472 504 Ratione
503 479 579 503 vero
610 469 753 513 oriyinis
784 468 956 501 natu-ralis
985 467 1134 501 additur:

169 524 259 559 Filia
283 523 438 557 Phanuel
452 524 491 556 de
514 523 604 556 triba
621 524 726 560 Aser;
751 526 782 555 et
806 522 851 555 sic
867 525 936 554 erat
958 521 997 554 de
1019 529 1135 563 genere

169 577 294 624 Israel,
323 577 362 611 de
385 577 477 610 cuius
504 585 619 619 genere
643 578 734 609 erant
765 584 872 617 reges,
897 574 1074 608 sacerdotes
1104 576 1136 606 et

169 631 341 673 Prophetae
365 633 396 663 et
419 630 564 663 Christus
591 628 758 667 Dominus;
783 628 820 661 ad
847 628 1000 660 Romanos
1023 636 1106 660 nono
1124 628 1134 646 ¹

168 684 283 718 dicitur
307 684 345 716 de
369 683 534 716 Israelitis:
565 696 580 711 «
601 682 744 724 Quorum
768 681 894 723 adoptio
925 684 973 714 est
996 680 1135 713 filiorum

169 741 200 771 et
223 737 322 779 gloria
343 740 373 770 et
397 739 618 769 testamentum
643 738 675 768 et
706 734 858 777 legislatio
885 737 916 766 et
947 733 1134 775 obsequium

168 793 200 824 et
214 790 395 832 promissio,
419 798 558 831 quorum
576 778 695 830 patres,
720 791 751 820 et
767 796 808 820 ex
830 786 947 829 quibus
978 790 1025 819 est
1045 786 1135 818 Chri—

169 848 237 877 stus
257 843 432 877 secundum
456 851 584 875 carnem
598 855 627 874 n.
645 842 681 874 Et
703 841 881 883 specialiter
901 843 970 873 erat
989 840 1028 872 de
1045 840 1135 872 triba

169 899 265 936 Aser,
289 897 340 930 cui
363 896 436 929 data
459 900 506 929 est
531 895 705 929 benedictio
729 895 761 927 in
785 895 874 934 filiis;
900 894 1134 927 Deuteronomii

169 950 331 993 trigesimo
356 949 462 983 tertio:
493 962 508 978 α
525 949 711 982 Benedictus
735 948 766 981 in
791 948 863 981 filiis
886 948 975 987 Aser,
1008 948 1049 980 sit
1070 947 1136 990 pla-

169 1013 242 1037 cens
257 1003 411 1036 fratribus
434 1003 500 1036 suis
516 1014 547 1042 »;
570 1016 585 1031 «
599 1002 685 1035 Sicut
708 1002 775 1035 dies
791 1002 965 1035 iuventutis
989 1005 1075 1040 tuae,
1093 1001 1136 1033 ita

168 1061 200 1090 et
223 1056 394 1089 senectutis
429 1059 501 1088 tuae
520 1068 550 1087 ».
589 1055 625 1087 Et
658 1055 881 1097 specialissime
916 1055 1032 1087 dicitur
1062 1054 1136 1096 filia

169 1108 338 1148 Phanuel,
354 1109 408 1151 qui
426 1109 655 1151 interpretatur
671 1108 766 1141 facies
782 1108 836 1141 Dei
851 1108 878 1147 ²;
904 1108 933 1141 in
952 1117 1016 1150 quo
1032 1112 1135 1141 osten-

168 1163 265 1203 ditur,
290 1162 374 1205 quod
391 1166 459 1195 erat
486 1162 524 1195 de
540 1171 655 1205 genere
684 1162 825 1201 illorum,
842 1162 881 1195 ad
898 1171 978 1204 quos
1001 1162 1134 1195 dicitur:

173 1230 190 1246 «
206 1216 354 1259 Quaerite
377 1216 487 1249 faciem
523 1216 592 1249 eius
616 1224 784 1258 semper».
810 1216 891 1248 Nihil
922 1225 997 1257 ergo
1028 1216 1136 1248 deerat

169 1270 290 1303 ratione
312 1269 442 1312 originis
477 1278 519 1302 ex
543 1272 633 1311 parte
656 1269 830 1312 diynitatis
850 1273 1054 1311 parentum,-
1079 1278 1135 1301 nec

169 1323 263 1356 etiam
288 1323 409 1355 ratione
426 1322 639 1366 antiqu-itatis
667 1322 813 1364 dierum,
839 1330 921 1364 quae
938 1317 1065 1354 facit'ad
1090 1321 1135 1353 di-

168 1376 318 1418 gnitatem
349 1379 380 1409 et
410 1375 630 1408 auctoritatem
661 1376 916 1417 perplurimum;
953 1375 1136 1407 Proverbio=

169 1439 243 1462 rum
274 1429 395 1462 decimo
426 1429 565 1462 sexto³:
596 1429 750 1461 «Corona
781 1428 941 1470 dignitatis
972 1431 1135 1467 senectus,

169 1492 251 1526 quae
276 1483 305 1515 in
330 1482 388 1515 viis
412 1482 548 1515 iustitiae
571 1482 732 1524 reperitur
753 1495 783 1514 ».
811 1482 846 1513 Et
870 1481 939 1514 ideo
970 1480 1135 1513 subditur:

170 1536 212 1568 Et
245 1534 325 1568 baec
352 1538 563 1577 processerat
584 1534 621 1567 in
652 1533 767 1566 diebus
795 1533 934 1588 multis;
967 1533 1019 1566 lob
1044 1533 1129 1575 vige-

171 1588 249 1621 simo
273 1597 372 1621 nono:
403 1601 418 1616 c<
436 1588 468 1620 ln
504 1587 612 1620 nidulo
636 1596 706 1620 meo
741 1587 874 1626 moriar,
911 1590 942 1619 et
966 1586 1047 1619 sicut
1072 1587 1137 1628 pal-

170 1651 222 1674 ma
244 1641 460 1683 multiplicabo
483 1640 549 1686 (lies
565 1654 596 1672 22.

260 1694 312 1727 84.
339 1695 378 1727 Et
401 1694 532 1726 vixerat
555 1703 632 1726 eum
655 1693 729 1725 viro
752 1702 814 1725 suo
838 1696 895 1725 etc.
922 1692 975 1725 Hic
999 1692 1137 1735 secundo

170 1748 360 1782 describitur
385 1746 591 1789 testificantis
613 1746 777 1778 sanctitas
800 1749 956 1788 quantum
980 1746 1018 1778 ad
1034 1745 1138 1787 perfe-

171 1802 305 1835 ctionem
322 1801 404 1834 vitae
420 1801 548 1833 activae
564 1804 595 1833 et
611 1799 891 1841 contemplativae.
909 1818 954 1823 -
976 1799 1135 1840 Quantum

171 1854 210 1887 ad
234 1854 329 1887 vitam
354 1854 516 1892 activam,
533 1862 614 1895 quae
638 1852 779 1885 consistit
796 1852 827 1884 in
851 1852 1004 1894 regimine
1024 1852 1137 1885 domus

171 1908 333 1950 propriae,
365 1907 498 1940 dicitur:
524 1908 565 1940 Et
587 1907 720 1939 vixerat
747 1916 823 1938 eum
847 1906 920 1938 viro
952 1915 1013 1938 sito
1037 1906 1138 1937 annis

171 1965 288 2003 septem
314 1971 337 1993 a.
367 1960 562 2003 viryinitate
592 1969 678 1997 sua;
702 1963 733 1992 et
757 1958 800 1992 sic
825 1959 884 1991 fuit
914 1959 1026 2001 viryo,
1051 1962 1138 1991 ante-

172 2023 267 2056 quam
292 2016 534 2056 cognosceretur
558 2022 577 2045 a
599 2012 722 2045 marito.

262 2067 314 2099 85.
340 2066 441 2108 (Vers.
468 2066 545 2108 37.).
576 2067 615 2098 Et
637 2064 719 2098 'haec
743 2068 811 2098 erat
839 2065 944 2098 vidua
967 2074 1070 2108 usque
1093 2065 1138 2097 acl

172 2129 280 2152 annos
296 2119 460 2161 octoyinta.
483 2122 650 2162 <litamen
666 2122 698 2151 et
721 2119 764 2151 ita
781 2118 892 2151 habuit
915 2118 1138 2151 continentiam

173 2172 391 2215 viryinalem,
426 2172 594 2204 vidualem
629 2175 660 2204 et
684 2171 891 2214 coniuyalem
927 2180 985 2213 pro
1009 2171 1077 2203 loco
1108 2173 1140 2203 et

173 2229 324 2267 tempore.
356 2225 442 2258 Unde
473 2225 637 2258 laudabilis
660 2225 719 2257 fuit
751 2224 782 2256 in
807 2223 948 2256 custodia
979 2223 1137 2265 corporis;

174 2282 304 2321 propter
339 2278 423 2321 quod
462 2279 489 2311 ei
526 2278 722 2320 competebat
760 2277 837 2310 illud
876 2277 979 2309 Iudith
1018 2269 1146 2309 decimo*

174 2332 328 2374 quinto4:
358 2331 499 2364 «Fecisti
532 2332 680 2369 viriliter,
712 2334 742 2363 et
771 2330 981 2363 confortatum
1006 2333 1053 2362 est
1084 2339 1138 2362 cor

177 2388 284 2424 tuum,
309 2394 346 2417 eo
369 2384 453 2427 quod
485 2385 659 2417 castitatem
692 2384 846 2417 amaveris
871 2387 901 2416 et
931 2387 1001 2426 post
1032 2383 1137 2416 virum

175 2442 267 2471 tuum
291 2438 427 2471 alterum
451 2438 600 2471 nescieris
617 2451 646 2470 n.
672 2438 707 2470 Et
730 2437 800 2470 ideo
824 2437 901 2470 haec
925 2437 1019 2469 vidua
1040 2437 1137 2469 liono-

249 2640 257 2655 ²
280 2641 355 2666 Vers.
375 2641 398 2666 4.
418 2648 474 2673 seq.
492 2654 527 2659 —
547 2640 663 2666 Subinde
683 2640 809 2671 allegatur
830 2640 905 2665 Deut.
927 2640 975 2670 33,
996 2640 1039 2665 24.
1058 2643 1084 2665 et
1097 2639 1139 2665 25.

190 2719 193 2720 .
247 2682 258 2698 ²
278 2685 392 2715 Hieron„
421 2683 476 2710 Lib.
504 2684 538 2710 de
563 2683 695 2709 Nominib.
723 2682 869 2715 Hebraicis,
899 2683 962 2708 novi
992 2686 1139 2709 testament.

177 2730 276 2755 Lucae:
296 2728 419 2760 Fanuel,
441 2729 519 2754 facies
538 2728 594 2754 Dei.
613 2727 665 2754 Csr.
693 2727 773 2759 Epist.
798 2727 841 2753 54.
868 2726 942 2760 (alias
971 2727 1023 2759 lo.)
1043 2735 1069 2753 n.
1092 2728 1140 2752 40:

180 2773 294 2798 Phanuel
313 2773 340 2798 in
358 2773 448 2805 lingua
467 2776 554 2799 nostra
574 2776 679 2798 resonat
697 2771 804 2798 vultum
818 2771 873 2798 Dei.
894 2772 973 2802 Aser,
986 2772 1029 2796 vel
1042 2772 1068 2797 in
1082 2771 1140 2798 bea-

179 2817 329 2849 titudinem,
350 2818 391 2843 vel
412 2818 437 2843 in
457 2816 563 2843 divilias
583 2817 702 2842 vertitur.
720 2831 754 2834 —
777 2817 899 2849 Sequitur
919 2817 960 2841 Ps.
983 2816 1047 2847 ⁴04,
1070 2816 1092 2842 4.

249 2860 260 2875 ⁸
279 2862 354 2888 Vers.
375 2863 416 2887 31.
435 2875 471 2881 -
490 2861 609 2887 Subinde
627 2862 754 2892 allegatur
774 2860 819 2886 lob
839 2862 886 2891 29,
907 2862 948 2886 18.
968 2862 1140 2893 —Superius

180 2913 228 2938 pro
243 2905 448 2939 perplurimum
469 2906 527 2931 Vat.
548 2907 681 2939 qnantum
700 2904 737 2931 ad
751 2905 894 2939 populum.

249 2949 260 2964 ¹
280 2950 355 2976 Vers.
378 2951 421 2981 ll,
441 2953 500 2982 post
519 2957 598 2983 quern
619 2951 636 2976 l.
654 2950 723 2976 Tim.
743 2950 773 2982 5,
794 2951 817 2975 3.
847 2955 871 2975 et
891 2951 916 2976 9.
936 2957 992 2983 seq.
1011 2950 1062 2976 Csr.
1081 2952 1140 2976 Am-

179 2994 260 3026 bros¹¹
279 2994 314 3020 de
333 2994 440 3027 Viduis,
461 3001 483 3020 c.
503 2994 528 3020 4.
556 3001 581 3020 n.
610 2995 653 3020 22.
671 3001 728 3026 seq.
747 3008 782 3013 —
801 2995 940 3027 Aliquanto
965 2995 1073 3020 inferius
1092 3003 1140 3027 pro

180 3038 208 3064 in
227 3044 280 3072 quo
300 3038 358 3064 Vat.
377 3038 406 3064 in
425 3045 487 3072 qua.

251 3081 262 3096 ⁶
282 3082 384 3108 Scilicet
402 3082 592 3109 interlinearis.
613 3082 743 3114 Ambros„
764 3082 797 3108 de
826 3082 931 3113 Viduis,
951 3090 973 3108 c.
1005 3083 1028 3108 t.
1048 3090 1074 3108 n.
1094 3083 1140 3108 2¹:

180 3127 262 3152 Docet
280 3126 349 3152 enim
368 3127 456 3158 Anna,
475 3127 566 3159 quales
585 3123 677 3153 deceat
695 3133 752 3152 esse
765 3127 861 3152 viduas
879 3130 928 3152 etc.
941 3140 976 3146 —-
990 3127 1047 3152 Duo
1066 3133 1141 3159 seqq.

181 3170 231 3196 loci
249 3174 309 3196 sunt
328 3171 369 3196 Ps.
389 3171 454 3201 431,
476 3170 516 3196 -14,
537 3174 562 3196 et
581 3171 599 3196 l.
619 3171 687 3196 Tim.
708 3170 739 3201 5,
760 3170 803 3196 ¹¹3.
817 3185 849 3189 —
864 3171 991 3203 Superius
1010 3177 1058 3202 pro
1075 3171 1140 3197 Tota

181 3214 295 3241 vacabat
313 3214 544 3248 contmplaHoni,
564 3215 637 3248 quod
657 3215 735 3241 habet
754 3215 788 3246 D,
808 3215 850 3240 alii
870 3215 949 3241 codd.
962 3218 987 3245 et
1002 3215 1060 3240 Vat.
1075 3215 1141 3241 Tota

154 3268 156 3270 >
182 3257 284 3285 vivebat
303 3257 331 3284 in
350 3258 579 3292 contemplatione.

252 3301 264 3316 ⁶
282 3303 357 3328 vers.
377 3303 402 3328 5.
424 3310 478 3336 seq.
497 3317 533 3323 —
552 3304 702 3336 Sequuntur
726 3304 742 3329 Ι.
773 3303 840 3329 Tim.
866 3296 947 3336 5,'6;
967 3304 1092 3329 sententia
1111 3311 1141 3329 ex

183 3347 329 3374 Comment.
359 3354 439 3379 super
467 3348 544 3373 Marc.
564 3349 592 3379 9,
612 3349 656 3374 28.
679 3348 756 3380 (inter
781 3354 861 3380 opera
887 3348 1020 3380 Hieron.):
1039 3347 1140 3374 leittnio

184 3395 307 3418 sanantur
326 3395 374 3418 etc.
395 3392 450 3425 (cfr.
472 3395 534 3418 tom.
554 3393 595 3418 lV.
615 3399 676 3424 pag.
698 3392 763 3424 367,
783 3396 842 3418 nota
862 3392 912 3425 2.);
926 3396 952 3418 et
966 3391 1035 3418 Tob.
1057 3393 1096 3423 ¹2,
1116 3393 1140 3417 8.

2118 222 2158 254 63

1200 308 1314 347 randa,
1332 309 1506 342 secundum
1530 310 1607 342 illud
1624 311 1742 352 primae
1763 310 1800 343 ad
1819 311 2017 343 Timotheum
2035 310 2160 351 quinto:

1205 375 1220 390 ιι
1238 361 1353 394 Viduas
1376 363 1514 401 honora,
1545 371 1625 404 quae
1649 372 1723 395 vere
1756 363 1866 395 viduae
1891 367 1964 395 sunt
1981 375 2018 400 »;
2043 366 2074 395 et
2106 363 2161 394 ite-

1199 424 1290 447 rum:
1321 428 1335 443 α
1353 415 1453 448 Vidua
1484 415 1618 457 eligatur
1654 425 1715 448 non
1739 416 1844 448 minus
1875 416 2038 457 sexaginta
2066 425 2161 447 anno-

1199 476 1290 506 rum,
1314 476 1396 509 quae
1418 468 1514 500 fuerit
1538 468 1633 501 unius
1657 469 1715 500 viri
1726 478 1828 506 uxor,
1853 469 1882 500 in
1907 468 2057 510 operibus
2074 468 2161 500 bonis

1199 521 1412 554 testimonium
1438 521 1556 554 hahens
1573 535 1602 553 ».
1629 522 1710 554 Talis
1727 522 1786 554 fuit
1809 524 1906 560 Anum
1933 522 1962 553 in
1981 531 2044 563 quo
2067 530 2162 563 appa-

1200 579 1265 613 ret,
1289 574 1374 616 quod
1399 574 1533 607 habebat
1557 575 1777 616 perfectionem
1805 575 1884 607 vitae
1908 575 2044 607 activae.

1289 628 1341 659 86.
1367 628 1526 668 Quantum
1561 627 1600 660 ad
1636 628 1857 669 perfectionem
1894 627 2162 669 contemplativae
2177 636 2326 664 Quoadsnam

1199 681 1332 714 dicitur:
1360 681 1452 721 Quae
1475 690 1541 712 non
1565 680 1747 713 discedebat
1770 681 1808 712 (lc
1832 681 1956 722 templo.
1978 681 2054 712 Tota
2079 689 2164 712 vaca-
2182 664 2327 711 &zamma-

1199 734 1253 766 bat
1276 734 1527 776 contemplationi
1554 734 1670 766 devote.
1696 734 1843 766 Glossa⁵:
1875 747 1889 761 «
1908 734 2092 775 Exemplum
2110 733 2162 764 ‹la-
2189 743 2327 773 *commpa-

1200 792 1253 820 tur
1277 787 1394 827 viduis,
1412 796 1493 830 quae
1517 792 1591 820 sunt
1608 788 1638 819 in
1664 788 1798 820 Ecclesia
1815 802 1829 815 »
1843 813 1850 826 ‚
1868 787 1984 819 scilicet
2009 791 2042 819 ut
2060 787 2163 819 dicant
2178 770 2328 817 ῗὲῗὲιέῗωὺί

1199 851 1271 874 cum
1298 842 1437 875 Psalmo:
1468 855 1482 869 a
1500 842 1577 874 Haec
1604 842 1728 883 requies
1753 850 1821 873 mea
1850 842 1878 873 in
1912 841 2071 873 saeculum
2098 849 2164 872 sae-

1200 896 1262 928 culi
1280 908 1314 934 »;
1339 899 1449 928 contra
1473 895 1540 927 illas
1557 895 1681 934 viduas,
1706 895 1744 927 de
1768 894 1884 936 quibus
1904 894 1978 926 dicit
2002 894 2163 935 Apostolus

1200 949 1320 990 primae
1336 949 1374 981 ad
1392 949 1590 981 Timotheum
1608 948 1737 990 quinto,
1760 948 1843 990 quod
1870 961 1883 976 α
1901 948 2016 980 otiosae
2041 947 2163 979 diss-unt

1199 1002 1335 1035 circuire
1358 1001 1481 1039 domos,
1507 1005 1537 1034 ct
1554 1011 1614 1034 non
1632 1002 1732 1034 solum
1751 1001 1880 1039 otiosae,
1899 1001 1950 1033 sed
1968 1005 1998 1033 et
2016 1001 2164 1033 verbosae

1199 1059 1230 1089 et
1255 1055 1411 1094 curiosae,
1435 1056 1598 1097 loquentes
1621 1064 1702 1097 quae
1727 1065 1788 1087 non
1812 1058 1980 1096 oportet».
2003 1074 2046 1077 —
2071 1054 2165 1085 Vara·
2184 1062 2290 1084 omem.

1200 1109 1252 1142 bat
1276 1109 1369 1141 etiam
1394 1108 1553 1151 officiose‚·
1578 1109 1660 1141 unde
1677 1112 1708 1141 et
1731 1108 1874 1140 additur:
1901 1108 2039 1140 Ieiuniis
2059 1112 2087 1139 et
2112 1107 2164 1139 ob-

1199 1162 1441 1195 secrationibus
1471 1163 1616 1194 servietis
1652 1162 1735 1200 Deo;
1762 1162 1843 1194 sicut
1872 1162 1923 1194 ilia
1956 1162 2035 1194 hona
2072 1161 2163 1193 vidua

1201 1215 1319 1253 Iudith,
1344 1219 1453 1247 octavo
1470 1215 1500 1252 ⁶,
1525 1214 1640 1247 dicitur
1664 1214 1747 1257 quod
1779 1228 1792 1243 u
1815 1215 1844 1247 in
1870 1214 2087 1256 superioribus
2110 1213 2163 1245 do-

1200 1277 1272 1300 mus
1296 1277 1370 1300 suae
1394 1267 1511 1300 fecerat
1535 1267 1717 1300 cubiculum
1742 1271 1916 1306 secretum,
1941 1268 1971 1299 in
1997 1277 2060 1309 quo
2092 1276 2162 1299 curn

1201 1320 1313 1362 puellis
1337 1320 1402 1353 suis
1426 1320 1533 1352 clausa
1557 1320 1751 1359 morabatur,
1778 1320 1895 1353 habens
1920 1321 2054 1353 cilicium
2080 1321 2162 1353 circa

1201 1374 1324 1406 lumbos
1341 1382 1415 1406 suos
1435 1377 1466 1405 et
1482 1373 1641 1405 ieiunahat
1657 1373 1803 1406 omnibus
1819 1374 1929 1406 diebus
1947 1374 2027 1406 vitae
2043 1383 2118 1406 suae
2132 1386 2162 1411 »ς

1200 1430 1230 1459 et
1255 1427 1314 1459 hoc
1338 1426 1469 1468 optime,
1494 1426 1583 1468 quia,
1609 1426 1689 1458 sicut
1713 1426 1828 1458 dicitur
1853 1427 1972 1468 primae
2000 1427 2038 1458 ad
2062 1427 2164 1458 Timo-

1201 1480 1310 1512 theum
1335 1479 1459 1521 quinto,
1489 1492 1504 1506 «
1523 1479 1631 1517 vidua,
1656 1488 1737 1520 quae
1762 1479 1791 1510 in
1821 1479 1938 1512 deliciis
1963 1483 2027 1517 est,
2057 1479 2164 1511 vivens

1200 1536 1326 1564 mortua
1342 1535 1432 1564 est».
1458 1531 1493 1563 Et
1510 1531 1588 1564 bene
1608 1532 1709 1573 iungit
1732 1531 1895 1563 ieiunium
1912 1536 1942 1564 et
1966 1532 2163 1570 orationem,

1201 1585 1275 1627 quia
1305 1585 1464 1617 «ieiunio
1500 1588 1652 1617 sanantur
1688 1588 1790 1626 pestes
1825 1585 1981 1626 corporis,
2017 1585 2165 1617 oratione

1201 1642 1305 1681 pestes
1328 1639 1450 1671 animae
1467 1650 1502 1677 »ς
1527 1638 1641 1670 Tobiae
1665 1638 1864 1670 duodecimo:
1894 1651 1909 1666 α
1928 1638 2009 1670 Bona
2033 1642 2078 1670 est
2096 1647 2165 1670 ora-

1201 1692 1244 1725 tio
1260 1701 1332 1725 cum
1350 1691 1466 1724 ieiunio
1483 1695 1514 1724 et
1531 1691 1728 1733 eleemosyna
1744 1705 1758 1719 »
1780 1695 1838 1723 etc.
1857 1710 1901 1714 —
1917 1691 2052 1723 Vacabat
2073 1691 2165 1723 etiam
2185 1700 2299 1721 Continue.

1201 1746 1373 1783 eontinue;
1407 1744 1491 1777 unde
1527 1744 1660 1777 dicitur:
1686 1744 1745 1776 Die
1769 1753 1809 1776 ae
1845 1748 1959 1782 nocte;
1994 1744 2166 1777 secundum

1201 1798 1334 1831 formam
1358 1798 1515 1839 Apostoli;
1552 1797 1672 1839 primae
1695 1797 1734 1829 ad
1770 1797 1967 1830 Timotheum
2005 1798 2114 1839 quinto
2132 1798 2165 1829 ⁷:

1206 1852 1320 1892 «Quae
1346 1851 1440 1883 vidua
1463 1855 1510 1883 est
1545 1855 1576 1883 et
1610 1851 1747 1883 desolata
1779 1856 1883 1892 speret
1915 1851 1946 1883 in
1976 1851 2106 1883 Domino
2137 1855 2167 1884 et

1201 1905 1296 1938 instet
1318 1904 1513 1937 orationibus
1537 1904 1586 1937 die
1610 1913 1646 1936 ac
1670 1908 1761 1937 nocte
1777 1918 1807 1935 ».

1291 1958 1343 1990 87.
1369 1958 1469 1997 (Vers.
1503 1957 1580 1997 38.)
1609 1958 1647 1989 Ec
1681 1956 1778 1996 baec,
1804 1958 1879 1999 ipsa
1915 1956 1999 1989 liora
2023 1961 2081 1990 etc.
2114 1958 2165 1990 Hic
2192 1951 2334 1996 peneum-¹

1202 2011 1294 2044 tertio
1329 2011 1519 2044 describitur
1555 2010 1731 2043 testimonii
1753 2010 1921 2043 celebritas
1947 2014 2013 2042 tum
2045 2011 2165 2043 ratione
2179 1992 2330 2040 3133?an-

1203 2064 1358 2106 temporis
1401 2063 1635 2106 eonyruentis,
1675 2066 1742 2096 tum
1782 2063 1902 2096 ratione
1941 2062 2165 2096 multitudinis

1202 2118 1440 2151 consentientis.
1468 2135 1509 2140 —
1532 2117 1659 2149 Ratione
1684 2116 1839 2159 temporis
1856 2116 2067 2158 conor-uentis
2090 2116 2165 2148 dici·
2177 2125 2331 2155 Rationetem-

1203 2175 1274 2204 tur:
1299 2171 1338 2202 Et
1362 2169 1457 2208 baec,
1475 2170 1550 2212 ipsa
1574 2168 1659 2202 liora.
1674 2169 1923 2211 superveniente,
1948 2168 2165 2210 confitebatur
2199 2158 2318 2205 gr‘ssnfff‘

1203 2224 1343 2257 Domino
1351 2235 1363 2261 ;
1387 2224 1418 2255 in
1442 2232 1506 2265 quo
1529 2226 1676 2265 apparet,
1700 2222 1785 2265 quod
1816 2222 1920 2254 divino
1944 2222 2094 2254 instinctu
2121 2221 2165 2254 fa-

1202 2281 1273 2309 ctus
1296 2280 1343 2309 est
1367 2277 1425 2309 iste
1442 2285 1630 2314 concursus,
1655 2279 1686 2308 et
1710 2276 1778 2308 ideo
1803 2275 1916 2308 festum
1937 2275 2165 2307 Purificationis

1202 2328 1318 2361 dicitur
1342 2328 1456 2361 festum
1492 2328 1658 2370 Ypapanti,
1695 2329 1725 2361 id
1748 2332 1795 2361 est
1830 2328 2022 2361 obviantium
2036 2327 2059 2365 ⁸,
2091 2328 2165 2369 quia

1202 2382 1326 2415 Simeon
1358 2386 1388 2414 et
1412 2383 1497 2414 Anna
1528 2382 1735 2414 obviaverunt
1760 2382 1868 2423 loseph
1901 2385 1931 2414 et
1955 2381 2067 2413 Mariae
2099 2381 2163 2413 sine

1202 2435 1308 2477 aliqua
1332 2435 1569 2474 convocatione;
1595 2439 1626 2468 et
1650 2435 1718 2468 ideo
1742 2435 1772 2467 in
1797 2435 1846 2468 die
1871 2435 1922 2467 illo
1946 2434 2164 2467 universaliter

1205 2653 1237 2657 —
1257 2638 1384 2670 Superius
1403 2644 1451 2669 pro
1476 2636 1592 2663 Vacabat
1611 2636 1691 2662 etiam
1711 2636 1824 2670 officiose
1839 2637 1857 2661 B
1877 2635 1996 2663 Vacabat
2008 2636 2087 2662 ettam
2102 2642 2164 2662 con-

1203 2682 1373 2717 templativae
1392 2689 1445 2708 non
1465 2681 1555 2708 solunt
1574 2680 1675 2712 devote,
1696 2680 1743 2707 sed
1760 2682 1784 2706 et
1803 2680 1924 2714 officiose.

1275 2726 1284 2741 '¹
1305 2728 1381 2753 Vers.
1401 2728 1425 2753 5.
1445 2741 1480 2746 -
1499 2726 1704 2758 Superiuspost
1728 2724 1845 2751 Vacabat
1863 2724 1943 2751 etiam
1964 2725 1982 2750 B
1997 2725 2164 2758 prosequitur

1203 2779 1258 2799 non
1276 2772 1369 2799 solum
1388 2771 1478 2798 devote
1497 2772 1522 2798 et
1540 2770 1667 2805 officiose,
1687 2769 1733 2796 sed
1751 2769 1832 2796 etnim
1851 2769 1985 2796 continue.

1275 2815 1285 2830 Β
1305 2817 1345 2842 Ad
1364 2816 1558 2848 designandum
1579 2817 1671 2841 festum
1692 2814 1880 2840 Purificationis
1901 2814 1927 2839 B.
1950 2814 1979 2838 V.
2001 2814 2094 2839 Mariae
2114 2814 2160 2839 du-

1204 2863 1262 2894 plex
1280 2863 1410 2887 Graecum
1439 2861 1570 2886 invenitur
1590 2860 1762 2890 vocabulum,
1782 2859 1879 2885 scilicet
1905 2859 2005 2891 l'pante
2031 2856 2163 2891 &mutim

1203 2906 1221 2931 i.
1240 2914 1262 2931 c.
1282 2906 1388 2931 obviam
1409 2906 1451 2937 co)
1472 2908 1496 2930 et
1521 2905 1657 2938 l'papante
1686 2902 1854 2934 (ὑπαπανδάω
1874 2903 1893 2928 i.
1912 2910 1935 2927 e.
1954 2901 2099 2933 subolwio,
2119 2901 2163 2927 ob·

1204 2951 1273 2976 viam
1295 2950 1431 2983 procedo).
1452 2951 1478 2975 ln
1498 2950 1582 2975 Serm.
1603 2949 1635 2974 40
1656 2949 1693 2981 (in
1712 2948 1842 2974 Purilicat.
1861 2948 1888 2972 B.
1914 2947 1947 2972 M.
1968 2947 2009 2979 V.)
2029 2947 2073 2979 qui
2089 2946 2164 2971 habe-

1204 2999 1245 3020 tur
1265 2995 1331 3020 inter
1350 3001 1430 3026 opera
1452 2994 1477 3018 S.
1499 2993 1642 3019 Hildesonsi
1672 2992 1799 3025 (Toletani
1824 2992 1904 3023 episc.
1933 2991 1952 3024 †
1973 2991 2035 3022 669)
2056 2990 2163 3016 dicitur:

1208 3050 1221 3062 α
1241 3039 1356 3064 Vocatur
1383 3038 1471 3070 itaque
1499 3039 1598 3063 Graeco
1627 3036 1756 3062 vocabulo
1791 3036 1941 3069 Ypapante,
1969 3035 2042 3067 qnod
2074 3035 2164 3059 Latine

1205 3083 1322 3110 obviatio
1350 3083 1401 3108 dici
1431 3085 1528 3114 potest;
1563 3081 1663 3114 Ypante
1691 3081 1760 3106 enim
1790 3081 1888 3105 Graece
1920 3079 2028 3105 obviare
2060 3079 2162 3104 dicitur.

1205 3128 1317 3153 Proinde
1337 3128 1401 3152 haec
1420 3126 1544 3152 festivitas
1564 3125 1606 3151 tali
1626 3124 1757 3150 vocabulo
1778 3128 1894 3155 notatur,
1913 3123 1988 3156 quia,
2002 3130 2062 3148 cum
2076 3122 2163 3147 Domi-

1206 3179 1255 3199 nus
1274 3171 1399 3197 hodierna
1420 3170 1463 3196 die
1482 3170 1506 3195 in
1527 3170 1652 3201 templum
1679 3175 1693 3193 a
1723 3167 1876 3200 parentibus
1896 3167 1985 3192 suisset
2003 3166 2118 3196 delatus,
2138 3170 2162 3191 et

1205 3224 1219 3242 a
1241 3216 1355 3245 Sanctis,
1374 3222 1442 3247 quos
1462 3214 1588 3246 plurimos
1608 3217 1669 3238 tunc
1689 3212 1814 3244 temporis
1834 3211 1996 3243 ierosolymis
2015 3211 2092 3236 fuisse
2111 3217 2162 3235 non

1205 3260 1317 3286 dubium
1337 3263 1389 3290 est,
1409 3259 1431 3284 ei
1452 3257 1553 3284 obviari
1574 3258 1741 3283 credimus».
1761 3256 1825 3282 lbid.
1844 3256 1922 3282 etlam
1943 3255 2039 3280 mentio
2058 3255 2085 3280 lit
2105 3262 2163 3291 pro-

1205 3303 1331 3329 cessionis
1359 3304 1409 3328 hoc
1435 3302 1478 3327 die
1504 3301 1647 3327 faciendae.
1674 3300 1726 3326 Csr.
1753 3300 1832 3325 Notae
1861 3304 1886 3324 et
1913 3298 2109 3324 observationes
2137 3298 2161 3323 in

1206 3348 1233 3373 S.
1251 3346 1370 3379 Gregorii
1389 3346 1474 3378 Magni
1495 3344 1590 3371 librum
1616 3346 1856 3375 sacramentorum,
1876 3346 1982 3368 auctore
2003 3343 2032 3367 D.
2051 3342 2161 3373 Hugone

1205 3391 1343 3421 Menardo,
1362 3398 1388 3416 n.
1410 3390 1469 3415 463.
1490 3404 1522 3408 -
1544 3389 1600 3414 Vat.
1620 3389 1715 3414 omittit
1739 3386 1885 3421 Ypapanti,
1907 3385 1936 3416 id
1954 3388 2000 3412 est.
