2476 3921
165 540 233 561 Causa
247 539 290 567 pri-

202 573 235 587 ma

181 1647 288 1668 Secunda.

154 2227 177 2247 In
191 2228 286 2249 vestibus

173 2257 273 2280 peccatur

150 2280 293 2307 quadruplici-

154 2309 197 2327 ter:
213 2308 289 2334 primo.

312 286 376 317 416

313 377 401 406 notat
423 382 494 406 eum
506 398 513 411 ‚
530 381 611 414 quae
627 374 701 404 sunt
717 370 984 412 concupiscentia
1001 368 1194 407 oculorum,
1208 366 1269 401 'su-

308 426 428 469 perbia
451 426 538 457 vitae
560 428 592 457 et
614 424 880 466 concupiscentia
904 423 1020 459 earnis
1034 424 1054 455 ¹.

402 479 453 512 36.
479 478 580 519 (Vers.
608 478 683 518 19.).
708 477 811 509 Primo
834 477 930 518 igitur
953 480 1106 518 quantum
1131 475 1169 508 ad
1193 484 1269 507 con-

312 532 548 575 cupiscentiam
579 530 752 563 oculorum
779 530 874 562 dicit:
898 529 1003 561 Homo
1026 528 1165 572 quidam
1196 531 1269 560 erat

312 586 410 618 dives.
436 585 539 617 Homo
563 584 620 616 iste
644 583 735 616 dives
764 583 881 615 dicitur
913 592 974 614 non
1006 582 1106 615 solum
1139 584 1268 623 propter

311 639 490 671 divitiarum
515 637 759 679 possessionem,
784 636 838 669 sed
859 640 988 678 propter
1004 644 1114 667 earum
1130 633 1268 666 dilectio-

312 701 382 725 nem
395 718 402 731 ,
426 691 546 724 ratione
569 690 676 728 cuius,
700 689 819 731 primae
836 688 874 721 ad
890 688 1089 720 Timotheum
1114 687 1227 719 ultimo
1240 687 1267 725 ²,

317 759 332 773 «
349 745 402 787 qui
428 744 537 776 volunt
559 743 671 775 divites
694 742 763 774 fieri
787 741 929 774 incidunt
952 741 983 773 in
1011 740 1212 773 tentationem
1237 742 1269 772 et

311 799 342 831 in
368 799 515 840 laqueum
547 796 693 828 diaboli»
727 799 807 833 etc.;
840 795 914 837 quia
944 794 1064 826 ratione
1095 793 1269 826 dilectionis

311 854 511 883 terrenorum
535 849 728 881 incrassatur
752 851 783 880 et
806 850 1032 889 praegravatur
1056 846 1204 888 spiritus,
1232 849 1268 878 ut

311 913 373 936 non
404 903 501 944 possit
532 902 698 944 pervenire
729 901 759 933 in
791 901 937 933 sublimia
968 909 1065 941 regna
1096 899 1267 932 caelorum.

312 956 441 997 Propter
465 955 549 997 quod
574 954 717 987 Matthaei
742 954 861 986 decimo
886 962 988 985 nono:
1018 965 1033 981 «
1050 952 1181 985 Facilius
1203 955 1266 990 est,

311 1008 464 1041 camelum
498 1007 632 1040 transire
660 1016 716 1048 per
739 1007 878 1039 foramen
902 1015 996 1045 acus,
1021 1014 1115 1047 quam
1139 1005 1267 1037 divitem

310 1061 430 1093 intrare
461 1060 493 1092 in
525 1069 657 1101 regnum
691 1060 849 1092 caelorum
865 1073 896 1091 ».
923 1059 984 1091 Hoc
1007 1058 1170 1100 explicans
1193 1057 1268 1090 dicit

309 1114 402 1146 Marci
427 1113 595 1146 decimo³:
625 1126 640 1141 (ι
656 1113 771 1151 Filioli,
796 1122 891 1154 quam
908 1112 1051 1150 difficile,
1076 1111 1268 1144 confidentes

310 1167 340 1198 in
365 1166 506 1208 pecuniis
530 1166 561 1197 in
585 1174 717 1208 regnum
743 1165 796 1198 Dei
820 1165 967 1198 introire!
992 1164 1124 1197 Facilius
1147 1167 1194 1197 est
1217 1173 1266 1196 ca-

309 1219 426 1251 melum
444 1232 459 1247 »
488 1222 545 1251 etc.
571 1219 615 1251 De
640 1218 818 1251 huiusmodi
843 1218 939 1251 divite
969 1218 1085 1250 dicitur
1119 1217 1267 1250 Ecclesia-

309 1272 376 1304 stici
401 1271 520 1304 decimo
538 1271 649 1304 tertio:
672 1285 687 1299 α
704 1271 790 1303 Sicut
806 1271 1049 1304 communicabit
1066 1271 1160 1312 lupus
1176 1279 1265 1312 agno,

309 1324 353 1357 sic
378 1327 521 1366 peccator
552 1324 645 1356 iusto.
677 1325 763 1366 Quae
787 1324 1028 1359 communicatio
1052 1324 1170 1356 homini
1196 1333 1266 1356 san-

309 1380 359 1409 cto
382 1377 418 1409 ad
444 1381 579 1409 canem?
602 1377 662 1409 Aut
684 1386 765 1419 quae
790 1387 863 1419 pars
896 1377 976 1410 bona
1007 1377 1095 1409 diviti
1127 1381 1158 1409 et
1189 1386 1265 1419 pau-

308 1431 401 1472 peri?
424 1431 552 1463 Venatio
576 1431 688 1469 leonis,
712 1440 829 1472 onager
846 1431 876 1462 in
895 1439 1018 1469 eremo,
1044 1431 1087 1463 sic
1104 1435 1134 1463 et
1151 1439 1266 1471 pascua

308 1487 383 1516 sunt
404 1483 535 1515 divitum
568 1492 732 1525 pauperes.
763 1483 799 1515 Et
822 1483 904 1515 sicut
927 1483 1118 1515 abominatio
1141 1486 1188 1515 est
1212 1492 1265 1515 su-

308 1536 405 1578 perbo
422 1536 596 1575 humilitas,
614 1536 658 1569 sic
674 1539 706 1569 et
721 1536 898 1569 exsecratio
914 1540 961 1569 est
977 1536 1081 1568 divitis
1097 1545 1217 1578 pauper
1234 1549 1264 1568 ι).

397 1589 448 1622 37.
474 1589 616 1621 Secundo
639 1593 794 1631 quantum
818 1589 856 1621 ad
879 1589 1070 1631 superbiam
1088 1589 1175 1621 vitae
1191 1589 1266 1631 sub5

307 1642 368 1675 dit:
390 1643 427 1674 Et
439 1643 452 1661 4
468 1642 671 1674 induebatur
680 1652 841 1684 purpura
857 1647 885 1674 et
902 1642 1007 1685 bysso.
1026 1642 1123 1674 Beda:
1147 1656 1161 1670 ι(
1176 1632 1265 1687 pff·

302 1705 397 1738 pura
431 1698 477 1728 est
511 1696 597 1728 color
633 1695 708 1737 regii
742 1696 886 1734 habitus,
922 1704 938 1728 e
974 1695 1101 1728 conchis
1135 1696 1266 1729 marinis

305 1748 390 1781 ferro
425 1748 617 1781 circumcisis
641 1748 775 1786 emissa;
809 1748 945 1791 byssus,
970 1757 1070 1790 genus
1103 1749 1156 1781 lini
1192 1758 1265 1782 can-

306 1800 368 1833 didi
392 1804 422 1833 et
447 1801 667 1833 mollissimi».
698 1801 835 1833 Habebat
858 1805 963 1833 autem
996 1801 1047 1833 hic
1080 1801 1266 1834 vestimenta

305 1854 416 1895 pulcra
439 1857 470 1886 et
493 1853 630 1895 pretiosa
651 1854 689 1886 ad
716 1863 824 1886 vanam
849 1854 1000 1896 gloriam;
1033 1854 1116 1887 unde
1148 1854 1264 1896 Grego-

306 1906 419 1939 riusf’:
449 1919 464 1935 a
482 1907 577 1939 Nemo
601 1907 788 1939 vestimenta
819 1907 955 1948 pretiosa
987 1907 1045 1939 nisi
1070 1907 1109 1939 ad
1132 1907 1264 1949 gloriam

305 1959 447 2001 quaerit,
472 1963 508 1991 ut
533 1959 746 1992 honorabilior
769 1959 882 1992 ceteris
906 1959 1061 1992 habeatur
1077 1973 1107 1992 n.
1139 1960 1174 1992 Et
1205 1960 1264 1992 hoc

305 2011 430 2053 quidem
455 2015 502 2044 est
525 2012 770 2053 reprehensibile
787 2016 818 2044 et
834 2015 997 2053 peccatum
1008 2038 1015 2050 ‚
1033 2015 1162 2053 propter
1179 2012 1264 2054 quod

305 2062 509 2096 Ecclesiastici
535 2064 722 2096 undecimo:
752 2077 767 2092 ει
785 2064 817 2096 In
842 2064 957 2096 vestitu
982 2073 1021 2096 ne
1045 2064 1189 2105 glorieris
1205 2073 1264 2096 un-

306 2126 401 2158 quam
425 2120 456 2150 et
480 2117 510 2149 in
535 2116 585 2149 die
609 2117 738 2150 honoris
762 2117 808 2150 tui
833 2126 871 2150 ne
895 2116 1060 2149 extollaris
1075 2130 1105 2148 ι).

395 2169 446 2202 38.
472 2170 749 2203 Peccaturautem
774 2170 805 2202 in
831 2169 975 2202 vestibus
995 2169 1261 2211 quadrupliciter:

305 2222 406 2263 primo
430 2226 559 2264 propter
579 2223 841 2264 pretiositatem,·
858 2222 942 2254 unde
958 2221 1039 2254 Beda
1051 2222 1063 2240 ⁶
1078 2233 1092 2259 :x
1116 2234 1131 2250 «
1148 2221 1177 2254 Si
1195 2222 1261 2255 cul-

305 2278 355 2308 tus
379 2275 588 2317 pretiosarum
612 2275 746 2308 vestium
771 2275 863 2316 culpa
886 2284 948 2307 non
965 2277 1063 2313 esset,
1085 2283 1189 2307 sermo
1207 2275 1260 2308 Dei

304 2337 365 2360 non
390 2332 453 2360 tam
470 2328 635 2370 vigilanter
658 2327 871 2369 exprimeret,
896 2326 980 2369 quod
1003 2327 1090 2360 dives
1116 2337 1260 2370 purpura

303 2384 335 2414 et
358 2381 450 2422 bysso
474 2381 603 2413 indutus
634 2380 716 2422 apud
749 2380 865 2413 inferos
892 2380 1163 2414 irremediabiliter
1195 2385 1259 2414 tor-

892 280 1087 314 COMMENT.
1113 280 1149 313 lN
1174 279 1413 313 EVANGELlUM
1438 279 1555 312 LUCAE
1579 278 1611 310 C.
1637 278 1712 310 xvi.

1307 363 1310 365 ’
1333 369 1487 410 queretur
1503 380 1534 399 n.
1559 367 1655 399 Valde
1678 366 1762 399 enim
1785 364 1959 397 absurdum
1975 368 2039 404 est,
2055 365 2217 407 putridum
2241 374 2291 398 ca-

1332 421 1428 453 daver
1453 420 1589 463 pretiosa
1613 424 1699 453 veste
1722 418 1848 457 ornari,
1865 418 1949 451 unde
1965 422 2092 460 possent
2108 418 2197 451 multi
2214 427 2292 461 pau-

1334 483 1424 516 peres
1447 473 1627 506 sustentari.
1652 473 1831 505 Excusatur
1847 474 1953 504 autem
1970 471 2030 504 hoc
2048 471 2167 504 ratione
2183 471 2292 514 diyni-

1333 529 1411 560 tatis
1431 536 1612 569 personae,
1629 526 1750 559 ratione
1765 523 2012 567 siynificantiae
2027 527 2059 558 et
2074 524 2194 558 ratione
2210 534 2291 557 cau-

1333 579 1412 612 telae
1425 580 1447 612 ⁷.
1466 598 1507 603 —
1526 579 1682 617 Secundo,
1706 580 1837 620 propter
1859 576 2231 619 superabundantiam,-
2246 577 2291 610 Ia-

1332 633 1400 665 cobi
1425 632 1583 674 quinto³:
1613 645 1628 659 «
1645 631 1836 664 Vestimenta
1859 633 1965 662 vestra
1987 639 2006 662 a
2034 630 2126 663 tineis
2156 633 2293 663 comesta

1333 689 1416 718 sunt.
1448 684 1694 717 Thesaurizastis
1726 683 1814 715 vobis
1845 682 1925 715 iram
1958 682 1990 715 in
2019 683 2198 716 novissimis
2227 683 2293 716 die—

1332 739 1392 771 bus
1408 751 1439 777 »;
1457 742 1487 771 et
1505 739 1563 771 hoc
1584 740 1712 780 propter
1736 736 1884 769 iniuriam
1909 744 2108 778 pauperum;
2132 736 2217 770 unde
2240 737 2292 769 Iob

1332 792 1481 833 vigesimo
1504 795 1639 833 quarto:
1664 782 1684 818 ἀ
1700 789 1806 822 Nudos
1828 789 1993 821 dimittunt
2016 789 2176 828 homines,
2200 789 2293 823 indu-

1331 848 1437 878 menta
1462 845 1620 883 tollentes,
1645 843 1763 887 quibus
1786 852 1848 875 non
1873 845 1920 875 est
1943 842 2175 884 operimentum
2193 856 2208 872 u
2233 846 2292 877 etc.

1333 897 1586 939 Hieronymus⁰t
1617 910 1632 925 «
1650 897 1755 929 Aliena
1778 904 1891 937 rapere
1912 895 2111 928 convincitur
2135 895 2190 938 qui
2215 899 2293 929 tem-

1332 951 1450 992 poralia
1466 951 1550 983 ultra
1566 950 1782 983 necessitatem
1800 949 1938 981 retinere
1954 948 2180 990 comprobatur
2193 962 2223 981 ».
2248 969 2292 973 -

1331 1004 1449 1042 Terti0‚
1466 1007 1595 1045 propter
1611 1002 1836 1036 curiositatem
1850 1013 1862 1040 ,·
1878 1002 2025 1035 Matthaei
2041 1004 2133 1035 sexto
2146 1002 2193 1034 ¹⁰:
2216 1015 2233 1032 «r
2248 1003 2293 1036 De

1331 1056 1523 1089 vestimentis
1546 1055 1622 1098 quid
1639 1054 1760 1088 solliciti
1778 1055 1854 1087 estis
1869 1058 1905 1087 »ἵ
1928 1055 1963 1087 Et
1986 1054 2124 1087 iterum:
2154 1067 2170 1083 «
2185 1054 2292 1089 Consi-

1330 1109 1436 1142 derate
1460 1109 1524 1141 lilia
1546 1108 1635 1151 agri:
1660 1117 1721 1140 non
1748 1108 1892 1140 laborant
1915 1116 2019 1149 neque
2042 1110 2126 1140 nent.
2144 1107 2220 1141 Dico
2235 1118 2292 1141 au-

1331 1166 1390 1195 tem
1416 1162 1521 1201 vobis,
1545 1162 1694 1204 quoniam
1720 1170 1777 1195 nec
1802 1161 1946 1194 Salomon
1964 1161 1994 1193 in
2011 1161 2096 1193 omni
2119 1161 2219 1203 gloria
2234 1171 2293 1195 sua

1329 1220 1496 1258 coopertus
1520 1220 1567 1248 est
1591 1216 1674 1249 sicut
1696 1224 1796 1248 unum
1813 1224 1854 1247 ex
1871 1215 1940 1248 istis
1956 1228 1986 1247 n.
2005 1233 2047 1239 —
2064 1215 2202 1256 Quarto,
2218 1224 2292 1257 pro-

1330 1272 1398 1311 pter
1422 1269 1661 1307 indecentiam,
1686 1269 1762 1311 quia
1786 1277 1848 1301 non
1872 1268 1975 1307 decet,
2001 1268 2151 1301 clericum
2183 1269 2291 1302 vestiri

1329 1325 1364 1355 ut
1387 1322 1551 1355 mulierem
1576 1322 1625 1355 vel
1642 1325 1678 1354 ut
1699 1322 1902 1360 histrionem3
1928 1322 2103 1363 Sophoniae
2127 1321 2229 1364 primo
2244 1323 2291 1355 ¹¹:

1334 1389 1349 1405 α
1366 1376 1503 1408 visitabo
1539 1385 1636 1417 super
1667 1384 1777 1408 omnes
1809 1375 1894 1408 viros
1926 1375 2053 1408 indutos
2084 1378 2171 1408 veste
2201 1384 2292 1418 pere-

1329 1428 1466 1471 grina»;
1499 1432 1531 1461 et
1562 1428 1797 1461 Deuteronomii
1831 1428 1983 1470 vigesimo
2007 1428 2163 1460 secundo:
2193 1429 2291 1462 «Non

1329 1481 1479 1514 induetur
1510 1481 1558 1513 vir
1591 1485 1677 1514 veste
1708 1481 1903 1514 muliebri».
1928 1499 1973 1504 ——
1999 1480 2155 1514 Omnibus
2185 1485 2291 1515 autem

1329 1534 1378 1567 his
1402 1534 1503 1567 modis
1526 1537 1761 1567 consueverunt
1784 1534 1928 1567 homines
1948 1534 1980 1566 in
1997 1534 2114 1567 vestitu
2136 1535 2292 1569 excedere

1329 1592 1360 1621 et
1383 1588 1563 1621 excedendo
1594 1588 1723 1630 gloriari
1755 1591 1786 1620 et
1809 1588 1972 1630 gloriando
1996 1597 2144 1630 peccare,
2169 1592 2201 1622 et
2232 1589 2292 1622 ista

1328 1641 1472 1683 gloriatio
1496 1650 1576 1673 vana
1599 1644 1647 1674 est
1669 1645 1700 1674 et
1723 1641 1834 1674 similis
1857 1641 2033 1683 gloriationi
2058 1641 2238 1674 corniculae
2252 1642 2289 1674 ¹².

1329 1693 1404 1726 Ovis
1426 1694 1509 1726 enim
1537 1693 1576 1726 de
1607 1693 1678 1726 lana
1708 1697 1740 1726 et
1776 1693 1892 1726 vermis
1916 1693 1955 1726 de
1979 1694 2080 1726 serico
2103 1693 2196 1726 debet
2225 1694 2292 1736 glo-

1330 1745 1423 1784 riari3
1440 1755 1512 1778 nam
1536 1759 1550 1774 «
1564 1746 1657 1778 homo
1673 1745 1809 1787 putredo
1825 1749 1856 1778 et
1872 1746 1956 1778 filius
1973 1746 2109 1779 hominis
2125 1746 2242 1780 vermis
2258 1760 2290 1779 n.

1419 1798 1471 1831 39.
1497 1799 1603 1831 Tertio
1626 1803 1782 1841 quantum
1799 1799 1837 1831 ad
1854 1799 2155 1841 concupiscentiam
2175 1799 2292 1832 carnis

1329 1851 1456 1884 subdit:
1475 1853 1515 1884 Et
1529 1851 1730 1894 epulabatur
1753 1852 1899 1895 quotidie
1914 1852 2082 1894 splendide
2089 1864 2101 1891 ,·
2121 1852 2229 1886 Glossa
2242 1853 2289 1886 ¹⁸:

1333 1917 1349 1932 «
1365 1904 1460 1944 Ecce,
1486 1905 1640 1937 voracitas
1656 1918 1688 1943 υ,
1713 1913 1795 1946 quae
1819 1908 1855 1937 ut
1877 1905 2052 1947 plurimum
2076 1905 2171 1939 habet
2193 1906 2290 1940 luxu-

1329 1957 1407 1989 riam
1431 1957 1610 1990 adiunctam
1626 1969 1633 1997 ;
1660 1957 1758 1990 lacobi
1776 1958 1908 2000 quinto:
1932 1971 1947 1987 «
1964 1959 2085 2001 Epulati
2103 1959 2178 1993 estis
2194 1969 2290 2003 super

1328 2014 1446 2043 terram
1470 2014 1500 2043 et
1524 2010 1555 2043 in
1580 2011 1721 2044 luxuriis
1752 2011 1916 2045 enutristis
1947 2012 2042 2045 corda
2071 2016 2176 2046 vestra
2192 2027 2222 2046 n.
2246 2033 2291 2038 —

1328 2064 1364 2096 Et
1387 2066 1478 2102 nota,
1503 2064 1586 2106 quod
1611 2067 1658 2097 est
1682 2064 1836 2106 splendor
1853 2065 1884 2097 in
1900 2066 2085 2108 epulatione
2100 2067 2289 2109 spirituali,

1327 2125 1420 2158 quem
1445 2117 1518 2150 facit
1540 2117 1706 2159 sapientia
1713 2130 1726 2157 ;
1749 2121 1780 2151 et
1804 2118 1856 2151 hic
1879 2122 1927 2152 est
1951 2119 2144 2159 laudandus,
2162 2120 2243 2153 sicut
2258 2124 2291 2154 et

1326 2169 1377 2202 illa
1401 2170 1557 2212 epulatio,
1582 2170 1620 2203 de
1636 2180 1700 2213 qua
1716 2180 1814 2213 supra
1836 2171 1958 2205 decimo
1978 2173 2090 2215 quinto
2103 2173 2150 2205 ¹⁴¹:
2173 2186 2188 2202 α
2204 2174 2288 2206 Man-

1325 2223 1477 2256 ducemus
1501 2228 1532 2257 et
1555 2224 1740 2266 epulemur,
1765 2225 1840 2267 quia
1863 2225 1949 2258 filius
1967 2239 1981 2254 υ
2016 2229 2075 2258 etc.
2109 2226 2188 2259 Haec
2211 2234 2288 2269 epu—

1326 2276 1399 2309 latio
1422 2280 1470 2310 est
1492 2277 1686 2319 splendida,
1711 2278 1786 2320 quia
1809 2278 1888 2311 nihil
1913 2278 2008 2311 habet
2028 2278 2147 2318 sordis,
2164 2279 2218 2312 sed
2237 2288 2288 2312 ve—

1324 2329 1370 2362 nit
1393 2338 1434 2362 ex
1458 2329 1543 2363 fonte
1575 2331 1703 2364 luminis
1726 2331 1930 2373 sempiterni3
1956 2331 2096 2364 psalmus
2110 2332 2157 2364 ¹⁵:
2186 2345 2202 2361 α
2219 2332 2286 2366 Ine-

1323 2381 1514 2415 briabuntur
1537 2383 1577 2415 ab
1600 2383 1746 2416 ubertate
1764 2395 1793 2422 »3
1818 2386 1850 2416 et
1872 2387 1963 2425 post:
1994 2397 2009 2412 a
2026 2384 2178 2426 Quoniam
2203 2385 2287 2427 apud

374 2546 381 2560 ¹
403 2546 453 2572 Ctr.
472 2553 551 2577 supra
571 2553 634 2577 pag.
653 2546 714 2576 3711,
734 2549 792 2571 nota
811 2546 837 2571 7.
855 2560 891 2565 —
911 2548 1036 2579 Superius
1056 2555 1103 2580 pro
1118 2547 1196 2575 Circa
1209 2548 1259 2574 im-

302 2590 502 2616 misericordiae
529 2597 641 2616 caasam
662 2591 682 2615 D
701 2590 793 2616 Primo
813 2593 945 2624 quantam
964 2591 1001 2618 ad
1018 2592 1259 2619 immisericordiae

304 2640 425 2660 causam.

373 2676 383 2691 ²
405 2678 478 2703 Vers.
498 2679 522 2703 9.
541 2692 576 2697 —
595 2678 712 2704 Subinde
731 2680 856 2710 allegatur
875 2680 961 2705 Matth.
984 2680 1030 2710 19,
1051 2680 1095 2705 24.
1114 2695 1148 2698 -
1167 2681 1258 2706 Glossa

303 2721 483 2747 interlinearis
513 2721 568 2753 (cfr.
598 2722 682 2753 Cyrill.
710 2723 860 2755 Alexandr.,
885 2723 1072 2755 Theophylact.
1091 2727 1116 2749 et
1135 2724 1258 2756 Gregor.,

302 2765 329 2789 11.
349 2765 442 2790 Homil.
462 2765 485 2790 in
507 2766 604 2797 Evang.
629 2766 717 2791 homil.
744 2765 786 2791 40.
806 2773 830 2791 n.
851 2766 904 2798 3.):
925 2766 1010 2792 Homo
1030 2765 1156 2799 quidam,
1172 2758 1258 2799 'quasi

302 2809 407 2840 ignotus
426 2810 497 2841 apud
517 2810 614 2841 Deum,
635 2810 740 2836 nomine
759 2818 809 2835 non
829 2811 990 2842 designatur.

373 2851 382 2867 ³
403 2854 475 2879 Vers.
496 2854 537 2879 24.
557 2858 582 2879 et
601 2855 644 2880 25.
663 2855 712 2880 Pro
731 2854 759 2880 in
777 2861 893 2887 regnum
915 2854 962 2880 Dei
980 2853 1093 2880 introire
1118 2854 1257 2880 ACDFG

302 2904 418 2930 reanum
447 2898 494 2924 Dei
517 2898 673 2925 introibunt.
692 2912 728 2918 —
747 2900 896 2931 Sequuntur
925 2899 998 2924 Ecrli.
1030 2899 1078 2929 13,
1104 2899 1203 2924 21-24ε
1228 2899 1261 2925 Si

301 2941 508 2968 communicabit
527 2942 607 2975 lupus
626 2949 698 2975 ayno
717 2942 879 2975 aliquando,
899 2942 937 2968 sic
956 2946 1004 2968 etc.

372 2985 383 2999 ⁶
404 2987 435 3011 lta
457 2987 534 3011 etIam
554 2987 678 3018 August,
698 2987 724 3012 11.
745 2987 793 3019 Qq.
814 2987 977 3018 Evangelior.
1006 2994 1031 3019 q.
1061 2987 1103 3012 38.
1133 2994 1156 3012 n.
1185 2988 1207 3018 1,
1233 2990 1258 3013 et

301 3029 385 3060 Beda,
415 3030 444 3055 V.
474 3030 499 3054 in
518 3031 579 3055 Luc.
602 3030 646 3062 16,
669 3030 718 3061 19;
745 3031 854 3061 Vulgata
878 3030 938 3062 Qui.
960 3045 991 3048 —
1012 3031 1142 3057 Sententia
1172 3032 1257 3057 Bedae

300 3073 435 3099 exhibetur
454 3074 542 3099 verbis
560 3075 667 3100 Glossae
686 3074 843 3101 ordinariae
868 3075 892 3100 in
917 3075 977 3101 Luc.
1003 3075 1047 3106 16,
1069 3076 1119 3107 19;
1140 3076 1198 3102 Vat.
1220 3077 1257 3101 as-

301 3118 349 3142 sert
367 3117 448 3143 vei-ha
469 3118 551 3148 ipsius
570 3118 664 3143 nedae.

372 3159 382 3174 ⁵
401 3161 471 3187 Libr.
492 3162 518 3187 11.
539 3162 632 3188 Homil.
657 3162 682 3187 in
702 3163 799 3195 Evang.
821 3163 907 3188 homil.
930 3163 971 3189 40.
991 3170 1015 3189 n.
1036 3164 1060 3189 3.
1080 3178 1115 3183 —
1134 3165 1257 3198 Sequitur

301 3206 377 3231 Eccli.
399 3207 440 3237 ll,
461 3206 484 3231 4.

372 3248 383 3263 ⁶
402 3250 471 3275 Lihr.
492 3251 523 3276 V.
543 3251 567 3276 in
588 3252 648 3276 Luc.
673 3252 716 3284 16,
738 3252 785 3282 19,
805 3251 850 3277 ubi
865 3252 982 3285 sequitur
995 3253 1119 3285 Gregor.,
1133 3254 1181 3279 loc.
1196 3254 1256 3284 cit.;

300 3295 423 3320 sententia
444 3294 580 3320 exhibetur
599 3295 688 3321 vei-bis
707 3296 813 3321 Glossae
832 3295 997 3322 ordinariae.

370 3335 380 3351 ⁷
399 3337 475 3363 Card.
493 3339 586 3370 nugo:
601 3340 708 3371 Propter
720 3341 862 3371 cautelam,
876 3343 904 3365 ut
916 3340 1023 3373 quando
1036 3341 1129 3374 aliquis
1143 3348 1255 3373 magnus

299 3389 310 3404 x
320 3382 356 3406 ult
370 3389 417 3413 pro
432 3381 500 3407 bono
515 3383 606 3413 latere,
621 3387 648 3408 ut
662 3383 884 3410 Sebastianus.—
894 3385 1019 3416 Superius
1033 3392 1081 3417 pro
1095 3386 1254 3412 Excusatur

297 3427 389 3451 autem
409 3425 457 3452 hoc
477 3426 495 3452 C
507 3427 585 3452 DFG
608 3428 766 3454 Eacusatur
785 3430 875 3454 autem
895 3428 937 3455 liic
957 3429 1076 3461 (vestitus
1095 3430 1244 3463 pretiosus).

1394 2547 1404 2562 ⁸
1426 2549 1499 2574 Vers.
1519 2550 1543 2574 2.
1563 2552 1588 2574 et
1607 2549 1638 2581 3,
1667 2549 1728 2580 (pro
1754 2548 1782 2574 in
1801 2548 1954 2576 novissimis
1973 2549 2064 2577 diebus
2085 2551 2162 2577 codd.
2190 2550 2217 2577 in
2243 2550 2286 2578 die

1322 2592 1398 2624 irae,·
1417 2594 1464 2618 cir.
1484 2593 1559 2617 Rom.
1579 2594 1610 2624 2,
1631 2591 1682 2624 5.),
1701 2592 1799 2625 quibus
1818 2592 1987 2626 subiungitur
2007 2594 2051 2620 lob
2071 2595 2119 2625 24,
2139 2596 2164 2621 7.

1393 2635 1404 2650 ⁹
1423 2638 1448 2662 ln
1469 2637 1568 2668 Regula
1589 2637 1736 2662 Monachor.
1756 2636 1833 2669 (inter
1852 2644 1933 2669 opera
1953 2639 2068 2671 Hieron.)
2088 2646 2112 2665 c.
2134 2639 2158 2665 4.

1394 2679 1417 2694 ¹⁰
1437 2681 1510 2706 Vers.
1531 2681 1573 2706 28.
1593 2684 1618 2706 et
1637 2681 1680 2705 29.
1699 2680 1748 2706 Pro
1766 2680 1937 2708 Considerate
1956 2683 2033 2708 codd.
2053 2683 2182 2717 Respicite
2201 2684 2283 2717 (quod

1324 2725 1437 2750 occurrit
1457 2732 1483 2750 v,
1504 2725 1574 2757 26.)‚
1593 2728 1619 2750 et
1638 2724 1749 2751 subinde
1769 2732 1818 2757 pro
1842 2726 1907 2753 Dico
1935 2729 2026 2753 autem
2045 2726 2133 2759 robis,
2155 2727 2285 2761 quoniam

1324 2769 1412 2800 plures
1431 2769 1508 2794 codd.
1530 2769 1594 2795 Dico
1613 2768 1684 2795 enim
1703 2768 1790 2802 vobis,
1810 2770 1890 2804 quod.
1912 2772 1970 2797 Post
1984 2771 2042 2797 litia
2061 2771 2126 2804 ayt-i
2144 2772 2202 2797 Vat.
2221 2778 2282 2798 cuin

1326 2813 1436 2844 Vulgata
1456 2813 1530 2839 addit
1548 2813 1681 2847 quomodo
1701 2816 1835 2840 crescunt.

1396 2856 1415 2871 ¹¹
1437 2858 1510 2882 Vers.
1532 2859 1561 2888 8,
1582 2860 1641 2889 post
1659 2865 1739 2890 quem
1760 2859 1833 2885 Deut.
1854 2861 1903 2891 22,
1923 2861 1947 2886 5.

1395 2900 1416 2915 ²²
1437 2902 1582 2933 Respicitur
1601 2902 1727 2933 Phaedr.,
1741 2903 1756 2928 1.
1771 2904 1905 2936 Aesopiar.
1925 2904 2013 2930 Fabul.
2033 2903 2111 2930 fabul.
2132 2904 2162 2935 3,
2183 2904 2228 2930 ubi
2242 2905 2285 2931 de-

1323 2945 1446 2971 scribitur
1475 2946 1597 2977 graculus
1623 2946 1668 2978 (de
1687 2948 1821 2973 cornicum
1841 2949 1947 2980 genere)
1967 2948 2113 2980 superbus,
2133 2949 2177 2981 qui
2198 2956 2226 2974 se
2245 2956 2284 2975 or-

1323 2992 1430 3015 naverat
1449 2990 1540 3021 pennis
1560 2991 1681 3021 pavonis,
1701 2994 1726 3016 et
1745 2992 1819 3023 gregi
1840 2999 1974 3024 pavonum
1995 2992 2127 3018 immixtus
2146 2996 2171 3017 et
2190 2996 2281 3019 ornatu

1322 3041 1370 3059 suo
1392 3034 1530 3066 spoliatus,
1550 3041 1610 3060 cuni
1631 3035 1734 3061 infamia
1754 3036 1787 3061 ad
1807 3043 1869 3063 suos
1888 3037 2027 3063 revertitur
2046 3036 2080 3062 ab
2100 3037 2216 3069 ipsisque
2241 3037 2285 3063 de-

1321 3078 1438 3110 spicitur.
1458 3092 1494 3097 —
1514 3078 1630 3104 Subinde
1657 3080 1782 3112 allegatur
1811 3080 1856 3106 lob
1886 3081 1932 3113 25,
1963 3081 1988 3106 6.
2006 3095 2042 3100 -
2061 3081 2192 3106 Sententia
2219 3080 2284 3108 Ovis

1321 3121 1392 3148 enim
1412 3121 1443 3147 de
1463 3121 1527 3148 lana
1546 3127 1609 3153 etc.‚
1629 3130 1642 3149 a
1664 3124 1721 3149 vat.
1742 3124 1864 3150 tribuitur
1887 3124 2059 3159 Hieronymo.
2089 3125 2177 3150 Plures
2201 3125 2282 3151 codd.

1322 3166 1444 3191 omittunt
1463 3165 1536 3192 debet
1554 3166 1672 3200 gloriari
1696 3168 1726 3196 (11
1746 3168 1864 3201 qloriari
1877 3170 1990 3202 posset),
2014 3171 2039 3194 et
2057 3175 2106 3200 pro
2123 3174 2189 3194 nam
2202 3167 2283 3194 homo

1322 3211 1379 3236 Vat.
1398 3217 1458 3236 cum
1479 3211 1607 3237 nonnullis
1626 3211 1703 3237 codd.
1723 3219 1778 3238 non
1803 3212 1894 3245 homo,
1925 3214 2034 3239 fortasse
2058 3212 2201 3244 legendum
2227 3219 2281 3239 non

1322 3253 1421 3286 homo‚·
1441 3261 1506 3280 nam
1525 3254 1614 3281 homo.

1393 3296 1416 3313 ¹⁸
1436 3298 1535 3324 Scilicet
1554 3298 1750 3332 interlinearis,
1771 3304 1831 3332 post
1849 3308 1929 3334 quarn
1950 3302 1998 3327 lac.
2019 3302 2051 3332 5,
2071 3300 2095 3326 5.

1391 3340 1413 3356 ¹⁴
1433 3342 1505 3367 Vei-s.
1526 3343 1568 3368 23.
1589 3346 1614 3368 et
1634 3343 1676 3368 24.
1695 3357 1730 3363 -
1750 3345 1876 3376 Superius
1889 3352 1938 3377 pro
1958 3352 2037 3379 quem
2054 3343 2121 3378 facit
2139 3343 2188 3370 AC
2200 3344 2281 3369 DFG

1319 3393 1401 3420 quam
1413 3386 1495 3420 [πᾶς
1509 3388 1555 3412 cfr.
1570 3390 1655 3412 tamen
1669 3388 1802 3420 aliquanto
1816 3388 1935 3420 inferius,
1951 3389 1994 3414 ubi
2008 3396 2100 3415 omnes
2114 3395 2191 3422 quem
2202 3387 2280 3421 facit.

1391 3429 1412 3444 ¹¹⁵
1431 3430 1524 3456 Psalm.
1544 3431 1592 3462 35,
1612 3431 1636 3456 9.
1656 3435 1681 3457 et
1704 3432 1748 3464 10,
1768 3432 1866 3464 quibus
1885 3433 2049 3460 subnectitur
2068 3433 2107 3459 rs.
2129 3432 2171 3464 tt,
2192 3433 2217 3458 5.

2309 583 2417 605 secundo.

2311 1006 2391 1029 Tertio.

2310 1219 2399 1246 Quarto.
2427 1252 2430 1253 .

2311 1804 2392 1826 Tertia.

2309 2069 2416 2097 Splendor

2315 2097 2401 2124 triplex.
