2476 3921
140 726 278 748 Commenda-

135 756 169 775 tur
187 754 242 774 sama
262 754 285 774 ut

156 779 265 801 salutifera

135 806 279 828 credentibus.

133 2315 191 2340 Item,
201 2317 223 2336 ut
229 2321 282 2336 mor-

141 2341 203 2362 tifera
213 2341 283 2369 despi-

140 2368 253 2389 cientibus.

301 263 362 294 180

298 351 366 383 aliis
390 350 514 392 quidem
539 348 615 381 odor
640 348 750 380 mortis
766 347 798 379 in
815 350 963 385 mortem,
986 347 1057 379 aliis
1079 346 1156 380 odor
1173 346 1255 379 vitae

300 404 329 435 in
361 403 456 435 vitam
474 414 503 441 »;
528 401 597 434 ideo
628 400 824 433 commendat
851 400 1019 442 dupliciter
1050 399 1254 441 praeconium

298 456 396 488 famae
410 456 441 487 in
459 455 584 487 Ioanne:
601 454 702 496 primo
718 453 909 486 ostendendo
925 452 1023 495 ipsam
1040 451 1255 494 salutiferam

298 507 514 545 credemibus,
531 507 668 540 secundo
683 505 895 548 mortiferam
911 505 1171 548 despicientibus.
1189 505 1255 537 Pri-

298 561 357 593 mis
380 561 461 593 enim
480 560 644 592 videbatur
668 560 796 592 Ioannes
820 559 994 597 laudabilis,
1018 558 1163 591 secundis
1179 566 1255 591 vero

298 613 550 655 contemptibilis;
565 613 657 654 primi
673 616 764 645 erant
776 612 911 645 humiles
927 615 958 644 et
974 611 1101 644 secundi
1115 611 1253 652 superbi.

386 667 487 699 Primo
511 675 586 707 ergo
610 666 779 698 introducit
810 665 1109 698 commendationem
1134 664 1255 697 Ioannis

297 720 336 753 de
359 720 533 753 humilibus
563 719 823 757 assentientibus,
848 727 920 751 cum
951 718 1043 750 dicit:
1076 719 1118 750 Et
1147 717 1255 750 omnis

294 773 440 816 populus
472 773 635 811 audiens,
672 773 815 805 Ioannem
851 772 967 804 scilicet
1002 771 1253 813 praedicantem,

297 826 588 867 iustificaveruntl
614 826 737 864 Deam,
762 825 791 857 id
824 828 888 863 est,
914 825 1032 857 iustum
1065 833 1133 857 esse
1164 824 1254 856 dixe-

298 883 391 917 runt,
416 888 448 911 se
483 879 567 921 ipsos
600 878 791 911 ostendendo
825 878 976 916 iniustos,
1000 881 1126 919 peccata
1157 877 1254 910 confi-

297 932 407 971 tendo,
432 932 605 964 secundum
630 931 707 963 illud
738 931 867 963 Psalmi:
896 943 912 959 a
929 931 1109 963 Iustificeris
1131 930 1164 962 in
1188 939 1254 963 ser-

298 984 443 1017 monibus
467 985 534 1017 tuis-
561 988 592 1017 et
626 984 747 1022 vincas,
780 992 852 1016 cum
887 983 1036 1015 iudicaris
1052 996 1083 1014 ».
1108 983 1254 1015 Peccator

298 1038 397 1076 enim,
421 1038 497 1070 dum
522 1037 690 1070 confitetur
714 1040 893 1078 peccatum,
915 1036 1015 1068 Deum
1031 1036 1112 1068 dicit
1128 1036 1254 1068 iustum

298 1095 328 1129 et
351 1090 511 1132 iustificat
527 1099 560 1122 se
577 1090 679 1131 ipsum
694 1116 700 1128 ,
718 1089 890 1127 secundum
908 1089 984 1122 illud
1001 1089 1095 1122 Isaiae
1118 1089 1254 1130 quadra-

298 1143 414 1185 gesimo
439 1143 574 1175 tertio2:
604 1155 619 1170 α
637 1143 749 1181 Narra,
774 1142 798 1175 si
823 1142 898 1184 quid
923 1142 1037 1180 habes,
1055 1145 1090 1174 ut
1106 1141 1254 1174 iustifice-

298 1196 341 1228 ris
358 1209 387 1234 »;
412 1196 472 1228 alia
496 1196 673 1228 translatio:
696 1209 711 1224 α
729 1196 782 1227 Dic
807 1199 840 1227 tu
866 1195 953 1237 prior
976 1195 1157 1237 iniquitates
1173 1198 1253 1234 tuas,

298 1253 333 1282 ut
349 1250 528 1282 iustificeris
544 1263 574 1281 n.
594 1250 629 1282 Et
646 1250 704 1282 1106
728 1249 819 1281 1110όο
843 1249 998 1290 publicani
1024 1252 1055 1281 et
1075 1253 1254 1290 peccatores

296 1303 453 1342 fecerunt,
470 1303 632 1336 audientes
648 1303 807 1341 Ioannem,
825 1303 997 1335 secundum
1015 1302 1091 1334 illud
1108 1302 1254 1335 Matthaei

298 1357 406 1390 tertio:
436 1370 451 1384 α
470 1357 581 1389 Exihat
604 1356 642 1389 ad
665 1365 737 1389 eum
771 1356 872 1389 omnis
897 1356 1083 1397 lerosolyma
1099 1359 1129 1388 et
1153 1355 1254 1388 omnis

298 1410 410 1442 Iudaea
425 1413 456 1442 et
472 1410 573 1442 omnis
597 1409 682 1452 regio
706 1410 789 1442 eirca
806 1409 966 1442 Iordanem
979 1436 986 1448 ‚
1004 1413 1039 1441 ut
1057 1409 1252 1451 baptizaren-

298 1467 351 1495 tur
367 1463 406 1495 ab
426 1472 480 1502 eo,
498 1463 681 1495 confitentes
706 1466 831 1504 peccata
854 1472 910 1495 sua
924 1477 953 1494 ».
980 1463 1058 1495 Haec
1083 1462 1164 1495 enim
1190 1462 1254 1494 duo

297 1517 507 1558 requiruntur
531 1516 569 1548 ad
605 1516 854 1548 iustificationem
892 1520 1108 1557 peccatorum,
1137 1515 1255 1548 scilicet

297 1569 486 1611 poenitentia
502 1573 532 1601 et
548 1569 732 1610 baptismus.
748 1587 789 1591 —
807 1569 842 1601 Et
858 1568 927 1601 ideo
944 1568 1063 1601 subdit:
1080 1568 1255 1610 Baptizati

298 1622 459 1664 baptismo
482 1623 635 1659 loannisz·
660 1631 756 1663 supra
781 1622 916 1654 tertio³:
940 1622 1128 1654 «Venerunt
1148 1625 1254 1654 autem

297 1678 329 1708 et
352 1676 527 1717 publicani,
553 1679 587 1707 ut
612 1675 846 1716 baptizarentur
862 1688 893 1713 »‚
917 1675 957 1707 ab
988 1684 1025 1707 eo
1049 1678 1253 1717 quaerentes,

298 1729 371 1770 quid
396 1732 541 1769 agerent3
566 1727 649 1760 unde
665 1728 752 1769 signo
769 1732 800 1760 et
816 1728 912 1760 verbo
928 1728 1144 1769 approbabant
1168 1728 1254 1760 Ioan-

298 1790 369 1813 nem
395 1785 542 1822 tanquam
572 1781 626 1813 Dei
658 1781 803 1822 angelum
835 1784 866 1813 et
896 1781 1067 1822 gloriosum
1098 1781 1254 1813 habebant

298 1843 412 1866 nomen
436 1834 513 1866 eius.
540 1834 624 1866 Unde
652 1842 723 1866 cum
757 1834 909 1866 Dominus
939 1837 1107 1875 quaereret
1134 1843 1152 1866 a
1177 1834 1253 1866 Pha-

298 1887 406 1920 risaeis
434 1887 579 1920 Matthaei
595 1887 744 1929 vigesimo
769 1887 915 1929 primo4:
938 1887 1143 1929 «Baptismus
1168 1887 1254 1920 Ioan-

297 1940 345 1973 nis
368 1940 451 1973 unde
475 1943 559 1979 erat,
577 1949 594 1973 e
617 1940 720 1979 caelo,
737 1949 776 1987 an
792 1949 833 1973 ex
852 1940 1032 1973 hominibus
1049 1943 1085 1972 n?
1102 1940 1254 1973 dixerunt

296 1993 377 2026 inter
401 2003 451 2026 se:
482 2007 497 2022 «
514 1994 542 2026 Si
560 1994 754 2027 dixerimus:
772 1995 792 2026 E
810 1994 912 2033 caelo,
929 1994 1011 2027 dicet
1026 1994 1132 2027 nobis:
1150 1994 1254 2035 Quare

295 2056 356 2079 non
381 2047 556 2080 credidistis
578 2048 647 2080 illi?
671 2048 700 2080 Si
725 2052 831 2080 autem
854 2047 1049 2080 dixerimus:
1079 2057 1120 2080 ex
1152 2048 1253 2080 homi—

295 2100 402 2139 nibus,
427 2101 573 2133 timemus
597 2101 738 2140 turbam:
763 2110 873 2133 omnes
896 2101 978 2133 enim
1004 2101 1146 2133 Ioannem
1172 2101 1254 2133 sicut

295 2153 480 2195 Prophetam
505 2154 707 2186 habebant».
727 2154 762 2186 Et
785 2154 854 2186 ideo
878 2153 1042 2186 subditur:
1065 2166 1080 2182 «
1095 2153 1253 2186 Publicani

294 2210 325 2239 et
349 2207 531 2248 meretrices
554 2207 741 2250 praecedent
764 2216 820 2240 vos
843 2208 874 2239 in
898 2216 1032 2249 regnum
1048 2207 1252 2239 caelorum».

384 2261 435 2293 55.
461 2261 562 2301 (Vers.
588 2260 664 2301 30).
689 2260 831 2293 Secundo
854 2268 930 2292 vero
951 2260 1093 2301 adiungit
1116 2263 1253 2292 contem-

294 2316 383 2355 ptum
409 2313 530 2346 Ioannis
545 2323 563 2345 a
581 2313 754 2346 Pharisaeis
777 2313 1051 2355 superbientibus,
1076 2322 1148 2346 cum
1164 2313 1253 2346 dicit:

297 2366 478 2404 Pharisaei
504 2372 634 2405 autem,
670 2366 701 2398 in
737 2366 854 2408 quibus
887 2366 986 2399 fastus
1011 2366 1201 2406 sanctitatis,
1226 2370 1254 2399 et

296 2420 375 2463 leyis
398 2420 512 2462 periti,
541 2420 572 2452 in
596 2420 713 2461 quibus
736 2419 915 2461 arrogantia
938 2419 1065 2452 notitiae
1096 2420 1253 2460 veritatis,

296 2474 471 2507 consilium
510 2473 567 2505 Dei
596 2478 794 2515 spreverunt
816 2473 852 2506 in
879 2474 1082 2515 semetipsos,
1106 2483 1172 2506 non
1197 2474 1253 2507 ba-

293 2527 418 2569 ptizati
440 2526 482 2559 ab
506 2536 557 2565 eo,
581 2527 670 2569 quia,
694 2526 866 2559 secundum
892 2526 968 2559 illud
992 2527 1074 2559 infra
1096 2527 1216 2560 decimo
1228 2527 1253 2566 ⁵,

301 2592 315 2607 «
333 2580 388 2622 qui
414 2589 467 2613 vos
499 2580 619 2622 spernit
647 2588 696 2612 ine
728 2580 893 2622 spernit».
923 2580 1009 2613 Unde
1040 2580 1094 2623 qui
1126 2589 1254 2622 spreve-

298 2637 373 2666 runt
397 2634 558 2672 Ioannem,
583 2633 637 2676 qui
661 2636 729 2666 erat
752 2633 806 2666 Dei
832 2633 980 2672 nuntiuS,
998 2637 1188 2675 spreverunt
1207 2633 1254 2666 di—

298 2687 405 2719 vinum
430 2686 605 2719 consillum.
630 2686 719 2718 Tales
735 2686 864 2718 fuerunt
882 2686 1055 2724 Pharisaei,
1073 2686 1116 2718 ita
1131 2690 1167 2719 ut
1182 2695 1254 2728 pos-

296 2743 342 2772 set
377 2740 422 2772 eis
454 2740 607 2781 Sapientia
643 2739 696 2771 Dei
734 2739 990 2780 improperare⁸:
1029 2751 1044 2767 α
1060 2739 1254 2780 Despexistis

296 2800 388 2824 omne
412 2791 576 2824 consilium
601 2794 744 2823 nostrum
761 2803 792 2828 »;
815 2795 846 2823 et
870 2790 1066 2823 verificatum
1091 2791 1130 2823 sit
1153 2791 1183 2823 in
1208 2792 1254 2824 eis

297 2842 374 2876 illud
398 2844 492 2876 Isaiae
516 2843 632 2885 primo:
662 2856 676 2871 α
694 2843 785 2875 Filios
808 2843 944 2875 enutrivi
965 2846 997 2875 et
1011 2843 1169 2882 exaltavi;
1194 2843 1252 2886 ipsi

889 258 1082 291 COMMENT.
1106 259 1143 291 IN
1167 257 1404 291 EVANGELIUM
1429 258 1546 291 LUCAE
1570 258 1601 291 C.
1626 258 1686 291 VII.

1318 350 1425 379 autem
1448 350 1639 388 spreverunt
1661 355 1712 379 me
1724 360 1755 378 n.
1779 347 1816 379 Et
1839 347 1908 380 ideo
1932 348 2090 381 consuluit
2113 348 2277 390 Apostolus

1319 400 1439 442 primae
1462 399 1501 432 ad
1517 399 1808 433 Thessalonicenses
1824 400 1955 433 ultimo:
1978 413 1993 429 c<
2006 400 2158 442 Spiritum
2182 401 2277 434 nolite

1318 453 1538 495 exstinguere,
1563 453 1744 495 prophetias
1766 453 1862 486 nolite
1886 462 2036 495 spernere
2053 467 2082 486 n.
2100 454 2193 487 —In
2218 454 2277 487 hoc

1318 509 1423 538 autem
1455 506 1596 538 divinum
1628 506 1793 539 consilium
1825 509 2036 548 spreverunt,
2070 505 2147 549 'quia
2177 507 2278 549 bapti-

1318 567 1422 591 smum
1447 563 1693 598 recusaverunt,
1718 568 1774 600 per
1801 559 1887 601 quod
1902 559 2007 592 divina
2030 560 2181 601 sapientia
2205 569 2277 593 con-

1318 612 1417 645 suluit
1441 613 1598 645 humanae
1614 612 1717 645 saluti.
1736 612 1833 646 Cuius
1848 613 1952 655 figura
1971 613 2141 655 praecessit
2157 613 2189 645 in
2205 622 2278 646 arca
2295 620 2381 647 Figura.

1318 665 1381 697 Noe
1416 666 1448 697 in
1479 666 1598 698 diluvio
1632 666 1799 704 fabricata,
1828 665 1957 699 Genesis
1988 670 2080 699 sexto
2092 666 2114 698 ⁷.
2147 666 2278 708 Propter

1319 718 1403 759 quod
1427 718 1543 751 dicitur
1567 718 1687 760 primae
1704 719 1786 751 Petri
1804 719 1912 751 tertio:
1936 732 1951 747 «
1968 719 2058 760 Quod
2074 722 2105 752 et
2122 728 2177 752 vos
2193 727 2277 752 nunc

1319 771 1428 803 similis
1451 771 1571 804 formae
1595 771 1696 804 salvos
1720 771 1793 804 facit
1816 772 1970 813 baptisma
1985 785 2016 803 ».

1409 825 1459 856 56.
1487 824 1522 856 Et
1546 828 1632 863 nota,
1657 825 1742 867 quod
1759 823 1941 857 Pharisaei
1962 829 2157 867 spreverunt
2172 826 2278 858 consi-
2307 832 2418 855 Pharisaei

1319 877 1400 909 liam
1421 877 1479 910 Dei
1493 878 1528 910 iri
1551 878 1757 919 semetipsos,
1782 880 1911 920 propter
1927 886 1985 910 sex
2001 878 2147 911 rationes.
2165 879 2278 919 Primo,
2288 861 2458 908 essffliiiffifflr

1318 930 1393 972 quia
1416 931 1637 972 praetulerunt
1667 934 1784 963 statuta
1807 931 1947 963 humana
1977 931 2107 971 divinis;
2132 932 2278 965 Matthaei
2303 912 2331 934 οὔ
2345 918 2382 934 ⁸⁰¹
2396 918 2431 934 η’

1318 983 1439 1016 (16611110
1463 984 1616 1025 quint0²³:
1648 997 1663 1012 «
1679 984 1783 1025 Quare
1807 993 1862 1017 vos
1886 984 2139 1026 transgredimini
2167 985 2277 1028 Legem

1318 1036 1373 1068 Dei
1399 1039 1527 1078 propter
1552 1037 1750 1069 traditionem
1774 1041 1909 1070 vestram
1922 1040 1960 1069 »t
1979 1056 2017 1061 —
2035 1037 2187 1076 Secundo,
2204 1038 2279 1080 quia

1318 1089 1538 1131 praetulerunt
1561 1089 1712 1122 iustitiam
1737 1090 1824 1132 Legis
1844 1090 1981 1123 iustitiae
2004 1090 2095 1129 fidei;
2112 1090 2149 1123 ad
2168 1091 2278 1123 Roma-

1318 1151 1375 1175 nos
1398 1142 1534 1175 decimo:
1556 1143 1766 1184 «Ignorantes
1782 1143 1836 1176 Dei
1861 1143 2010 1176 iustitiam
2028 1147 2059 1176 et
2075 1152 2164 1176 suam
2182 1152 2279 1186 quae-

1318 1199 1423 1229 rentes
1447 1199 1585 1229 statuere
1602 1209 1617 1224 »
1647 1199 1705 1228 etc.
1731 1214 1772 1220 -
1798 1197 1919 1235 Tertio,
1949 1197 2024 1239 quia
2059 1197 2279 1238 praetulerunt

1317 1249 1530 1291 apparentiam
1550 1249 1690 1288 veritati;
1707 1250 1852 1283 Matthaei
1867 1250 2016 1292 vigesimo
2028 1250 2121 1283 tertio
2133 1251 2164 1282 ⁹:
2186 1263 2202 1279 «ι
2216 1251 2279 1284 Vae

1319 1303 1424 1336 vobis!
1450 1303 1504 1345 qui
1536 1303 1695 1336 mundatis
1717 1303 1802 1345 quod
1819 1303 1933 1336 deforis
1957 1308 2047 1336 est».
2075 1323 2114 1327 -
2140 1304 2277 1345 Quarto,

1318 1357 1392 1399 quia
1416 1356 1634 1399 praeferebant
1668 1357 1861 1390 affluentiam
1893 1358 2085 1400 paupertati;
2110 1358 2190 1390 infra
2225 1358 2279 1391 de-

1319 1410 1400 1443 cimo
1424 1414 1533 1443 sexto:
1563 1423 1579 1439 «
1595 1410 1768 1443 Audiebant
1792 1411 1896 1443 omnia
1920 1412 1997 1444 haec
2023 1412 2196 1451 Pharisaei,
2222 1412 2278 1454 qui

1318 1468 1408 1497 erant
1431 1464 1536 1503 avari,
1561 1468 1592 1497 et
1626 1464 1810 1497 deridebant
1834 1464 1923 1497 illum
1941 1479 1956 1494 »
1988 1469 2046 1498 etc.
2076 1484 2118 1489 -
2144 1465 2277 1507 Quint0,

1318 1518 1393 1560 quia
1409 1527 1519 1550 vanam
1537 1518 1668 1560 gloriam
1693 1518 1880 1557 humilitati3
1898 1518 2019 1551 Ioannis
2035 1518 2220 1551 duedecimo
2234 1519 2276 1550 1⁰:

1323 1583 1338 1598 α
1355 1571 1542 1603 Dilexerunt
1566 1571 1665 1612 magis
1687 1570 1819 1612 gloriam
1844 1571 2006 1603 hominum
2024 1580 2118 1613 quam
2146 1571 2278 1613 gloriam

1319 1624 1417 1656 Dei».
1438 1643 1478 1647 -
1495 1624 1604 1662 Sexto,
1617 1624 1697 1665 'quia
1717 1624 1916 1656 commodum
1940 1624 2110 1663 honestati3
2132 1624 2277 1658 Matthaei

1319 1677 1469 1718 vigesimo
1492 1677 1601 1709 tertio:
1633 1677 1723 1709 «Vae
1748 1677 1852 1709 vobis!
1870 1677 1924 1719 qui
1941 1677 2059 1710 dicitis:
2076 1677 2135 1719 Qui
2152 1677 2278 1710 iurave-

1321 1729 1363 1761 rit
1388 1738 1444 1771 per
1469 1730 1641 1771 templum,
1665 1729 1745 1762 nihil
1760 1733 1825 1768 est3
1849 1730 1903 1771 qui
1926 1732 2031 1762 autem
2063 1730 2217 1762 iuraverit
2247 1730 2279 1763 in

1319 1791 1398 1815 auro
1422 1783 1543 1824 templi,
1568 1782 1668 1816 debet.
1694 1783 1785 1815 Stulti
1803 1786 1834 1816 et
1850 1783 1932 1816 caeci
1950 1796 1965 1812 »
1994 1787 2052 1816 etc.

1409 1837 1459 1869 57.
1486 1836 1587 1877 (Vers.
1617 1836 1694 1877 31.).
1718 1836 1774 1868 Ait
1797 1841 1908 1869 autem
1924 1837 2104 1869 Dominus:
2124 1836 2188 1870 Cui
2202 1846 2279 1880 erqo
2291 1842 2444 1895 Seggggfflred-

1317 1889 1441 1922 similes
1464 1890 1576 1922 dicam
1599 1892 1657 1923 etc.
1683 1890 1850 1932 Postquam
1875 1890 2016 1923 Salvator
2032 1894 2139 1923 noster
2162 1890 2280 1923 extulit
2329 1895 2404 1943 egfldia
2413 1896 2444 1944 intl

1318 1943 1569 1985 praerogativam
1594 1943 1720 1976 virtutis
1744 1943 1775 1976 in
1800 1943 1929 1983 Ioanne,
1947 1943 1998 1976 hic
2015 1943 2191 1987 redarguit
2202 1953 2279 1987 per·
2299 1927 2428 1976 pgufflgff

1317 1996 1435 2038 fidiam
1459 1996 1702 2029 incredulitatis
1727 1996 1763 2029 iri
1779 1996 1887 2038 plebe,
1912 1997 2003 2030 cuius
2026 1997 2277 2031 incredulitatem

1318 2049 1480 2091 redarguit
1503 2049 1762 2091 quadrupliciter.
1788 2050 1877 2082 Notat
1900 2050 1983 2082 enim
2001 2059 2055 2083 eos
2077 2050 2116 2083 de
2139 2050 2279 2093 infideli—

1318 2107 1400 2141 tate,
1424 2102 1463 2135 de
1486 2102 1634 2141 duritia,
1659 2102 1697 2135 de
1721 2103 1923 2136 detractione
1946 2107 1977 2136 et
2000 2104 2039 2137 de
2063 2103 2277 2147 blasphemia.

1406 2155 1510 2188 Primo
1534 2155 1631 2197 igitur
1655 2159 1807 2197 quantum
1832 2156 1870 2189 ad
1895 2160 2000 2189 notam
2017 2157 2221 2199 infidelitatis
2244 2158 2443 2211 111ῡὲθῇῗὲἆίξᾶ

1318 2208 1514 2251 capitatione
1535 2208 1668 2241 dicitur:
1689 2208 1752 2242 Cui
1773 2219 1851 2252 erqo
1866 2209 1990 2242 similes
1999 2210 2117 2243 “dicam
2134 2209 2280 2243 homines
2307 2216 2442 2243 cogitatione·

1315 2262 1540 2304 yenerationis
1565 2260 1684 2301 liuius,
1709 2267 1737 2294 et
1761 2263 1818 2295 eui
1844 2263 1969 2296 similes
1991 2264 2093 2296 sunt?
2117 2264 2171 2306 qui
2196 2263 2278 2297 scili—

1318 2318 1367 2348 cet
1388 2315 1559 2347 noluerunt
1584 2315 1712 2348 credere
1736 2316 1838 2348 Ioanni
1866 2320 1994 2358 propter
2017 2317 2131 2350 mentis
2146 2317 2277 2351 caecita-

1319 2371 1398 2407 tem;
1423 2367 1541 2408 liuius,
1577 2369 1725 2411 inquam,
1746 2370 1971 2412 generationis
2002 2370 2199 2410 incredulae,
2229 2379 2277 2404 se-

1318 2421 1457 2454 cundum
1471 2421 1549 2454 illud
1561 2422 1795 2455 Deuteronomii
1810 2422 1969 2465 trigesimo
1983 2423 2120 2456 secundo
2134 2425 2174 2456 ¹¹:
2193 2437 2208 2452 «
2220 2424 2278 2458 Ge-

1318 2475 1438 2507 neratio
1462 2475 1544 2507 enim
1570 2484 1719 2517 perversa
1734 2480 1781 2509 est
1804 2479 1836 2509 et
1860 2476 2000 2509 infideles
2016 2476 2071 2509 filii
2087 2489 2118 2515 »;
2136 2480 2168 2510 et
2184 2477 2278 2511 Marci

1317 2537 1418 2560 nono:
1447 2541 1463 2556 «
1480 2527 1505 2560 Ο
1530 2528 1689 2570 generatio
1724 2529 1901 2562 incredulal
1935 2529 2085 2572 quamdiu
2114 2539 2170 2563 ero
2193 2531 2279 2573 apud

1318 2584 1394 2613 vos?
1418 2580 1570 2623 quamdiu
1588 2590 1642 2614 vos
1659 2582 1760 2623 patiar
1772 2585 1810 2614 »ἵ
1828 2582 1984 2615 Psalmus:
2006 2596 2022 2612 «ε
2035 2583 2078 2616 Ν6
2093 2583 2180 2622 fiant,
2197 2583 2279 2616 sicut

1318 2636 1422 2675 patres
1447 2642 1576 2673 eorum,
1601 2634 1761 2676 generatio
1785 2643 1882 2677 prava
1905 2638 1936 2668 et
1958 2645 2161 2678 exasperans,
2185 2645 2277 2678 gene-

1319 2687 1413 2725 ratio,
1438 2695 1520 2728 quae
1544 2696 1606 2719 non
1634 2687 1752 2720 direxit
1775 2696 1829 2721 cor
1853 2697 1966 2727 suum,
1990 2692 2022 2722 et
2044 2698 2106 2722 non
2135 2693 2182 2722 est
2206 2698 2278 2722 cum

1318 2739 1381 2772 Deo
1401 2739 1531 2781 spiritus
1551 2740 1619 2773 elus
1632 2754 1662 2772 ».
1685 2740 1721 2773 Et
1737 2741 1805 2774 ideo
1830 2741 1976 2774 Ieremiae
1997 2742 2149 2775 secundo:
2172 2756 2188 2772 «
2203 2742 2280 2776 Con-

1317 2792 1451 2825 siderate
1475 2793 1693 2832 vehementer,
1713 2794 1738 2826 si
1763 2794 1895 2827 mutavit
1918 2803 1994 2836 gens
2013 2794 2087 2828 deos
2110 2804 2198 2835 suos;
2223 2805 2278 2838 po-

1317 2845 1412 2886 pulus
1433 2854 1509 2878 vero
1533 2854 1622 2878 meus
1646 2846 1779 2879 mutavit
1795 2847 1926 2889 gloriam
1955 2856 2043 2880 suam
2061 2848 2092 2881 in
2117 2848 2234 2881 idolum
2248 2861 2264 2878 »

2325 938 2401 961 tiones.

370 3021 378 3035 ¹
402 3023 509 3054 Vulgata
529 3026 553 3048 et
575 3023 631 3048 vat.
650 3024 674 3048 el
691 3021 830 3056 publicani
847 3022 1069 3057 iustificaverum.
1082 3037 1117 3043 -
1131 3023 1255 3056 Sequitur

299 3066 331 3091 rs
360 3067 401 3097 50,
422 3067 445 3091 6,

354 3106 378 3124 ”
399 3111 472 3136 Vers.
495 3111 537 3136 26.
557 3111 610 3137 Alia
630 3111 762 3138 translatio
775 3115 815 3137 est
827 3111 992 3144 septuaginta
1006 3112 1188 3144 Interpretum.
1200 3111 1252 3138 Cir.

299 3154 333 3180 de
351 3156 400 3180 hac
418 3155 579 3187 expositione
598 3156 688 3181 Glossa
707 3155 850 3182 ordinaria
871 3157 910 3189 (ex
931 3156 1080 3189 Ambrosio)
1100 3157 1127 3182 in
1146 3157 1209 3182 Luc.
1227 3156 1254 3187 7,

299 3198 341 3224 29.
362 3212 397 3217 -—
416 3198 533 3225 Subinde
552 3200 679 3232 allegatur
698 3200 785 3226 Matth.
805 3201 835 3232 3,
855 3200 880 3226 5.
899 3207 954 3232 seq.
1085 3199 1096 3215 ³
1115 3201 1191 3227 vers.
1211 3201 1253 3227 42.

368 3235 380 3257 ³
401 3244 475 3269 vers.
494 3243 537 3269 25.
555 3250 610 3276 seq.
630 3247 655 3269 et
673 3244 769 3270 deinde
788 3251 815 3270 v,
834 3245 882 3277 3⁴3
902 3244 951 3270 AC
963 3245 984 3270 D
1003 3248 1209 3278 prosequuntur:
1229 3246 1256 3272 et

299 3286 356 3318 ideo
375 3286 485 3314 additur
505 3288 542 3320 [v.
562 3288 634 3322 3221,
654 3288 718 3321 quia
740 3298 753 3311 α
767 3295 819 3314 11011
838 3288 985 3314 credidistis
1005 3296 1047 3314 me
1066 3288 1087 3323 [1
1107 3289 1195 3324 ei?]».
1218 3303 1253 3309 —

299 3330 364 3357 Cod.
378 3332 397 3356 B
415 3331 490 3363 legit:
510 3331 584 3358 Unde
604 3332 753 3359 timum-unt
770 3332 914 3359 Pharisaei
930 3332 1090 3366 respondere
1103 3333 1254 3368 quaestioni

300 3375 408 3401 Domini
425 3374 456 3402 de
475 3374 606 3409 baptismo
626 3376 748 3408 loannis,
768 3376 832 3410 quia
855 3387 867 3399 α
881 3384 974 3402 omnes
993 3377 1115 3404 loannem
1141 3379 1252 3411 prophe-

299 3422 351 3445 tam
372 3419 517 3451 habebant,
537 3420 623 3446 Matth.
642 3421 684 3451 2⁴,
705 3420 829 3446 timebant
848 3420 951 3446 turbam
966 3431 989 3447 n.

1389 3022 1400 3037 ⁶
1422 3024 1494 3050 Vers.
1517 3026 1563 3056 463
1583 3025 1661 3051 codd.
1680 3026 1792 3057 allegant
1812 3032 1952 3058 perperam
1971 3027 2064 3053 Mattlt.
2087 3026 2130 3055 10.

1391 3066 1402 3081 ⁰
1420 3069 1495 3095 Prov.
1520 3070 1525 3095 1
1539 3089 1546 3101 ,
1566 3070 1613 3102 25,
1634 3073 1786 3103 postquem
1800 3070 1855 3095 lsai.
1871 3070 1880 3095 l
1893 3090 1899 3101 ,
1913 3071 1937 3096 2.
1951 3074 1976 3096 et
1990 3072 2007 3097 Ι.
2021 3071 2112 3098 Thess.
2127 3071 2143 3097 5
2167 3072 2209 3097 19.
2222 3078 2277 3105 seq.

1389 3110 1399 3126 ⁷
1420 3114 1494 3139 Vers.
1515 3113 1556 3140 ⁴4.
1576 3121 1651 3147 seqq.
1669 3127 1704 3133 —
1722 3114 1846 3147 Sequitur
1867 3115 1884 3140 1.
1904 3115 1969 3140 Ρ6ῑι·.
1989 3116 2014 3146 3,
2034 3116 2077 3141 2⁴.

1390 3155 1400 3170 ⁸
1421 3158 1493 3184 Vei-s.
1515 3159 1538 3184 3.
1558 3172 1593 3177 —
1613 3157 1731 3184 Subinde
1749 3158 1875 3189 allegatur
1894 3159 1969 3185 Rom.
1990 3160 2037 3191 lo,
2058 3160 2081 3186 3.

1389 3200 1401 3216 ⁹
1420 3203 1492 3229 Vers.
1513 3203 1556 3229 25.
1577 3217 1611 3221 —
1631 3203 1754 3235 Sequitur
1773 3203 1835 3229 Luc.
1855 3203 1904 3236 16,
1926 3204 1968 3230 lt.
1987 3211 2044 3237 seq.

1389 3245 1411 3261 ²⁰
1431 3247 1505 3273 Vers.
1526 3247 1567 3273 43.
1588 3261 1622 3266 —
1642 3246 1759 3273 Subinde
1777 3247 1904 3279 allegatur
1923 3248 2009 3274 Matth.
2031 3249 2078 3281 23,
2099 3249 2141 3274 16.
2160 3255 2216 3281 seq.

1389 3290 1409 3306 ¹²
1432 3292 1506 3317 Vere.
1525 3292 1567 3317 20.
1580 3304 1616 3310 —
1630 3291 1695 3316 Tres
1714 3297 1787 3324 seqq.
1807 3292 1855 3317 lori
1875 3296 1934 3318 sunt
1953 3293 2029 3318 Marc.
2049 3293 2080 3325 9,
2103 3293 2147 3325 l8;
2168 3292 2207 3318 Ps.
2227 3291 2275 3323 77,

1318 3335 1342 3361 8.
1363 3335 1400 3367 (111
1419 3336 1494 3361 cuius
1513 3335 1563 3361 fine
1583 3338 1642 3367 post
1659 3341 1714 3361 non
1732 3337 1771 3362 est
1801 3336 1909 3367 Vulgata
1929 3339 1954 3361 et
1974 3337 1993 3362 Η
2014 3343 2074 3362 611111
2095 3337 2153 3363 Vat.
2173 3336 2273 3362 addunt

1317 3379 1447 3412 creditus,
1470 3379 1519 3405 AC
1533 3380 1555 3405 D
1573 3378 1631 3409 tibi)
1651 3382 1676 3404 et
1695 3379 1741 3405 ter.
1761 3380 1790 3412 2,
1812 3380 1852 3406 ⁴0.
1873 3388 1928 3413 seq.
