2476 3921
21 1465 83 1487 Ratio
97 1465 154 1487 litte-

26 1493 77 1514 ralis
89 1491 153 1513 huius

28 1519 146 1547 praecepti.

18 1571 159 1599 Intelligentia

5 1608 7 1621 ι
23 1598 148 1626 spiritualis.

755 189 950 223 COMMENT.
976 189 1013 222 IN
1037 188 1276 222 EVANGELIUM
1300 188 1419 222 LUCAE
1443 188 1475 220 C.
1500 188 1563 221 XX.

169 283 334 318 subditur:
372 283 412 315 Et
442 282 733 324 interroqaverant
756 289 831 312 eum
864 278 1026 311 dic-emes:
1059 277 1130 310 Ma-

166 337 285 380 yister,
309 336 437 379 Moyses
456 334 592 377 scripsit
614 333 725 372 nobis,
750 333 909 374 scriptura
932 332 1051 365 scilicet
1072 340 1129 364 au-

168 389 307 425 thentica
329 393 361 423 et
383 389 484 427 iusta,
509 388 682 422 secundum
706 387 784 420 illud
809 385 1012 419 Ecclesiastici
1046 385 1130 427 vige-

169 444 249 477 simo
264 443 416 486 quarto1:
438 454 454 471 α
467 442 579 484 Legem
596 440 756 474 mandavit
771 440 891 481 Moyses
907 439 938 472 in
956 438 1131 481 praeceptis

168 496 362 530 iustitiarum
380 508 414 535 »ς
447 495 531 528 unde
554 493 790 527 Deuteronomii
824 492 986 535 trigesimo
1010 492 1129 534 primo:

175 562 191 578 «
206 550 374 592 Postquam
390 548 517 590 scripsit
539 548 660 589 Moyses
675 546 773 580 verba
796 546 885 588 Legis
908 546 1006 579 huius
1030 546 1061 579 in
1077 555 1132 579 vo-

169 602 288 635 lumine
310 605 406 644 atque
429 600 611 643 complevit,
639 600 800 643 praecepit
823 599 955 639 Levitis,
979 600 1034 642 qui
1058 609 1132 642 por-

170 656 278 690 tabant
299 664 405 688 arcam
429 654 577 694 foederis,
601 654 725 687 dicens:
750 654 861 687 Tollite
893 654 1010 687 librum
1035 654 1131 687 istum

169 713 201 743 et
223 709 329 751 ponite
352 708 384 741 in
405 708 504 741 latere
525 716 647 741 arcae»
668 711 727 741 etc.
752 707 912 750 Quidquid
935 708 1032 750 igitur
1049 709 1132 749 Moy-

169 771 219 796 ses
242 761 383 804 scripsit,
412 764 460 794 est
489 761 724 800 authenticum,
748 760 818 793 ideo
841 761 1032 803 scripturam
1058 759 1133 795 'eius

169 820 319 859 tanquam
347 814 562 849 authenticam
591 817 783 857 proponunt.
812 833 856 838 ——
884 815 1015 857 Propter
1047 815 1132 857 quod

170 868 332 902 subditur:
350 868 389 902 Si
405 867 516 910 frater
537 867 684 901 attentus
706 871 861 900 mortuus
883 866 991 910 faerit
1011 867 1132 901 habens

170 931 320 961 uxorem,
345 926 375 955 et
396 920 450 955 ltz'c
468 921 539 954 sine
555 920 667 954 tiberis
690 919 811 964 fuerit,
835 925 874 954 ut
897 922 1042 964 accipiat
1057 931 1131 954 eam

168 974 280 1018 frater
294 975 366 1009 cias
383 985 522 1008 uxorem
546 978 574 1008 et
594 974 726 1008 suscitet
741 984 849 1008 semen
865 974 975 1018 fiatri
984 985 1055 1008 sao.
1070 975 1131 1008 Hoc

170 1029 321 1062 scribitur
344 1028 581 1062 Deuteronomii
609 1028 759 1071 vigesimo
785 1028 938 1071 quinto2:
969 1042 985 1057 α
1001 1028 1131 1070 Quando

169 1081 381 1115 habitaverint
404 1081 519 1115 fratres
550 1081 660 1121 simul,
684 1084 716 1114 et
738 1090 824 1114 unus
847 1090 888 1115 ex
920 1081 981 1114 illis
1011 1081 1131 1123 absque

169 1135 277 1169 liberis
300 1138 448 1168 mortuus
470 1134 584 1174 suerit,
609 1144 694 1168 uxor
717 1135 855 1168 defuncti
879 1144 941 1168 non
966 1135 1064 1168 nubet
1087 1135 1131 1168 al-

170 1189 248 1229 teri,
273 1189 328 1223 sed
350 1189 482 1231 accipiet
505 1198 573 1222 eam
606 1188 705 1222 frater
736 1189 805 1222 eius
836 1192 866 1222 et
898 1189 1061 1222 suscitabit
1084 1199 1131 1223 se-

170 1252 244 1276 men
267 1243 375 1276 fratris
402 1243 450 1276 sui
483 1246 515 1276 et
545 1243 789 1286 primogenitum
814 1252 854 1276 ex
879 1236 923 1276 ea*
943 1243 1044 1276 filium
1076 1253 1132 1276 no-

170 1296 255 1330 mine
277 1296 386 1329 fratris
409 1295 458 1329 sui
482 1295 665 1338 appellabit,
697 1299 733 1329 ut
757 1305 818 1329 non
850 1296 993 1329 deleatur
1017 1305 1131 1330 nomen

171 1350 240 1384 eius
263 1359 305 1383 ex
328 1350 422 1383 Israel
439 1363 469 1382 ».

261 1396 506 1436 37.Ἰ,ι“ιίεναῖὶε
537 1405 642 1436 autem
679 1402 759 1435 ratio
791 1402 888 1435 huius
919 1406 988 1435 erat
1018 1402 1057 1435 ad
1087 1402 1132 1435 fo-

171 1455 305 1489 vendam
329 1455 492 1489 caritatem
509 1456 591 1489 inter
615 1455 810 1498 propinquos
830 1458 861 1488 et
888 1455 1133 1488 refrenandam-”³

172 1508 375 1551 cupiditatem
404 1512 436 1542 et
459 1508 644 1542 servandam
680 1508 862 1541 fidelitatem
886 1511 917 1541 et
945 1517 1133 1542 conservan-

172 1562 244 1595 dam
268 1562 502 1604 generationem
526 1562 695 1595 carnalem.
721 1561 899 1595 Secundum
923 1561 1135 1604 spiritualem

172 1614 408 1657 intelligentiam
437 1613 547 1658 frater
577 1618 687 1650 noster
721 1618 769 1647 est
800 1614 962 1654 Christus;
995 1614 1136 1648 Cantico-

173 1677 247 1701 rum
262 1668 413 1701 octavo4:
436 1681 451 1697 α
468 1668 544 1709 Quis
567 1667 619 1700 det
635 1671 666 1700 te
690 1667 767 1700 mihi
787 1667 918 1701 fratrem
940 1677 1061 1708 meum,
1084 1678 1136 1701 su-

173 1724 297 1764 gentem
313 1722 414 1755 ubera
437 1721 547 1754 matris
563 1730 678 1754 meae»
708 1724 785 1760 etc.;
803 1724 834 1754 et
850 1722 1009 1755 Psalmus:
1033 1735 1048 1751 «
1060 1723 1137 1755 Nar-

159 1775 388 1825 vrabonomen
411 1778 503 1808 tuum
534 1775 688 1808 fratribus
712 1775 790 1808 meis
807 1789 837 1808 ι).
868 1776 960 1808 Uxor
988 1776 1060 1808 eius
1090 1779 1138 1809 est

173 1829 330 1868 Ecclesia;
369 1824 570 1871 'Apocalypsis
608 1828 729 1862 decimo
767 1839 851 1862 nono
867 1829 897 1862 ⁵:
936 1843 952 1859 α
975 1830 1138 1863 Venerunt

172 1882 301 1925 nuptiae
335 1882 427 1925 Agni,
462 1886 494 1915 et
517 1891 602 1915 uxor
625 1882 694 1915 eius
728 1883 928 1925 praeparavit
963 1892 997 1916 se
1017 1897 1049 1916 ».
1085 1884 1138 1917 Hic

172 1939 328 1969 mortuas
351 1939 399 1969 est
428 1938 500 1968 ante
523 1935 665 1969 fidelium
695 1936 952 1976 multitudinem,
977 1937 1031 1979 qui
1064 1940 1139 1970 sunt

172 1988 229 2021 filii
253 1987 327 2027 Dei;
352 1987 474 2021 Ioannis
489 1987 607 2030 primo:
637 2000 653 2016 <1
669 1987 762 2021 Dedit
777 1988 823 2021 eis
844 1991 1033 2031 potestatem
1057 1989 1139 2022 filios

173 2040 314 2076 Dei-fieri
327 2054 343 2070 1>
363 2044 442 2080 etc.,
458 2044 490 2074 et
506 2041 566 2074 hoc
582 2041 615 2074 in
635 2045 740 2075 morte
748 2054 759 2080 ;
783 2042 906 2075 Ioannis
928 2042 1137 2075 undecimoe:

180 2107 195 2123 α
211 2094 298 2127 Iesus
317 2093 495 2127 moriturus
510 2097 579 2127 erat
601 2098 783 2137 pro-gente,
800 2099 831 2129 et
847 2105 909 2128 non
934 2099 1057 2129 tantum
1081 2104 1140 2137 pro

174 2150 283 2190 gente,
308 2147 362 2181 sed
385 2149 422 2181 ut
443 2147 526 2181 filios
549 2147 620 2188 Dei,
644 2149 699 2191 qui
723 2152 814 2182 erant
837 2149 985 2191 dispersi,
1010 2158 1140 2191 congre-

175 2204 263 2244 garet
279 2201 311 2234 in
334 2210 436 2234 unum
451 2214 483 2234 n.
501 2202 540 2235 Ut
554 2201 666 2245 frater
683 2203 781 2236 huius
796 2212 932 2236 uxorem
949 2202 1061 2244 accipit
1085 2202 1140 2245 qui

175 2255 256 2297 gerit
271 2255 425 2288 Ecclesiae
445 2264 570 2295 curam,
590 2265 652 2289 non
677 2259 714 2289 ut
736 2256 967 2299 generet-filios
984 2256 1139 2295 carnales,

176 2308 230 2342 sed
254 2308 448 2350 spiritualeS‚
477 2309 559 2342 sicut
582 2309 716 2349 Paulus3
744 2310 866 2352 primae
897 2309 936 2342 ad
963 2309 1141 2342 Corinthios

176 2361 330 2403 quarto⁷e
359 2374 375 2390 α
392 2361 425 2393 In
448 2360 573 2394 Christo
597 2362 666 2395 Iesu
690 2371 747 2404 per
770 2362 974 2405 Evangelium
1002 2371 1060 2404 ego
1085 2371 1140 2395 vos

177 2415 269 2457 genui
284 2428 313 2447 n.
333 2415 368 2448 Et
384 2415 442 2448 hos
458 2424 520 2448 non
536 2415 663 2449 nomine
679 2416 823 2458 proprio,
841 2416 895 2449 sed
911 2414 1036 2458 fratris
1048 2415 1141 2448 debet

179 2468 353 2511 appellare,
370 2468 445 2511 quia
462 2478 523 2502 non
540 2468 571 2501 in
588 2469 715 2502 nomine
738 2478 810 2509 suo,
836 2469 890 2503 sed
912 2469 1027 2502 Christi
1049 2469 1141 2502 debet

2086 186 2150 219 513

1193 286 1246 310 eos
1270 277 1443 319 baptizare,
1469 276 1641 310 secundum
1668 276 1745 309 illud
1771 276 1890 318 primae
1913 275 1951 308 ad
1975 275 2153 308 Corinthios

1193 331 1313 372 primo:
1344 344 1359 359 «
1376 330 1523 372 Nunquid
1547 330 1661 363 Paulus
1685 339 1743 372 pro
1767 329 1855 362 vobis
1879 329 2055 362 crucifixus
2077 331 2153 361 est?

1193 384 1253 416 Aut
1277 384 1308 416 in
1332 383 1457 416 nomine
1482 383 1565 416 Pauli
1584 383 1730 425 baptizati
1750 383 1825 416 estis
1841 386 1881 414 »ἵ
1900 383 1931 415 Ei
1955 385 2080 421 autem,
2098 382 2152 424 qui

1194 437 1254 469 hoc
1277 436 1405 478 negligit
1426 436 1575 478 implere,
1600 436 1717 478 imponi
1741 436 1834 469 debet
1858 445 1956 478 poena
1972 435 2153 469 discalcea-

1195 489 1306 529 tiom'.s·,
1330 489 1503 523 secundum
1527 489 1604 522 illud
1628 490 1861 522 Deuteronomii
1887 490 2036 532 vigesimo
2062 489 2155 532 quin-

1195 546 1227 575 to
1243 542 1274 575 ³:
1305 555 1320 572 «
1337 543 1366 575 Si
1392 542 1605 585 responderit:
1636 543 1711 575 Nolo
1734 551 1802 576 eam
1835 551 1970 575 uxorem
1994 543 2153 585 accipere;

1194 596 1320 629 accedet
1344 596 1458 629 mulier
1482 596 1519 628 ad
1544 605 1616 629 eum
1649 605 1754 629 coram
1784 595 1962 629 senioribus
1994 596 2099 637 populi
2125 600 2156 628 et

1195 649 1283 682 tollet
1305 650 1549 682 calceamentum
1574 650 1612 682 de
1637 649 1714 691 pedo
1735 650 1804 682 eius
1826 653 1858 682 et
1882 653 1974 691 spuet
1998 649 2028 681 in
2046 649 2154 682 faciem

1195 703 1263 736 eius
1286 706 1318 736 et
1340 703 1439 736 dicet:
1464 703 1513 736 Sic
1538 703 1591 736 liet
1617 703 1753 742 homini,
1777 703 1831 745 qui
1858 712 1918 735 non
1943 702 2086 736 aedificat
2101 703 2156 735 do-

1195 766 1283 790 mum
1312 756 1420 789 fratris
1454 757 1555 795 sui»;
1592 756 1667 798 quia
1701 756 1728 789 ei
1763 756 1817 798 qui
1853 765 1915 788 non
1951 756 2019 788 vult
2050 764 2155 789 semen

1195 809 1310 842 Christi
1347 809 1517 848 suscitare,
1549 809 1641 842 debet
1675 809 1793 842 auferri
1825 808 1998 842 auctoritas
2032 808 2155 851 praedi-

1196 862 1303 901 candi,
1328 871 1409 904 quae
1433 862 1618 904 intelligitur
1641 871 1698 904 per
1722 862 1909 895 ablationem
1934 862 2154 900 calceamenti,

1195 916 1369 949 secundum
1394 916 1471 948 illud
1487 916 1526 948 ad
1546 916 1694 957 Ephesios
1711 919 1802 948 sexto
1815 915 1842 947 ⁰:
1872 929 1886 943 α
1904 915 2035 948 Calceati
2061 915 2156 957 pedes

1195 969 1227 1002 in
1259 969 1529 1011 praeparationem
1562 969 1716 1011 Evangelii
1745 969 1876 1010 pacis».
1911 969 2040 1010 Propter
2072 968 2157 1011 quod

1194 1022 1428 1057 Deuteronomii
1452 1022 1602 1064 vigesimo
1619 1022 1711 1055 tertio
1726 1022 1770 1054 ¹⁰:
1793 1035 1809 1050 α
1826 1022 1890 1054 Non
1909 1022 2038 1055 intrabit
2055 1031 2156 1054 eunu-

1195 1076 1294 1115 chus,
1318 1075 1434 1108 attritis
1449 1075 1499 1108 vel
1523 1075 1691 1117 amputatis
1720 1075 1885 1113 testiculis,
1910 1075 2075 1107 Ecclesiam
2101 1075 2157 1107 Do-

1195 1129 1315 1162 mini».
1334 1129 1513 1170 Quocontra
1535 1128 1650 1161 dicitur
1667 1129 1705 1161 de
1721 1129 1797 1161 viris
1814 1128 1928 1161 sanctis
1952 1128 2154 1161 Ecclesiastici

1195 1181 1435 1224 quadragesimo
1459 1184 1589 1224 quarto:
1615 1194 1630 1210 α
1647 1181 1725 1214 Cum
1749 1181 1866 1214 semiue
1890 1190 1999 1214 eorum
2032 1190 2156 1223 perma-

1195 1239 1271 1269 nent
1294 1236 1389 1275 bona,
1414 1235 1572 1269 hereditas
1596 1239 1702 1268 sancta
1725 1239 1853 1277 nepotes
1876 1244 1985 1268 eorum
2003 1248 2033 1267 n.

1286 1290 1338 1323 38.
1365 1289 1465 1330 (Vers.
1491 1290 1542 1322 29.
1562 1289 1613 1322 30.
1632 1288 1683 1321 31.
1709 1288 1786 1329 32).
1812 1288 1916 1320 Tertio
1940 1293 2092 1329 quantum
2117 1288 2156 1320 ad

1197 1343 1425 1386 allegationem
1448 1343 1601 1384 ipsorum
1618 1341 1896 1374 introditcentiam
1913 1350 2030 1373 casum
2051 1341 2157 1374 subdi-

1197 1399 1268 1429 tur:
1294 1395 1419 1438 Septem
1442 1405 1519 1437 eryo
1539 1394 1665 1437 fratres
1688 1399 1800 1433 erant,
1825 1398 1854 1426 et
1875 1394 2009 1435 primas
2033 1394 2156 1436 accepit

1199 1458 1338 1481 uxorem
1361 1452 1389 1481 et
1412 1452 1567 1481 mortuus
1582 1451 1629 1480 cst
1652 1447 1722 1479 sine
1745 1446 1834 1488 filiis.
1854 1448 1893 1479 Et
1916 1456 2052 1490 sequens
2068 1457 2158 1479 acce-

1195 1502 1247 1544 pit
1271 1501 1381 1540 illam,
1406 1505 1433 1533 et
1450 1501 1519 1544 ipse
1540 1504 1696 1533 mortuus
1719 1505 1765 1533 est
1788 1500 1859 1533 sine
1881 1500 1959 1542 filio.
1980 1501 2018 1532 Et
2042 1501 2157 1533 tertias

1199 1554 1325 1596 accepit
1359 1554 1462 1587 illam.
1489 1553 1647 1586 Similiter
1677 1557 1705 1585 et
1736 1562 1847 1585 omncs
1881 1557 2001 1595 septem
2033 1557 2060 1585 et
2091 1563 2158 1586 non

1199 1607 1405 1651 reliquerunt
1434 1617 1542 1640 semen
1581 1611 1608 1639 et
1643 1607 1771 1639 mortui
1803 1611 1890 1639 sunt.
1928 1606 2160 1639 ll'ooissima11

1200 1661 1350 1693 omnium
1380 1664 1516 1693 mortua
1547 1664 1594 1692 est
1616 1664 1646 1692 et
1675 1659 1805 1692 mulier.
1831 1659 1934 1692 Potuit
1965 1669 2050 1698 esse,
2075 1659 2160 1702 quod

1201 1714 1260 1747 hoc
1276 1714 1430 1756 fingerent
1447 1717 1594 1757 tanquam
1613 1714 1774 1756 possibile;
1788 1713 1872 1746 unde
1888 1713 2047 1746 Glossa12:
2070 1726 2085 1742 α
2100 1713 2159 1755 Qui

1201 1767 1465 1800 resurrectionem
1481 1776 1652 1809 corporum
1675 1776 1737 1799 non
1761 1766 1895 1799 credunt
1910 1770 1942 1799 et
1964 1766 2085 1799 animas
2103 1776 2160 1808 pu-

1202 1823 1268 1852 tant
1290 1820 1421 1853 interire
1445 1829 1516 1852 cum
1541 1829 1673 1861 corpore
1690 1819 1919 1861 turpitudinem
1943 1819 2066 1851 fabulae
2088 1828 2162 1851 con-

1202 1873 1325 1916 fingunt
1340 1886 1371 1905 2).
1396 1873 1523 1905 Talibus
1546 1872 1660 1905 fabulis
1684 1881 1795 1905 vacare
1817 1872 1917 1905 solent
1941 1872 2061 1911 ludaei;
2087 1882 2160 1914 pro-

1202 1930 1272 1969 pter
1296 1926 1379 1969 quod
1401 1926 1520 1968 primae
1544 1925 1582 1958 ad
1606 1925 1804 1958 Timotheum
1828 1925 1930 1967 primo
1944 1925 1987 1957 1³³:
2018 1938 2033 1953 α
2047 1926 2161 1967 Rogavi

1202 1983 1250 2019 te,
1275 1984 1310 2012 ut
1327 1988 1506 2012 remaneres
1523 1979 1654 2021 Ephesi,
1678 1982 1715 2011 ut
1730 1978 1932 2012 denuntiares
1955 1978 2160 2020 quibusdam,

1203 2042 1242 2067 ne
1264 2034 1355 2066 aliter
1378 2033 1527 2066 docerent
1557 2042 1660 2075 neque
1684 2032 1882 2065 intenderent
1910 2032 2024 2065 fabulis
2055 2036 2085 2065 et
2109 2040 2162 2074 ge—

1203 2087 1351 2129 nealogiis
1375 2086 1597 2125 interminatis,
1622 2095 1703 2128 quae
1727 2086 1926 2128 quaestiones
1949 2085 2047 2127 magis
2071 2094 2162 2127 prae-

1204 2143 1287 2173 stant
1310 2149 1404 2182 quam
1421 2139 1666 2172 aedificationem
1682 2152 1712 2170 ».
1731 2158 1771 2162 -—
1790 2139 1845 2172 Vel
1862 2139 1964 2180 potuit
1979 2147 2061 2177 esse,
2078 2139 2162 2181 quod

1203 2194 1265 2226 hoc
1287 2193 1347 2226 fuit
1377 2192 1415 2226 ad
1439 2193 1575 2226 litteram
1604 2195 1635 2226 et
1658 2192 1877 2225 introducatur
1908 2192 1959 2225 hic
1988 2192 2161 2225 secundum

1204 2247 1329 2280 divinae
1351 2246 1555 2279 ordinationis
1584 2246 1730 2288 spiritum
1762 2249 1891 2288 propter
1916 2246 2059 2288 figuram.
2085 2246 2161 2278 Nam

1204 2299 1428 2342 spiritualiter
1451 2308 1507 2341 per
1527 2299 1603 2332 istos
1626 2303 1760 2341 septem,
1779 2299 1832 2341 qui
1857 2299 1974 2331 mortui
1998 2302 2071 2331 sunt
2096 2299 2162 2331 sine

1205 2354 1332 2392 liberis,
1347 2353 1532 2395 intelligitur
1549 2352 1739 2385 universitas
1763 2351 1990 2393 reproborum,
2014 2352 2068 2393 qui
2093 2352 2163 2384 nul-

1181 2413 1184 2415 “
1207 2408 1272 2440 lum
1289 2407 1428 2440 fructum
1445 2406 1662 2448 reliquerunt3
1679 2405 1761 2438 unde
1778 2405 1884 2437 Glossa
1899 2405 1938 2437 14;
1962 2418 1976 2433 «
1994 2404 2027 2436 Hi
2045 2409 2164 2446 septem

1205 2469 1314 2493 omnes
1338 2453 1464 2502 reprobi
1488 2463 1577 2498 sunt,
1594 2459 1647 2501 qui
1673 2462 1737 2491 tota
1754 2459 1811 2491 hac
1835 2458 1912 2496 vita,
1938 2467 2019 2500 quae
2044 2462 2162 2499 septem

251 2697 260 2713 ²
280 2698 355 2724 Vers.
377 2698 420 2724 33.
439 2701 465 2724 et
484 2699 582 2725 deinde
600 2699 676 2725 Deut.
696 2700 745 2732 31,
765 2699 856 2725 24-26.

251 2741 261 2757 ²
281 2743 356 2769 Vei-s.
376 2743 402 2769 5.
421 2746 447 2769 et
465 2743 494 2776 6,
514 2743 561 2769 ubi
580 2751 629 2776 pro
651 2743 760 2771 nomine
785 2744 942 2777 [ACDGIl
961 2751 996 2771 ex
1021 2743 1143 2778 nomine]

179 2786 276 2820 fratris
294 2787 340 2814 sui
357 2787 417 2813 Vat.
439 2794 501 2814 cum
524 2788 636 2820 Vulgata
655 2788 764 2815 nomine
783 2788 867 2816 illius.

253 2830 264 2845 ³
282 2831 367 2858 Codd.
386 2832 439 2858 AD
457 2832 660 2859 removendam.
673 2832 791 2860 Subinde
810 2834 869 2860 vat.
882 2834 977 2860 omittit
994 2835 1019 2860 et
1037 2840 1144 2860 conser-

181 2870 300 2902 vandam‘*
319 2875 519 2910 qenerationem
537 2876 687 2904 carnalem.

250 2918 262 2934 ⁸
281 2920 358 2947 Vers.
376 2921 401 2952 l,
420 2924 481 2953 post
499 2928 580 2955 quem
599 2922 639 2948 Ps.
660 2923 703 2953 21,
722 2923 765 2949 23.

252 2962 264 2978 ⁶
282 2964 357 2990 Vers.
376 2964 401 2990 7.
421 2978 457 2984 —
476 2965 600 2998 Sequitur
612 2966 682 2992 loan.
702 2966 732 2998 l,
753 2967 794 2993 ⁴2.
807 2981 843 2986 —
855 2967 965 2993 Inferius
977 2969 1038 2999 post
1056 2965 1143 2992 multi-

181 3007 301 3035 tudinem
319 3009 340 3034 B
358 3008 432 3035 addit
449 3016 497 3036 seu·
515 3009 776 3044 multiplicationem.

253 3050 264 3066 ⁰
284 3052 359 3079 Vers.
378 3052 421 3078 51.
441 3052 484 3078 52.
497 3053 630 3080 —Locus
643 3054 685 3080 hic
699 3054 790 3080 saltem
804 3054 831 3080 in
844 3055 922 3081 codd.
942 3057 1082 3087 corruptus
1095 3057 1143 3080 cst.

181 3095 232 3122 AC
251 3103 266 3122 a
285 3096 375 3123 verbis
386 3096 449 3131 fieri
459 3098 507 3124 etc.
527 3104 612 3131 usque
624 3097 706 3125 huius
719 3105 837 3125 uxorem
856 3099 943 3125 omnia
963 3099 1102 3130 omittunt3
1121 3098 1144 3125 D

182 3147 232 3172 pro
251 3141 275 3167 et
294 3139 344 3167 ltoc
362 3140 391 3167 in
409 3142 497 3168 morte
515 3141 595 3168 habet
613 3141 688 3169 hoc...
709 3141 853 3176 [vei-bum,
872 3143 945 3177 quod
958 3143 1009 3175 legi
1024 3150 1076 3169 non
1089 3145 1143 3175 pot-

183 3183 250 3219 est]‚
270 3185 366 3211 deinde
385 3184 509 3212 Christus
527 3186 603 3213 Iesus
618 3193 735 3220 passus,
760 3189 792 3215 ut
815 3188 902 3222 stater
922 3187 1003 3214 liuius
1013 3197 1024 3220 ‚·
1048 3188 1069 3213 G
1094 3187 1144 3214 hoc

183 3228 308 3256 innuitur
322 3229 397 3256 Ioan.
411 3227 453 3256 M.
467 3230 553 3256 Secuti
573 3237 666 3257 sumus
677 3232 820 3265 praecipue
832 3233 866 3266 B,
885 3233 931 3266 qui
943 3235 1031 3259 tamen
1044 3239 1105 3258 cum
1123 3232 1144 3258 G

184 3279 233 3305 pro
246 3272 399 3300 moriturus
417 3270 497 3300 habet
510 3281 664 3308 passurus,
686 3276 785 3303 omisso
803 3277 984 3311 congregaret
1001 3275 1028 3303 in
1048 3283 1143 3303 unum.

186 3317 219 3344 Ut
231 3317 328 3351 frater.
349 3318 408 3344 Vat.
421 3321 483 3350 post
492 3318 555 3353 fieri
565 3320 614 3346 etc.
627 3319 691 3352 legit
702 3321 766 3354 Ipsa
778 3320 850 3347 enim
860 3320 982 3356 fidelium
999 3319 1144 3348 multitudo

180 3367 232 3394 per
248 3363 362 3388 mortem
382 3361 484 3390 Christi
500 3365 666 3397 congregata
684 3366 737 3397 est,
751 3365 782 3391 ut
794 3364 903 3397 dicitur.
921 3365 951 3391 Et
964 3368 1024 3397 post
1037 3371 1145 3398 conare-

291 3413 321 3441 S.
339 3414 492 3455 Boma-
506 3413 585 3442 rom.
602 3415 657 3442 vu.

1208 2700 1286 2733 qui-et
1300 2697 1328 2724 in
1341 2704 1428 2724 unum
1441 2696 1609 2729 prosequitur
1629 2696 1772 2729 Postquam
1788 2701 1851 2728 erqo
1867 2694 1989 2721 Clo-istus
1999 2701 2099 2728 passus
2113 2696 2165 2726 est,

1207 2743 1293 2778 ipsius
1312 2749 1437 2769 >uxot-em.
1715 2739 1724 2754 ⁷
1745 2740 1819 2765 Vei-s.
1842 2739 1881 2764 ¹5.
1901 2742 1926 2764 ct
1943 2738 2056 2765 subinde
2080 2740 2101 2769 l,
2124 2739 2164 2764 13.

1279 2787 1289 2802 ⁸
1309 2788 1385 2813 Vers.
1404 2788 1428 2812 8.
1447 2790 1473 2812 et
1487 2787 1511 2811 9.
1525 2800 1560 2805 —
1575 2786 1610 2811 De
1624 2792 1708 2817 poena
1721 2783 1934 2810 dis-culceationis
1949 2784 2017 2816 (Vat.
2038 2784 2105 2809 lianc
2124 2790 2166 2809 vo-

1209 2840 1267 2859 cem
1282 2831 1395 2864 ssomittit)
1417 2832 1462 2856 csr.
1483 2837 1562 2862 supra
1582 2837 1642 2862 pag.
1662 2829 1711 2859 79,
1731 2832 1790 2854 nota
1810 2829 1834 2853 5.

1280 2876 1291 2892 ⁹
1311 2877 1386 2902 Vers.
1406 2876 1454 2906 ⁴5,
1474 2874 1519 2900 ubi
1544 2881 1593 2906 pro
1613 2873 1641 2899 in
1663 2872 1902 2907 praeparationem
1922 2872 1978 2905 (cfr.
2002 2879 2082 2904 supra
2106 2879 2167 2904 pag.

1209 2921 1273 2952 397,
1287 2924 1347 2946 nota
1361 2920 1396 2952 5.)
1420 2920 1442 2945 Η
1462 2926 1522 2945 cum
1543 2919 1654 2950 Vulgata
1675 2917 1702 2943 in
1717 2916 1938 2951 praeparatione.

1279 2964 1301 2979 ¹⁰
1320 2965 1394 2990 Vers.
1416 2965 1444 2995 l,
1464 2963 1505 2988 cui
1525 2962 1692 2994 subiungitur
1711 2961 1786 2987 Eccli.
1808 2961 1854 2993 44,
1876 2961 1915 2985 ll.
1936 2967 1992 2993 seq.

1280 3009 1302 3024 ¹¹
1322 3010 1357 3034 lta
1377 3009 1455 3035 etiam
1474 3007 1544 3033 Beda
1557 3010 1582 3032 et
1595 3006 1672 3032 Card.
1691 3006 1767 3037 nugo
1788 3006 1844 3037 (cfr.
1857 3005 1934 3030 Marc.
1958 3006 2001 3035 l2,
2022 3004 2089 3037 22.);
2109 3004 2166 3029 vat.

1208 3061 1270 3081 cum
1290 3054 1402 3085 Vulgata
1421 3051 1580 3079 Novissime.

1280 3097 1303 3112 ¹⁹
1323 3097 1425 3124 Scilicet
1449 3095 1589 3122 ordinaria
1615 3096 1654 3127 (ex
1674 3094 1759 3126 Beda,
1778 3094 1823 3126 qui
1842 3094 1960 3126 sequitur
1985 3093 2105 3123 Hieron,
2131 3093 2169 3118 ill.

1208 3142 1356 3170 Comment.
1374 3142 1400 3167 in
1420 3141 1506 3167 Matth.
1526 3141 1573 3170 22,
1593 3139 1636 3165 24.
1653 3139 1753 3171 seqq),
1773 3139 1799 3164 in
1819 3145 1871 3171 qua
1891 3144 1940 3170 pro
1959 3144 2073 3171 corpor-e
2086 3140 2169 3162 textus

1209 3187 1341 3219 originalis
1360 3184 1527 3220 corporibus.
1543 3198 1576 3203 —-
1590 3183 1716 3216 Superius
1729 3189 1777 3215 pro
1791 3184 1922 3216 tanquam
1931 3180 2057 3215 possibile
2070 3181 2091 3206 G
2111 3182 2171 3207 tan-

1210 3237 1292 3265 quam
1306 3229 1422 3264 salsum,
1444 3229 1500 3255 Vat.
1520 3229 1650 3262 tanquam
1669 3226 1818 3253 mendaces.

1282 3273 1304 3289 ¹³
1323 3274 1398 3300 Vers.
1418 3274 1444 3299 3.
1465 3276 1491 3299 et
1510 3272 1534 3298 4.

1283 3318 1305 3333 ¹⁴
1324 3318 1426 3344 Scilicet
1444 3316 1586 3344 ordinaria
1607 3317 1647 3350 (ex
1667 3315 1747 3349 Beda)
1763 3315 1833 3348 apud
1846 3316 1979 3347 Lyranum
1998 3314 2023 3340 in
2046 3314 2108 3339 Luc.
2122 3313 2168 3343 20,

1210 3364 1259 3394 28,
1285 3363 1310 3388 in
1335 3369 1388 3395 qua
1415 3361 1467 3388 CD
1492 3361 1615 3387 omittunt
1641 3366 1741 3387 omnes.
1767 3359 1832 3385 lbid.
1862 3358 1950 3392 (etiam
1975 3358 2049 3390 apud
2073 3357 2169 3390 Sti-ab.)

2023 3409 2056 3435 65

2176 1294 2300 1321 Proponunt

2197 1326 2276 1342 casum.

2175 1666 2240 1696 Casus
2250 1666 2282 1686 vel
2293 1667 2325 1686 est

2217 1695 2284 1713 lictus.

2182 2147 2222 2169 Vel
2237 2148 2312 2168 faetus.

2193 2306 2249 2333 Quid
2264 2306 2306 2327 siut

2182 2333 2216 2354 isti
2232 2335 2321 2360 septem.
