2427 3872
7 595 141 620 Pei-sectionis

7 625 146 650 religiosorum

7 653 18 672 t
31 651 112 678 gradus.

5 1233 78 1261 Quales
93 1232 146 1254 reci-

21 1259 63 1281 divi
77 1259 126 1281 sacti

0 1286 51 1312 mint,
67 1286 93 1308 de
107 1291 148 1313 quo

55 1313 102 1335 tria.

44 1472 144 1494 Primum.

17 2159 143 2181 Secundum.

43 2598 144 2620 Tertium.

31 2792 61 2815 De
71 2793 144 2820 tertio,

6 2818 51 2841 scil.
81 2820 145 2848 lapsu

5 2846 120 2869 amborum.

864 199 1061 233 EXPOSlTlO
1084 198 1315 232 THRENORUM
1338 200 1370 232 C.
1395 200 1442 233 lv.

165 293 310 326 ruborem,
332 291 398 327 quia
420 290 505 326 plena
525 288 679 318 maturitas
700 297 750 325 per
771 289 886 325 longam
908 288 1066 324 acquiritur
1086 297 1130 317 ex-

164 341 367 370 ercitationem.
388 334 457 373 Vel,
479 339 508 367 in
530 337 583 366 hoc
603 337 698 366 fervor
718 336 892 373 intelligitur
918 332 1066 370 caritatis;¹
1086 345 1131 365 ru-

164 390 215 419 bor
236 389 309 418 enim
331 389 361 416 in
382 387 451 416 facie
472 386 594 415 calorem
609 385 768 422 significat,
790 385 835 414 vel
856 384 931 413 certe
952 385 1086 420 pudorem
1102 385 1131 413 et

164 437 376 470 verecundiam,
398 435 431 465 ut
453 435 559 471 pudeat
579 435 677 470 turpia
698 434 788 462 dicere
810 433 855 462 vel
877 433 983 462 audire.
1012 433 1080 467 Vel,
1100 434 1130 461 in

165 487 247 514 ebore
267 485 390 520 antiquo
408 483 582 519 intelligitur
603 483 786 518 antiquorum
801 482 969 511 Sanctorum
988 482 1040 510 sub
1056 481 1129 518 Lege

165 533 315 571 perfectio;
338 533 386 561 sed
405 533 454 561 isti
475 531 709 567 rubicundiores,
732 532 798 567 quia
819 531 909 559 maior
930 530 975 558 est
995 531 1023 558 10
1039 530 1130 558 Evan-

165 583 238 619 gelio
266 582 410 618 perfectio.
437 580 587 616 Sapphiro
608 580 787 615 pulcriores,
815 580 843 608 in
870 587 924 615 quo
945 579 1041 615 gratia
1069 587 1130 607 con-

165 631 358 667 templationis
379 629 546 665 designatur
570 629 599 657 et
612 629 781 657 desiderium
795 628 985 657 aeternitatis.
1000 644 1039 647 —
1054 628 1131 656 Haec

166 681 234 709 sunt
255 688 335 716 ergo,
357 687 429 715 quae
451 678 555 707 debent
569 677 703 714 perfectis
724 678 815 705 inesse
838 677 991 712 religiosis3
1013 676 1061 704 ubi
1076 677 1131 712 pri-

166 738 228 758 mus
248 729 356 765 gradus
377 728 421 757 est
442 728 478 756 ab
500 728 575 756 omni
596 726 779 762 corruptione
799 726 1013 754 immaculatum
1036 734 1065 753 so
1086 733 1131 754 cu-

165 779 283 811 stodiro,
316 777 455 814 quantum
484 776 595 812 patitur
627 776 753 803 humana
781 774 944 811 fragilitas3
977 774 1129 808 secundus,

163 836 260 856 curam
282 835 338 855 non
360 826 504 865 negligere
525 825 658 861 proximi,
683 824 823 860 quantum
845 824 974 860 suppetit
994 824 1129 858 facultas3

164 877 283 910 tertius,
305 877 334 904 in
349 876 449 905 robore
470 875 586 903 sanctae
601 873 758 903 devotionis
779 873 808 902 et
822 873 913 901 sancti
929 872 1044 909 pudoris
1058 872 1130 901 dura

164 926 192 955 et
213 925 331 961 indigna
356 924 469 954 fortiter
489 923 628 957 tolerare,
655 922 796 959 quantum
817 922 887 950 sinit
907 922 1033 950 humana
1053 921 1130 950 infir—

164 973 269 1007 mitas;
291 973 425 1009 quartus,
446 973 476 1000 in
498 972 628 1001 omnibus
648 971 685 1000 ad
701 971 791 999 Deum
813 970 858 999 vel
883 970 919 999 ad
939 971 1047 999 caelum
1069 979 1130 999 ocu-

163 1023 223 1051 lum
242 1022 347 1055 levare,
362 1021 502 1057 quantum
520 1020 668 1056 praevalet
681 1019 807 1048 humana
824 1019 1009 1055 possibilitas.
1024 1019 1130 1055 Magna

164 1070 209 1098 est
229 1077 296 1106 ergo
316 1069 386 1097 haec
400 1068 620 1102 commendatio,
643 1068 691 1096 sed
705 1067 781 1096 certe
795 1067 966 1096 miserabilis
985 1067 1130 1096 continua-

164 1119 218 1153 tio,
240 1118 314 1147 unde
336 1117 483 1154 sequitur:

245 1167 273 1196 8.
296 1167 390 1203 (Vers.
413 1166 466 1203 8.).
486 1166 583 1195 ΗΕΤΗ.
604 1166 774 1201 Deniqrata
788 1166 843 1201 est,
858 1165 906 1193 ubi
921 1165 1024 1194 candor
1045 1166 1129 1201 nivis,

164 1217 248 1247 lactis
270 1216 359 1251 nitor,
380 1216 468 1245 rubor
494 1215 586 1244 eboris
607 1214 733 1251 antiqui,
756 1214 917 1250 pulcritudo
939 1214 1068 1250 sapphiri
1090 1216 1129 1243 ni-

163 1266 278 1303 gredine
299 1265 429 1294 carbonis
451 1263 615 1297 obducitur,
647 1263 722 1291 unde
753 1262 835 1291 dicit:
868 1263 1038 1299 Deniqrata
1069 1264 1127 1299 est,

163 1316 211 1345 ubi
233 1315 324 1352 primo
346 1313 460 1350 plangit
479 1320 576 1341 eorum
597 1311 821 1346 oarnalitatem;
842 1311 978 1345 secundo,
1000 1319 1130 1340 excaeca-

165 1365 287 1400 tionem,
308 1363 362 1392 ibi:
384 1361 546 1396 Adhaesm
566 1360 661 1394 tertio,
684 1359 924 1395 obdurationem,
946 1359 999 1387 ibi:
1027 1358 1129 1387 Aruit.

243 1412 320 1442 Dicit
340 1419 423 1448 ergo:
445 1410 616 1446 Deniyrata
645 1410 688 1438 est
717 1407 808 1443 facies
838 1416 955 1443 eorum,
977 1408 1068 1437 cordis
1090 1416 1130 1436 se-

163 1462 272 1491 cretum
303 1461 333 1490 et
363 1459 586 1490 conversationis
613 1457 769 1492 evidentia,
800 1465 888 1492 super
919 1457 1074 1493 carbones,
1099 1458 1129 1485 in

163 1511 278 1547 quibus,
300 1510 417 1538 humore
438 1507 593 1541 exstincto,
615 1507 676 1536 sola
696 1505 824 1535 remanet
838 1505 984 1534 terrestris
999 1505 1129 1541 nigred03

163 1558 294 1589 Isaias¹:
322 1570 337 1584 α
351 1558 449 1587 Facies
470 1555 633 1586 combustae
655 1555 754 1584 vultus
785 1563 881 1584 eorum
895 1565 924 1589 »ς
946 1554 975 1582 et
995 1554 1047 1583 hoc
1068 1562 1130 1590 pro-

164 1609 228 1645 pter
249 1608 345 1638 sordes
365 1606 546 1637 carnalitatis
567 1605 711 1642 praedicto
739 1604 854 1633 candori
878 1604 1053 1638 contrarias3
1069 1603 1129 1631 Na-

164 1657 248 1686 hum:
271 1668 286 1683 «
300 1657 422 1693 Diripite
453 1655 619 1692 argentum,
641 1654 756 1690 diripite
788 1662 906 1686 aurum,
940 1652 969 1681 et
997 1661 1053 1681 non
1085 1652 1130 1680 est

163 1706 229 1735 finis
249 1706 414 1735 divitiarum
435 1714 468 1735 ex
489 1704 619 1734 omnibus
640 1704 717 1733 vasis
738 1701 986 1736 desiderabilibus3
1008 1701 1130 1729 dissolu-

163 1754 204 1783 tio
224 1754 418 1790 geniculorum
439 1754 468 1783 et
498 1753 616 1782 defectio
647 1753 677 1781 in
707 1751 817 1781 cunctis
848 1750 963 1779 renibus
991 1750 1020 1779 et
1044 1750 1130 1778 facies

164 1803 289 1832 omnium
310 1803 384 1831 sicut
404 1803 522 1839 nigredo
543 1803 656 1836 ollae»;
678 1801 754 1830 Ioel:
781 1812 796 1826 «
810 1799 914 1829 Omnes
940 1799 1039 1828 vultus
1061 1798 1130 1827 redi-

163 1852 269 1889 gentur
289 1852 319 1880 in
340 1852 426 1880 ollam
441 1863 470 1889 ν),
492 1852 536 1881 Et
555 1860 617 1880 non
636 1852 707 1881 sunt
737 1850 846 1886 cogniti
876 1849 909 1877 in
924 1848 1052 1884 platee&
1073 1856 1130 1876 non

165 1900 234 1930 sunt
254 1900 362 1937 cogniti
392 1908 444 1936 pro
475 1900 598 1935 talibus,
620 1900 719 1936 quales
750 1907 811 1928 esse
843 1896 988 1931 solebant,
1009 1897 1076 1933 quia
1096 1896 1130 1924 in

157 1949 270 1987 plateis
277 1971 285 1986 ,
306 1949 336 1978 id
356 1948 401 1978 est
420 1949 451 1977 in
471 1948 657 1983 carnalitate,
679 1949 744 1977 aliis
775 1947 948 1981 conformes;
970 1945 1130 1982 frequentia

163 1999 275 2036 quidem
303 1998 465 2035 platearum
496 1998 667 2027 decoloravit
697 1998 858 2026 Nazaraeos
890 1996 919 2025 et
949 1996 1129 2032 peregrinam

165 2049 285 2085 speciem
305 2047 426 2076 induxit.
458 2047 526 2081 Vel,
548 2056 609 2075 non
639 2048 710 2075 swnt
740 2047 866 2083 cogniti,
887 2046 953 2082 quia
974 2044 1129 2074 creduntur

163 2098 242 2133 boni,
264 2106 328 2126 cum
349 2096 409 2125 sint
423 2095 505 2130 mali;
520 2095 700 2124 Matthaeus:
727 2106 742 2120 «
756 2095 782 2124 A
803 2094 944 2123 fructibus
965 2102 1061 2123 eorum
1082 2101 1128 2122 00-

163 2146 307 2185 gnoscetis
327 2154 374 2175 eos
389 2157 418 2173 ».
445 2161 486 2166 —-
507 2144 654 2173 Adhaesit
684 2145 759 2173 cutis
790 2152 890 2172 eorum
918 2144 1042 2172 ossibus.
1074 2143 1128 2171 Hic

164 2205 266 2225 eorum
285 2195 517 2224 eoecaecationem
537 2193 666 2229 plangit,
688 2193 797 2221 dicens:
819 2192 967 2221 Adhaesit
986 2193 1071 2221 cutis.
1092 2192 1128 2220 In

164 2246 241 2281 cute,
263 2252 335 2281 quae
356 2243 455 2272 tenera
476 2242 537 2278 est,
559 2242 693 2271 molli-ties
707 2241 946 2276 conversationis;
962 2242 991 2269 in
1005 2241 1129 2276 ossibus,

164 2293 303 2323 fortitudo
323 2292 452 2321 virtutis.
478 2302 493 2317 ιι
505 2290 653 2319 Adhaesit
672 2298 739 2326 ergo
761 2290 835 2318 cutis
857 2290 985 2326 ossibus,
1007 2291 1073 2325 quia
1093 2290 1130 2318 ab

165 2343 205 2371 eis
226 2351 313 2378 prave
335 2341 524 2370 sentientibus
552 2339 707 2368 infirmitas
738 2339 801 2368 vitii
821 2338 928 2366 duritia
947 2339 993 2367 vel
1014 2338 1131 2367 difficul-

158 2392 212 2420 tas
232 2391 351 2420 virtutis
372 2390 553 2420 existimatur
565 2388 616 2417 Β».
629 2388 718 2421 ,Unde
738 2388 861 2416 multum
883 2387 989 2423 putant
1009 2395 1070 2415 esse
1091 2395 1131 2415 se-

165 2442 221 2470 mel
241 2441 356 2470 tantum
376 2441 407 2469 in
428 2441 471 2469 die
502 2439 653 2473 comedere,
686 2438 734 2467 ubi
762 2437 869 2466 deliciis
896 2436 1079 2472 ingurgitant
1103 2436 1132 2464 et

165 2490 310 2519 inebriant
331 2498 376 2524 se;
398 2489 535 2518 virtutem
566 2488 673 2525 putant
700 2496 761 2516 esse
781 2488 812 2515 in
832 2487 949 2515 ecclesia
970 2486 1060 2519 stare,
1083 2486 1131 2514 ubi

166 2538 281 2574 pactum
303 2538 412 2567 faciunt
442 2539 498 2567 nisi
528 2539 640 2566 lucrum
669 2545 819 2573 quaerere,
841 2535 886 2564 vel
916 2534 1040 2570 ineptias
1061 2535 1132 2570 cogi—

166 2587 242 2622 tare,
263 2589 309 2617 vel
331 2596 450 2624 poenam
470 2587 578 2624 fugere.
599 2604 640 2608 —
660 2586 713 2615 Sed
735 2594 787 2622 pro
814 2593 915 2613 eorum
941 2583 1133 2612 obduratione

166 2636 268 2665 infert:
291 2636 398 2673 Aruit,
420 2637 487 2673 quia
507 2636 667 2673 cognitione
689 2636 733 2664 sui
753 2635 868 2664 minime
890 2633 1021 2668 virescit3
1043 2635 1070 2661 et
1090 2632 1133 2667 fa-

166 2687 213 2714 cta
238 2686 282 2714 est
302 2686 389 2721 quasi
411 2686 541 2722 liynum,
562 2685 737 2714 insensibilis
758 2685 794 2712 ad
815 2682 972 2720 peccatum.

248 2734 276 2762 9.
300 2735 394 2771 (Vers.
415 2735 468 2771 9.).
483 2735 594 2763 Tnnrfl.
609 2734 722 2762 Melius
735 2732 803 2768 fuit.
818 2733 873 2761 Hic
887 2732 972 2760 tertio
986 2731 1134 2767 deplorare

166 2783 280 2812 videtur
301 2783 386 2811 simul
413 2783 538 2818 lapsum.
564 2783 732 2818 amborum,
761 2781 868 2811 scilicet
890 2780 1084 2817 praelatorum
1106 2780 1135 2809 et

168 2832 382 2867 religiosorum,
404 2840 574 2867 comparans
605 2831 715 2860 statum
743 2830 903 2866 praesentis
931 2829 1073 2858 Ecclesiae
1094 2837 1135 2857 re-

169 2880 268 2916 spectu
289 2880 430 2909 Ecclesiae
452 2880 629 2916 primitivae,
651 2881 733 2916 quasi
754 2880 842 2909 dicat:
858 2880 952 2908 minus
966 2878 1063 2907 nocuit
1083 2878 1136 2906 Ec-

169 3049 191 3074 Μ
242 3013 250 3028 ¹
270 3013 408 3074 (1711ολ613,
435 3015 464 3047 8;
490 3017 638 3047 sequuntur
662 3015 764 3040 Nahum
791 3015 821 3045 2,
847 3015 872 3039 9.
900 3014 947 3044 1ος
973 3013 1022 3039 1001
1049 3014 1079 3043 2,
1102 3013 1132 3043 6;

195 3050 258 3074 aith.
301 3069 308 3080 ,
365 3068 372 3075 .

241 3083 251 3099 ²
270 3085 305 3110 lta
324 3085 388 3110 haec
407 3085 552 3117 propositio
571 3085 666 3117 legitur
685 3085 762 3110 etiam
781 3085 853 3117 apud
867 3084 1034 3110 Pasctiasium
1048 3086 1073 3109 et
1086 3084 1134 3109 Ra-

169 3119 268 3146 banum
294 3119 332 3153 (in
356 3121 425 3146 hunc
446 3120 559 3153 locum),
578 3120 626 3146 sed
640 3121 672 3152 in
691 3121 781 3146 Glossa
801 3119 945 3147 ordinaria
963 3120 1035 3152 apud
1055 3120 1134 3151 Lyra-

169 3162 233 3180 num
254 3155 350 3188 (sumta
369 3163 400 3181 ex
419 3156 568 3188 Paschasio)
590 3156 683 3186 melius
702 3156 750 3181 ita:
771 3156 843 3182 Cutis
861 3163 926 3187 ergo
951 3156 1076 3181 adhaeret
1095 3161 1134 3180 os-

169 3190 257 3221 sibus,
275 3191 381 3224 quando
406 3191 541 3217 infirmitas
566 3191 690 3217 vitiorum
715 3194 822 3224 putatur
845 3191 969 3216 fortitudo
994 3191 1131 3216 virtutum.

169 3239 204 3245 —
223 3226 369 3258 Propositio
389 3233 444 3259 seq.
464 3230 504 3252 est
523 3230 639 3252 correcta
668 3234 720 3252 sec.
750 3227 829 3253 codd.
855 3226 964 3259 (habent
988 3229 1075 3252 tamen
1096 3225 1134 3251 in-

170 3260 316 3294 9urffltatis
335 3268 384 3294 pro
403 3260 607 3295 inquryitant)‚·
626 3262 684 3288 Vat.
698 3265 820 3294 corrupte
833 3261 951 3288 multum
968 3263 1067 3295 putant
1078 3268 1134 3287 esse

169 3296 266 3329 semel,
279 3296 326 3323 ubi
343 3296 444 3323 deliciis
457 3297 657 3331 inyurqitantes
670 3297 794 3324 imbuant
812 3304 855 3330 se,
877 3300 902 3323 et
922 3298 947 3322 in
967 3297 1034 3322 tine:
1045 3303 1134 3330 poena

170 3331 263 3365 furere
288 3339 336 3364 pro
360 3339 476 3366 poenam
500 3333 595 3367 fugere
615 3332 646 3366 (A
663 3340 780 3367 poenam
807 3333 918 3367 fovere).
941 3333 990 3358 Pro
1016 3331 1134 3358 multum

164 3369 266 3401 putant
285 3374 340 3394 esse
358 3367 440 3394 semel
458 3368 478 3393 Β
497 3368 600 3395 iustum
615 3368 725 3402 putavit
742 3375 799 3395 esse
818 3368 908 3395 semel.

278 3420 308 3447 S.
322 3421 428 3447 Bonav.
437 3435 473 3440 —
486 3422 563 3447 Tom.
577 3422 629 3447 Vll.

2093 203 2154 235 649

1194 288 1294 316 clesiae
1325 288 1473 317 tribulatio
1505 289 1688 318 adversitatis
1720 290 1906 326 tyrannorum
1938 299 2021 327 quarn
2044 292 2170 320 infectio,

1194 337 1395 372 prosperitatis
1416 338 1629 373 temporalium,
1652 339 1681 366 et
1703 338 1754 367 hec
1775 340 1803 367 in
1826 339 1938 372 multis,
1963 339 2035 368 unde
2059 341 2155 375 postea

1195 384 1276 419 pauci
1298 384 1415 412 suerunt
1436 385 1540 413 Sancti.
1564 385 1642 414 Unde
1663 386 1744 414 dicit:
1768 386 1878 415 Melius
1899 386 1958 420 fuit
1979 388 2079 416 occisis
2092 388 2154 423 yla-

1195 432 1257 467 dio,·
1277 433 1412 461 Rabanus
1425 432 1450 461 ⁸:
1479 445 1492 458 α
1508 434 1608 462 Melius
1630 434 1684 463 fuit
1705 435 1850 470 Apostolis
1871 437 1900 464 et
1916 436 2154 471 praedicatoribus

1195 481 1343 517 Evangelii
1375 483 1453 510 brevi
1486 491 1574 518 poena
1606 485 1731 519 corporis
1763 493 1813 519 pre
1846 485 1952 513 Christi
1985 486 2096 514 nomine
2118 486 2152 514 ad

1195 531 1308 566 tempus
1340 531 1425 566 plecti
1454 540 1537 566 quam
1570 533 1654 567 longa
1682 533 1773 561 inedia
1806 533 1882 561 verbi
1912 534 1961 561 Dei
1985 534 2154 562 tabefieri».

1195 580 1274 607 Unde
1295 580 1378 608 dicit:
1404 580 1499 616 Quam
1522 580 1678 614 interfectis
1700 581 1794 616 samm
1815 582 1880 610 dum
1896 584 1969 610 enim
1984 591 2086 618 corpus
2107 583 2154 611 ‹le-

1194 628 1266 656 liciis
1287 627 1414 662 fovetur,
1436 629 1541 664 absque
1563 629 1645 657 dubio
1667 631 1785 665 spiritus
1807 631 1878 659 fame
1900 632 2058 664 cruciatur,
2082 632 2154 667 qued

1198 677 1297 705 multis
1317 677 1429 705 induxit
1451 678 1641 713 prosperitas3
1664 678 1736 706 unde
1759 680 1900 714 sequitur:
1928 679 2073 715 Quoniam
2096 681 2154 713 isti,

1195 725 1268 753 same
1291 726 1397 753 scilicet
1428 726 1548 759 mortui,
1570 726 1773 761 extabuerunt,
1797 727 1823 755 id
1846 728 1898 760 est,
1919 728 1954 755 ad
1976 729 2153 763 spiritualem

1195 774 1310 802 maciem
1333 774 1539 809 pervenerunt;
1561 776 1705 802 consumti
1727 784 1745 803 a
1766 776 1922 804 sterilitate
1944 778 2052 811 terrae,
2069 777 2096 804 id
2111 779 2155 805 est

1195 823 1230 850 ab
1252 831 1346 851 amore
1367 823 1557 856 terrenorum,
1580 831 1650 858 quae
1672 824 1780 851 sterilia
1812 825 1880 852 sunt
1908 825 2105 859 spiritualiter,
2128 827 2156 852 et

1195 871 1307 900 steriles
1339 871 1413 900 fiunt
1443 879 1537 900 eorum
1566 872 1720 905 amatores;
1749 873 1818 901 Iob:
1845 873 2046 901 «Conteratur
2074 875 2154 909 qnasi

1194 922 1304 958 lignum
1325 922 1548 956 infructuosum;
1571 923 1651 957 pavit
1671 923 1743 950 enim
1776 923 1917 955 sterilem,
1939 932 2010 959 quae
2032 932 2086 952 non
2109 932 2154 959 pa-

1194 970 1248 1004 rit,
1264 970 1293 998 et
1307 971 1407 999 viduae
1422 971 1491 998 bene
1506 979 1562 999 non
1584 970 1650 999 fecit
1664 983 1691 998 n.
1705 987 1745 992 —
1760 972 1853 999 Aliter
1868 973 2018 1007 exponitur
2033 972 2104 1000 illud
2125 973 2153 1000 in

1194 1018 1311 1048 Glossa:
1334 1019 1447 1048 Melius
1468 1018 1527 1053 fuit
1547 1020 1647 1048 occisis
1673 1019 1775 1055 gladio
1797 1021 1859 1052 etc,
1883 1021 1983 1048 melius
2004 1022 2047 1049 eet
2068 1021 2153 1049 verbo

1194 1068 1246 1096 Dei
1276 1068 1312 1096 ad
1343 1068 1545 1104 poenitentiam
1578 1068 1697 1103 mactari
1723 1077 1806 1104 quam
1840 1069 1912 1097 fame
1945 1069 2022 1097 verbi
2044 1069 2094 1097 Dei
2120 1070 2154 1097 ad

1193 1117 1392 1145 carnalitatem
1414 1117 1563 1146 declinare.

1276 1164 1324 1193 10.
1347 1166 1441 1202 (Vers.
1471 1166 1542 1202 10.).
1569 1166 1630 1194 Ion.
1661 1166 1775 1195 Manus
1805 1166 1971 1194 mulierum.
2000 1166 2155 1202 Postquam

1193 1213 1354 1249 deploravit
1374 1214 1584 1243 subversionem
1606 1215 1745 1243 Ecclesiae
1775 1216 1984 1250 provenientem
2007 1223 2040 1243 ex
2060 1223 2156 1243 carna-

1193 1262 1277 1291 litate
1297 1263 1326 1290 et
1347 1264 1477 1299 ignavia,
1499 1264 1544 1292 hic
1564 1264 1677 1300 plangit
1699 1264 1840 1293 Ecclesiae
1862 1264 2071 1292 subversionem
2094 1272 2154 1299 pro-

1194 1311 1353 1340 venientem
1374 1320 1407 1340 ex
1427 1312 1601 1340 inordinata
1621 1314 1770 1341 severitate
1782 1315 1808 1341 et
1822 1313 1915 1350 nimia
1936 1313 2059 1341 iustitia.
2076 1313 2154 1341 Unde

1194 1359 1276 1387 dicit:
1293 1359 1423 1395 Manus,
1439 1360 1468 1388 id
1481 1360 1525 1388 est
1539 1369 1625 1395 opera
1639 1361 1765 1389 iustitiae
1780 1362 1895 1394 nimiae,
1912 1361 2062 1389 secundum
2078 1361 2155 1389 Glos-

1195 1400 1295 1443 sam⁴3
1317 1408 1491 1443 mulierwrm
1512 1417 1568 1437 non
1599 1409 1667 1437 dicit
1697 1411 1842 1445 matrum,
1872 1410 1938 1445 quia
1969 1410 2075 1438 matres
2097 1417 2153 1438 non

1195 1457 1263 1485 sunt
1284 1466 1355 1493 quae
1383 1457 1515 1486 affectum
1543 1457 1579 1486 ad
1607 1457 1681 1486 filios
1703 1458 1902 1493 perdiderunt;
1923 1458 2152 1486 Ecclesiasticus:

1199 1518 1213 1532 α
1227 1507 1327 1535 Brevis
1348 1507 1440 1535 omnis
1460 1507 1571 1547 malitia
1585 1515 1670 1542 super
1691 1507 1830 1535 malitiam
1852 1506 1977 1534 mulieris
1992 1517 2019 1539 »ς
2041 1507 2155 1535 miseri-

1194 1556 1344 1592 cordiwm,
1365 1556 1394 1584 in
1416 1556 1545 1591 opinione
1567 1563 1634 1589 sua3
1657 1556 1723 1591 quia
1737 1556 1848 1588 dicunt,
1864 1564 1893 1583 se
1915 1555 2004 1583 facere
2026 1553 2156 1591 tyranni-

1194 1606 1243 1634 des
1265 1614 1331 1634 suas
1352 1614 1385 1633 ex
1407 1605 1606 1634 misericordia.
1628 1605 1711 1634 Tales
1732 1613 1798 1641 ergo
1825 1606 1964 1633 coxerunt
1977 1604 2055 1639 filios
2069 1613 2156 1639 suos,-

1194 1654 1296 1683 Glossa
1308 1653 1332 1682 ⁵:
1353 1665 1367 1679 α
1378 1654 1412 1682 Id
1423 1654 1476 1688 est,
1488 1654 1637 1690 tyrannica
1649 1654 1791 1689 potestate
1802 1653 2006 1689 oppresserunt
2021 1664 2034 1677 »
2049 1663 2055 1686 ;
2077 1660 2155 1680 coxe-

1194 1704 1267 1730 runt
1286 1703 1351 1738 igne
1372 1703 1440 1730 mali
1467 1703 1587 1738 exempli
1609 1702 1638 1730 et
1659 1703 1710 1730 zeli
1731 1702 1885 1730 inordinati
1899 1712 1927 1735 »3
1950 1701 2016 1730 Iob:
2045 1712 2059 1725 κ
2074 1701 2155 1736 Ignis

1194 1750 1246 1779 Dei
1267 1751 1410 1779 descendit
1430 1751 1463 1779 de
1485 1751 1561 1780 caelo
1576 1763 1604 1785 n,
1627 1751 1656 1779 id
1675 1751 1720 1779 est
1740 1751 1773 1779 de
1794 1750 1957 1784 maioribus,
1985 1761 1999 1775 α
2014 1750 2042 1778 et
2063 1740 2156 1777 tactas

1195 1808 1261 1829 oves
1283 1808 1440 1836 puerosque
1460 1800 1654 1829 consumsit».
1677 1801 1766 1828 Facti
1787 1801 1856 1828 sunt
1876 1800 1957 1828 cibus
1978 1807 2095 1834 earum,
2119 1798 2156 1826 di-

1194 1849 1289 1878 centes
1310 1849 1381 1878 illud
1404 1850 1488 1885 primi
1509 1849 1630 1885 Regum,
1653 1849 1805 1877 secundum
1837 1848 1910 1884 quod
1941 1848 2073 1876 dixerunt
2104 1847 2156 1875 filii

1193 1898 1273 1927 Heli:
1300 1898 1411 1927 «Nunc
1431 1898 1528 1932 dabis,
1549 1898 1674 1933 alioquin
1695 1898 1795 1926 tollam
1817 1898 1884 1931 vi»;
1906 1897 2046 1925 Ezechiel:
2074 1896 2154 1924 «Lac

1193 1947 1380 1976 comedebatis
1401 1947 1430 1976 et
1449 1947 1524 1975 lanis
1553 1947 1752 1982 operiebamini
1780 1947 1808 1975 et
1836 1946 1909 1982 quod
1935 1954 2061 1974 crassum
2093 1946 2156 1974 erat

1193 1995 1376 2030 occidebatis,
1397 2004 1512 2031 gregem
1533 1995 1628 2023 autem
1650 2004 1741 2024 meum
1763 2003 1819 2024 non
1841 1995 2039 2030 pascebatis»;
2061 1995 2090 2023 et
2118 1995 2157 2022 in-

1193 2045 1250 2074 fra:
1278 2056 1293 2070 «
1307 2044 1360 2073 Sed
1380 2053 1443 2073 cum
1464 2044 1632 2072 austeritate
1653 2044 1838 2080 imperabatis
1863 2045 1902 2072 eis
1923 2044 1952 2071 et
1973 2052 2035 2071 cum
2057 2048 2157 2078 poten-

1193 2094 1249 2128 tia3
1279 2093 1307 2122 et
1328 2094 1472 2129 dispersae
1493 2092 1590 2121 sunt»
1616 2093 1668 2121 etc.
1691 2092 1731 2121 In
1751 2093 1924 2120 contritione
1951 2091 2030 2126 filiae
2050 2091 2157 2127 populi

1192 2144 1263 2180 rnei,
1285 2144 1331 2172 vel
1351 2143 1388 2171 ad
1409 2143 1606 2171 contritionem
1628 2142 1702 2170 filiae
1729 2150 1816 2177 supra
1839 2141 1945 2174 dictae;
1968 2141 2084 2176 propter
2105 2140 2156 2168 hoc

1194 2193 1268 2221 enim
1289 2200 1374 2228 super
1395 2191 1501 2220 multos
1522 2199 1618 2220 eorum
1640 2191 1738 2219 cecidit
1759 2191 1801 2218 ira
1823 2190 1884 2218 Dei.

1276 2241 1323 2269 11.
1346 2241 1440 2277 (Vers.
1463 2240 1535 2277 11.).
1557 2240 1644 2268 Cim.
1671 2239 1831 2274 Compleutt
1860 2239 2016 2267 Dominus.
2045 2238 2098 2266 Hic
2124 2245 2156 2265 ex

1195 2290 1346 2326 praedictis
1357 2289 1448 2325 infert
1459 2290 1634 2325 aequitatem
1643 2297 1755 2324 poenae
1769 2289 1839 2324 ipsis
1852 2297 1868 2316 a
1880 2288 1999 2316 Domino
2015 2296 2065 2323 pro
2081 2295 2158 2322 prae-

1195 2340 1277 2368 dictis
1297 2340 1396 2368 illatae
1417 2340 1462 2368 vel
1483 2338 1659 2372 inferendae;
1682 2338 1755 2366 unde
1777 2338 1858 2365 dicit:
1879 2336 2039 2372 complevit
2053 2336 2157 2364 Domi-

1194 2397 1268 2424 nus,
1290 2389 1318 2417 id
1339 2389 1384 2417 est
1404 2388 1570 2424 complebit,
1593 2386 1726 2421 furorem
1757 2395 1857 2421 suum,
1880 2386 1908 2414 id
1928 2386 1988 2418 est,
2009 2385 2041 2413 de
2065 2385 2156 2412 tantis

1197 2437 1347 2466 sceleribus
1378 2437 1491 2473 expetet
1517 2436 1684 2469 vindictam;
1717 2437 1745 2464 in
1778 2444 1832 2471 quo
1861 2434 2026 2470 magnitudo
2053 2442 2158 2469 poenae

1196 2486 1353 2515 intensivae
1384 2485 1565 2522 intelligitur.
1593 2484 1729 2520 Effudit,
1751 2485 1779 2512 id
1800 2484 1856 2517 est,
1879 2483 2019 2514 effundet,
2042 2483 2071 2510 in
2103 2490 2157 2517 quo

1197 2544 1302 2571 poenae
1324 2534 1502 2572 significatur
1522 2534 1710 2571 generalitas,
1734 2534 1811 2561 iram
1827 2532 2041 2567 indignationis
2066 2538 2136 2559 snae
2148 2529 2159 2544 Β

1199 2585 1228 2613 et
1247 2584 1409 2620 succendit,
1430 2584 1458 2612 id
1472 2583 1525 2617 est,
1541 2582 1705 2615 succendet,
1727 2582 1825 2617 iynem
1848 2581 1878 2608 in
1901 2580 1990 2615 Sion,
2014 2580 2043 2608 id
2064 2580 2108 2607 est
2129 2580 2157 2607 in

1197 2634 1321 2667 clericis,
1341 2633 1453 2669 iynem,
1476 2632 1551 2665 dico,
1570 2631 1733 2663 aeternum3
1756 2631 1783 2658 ct
1804 2629 1967 2667 decorarit,
1989 2628 2017 2656 id
2038 2629 2090 2661 est,
2113 2628 2156 2656 de-

1198 2682 1325 2716 vorabit,
1347 2681 1542 2715 fundamenta
1563 2681 1640 2715 eins,
1663 2680 1782 2707 maiores
1803 2678 1940 2706 acerbius.
1962 2677 2030 2706 Vel.
2052 2678 2081 2705 in
2097 2675 2159 2710 tim-

1199 2731 1342 2759 danwntis
1378 2738 1468 2766 poena
1503 2729 1675 2764 intelligutur
1706 2727 1908 2763 cogitationum
1945 2734 2158 2762 perversarum.

1199 2788 1283 2816 quam
1304 2779 1432 2815 exquiret
1452 2787 1469 2806 a
1490 2778 1588 2811 malis,
1611 2778 1639 2805 in
1661 2785 1715 2812 quo
1737 2776 1821 2804 etiam
1844 2784 1948 2811 poenae
1969 2776 2105 2803 atrocitas
2121 2776 2159 2802 in-

1199 2828 1349 2864 telligitur.
1371 2827 1433 2861 Vel,
1454 2828 1484 2855 in
1505 2827 1571 2862 iyne
1593 2826 1632 2853 sic
1653 2825 1740 2853 effuso
1763 2825 1858 2860 posset
1879 2824 2001 2860 intelligi
2019 2824 2161 2859 generalis

1199 2877 1281 2913 quasi
1300 2876 1440 2904 Ecclesiae
1463 2875 1607 2903 subversio
1627 2882 1677 2909 per
1698 2873 1896 2902 carnalitatem
1917 2874 1946 2901 et
1967 2873 2160 2908 cupiditatem.

1270 3010 1280 3025 ²³
1300 3011 1327 3036 10
1353 3011 1422 3035 hunc
1447 3010 1544 3034 locum.
1568 3021 1602 3026 —
1629 3008 1692 3032 infra
1719 3007 1836 3039 sequitur
1863 3005 1906 3030 lob
1934 3005 1982 3034 24,
2003 3005 2044 3029 20.
2065 3006 2106 3030 21.
2127 3019 2161 3024 -

1197 3047 1286 3072 Glossa
1307 3046 1348 3072 cit.
1369 3049 1407 3071 est
1426 3043 1566 3071 ordinaria
1582 3051 1612 3069 ex
1628 3043 1763 3068 Ρο50113510
1778 3042 1922 3067 secundum
1938 3048 2042 3066 sensum
2064 3046 2159 3066 sumta.

1268 3082 1279 3096 ⁴
1301 3080 1478 3107 Ordinuriam
1496 3079 1568 3110 apud
1581 3080 1711 3110 Lyranum
1727 3078 1767 3110 (ex
1781 3077 1918 3103 Paschasio
1933 3077 1958 3101 10
1972 3077 2040 3101 hunc
2055 3076 2160 3102 locum).

1198 3132 1233 3137 -—
1253 3118 1375 3150 Sequitur
1394 3116 1469 3141 Eccli.
1490 3115 1540 3145 25,
1561 3115 1603 3139 26.

1269 3152 1280 3167 ⁵
1300 3153 1396 3178 Eadem
1425 3152 1515 3177 Glossa
1544 3149 1694 3175 ordinaria.
1721 3163 1755 3168 —
1782 3149 1930 3181 Sequuntur
1957 3146 2001 3172 lob
2031 3147 2056 3177 i,
2081 3147 2161 3177 1651.

1198 3189 1263 3221 Reg.
1282 3190 1313 3218 2,
1334 3188 1380 3219 16ς
1401 3188 1491 3212 Ε10011,
1513 3185 1561 3216 34,
1582 3186 1606 3210 3.
1627 3189 1651 3210 et
1673 3185 1700 3215 ιί;
1721 3184 1858 3215 respicitur
1877 3190 1962 3216 supra
1985 3191 2009 3207 v.
2030 3183 2055 3208 3,

1269 3223 1280 3237 ⁴³
1300 3223 1363 3249 Cod.
1375 3223 1393 3248 B
1405 3223 1446 3248 hic
1457 3221 1598 3247 interserit:
1615 3230 1628 3243 α
1640 3220 1665 3245 id
1679 3223 1717 3245 est
1732 3220 1854 3245 ultionem
1869 3219 1939 3249 eius,
1952 3219 2048 3243 scilicet
2062 3218 2160 3249 peccati

1198 3260 1239 3285 vel
1259 3260 1412 3291 culparum,
1431 3257 1528 3290 quibus
1548 3257 1712 3288 indignatum
1733 3263 1760 3281 se
1780 3255 1900 3280 ostendit.
1920 3254 1994 3280 t'nde
2013 3254 2038 3278 in
2066 3254 2105 3278 1115
2125 3257 2161 3278 est

1198 3295 1308 3328 quidam
1334 3297 1440 3326 tropus,
1460 3294 1486 3318 10
1505 3299 1558 3325 quo
1585 3292 1657 3325 quod
1677 3294 1715 3317 est
1741 3291 1853 3316 1101111015
1879 3289 2027 3315 attribuitur
2050 3289 2118 3319 Deo,
2138 3294 2162 3313 et

1199 3334 1237 3356 est
1255 3330 1458 3361 anthropathos,
1478 3328 1584 3361 quando
1605 3327 1691 3359 passio
1713 3329 1826 3352 numana
1846 3325 1996 3351 attribuitur
2017 3325 2069 3350 Deo
2083 3334 2107 3349 ι.

2023 3415 2055 3439 82

2175 975 2250 996 Aliter.

2206 1160 2235 1181 De
2260 1165 2320 1182 01oe-

2177 1186 2277 1216 dentibue
2299 1187 2320 1208 10

2177 1215 2298 1235 severitate.

2180 2240 2210 2261 De
2233 2239 2322 2261 Domino

2179 2268 2234 2287 iuste
2245 2272 2281 2287 005
2291 2266 2321 2286 ai-

2179 2293 2272 2320 uigente.
