2476 3921
18 902 154 952 11.ἵῶῗέῗῶ

38 955 136 978 suadens.

21 1327 148 1351 Notandum.

746 220 941 254 COMMENT.
967 221 1005 254 lN
1028 220 1270 255 EVANGELIUM
1292 222 1411 256 LUCAE
1436 223 1467 256 C.
1494 224 1581 257 XXll.
2098 227 2157 258 551

173 312 205 342 et
236 311 359 351 patrem
381 309 532 343 exhibeat
554 309 735 352 disciplina,
759 318 799 343 ne
829 313 885 342 aut
915 309 1069 343 districtio
1093 309 1135 342 ri-

171 361 260 404 gida,
291 365 347 395 aut
377 362 477 404 pietas
508 362 549 395 sit
582 362 714 396 remissa
737 376 768 395 a.
795 362 829 395 Et
859 362 898 396 de
934 363 994 396 hoe
1024 367 1072 396 est
1103 363 1134 395 in

172 414 267 448 Paulo
289 414 487 457 exemplum,
512 414 567 457 qui
583 414 707 448 dicebat
722 415 813 448 bonis
830 415 952 457 primae
976 414 1014 448 ad
1036 415 1134 448 Thes-

171 468 380 501 salonicenses
404 468 542 501 secundo
555 469 586 501 ¹:
608 481 623 497 α
640 468 723 501 Facti
747 477 858 501 sumus
875 468 999 511 parvuli
1021 468 1053 501 in
1070 477 1135 502 me-

170 521 222 554 dio
253 521 368 560 vestri,
393 524 543 564 tanquam
576 522 602 554 si
632 521 746 555 nutrix
769 521 903 555 foveat»
933 525 1014 561 ete.;
1044 525 1134 564 pater

170 573 266 607 etiam
289 582 422 607 severus
437 573 497 607 suit
513 574 702 614 Corinthiis,
726 574 883 607 secundae
899 574 938 607 ad
955 574 1134 608 Corinthios

170 626 300 660 ultimo:
323 640 339 656 α
355 627 503 660 Praedico
519 627 626 667 vobis,
651 627 734 661 sieut
751 628 896 670 praedixi
921 628 959 661 iis
982 628 1038 671 qui
1061 631 1133 661 ante

170 683 392 722 peccaverunt,
408 683 440 713 et
455 680 569 714 ceteris
592 680 751 720 omnibus,
768 681 929 723 quoniam,
954 681 980 714 si
1007 690 1133 720 venero,

170 741 231 765 non
249 741 387 774 parcam.
404 734 448 765 An
473 732 730 775 experimentum
754 733 909 775 quaeritis
928 733 998 767 eius
1021 733 1076 776 qui
1101 733 1132 766 in

169 794 220 818 me
244 785 386 828 loquitur
409 785 556 819 Christus
573 789 610 818 n?

260 838 312 873 38.
338 839 440 882 (Vers.
466 839 652 881 97.).Tertio
687 843 842 883 quantum
874 840 914 873 ad
948 840 1133 883 exemplum

169 891 389 926 ltu-militatem
419 893 567 926 suadens
594 893 754 936 adiungit:
787 893 876 926 Nam
911 894 987 938 quis
1022 894 1133 927 maior

169 950 233 986 est,
258 946 318 989 qui
341 946 521 986 recumbit,
546 956 593 979 an
615 946 676 990 qui
696 946 894 980 ministrat?
919 947 980 981 Hoc
1008 947 1133 990 quaerit

169 1000 251 1034 sieut
273 1009 330 1042 per
354 1009 387 1033 se
411 1003 534 1040 notum,
558 1003 590 1033 et
620 1000 689 1033 ideo
725 1000 911 1042 respondet:
936 1000 1051 1034 Nonne
1074 1001 1135 1045 qui

168 1052 355 1086 recumbit?
380 1053 441 1086 Hoc
464 1056 512 1086 est
535 1053 662 1095 quidem
694 1062 806 1086 verum
843 1054 1017 1087 seeundum
1049 1054 1133 1087 ordi-

157 1114 258 1145 nem,
283 1106 338 1148 qui
361 1106 535 1139 attenditur
552 1105 727 1139 secundum
743 1115 864 1139 morem
882 1109 913 1139 et
929 1116 1023 1140 usum
1040 1116 1133 1139 mun-

168 1158 304 1197 danum;
328 1158 412 1191 unde
436 1167 534 1201 supra
556 1158 678 1191 decimo
701 1159 834 1201 septimo
848 1159 878 1191 ²:
901 1173 917 1188 α
933 1159 1011 1201 Quis
1026 1163 1132 1193 autem

168 1215 330 1251 vestrum,
355 1211 475 1244 habens
498 1220 646 1251 servum,
671 1211 726 1254 qui
752 1221 881 1245 reverso
904 1212 943 1246 de
978 1222 1055 1255 agro
1087 1213 1133 1246 di-

168 1269 236 1298 cat:
261 1264 371 1297 Transi
396 1268 428 1297 et
451 1264 619 1304 recumbe;
644 1268 676 1310 et
700 1275 762 1298 non
787 1266 902 1308 magis:
928 1266 1004 1299 Veni
1028 1270 1059 1299 et
1075 1267 1132 1299 mi-

168 1318 268 1351 nistra
292 1317 370 1350 mihi
385 1321 420 1350 n?
445 1336 489 1340 —-
514 1317 573 1351 Sed
597 1318 688 1351 aliter
721 1322 768 1352 est
791 1319 965 1352 secundum
989 1319 1132 1352 ordinem

167 1370 328 1410 divinum;
352 1370 437 1403 unde
460 1370 584 1403 subdit:
618 1372 687 1414 Eyo
722 1376 834 1405 autem
869 1372 906 1405 in
941 1373 1047 1405 medio
1081 1382 1132 1405 ve-

167 1427 277 1456 str-um
300 1433 393 1463 sam,
416 1424 503 1457 sicul
519 1424 579 1468 qui
592 1424 783 1464 ministrat,
807 1425 847 1458 ad
863 1426 1000 1459 dandum
1028 1426 1132 1459 humi-

168 1477 264 1510 litatis
287 1477 489 1519 exemplum;
514 1478 599 1521 quod
623 1479 784 1521 potissime
807 1479 880 1512 fecit
903 1479 935 1512 in
960 1488 1056 1512 coena
1080 1479 1133 1512 illa

167 1530 296 1570 ultima,
320 1531 352 1563 in
376 1540 440 1573 qua
463 1531 539 1564 lavit
563 1531 658 1574 pedes
681 1532 928 1574 discipulorum,
952 1533 1035 1566 sieut
1057 1532 1132 1566 dici-

167 1587 222 1617 tur
246 1584 369 1617 loannis
400 1584 521 1618 decimo
550 1585 644 1618 tertio
657 1585 681 1624 ³,
705 1585 759 1618 ubi
784 1586 1006 1628 subiungitur:
1037 1599 1053 1615 «
1069 1586 1131 1619 Vos

168 1637 286 1670 voeatis
309 1646 359 1670 me
384 1638 533 1680 magister
557 1642 588 1671 et
611 1638 754 1678 domine,
771 1642 802 1672 et
818 1639 898 1672 bene
921 1639 1033 1672 dicitis.
1057 1640 1132 1672 Sum

167 1690 294 1724 etenim.
319 1690 350 1723 Si
374 1700 450 1733 ergo
473 1700 531 1733 ego
555 1691 615 1724 lavi
640 1692 735 1733 pedes
765 1696 915 1725 vestros»
945 1696 1003 1725 etc.
1031 1692 1132 1725 Ratio-

168 1751 239 1776 nem
264 1746 371 1776 autem
395 1743 461 1786 ipse
487 1743 589 1776 reddit
612 1747 859 1786 consequenter:
890 1757 905 1773 «
922 1744 986 1777 Non
1003 1747 1051 1777 est
1066 1753 1132 1777 ser-

170 1805 229 1829 vus
252 1796 353 1830 maior
376 1796 503 1829 domino
538 1806 615 1835 sno,
641 1805 744 1839 neque
772 1797 933 1838 apostolus
963 1797 1061 1829 maior
1085 1801 1133 1830 est

168 1858 206 1883 eo
230 1850 285 1893 qui
317 1849 403 1882 misit
437 1849 526 1882 illum
545 1863 575 1882 ».
601 1849 631 1882 Si
655 1858 731 1892 ergo
765 1849 920 1889 Christus,
945 1858 1018 1883 eum
1051 1853 1133 1883 esset

169 1903 333 1946 superior,
369 1903 546 1936 humillime
581 1902 789 1942 ministravit;
825 1903 926 1936 multo
960 1903 1073 1936 fortius
1101 1907 1133 1936 et

168 1961 278 1989 omnes
301 1956 417 1989 Christi
449 1955 605 1998 discipuli.
637 1956 925 1998 Chrysostomus4:
956 1957 1054 1989 «Non
1085 1960 1133 1990 est

169 2018 265 2043 verus
288 2009 480 2052 discipulus,
504 2009 560 2052 qui
584 2008 648 2042 non'
671 2009 813 2043 imitatur
837 2010 1043 2052 magistrum,
1076 2019 1133 2043 nec

169 2071 246 2096 vera
268 2062 387 2105 imago,
419 2071 501 2105 quae
532 2072 595 2096 non
631 2066 679 2096 est
710 2062 821 2096 similis
851 2063 1021 2096 auctori».
1047 2063 1133 2097 Unde

168 2115 242 2149 licet
265 2124 389 2158 semper
412 2115 509 2148 suerit
533 2115 748 2158 periculosum
772 2115 851 2158 erigi
875 2115 907 2148 in
931 2116 1132 2158 superbiam,

169 2177 255 2202 nune
278 2168 581 2211 periculosissimum
606 2172 654 2202 est
676 2171 748 2211 post
781 2172 899 2202 tantam
923 2169 1133 2202 humilitatem

169 2225 343 2261 ostensam3
368 2225 399 2255 et
422 2221 492 2255 ideo
523 2221 562 2254 ad
593 2222 808 2264 Philippenses
831 2221 1010 2255 secundo⁵:
1039 2235 1054 2251 α
1072 2223 1133 2256 Hoc

169 2275 282 2308 sentite
305 2274 336 2307 in
360 2274 450 2308 vobis
474 2274 559 2317 quod
590 2277 622 2308 et
645 2274 675 2307 in
701 2274 826 2308 Christo
850 2275 937 2314 Iesu,
961 2275 1035 2318 qui,
1060 2284 1132 2308 cum

169 2327 201 2360 in
225 2328 326 2360 forma
348 2328 403 2361 Dei
421 2331 521 2367 esset,
546 2337 608 2361 non
633 2328 774 2370 rapinam
797 2327 971 2361 arbitratus
987 2331 1050 2367 est,
1065 2337 1133 2361 esse

170 2388 203 2413 se
226 2380 390 2422 aequalem
416 2381 480 2413 Deo
497 2394 512 2410 »
541 2384 599 2414 ete.

242 2627 251 2642 ¹
272 2628 346 2654 Vers.
366 2629 396 2661 7,
416 2629 457 2655 cui
476 2628 673 2662 subiunguntur
692 2631 719 2657 ll.
738 2630 799 2658 Cor.
813 2632 860 2664 13,
880 2633 905 2658 2.
919 2636 944 2658 et
957 2634 982 2659 3.
994 2647 1029 2652 —
1041 2634 1132 2660 Glossa

170 2672 367 2700 interlinearis:
391 2673 442 2700 Vos
469 2675 562 2700 autem
589 2681 645 2701 non
663 2674 717 2707 sic,
747 2676 810 2708 quia
835 2676 914 2702 etiam
942 2684 1035 2703 eorum
1064 2685 1133 2711 quae

171 2717 337 2750 distribuitis,
348 2726 402 2747 non
415 2721 549 2750 auctores,
563 2719 610 2745 sed
623 2719 819 2751 dispensatores
829 2720 891 2746 estis
898 2731 905 2752 3
918 2720 966 2747 sed
976 2721 1024 2755 qni
1033 2721 1132 2753 maior,

171 2763 197 2788 in
215 2762 372 2794 virtutibus,
390 2764 431 2790 est
447 2762 477 2789 in
488 2762 576 2796 vobis,
590 2763 640 2798 fiat
652 2763 723 2790 sicut
734 2758 839 2796 minor,
853 2764 946 2791 humili
959 2766 1132 2798 reputatione,

171 2808 197 2834 el
214 2806 261 2841 qui
274 2813 435 2841 praecessor
454 2808 507 2839 est,
527 2807 613 2839 gradu
632 2807 780 2841 dignitatis,
799 2806 871 2835 sic-ut
887 2807 1070 2835 ministrator.

215 2877 217 2879 .
243 2849 253 2865 ²
273 2851 349 2877 Vers.
367 2850 394 2878 7.
412 2865 447 2871 —
467 2852 557 2878 Glossa
576 2851 774 2879 interlinearis:
795 2852 869 2880 Nam
888 2852 948 2886 quis
968 2852 1058 2879 maior
1078 2855 1131 2885 est,

172 2894 318 2920 secundum
338 2895 464 2921 iudicium
483 2896 595 2927 saeculi,
614 2895 662 2930 qui
679 2889 811 2923 recumbit
827 2899 876 2923 ete.

243 2937 254 2952 ¹¹
273 2938 349 2965 Vere.
375 2939 400 2965 4.
418 2947 492 2973 seqq.
511 2943 537 2966 et
564 2940 662 2967 deinde
689 2948 715 2966 v.
737 2941 780 2967 13.
799 2947 868 2974 seq.:
892 2941 943 2968 Vos
962 2940 1064 2968 vocatis
1084 2944 1133 2967 ete.

173 2981 288 3016 denique
306 2990 334 3010 v.
356 2983 404 3010 ⁴6:
424 2984 487 3012 Non
511 2986 552 3012 est
573 2991 670 3012 servus
688 2988 738 3011 etc.
756 2999 793 3005 —·
811 2986 901 3012 Glossa
929 2985 1073 3012 ordinaria
1093 2986 1133 3020 (ex

173 3026 254 3060 Beda)
274 3026 300 3052 in
318 3028 381 3053 Luc.
400 3028 447 3061 22,
467 3028 516 3054 27:
535 3029 575 3055 Ad
595 3029 677 3055 verba
690 3030 875 3056 exhortationis
888 3030 1032 3063 explendae
1050 3037 1133 3056 exem-

173 3070 247 3102 plum
266 3070 300 3096 de
318 3078 347 3097 se
365 3072 448 3103 ponit.
467 3072 531 3099 Hinc
550 3074 660 3099 loannes
681 3073 740 3108 [13,
762 3073 814 3108 14.]
835 3074 941 3101 scribit:
961 3074 993 3102 Si
1010 3081 1058 3109 eqo
1079 3073 1136 3101 lavi

169 3113 251 3147 pedes
278 3117 328 3140 etc.

244 3156 256 3172 ⁴
275 3158 370 3184 Ilomil.
389 3159 432 3185 35.
452 3160 478 3185 in
497 3160 584 3187 Matth.
603 3162 650 3194 20,
670 3163 713 3188 28.
728 3162 787 3196 (Op.
802 3163 957 3197 imperfect.)
971 3164 997 3189 in
1011 3163 1071 3189 slne.
1086 3164 1134 3189 Pro

173 3201 283 3229 auctori
299 3203 321 3228 G
339 3202 446 3236 factori.

246 3246 257 3261 ⁶
276 3247 352 3273 Vers.
371 3248 397 3273 5.
415 3251 441 3273 et
459 3249 485 3274 6.

245 3289 257 3305 ⁶
276 3291 352 3317 Vers.
375 3291 418 3318 14.
437 3305 474 3311 -
492 3292 550 3319 1)υο
569 3300 644 3327 seqq.
663 3294 713 3320 loci
731 3298 792 3322 sunt
805 3297 881 3322 Prov.
896 3297 944 3328 17,
959 3296 1001 3323 17.
1019 3300 1044 3323 et
1058 3297 1134 3323 Eccli.

199 3353 207 3365 ‚
225 3334 251 3360 7.
269 3348 305 3354 —
323 3335 413 3361 Glossa
432 3334 575 3362 ordinaria
596 3337 637 3370 (ex
656 3338 735 3371 Beda)
766 3339 791 3365 in
810 3340 874 3366 Luc.
893 3341 941 3371 22,
961 3341 1009 3366 28:
1028 3340 1135 3366 lnssrmi-

177 3380 216 3403 tas
235 3385 293 3404 mea
312 3386 366 3405 non
394 3378 560 3406 conturbavit
587 3387 650 3413 vos,
670 3382 717 3408 sed
737 3382 762 3408 in
782 3382 852 3409 bono
873 3387 967 3416 coepto
986 3391 1135 3416 persevera-

1289 310 1341 343 30.
1367 312 1468 350 (Vers.
1494 313 1571 353 28).
1597 313 1716 355 Quarto
1739 317 1893 356 quantum
1917 314 1955 347 ad
1969 315 2161 357 praemium
2185 323 2306 354 emmim

1199 363 1245 396 ad
1267 362 1488 398 humilitatem
1511 365 1660 399 alliciens
1683 366 1841 409 adiungit:
1868 368 1927 400 Vos
1943 371 2054 400 autern
2071 368 2160 406 estis,
2172 350 2327 398 2323&ssssss

1198 416 1259 459 qui
1276 418 1513 459 permansistis
1537 428 1664 452 mecam
1681 420 1716 452 in
1732 420 1967 453 tentationibus
1984 421 2066 453 meis
2078 447 2085 458 ,
2104 429 2159 462 per

1198 470 1417 503 sustinentiam
1442 471 1662 505 tribulationis.
1688 473 1778 506 Tales
1801 477 1893 512 sunt,
1918 473 1957 506 de
1980 473 2097 516 quibus
2113 473 2159 506 di-

1198 523 1282 556 citur
1305 524 1504 566 Apocalypsis
1527 525 1660 566 septimo
1676 526 1706 558 ⁸:
1735 539 1750 554 ιι
1765 526 1797 558 lli
1815 530 1906 565 sunt,
1931 526 1985 568 qui
2006 530 2159 560 venerunt

1197 575 1236 609 de
1272 576 1474 610 tribulatione
1508 587 1621 620 magna
1655 582 1687 612 et
1718 579 1864 612 laverunt
1895 580 1990 612 stolas
2024 588 2098 612 suas
2129 583 2160 613 et

1197 629 1425 663 dealbaverunt
1448 639 1501 664 eas
1525 631 1555 663 in
1584 632 1736 673 sanguine
1767 633 1841 674 Agrii
1860 646 1889 664 ».
1916 633 1951 665 Et
1976 633 2156 665 huiusmodi

1197 686 1272 715 sunt
1295 683 1362 716 veri
1379 683 1490 723 amici,
1507 684 1596 726 quia,
1615 684 1856 718 Proverbiorum
1873 685 1995 718 decimo
2011 686 2158 727 septimo,

1202 748 1218 763 α
1234 735 1319 768 omni
1345 739 1486 778 tempore
1509 736 1610 779 diligit
1633 737 1686 779 qui
1711 738 1832 771 amicus
1856 742 1920 777 est,
1950 742 1981 771 et
2004 738 2101 771 frater
2127 739 2156 771 in

1196 789 1350 830 angustiis
1374 790 1599 832 comprobatur
1616 803 1647 828 »;
1672 794 1703 824 et
1726 791 1794 824 ideo
1819 792 2023 825 Ecclesiastici
2049 796 2156 825 sexto:

1202 855 1218 870 α
1235 842 1264 874 Si
1289 843 1430 884 possides
1453 843 1608 883 amicum,
1634 844 1664 876 in
1691 845 1860 878 tentatione
1883 846 2006 888 posside
2030 855 2102 878 enm
2126 860 2156 877 ».

1287 896 1341 929 [10.
1367 896 1468 938 (Vers.
1495 898 1547 930 ⁶29.
1573 898 1650 939 30.).
1677 898 1712 931 Et
1735 899 1882 941 quoniam
1915 899 1969 942 qui
2002 899 2158 941 particeps
2178 909 2293 940 promissio

1196 951 1243 981 est
1268 949 1298 981 in
1324 949 1526 983 tribulatione
1561 950 1654 983 debet
1688 960 1756 984 esse
1785 952 1941 993 particeps
1966 952 1996 984 in
2021 952 2157 990 honore,
2191 937 2277 957 mmm

1196 1002 1266 1035 ideo
1289 1002 1392 1035 addit:
1419 1004 1460 1036 Et
1487 1013 1544 1046 eqo
1568 1004 1706 1046 dispono
1737 1004 1847 1043 vobis,
1878 1005 1965 1037 sicut
1996 1005 2159 1047 disposuit

1195 1054 1281 1088 milti
1304 1056 1408 1088 Pater
1431 1066 1524 1089 meas
1547 1066 1701 1099 reynum,
1725 1061 1762 1089 ut
1785 1058 1892 1090 edatis
1915 1062 1945 1090 et
1968 1057 2087 1090 bibatis
2102 1067 2158 1089 su—

1192 1118 1255 1151 per
1277 1119 1428 1143 mensam
1451 1119 1560 1142 meanz
1584 1110 1620 1142 in
1643 1120 1744 1153 reyno
1767 1120 1837 1143 meo
1850 1111 1874 1149 ⁷,
1907 1120 1963 1153 per
1996 1111 2158 1144 abundau-
2177 1121 2308 1143 Convivinm.

1196 1162 1271 1199 tiam
1295 1162 1464 1202 satietatis,
1488 1163 1662 1196 secundum
1699 1164 1776 1196 illud
1812 1164 1967 1197 secundae
1990 1164 2028 1197 ad
2053 1165 2157 1197 Timo-

1196 1215 1306 1248 theum
1330 1215 1485 1248 secundo:
1515 1216 1654 1249 «Fidelis
1678 1226 1791 1249 sermo.
1817 1217 1892 1249 Nam
1918 1217 1942 1250 si
1968 1218 2155 1250 commortui

1196 1276 1324 1307 sumus,
1349 1272 1380 1301 et
1404 1269 1624 1308 convivemus;
1648 1270 1674 1302 si
1703 1270 1968 1309 sustinuerimus,
1992 1274 2023 1303 et
2047 1279 2157 1303 conre-

1196 1321 1363 1363 gnabimus
1380 1334 1409 1361 »;
1434 1326 1466 1355 et
1497 1322 1566 1355 ideo
1595 1322 1793 1364 Apocalypsis
1817 1323 1936 1364 primo:
1966 1336 1981 1351 «
1999 1323 2156 1365 Particeps

1196 1374 1227 1406 in
1253 1374 1455 1408 tribulatione
1479 1378 1510 1408 et
1534 1384 1673 1417 regno».
1694 1375 1782 1408 Pater
1798 1375 1953 1417 disposuit
1969 1376 2054 1415 Filio,
2071 1376 2155 1418 quod

1197 1427 1320 1460 veniret
1342 1428 1381 1460 ad
1404 1428 1626 1461 exaltationem
1651 1437 1708 1470 per
1732 1429 1996 1468 humiliationem;
2022 1439 2093 1462 nam
2111 1430 2157 1463 in-

1196 1480 1244 1513 fra
1267 1481 1417 1523 vigesimo
1441 1481 1596 1524 quartoss:
1626 1495 1641 1510 α
1658 1482 1765 1515 Nonne
1796 1483 1955 1524 oportuit,
1981 1483 2043 1525 pati
2068 1483 2157 1515 Chri-

1197 1537 1282 1566 stum
1307 1537 1338 1566 et
1362 1534 1405 1567 ita
1429 1534 1548 1568 intrare
1573 1535 1604 1567 in
1620 1535 1751 1577 gloriam
1770 1539 1909 1568 suamn?
1926 1540 1957 1569 et
1980 1536 2019 1568 ad
2043 1536 2158 1578 Philip-

1197 1595 1308 1628 penses
1332 1587 1488 1620 secund0:
1519 1601 1534 1616 «
1551 1588 1732 1621 Humiliavit
1747 1589 1951 1631 semetipsum
1969 1601 1999 1628 »;
2023 1593 2055 1622 et
2071 1594 2157 1631 post:

1202 1653 1218 1669 α
1235 1640 1366 1682 Propter
1390 1640 1474 1682 quod
1498 1644 1529 1673 et
1553 1641 1637 1674 Deus
1660 1641 1811 1674 exaltavit
1835 1642 1924 1674 illum
1949 1645 1981 1675 et
2003 1642 2088 1675 dedit
2112 1643 2156 1675 illi

1196 1702 1308 1726 nomen
1327 1706 1342 1722 »
1371 1697 1430 1726 ete.
1455 1694 1505 1727 Sic
1528 1697 1560 1726 et
1583 1694 1679 1727 Filius
1701 1694 1838 1736 disponit
1855 1695 1945 1728 nobis
1961 1696 2022 1728 sub
2046 1696 2156 1729 eodem

1195 1745 1264 1778 soro
1277 1749 1307 1778 et
1320 1749 1474 1788 quantum
1488 1746 1525 1779 ad
1539 1746 1621 1779 viam
1635 1750 1666 1779 et
1678 1751 1832 1789 quantum
1847 1747 1885 1780 ad
1898 1748 2031 1790 patriam
2044 1761 2051 1787 ;
2074 1749 2157 1781 unde

1196 1799 1318 1831 Ioannis
1348 1799 1577 1832 duodecim0⁹:
1608 1813 1623 1828 ιι
1640 1800 1669 1832 Si
1695 1800 1767 1842 quis
1798 1801 1875 1833 mihi
1908 1801 2080 1841 ministrat,
2106 1811 2155 1835 me

1195 1854 1365 1893 sequatur;
1390 1854 1421 1884 et
1455 1851 1510 1884 ubi
1542 1860 1599 1894 ego
1630 1860 1715 1891 sum,
1748 1852 1810 1886 illic
1847 1857 1878 1886 et
1901 1853 2044 1886 minister
2068 1863 2158 1887 meus

1195 1904 1299 1937 erit».
1312 1923 1357 1928 —-
1369 1904 1537 1946 Quodnon
1553 1905 1656 1938 solum
1672 1905 1747 1938 dicit
1763 1906 1865 1948 quoad
1883 1907 2061 1940 convivium
2079 1907 2158 1940 rese-

1196 1957 1325 1997 ctionis,
1350 1966 1463 1990 verum
1486 1958 1580 1991 etiam
1604 1958 1719 1991 solium
1744 1959 1891 1998 honoris,
1915 1963 1947 1992 et
1970 1959 2039 1993 ideo
2055 1960 2156 1993 addit:

1198 2012 1239 2044 Et
1260 2010 1401 2043 sedeatis
1423 2020 1525 2053 super
1550 2009 1684 2044 thronos
1698 2012 1740 2051 ¹⁰,
1769 2012 1955 2045 iudicantes
1986 2013 2158 2045 duodecim

1197 2063 1306 2097 tribus
1330 2063 1451 2103 Israel,
1484 2072 1541 2106 per
1575 2065 1795 2098 excellentiam
1825 2065 1994 2107 dignitatis.
2029 2066 2064 2098 Et
2098 2066 2158 2098 hoe

1196 2117 1313 2150 dicitur
1336 2117 1498 2159 perfectis,
1515 2117 1570 2159 qui
1587 2117 1771 2150 iudicabunt
1787 2122 1818 2151 et
1834 2127 1894 2151 non
1913 2117 2156 2157 iudicabuntur;

1196 2170 1235 2203 de
1259 2170 1377 2212 quibus
1401 2170 1547 2203 Matthaei
1571 2170 1692 2203 decimo
1727 2180 1827 2203 nono.-
1857 2184 1872 2199 α
1889 2171 1968 2210 Vos,
1993 2171 2046 2214 qui
2084 2171 2157 2204 reli-

1197 2223 1310 2266 quistis
1332 2223 1439 2256 omnia
1462 2226 1493 2256 et
1516 2224 1615 2257 secuti
1640 2224 1715 2257 estis
1738 2233 1789 2257 me
1805 2238 1820 2253 n
1849 2228 1907 2257 ete.
1933 2225 1969 2257 Et
1992 2225 2022 2257 in
2048 2225 2157 2258 talium

1197 2285 1332 2319 persona
1354 2276 1472 2309 dicitur
1496 2277 1617 2319 primae
1641 2277 1680 2310 ad
1700 2277 1878 2311 Corinthios
1902 2282 1993 2311 sexto
2008 2279 2051 2310 ¹¹:
2082 2291 2098 2306 «
2113 2280 2156 2310 An

1196 2329 1341 2368 nescitis,
1365 2329 1514 2371 quoniam
1531 2330 1634 2363 Sancti
1658 2330 1696 2363 de
1714 2331 1773 2363 hoc
1789 2330 1907 2363 mundo
1925 2331 2108 2364 iudicabunt
2121 2334 2157 2363 n?

1203 2395 1219 2411 ε(
1234 2382 1382 2421 Nescitis,
1419 2383 1567 2425 quoniam
1604 2383 1735 2425 Angelos
1774 2383 2001 2422 iudicabimus,
2038 2387 2157 2426 quanto

2178 1916 2258 1946 Solium
2273 1917 2310 1938 ho·

2207 1949 2272 1964 noris.

1196 2635 1251 2660 stis.
1271 2634 1342 2660 Sicut
1361 2642 1425 2666 ergo
1445 2634 1509 2660 milii
1529 2634 1706 2666 perseveranti
1727 2640 1812 2667 usque
1830 2633 1864 2659 ad
1884 2638 1995 2660 mortem
2015 2634 2087 2662 dedit
2110 2636 2156 2660 Pa—

1197 2681 1236 2704 ter
1254 2685 1367 2710 nomen,
1388 2677 1460 2712 quod
1477 2680 1517 2704 est
1534 2685 1616 2712 super
1645 2685 1723 2704 omne
1749 2684 1846 2704 nomen
1866 2677 1941 2711 [Phil.
1961 2679 1991 2710 2,
2012 2678 2057 2712 9.]‚
2077 2680 2113 2705 sic
2133 2684 2157 2704 ct

1197 2729 1247 2754 ego
1267 2726 1466 2754 perseverantes
1485 2729 1533 2748 vos
1553 2729 1656 2748 mecum
1676 2723 1772 2748 ducam
1792 2722 1826 2748 ad
1845 2726 1979 2748 aeternnm
1998 2730 2120 2755 regnum.

1268 2763 1278 2779 ⁷
1298 2765 1381 2791 Codd.
1400 2766 1449 2792 AC
1462 2766 1512 2791 DG
1524 2766 1545 2791 H
1564 2766 1687 2791 omittunt
1707 2765 1733 2792 iu
1762 2772 1845 2800 reyno
1865 2772 1933 2792 meo.
1953 2780 1988 2785 —-
2007 2767 2158 2800 Sequuntur

1196 2811 1225 2836 11.
1245 2810 1313 2835 Tim.
1332 2811 1362 2841 2,
1382 2811 1423 2836 11.
1443 2814 1468 2836 et
1489 2811 1535 2841 112,
1555 2814 1614 2842 post
1633 2817 1701 2843 quos
1721 2812 1803 2842 Apoc.
1826 2811 1856 2841 1,
1876 2811 1901 2837 9.

1268 2852 1278 2867 ⁸
1299 2854 1373 2879 Vers.
1392 2854 1435 2879 26.
1454 2868 1489 2873 —
1509 2854 1625 2880 Subinde
1644 2855 1790 2886 allegantur
1809 2855 1872 2880 Phil.
1891 2856 1921 2885 2,
1943 2856 1967 2881 8.
1987 2859 2013 2881 et
2031 2857 2057 2881 9.

1267 2895 1279 2911 ⁰
1298 2898 1374 2923 Vers.
1393 2899 1435 2923 26.
1455 2911 1490 2916 —
1509 2898 1635 2930 Superius
1655 2905 1703 2930 pro
1722 2898 1772 2924 sul]
1791 2898 1882 2924 eodem
1900 2899 1961 2932 foro
1983 2899 2040 2925 vat.
2067 2899 2157 2926 eodem

1197 2941 1294 2973 modo;
1317 2942 1362 2967 cfr.
1382 2945 1468 2967 tamen
1489 2948 1569 2973 supra
1588 2949 1651 2973 pag.
1670 2942 1731 2974 371,
1751 2945 1811 2967 nota
1834 2942 1874 2967 10.
1894 2941 1976 2968 verba
1996 2943 2033 2969 Du
2054 2943 2157 2976 Gange,

1198 2987 1244 3020 qui
1257 2986 1336 3012 etiam
1356 2985 1466 3011 insinuat
1485 2985 1589 3011 Forum
1602 2984 1714 3017 habere,
1727 2985 1831 3019 facere,
1846 2986 1916 3012 idem
1931 2994 1988 3013 esse
2001 2995 2031 3013 ac
2042 2988 2156 3021 pacisci,

1198 3029 1230 3056 de
1244 3029 1332 3064 pretio
1352 3028 1501 3056 convenire.
1522 3030 1557 3054 Ex
1576 3029 1634 3054 cod.
1655 3029 1689 3061 11,
1708 3029 1753 3061 qni
1782 3030 1860 3055 etiam
1890 3029 1968 3056 habet
1995 3030 2046 3057 sub
2065 3031 2156 3058 eodem

1198 3074 1273 3109 soro,
1293 3077 1378 3106 patet,
1397 3075 1462 3099 lianc
1481 3073 1622 3099 dictionem
1642 3073 1809 3105 aequivalere
1828 3074 1868 3099 isti
1887 3073 1937 3100 sub
1955 3074 2046 3101 eodem
2065 3075 2159 3102 ordine

1199 3121 1223 3146 el
1241 3118 1330 3146 eodem
1347 3117 1445 3152 pretio.
1463 3118 1512 3143 Pro
1532 3116 1650 3150 disponit
1670 3116 1744 3143 nobis
1763 3117 1782 3143 C
1794 3118 1815 3142 D
1835 3117 1967 3151 disposuit
1987 3118 2069 3145 vobis.

1270 3161 1292 3177 ¹⁰
1311 3162 1394 3189 Codd.
1414 3162 1495 3189 CDll
1515 3162 1615 3187 addunt
1633 3161 1790 3193 duodecim;
1809 3162 1844 3187 ita
1873 3163 1951 3188 ctiam
1971 3163 1998 3188 B.
2018 3163 2114 3189 Albert.
2134 3169 2157 3190 ot

1199 3209 1225 3234 S.
1245 3208 1348 3239 Tuom„
1368 3207 1422 3233 Cat.
1451 3213 1531 3232 aurea
1559 3206 1583 3231 in
1612 3206 1675 3231 Luc.
1703 3207 1746 3231 22.
1766 3214 1791 3232 n.
1811 3207 1841 3239 8;
1861 3208 1906 3232 cir.
1935 3207 2021 3233 Matth.
2045 3208 2089 3238 19,
2115 3209 2157 3233 28.

1199 3252 1277 3284 paulo
1298 3252 1403 3277 inferius
1423 3252 1561 3283 allegatus:
1582 3251 1649 3281 Vos,
1669 3250 1713 3283 qui
1733 3251 1814 3276 secuti
1828 3252 1889 3277 estis
1903 3258 1971 3277 mc...
1991 3251 2116 3278 sedebitis
2134 3257 2159 3278 ct

1199 3303 1247 3322 vos
1266 3302 1346 3328 super
1365 3295 1442 3321 sedes
1460 3294 1618 3326 duodecim,
1638 3294 1783 3321 indicantes
1801 3295 1942 3321 duodecim
1963 3299 2011 3322 etc.

1270 3339 1291 3354 ¹²
1312 3340 1386 3365 Vers.
1407 3341 1431 3365 2.
1451 3342 1476 3365 et
1495 3340 1519 3365 3.
1534 3353 1567 3357 -
1581 3339 1637 3365 Duo
1657 3346 1731 3372 seqq.
1752 3339 1800 3365 loci
1820 3343 1880 3365 suut
1900 3339 1943 3366 lob
1964 3340 2012 3373 36,
2035 3340 2076 3366 17.
2095 3342 2158 3371 016,

1199 3383 1245 3410 ubi
1264 3391 1311 3416 pro
1331 3383 1426 3418 impios
1446 3383 1528 3410 CDG
1547 3383 1670 3417 impium.
