<?xml version="1.0" encoding="UTF-8"?>
<!DOCTYPE html PUBLIC "-//W3C//DTD XHTML 1.0 Transitional//EN"
    "http://www.w3.org/TR/xhtml1/DTD/xhtml1-transitional.dtd">
<html xmlns="http://www.w3.org/1999/xhtml" xml:lang="en" lang="en">
 <head>
  <title>
</title>
<meta http-equiv="Content-Type" content="text/html;charset=utf-8" />
  <meta name='ocr-system' content='tesseract 3.04.00' />
  <meta name='ocr-capabilities' content='ocr_page ocr_carea ocr_par ocr_line ocrx_word'/>
</head>
<body>
  <div class='ocr_page' id='page_1' title='image "./doctorisseraphic07bona_0792.png"; bbox 0 0 2427 3872; ppageno 0'>
   <div class='ocr_carea' id='block_1_1' title="bbox 281 265 629 334">
    <p class='ocr_par' dir='ltr' id='par_1_1' title="bbox 281 265 629 334">
     <span class='ocr_line' id='line_1_1' title="bbox 281 265 344 297; baseline 0 0"><span class='ocrx_word' id='word_1_1' title='bbox 281 265 344 297; x_wconf 83' lang='lat'><strong>766</strong></span> 
     </span>
     <span class='ocr_line' id='line_1_2' title="bbox 575 309 629 334; baseline 0.019 -1"><span class='ocrx_word' id='word_1_2' title='bbox 575 309 629 334; x_wconf 82' lang='grc' dir='ltr'><strong>1Νο</strong></span> 
     </span>
    </p>
   </div>
   <div class='ocr_carea' id='block_1_2' title="bbox 268 352 921 3434">
    <p class='ocr_par' dir='ltr' id='par_1_2' title="bbox 278 352 921 467">
     <span class='ocr_line' id='line_1_3' title="bbox 334 352 920 384; baseline -0.003 -5"><span class='ocrx_word' id='word_1_3' title='bbox 334 353 450 379; x_wconf 67' lang='grc' dir='ltr'>Ικυινιειο</span> <span class='ocrx_word' id='word_1_4' title='bbox 468 366 503 371; x_wconf 94' lang='grc'>-</span> <span class='ocrx_word' id='word_1_5' title='bbox 523 353 597 377; x_wconf 83' lang='lat' dir='ltr'><strong>Ratio</strong></span> <span class='ocrx_word' id='word_1_6' title='bbox 616 352 781 377; x_wconf 91' lang='lat' dir='ltr'><strong>indivisionis</strong></span> <span class='ocrx_word' id='word_1_7' title='bbox 795 352 821 377; x_wconf 91' lang='lat' dir='ltr'><strong>in</strong></span> <span class='ocrx_word' id='word_1_8' title='bbox 839 358 920 384; x_wconf 90' lang='lat' dir='ltr'><strong>opere</strong></span> 
     </span>
     <span class='ocr_line' id='line_1_4' title="bbox 278 396 921 423; baseline -0.002 0"><span class='ocrx_word' id='word_1_9' title='bbox 278 398 362 423; x_wconf 78' lang='lat' dir='ltr'><strong>Patris</strong></span> <span class='ocrx_word' id='word_1_10' title='bbox 380 400 406 422; x_wconf 89' lang='lat' dir='ltr'><strong>et</strong></span> <span class='ocrx_word' id='word_1_11' title='bbox 424 397 477 422; x_wconf 86' lang='lat' dir='ltr'><strong>Filii</strong></span> <span class='ocrx_word' id='word_1_12' title='bbox 506 400 545 422; x_wconf 90' lang='lat' dir='ltr'><strong>est</strong></span> <span class='ocrx_word' id='word_1_13' title='bbox 569 396 694 422; x_wconf 80' lang='lat' dir='ltr'><strong>indivisio</strong></span> <span class='ocrx_word' id='word_1_14' title='bbox 720 396 746 421; x_wconf 90' lang='lat' dir='ltr'><strong>in</strong></span> <span class='ocrx_word' id='word_1_15' title='bbox 765 396 876 421; x_wconf 81' lang='lat' dir='ltr'><strong>essentia</strong></span> <span class='ocrx_word' id='word_1_16' title='bbox 895 399 921 422; x_wconf 91' lang='lat' dir='ltr'><strong>et</strong></span> 
     </span>
     <span class='ocr_line' id='line_1_5' title="bbox 281 440 639 467; baseline -0.006 0"><span class='ocrx_word' id='word_1_17' title='bbox 281 442 305 467; x_wconf 90' lang='lat' dir='ltr'><strong>in</strong></span> <span class='ocrx_word' id='word_1_18' title='bbox 325 441 463 467; x_wconf 81' lang='lat' dir='ltr'><strong>dilectione</strong></span> <span class='ocrx_word' id='word_1_19' title='bbox 482 441 514 466; x_wconf 88' lang='lat' dir='ltr'><strong>Vl</strong></span> <span class='ocrx_word' id='word_1_20' title='bbox 535 440 585 465; x_wconf 95' lang='lat'><strong>309</strong></span> <span class='ocrx_word' id='word_1_21' title='bbox 606 440 639 465; x_wconf 87' lang='grc'><strong>37</strong></span> 
     </span>
    </p>

    <p class='ocr_par' dir='ltr' id='par_1_3' title="bbox 279 484 919 555">
     <span class='ocr_line' id='line_1_6' title="bbox 334 484 919 516; baseline -0.003 -5"><span class='ocrx_word' id='word_1_22' title='bbox 334 486 449 511; x_wconf 63' lang='lat' dir='ltr'><strong>lunucrto</strong></span> <span class='ocrx_word' id='word_1_23' title='bbox 462 499 497 502; x_wconf 98' lang='lat'><strong>—</strong></span> <span class='ocrx_word' id='word_1_24' title='bbox 512 484 618 510; x_wconf 89' lang='lat' dir='ltr'><strong>minime</strong></span> <span class='ocrx_word' id='word_1_25' title='bbox 636 485 710 516; x_wconf 92' lang='lat' dir='ltr'><strong>ponit</strong></span> <span class='ocrx_word' id='word_1_26' title='bbox 723 484 872 510; x_wconf 89' lang='lat' dir='ltr'><strong>violentiam</strong></span> <span class='ocrx_word' id='word_1_27' title='bbox 886 485 919 510; x_wconf 92' lang='lat' dir='ltr'><strong>Vl</strong></span> 
     </span>
     <span class='ocr_line' id='line_1_7' title="bbox 279 529 433 555; baseline -0.006 0"><span class='ocrx_word' id='word_1_28' title='bbox 279 530 326 555; x_wconf 86' lang='grc'><strong>331</strong></span> <span class='ocrx_word' id='word_1_29' title='bbox 351 529 385 554; x_wconf 89' lang='grc'>79</span> <span class='ocrx_word' id='word_1_30' title='bbox 408 529 433 554; x_wconf 84' lang='lat' dir='ltr'><strong>t·</strong></span> 
     </span>
    </p>

    <p class='ocr_par' dir='ltr' id='par_1_4' title="bbox 277 572 919 687">
     <span class='ocr_line' id='line_1_8' title="bbox 330 572 919 604; baseline 0 -6"><span class='ocrx_word' id='word_1_31' title='bbox 330 574 469 599; x_wconf 70' lang='lat' dir='ltr'><strong>lxnumem:</strong></span> <span class='ocrx_word' id='word_1_32' title='bbox 488 587 522 591; x_wconf 90' lang='lat'>—</span> <span class='ocrx_word' id='word_1_33' title='bbox 536 574 635 598; x_wconf 86' lang='lat' dir='ltr'><strong>Sanum</strong></span> <span class='ocrx_word' id='word_1_34' title='bbox 649 576 688 599; x_wconf 88' lang='lat' dir='ltr'><strong>est</strong></span> <span class='ocrx_word' id='word_1_35' title='bbox 700 573 848 604; x_wconf 90' lang='lat' dir='ltr'><strong>consilium,</strong></span> <span class='ocrx_word' id='word_1_36' title='bbox 862 572 919 598; x_wconf 90' lang='lat' dir='ltr'><strong>aliis</strong></span> 
     </span>
     <span class='ocr_line' id='line_1_9' title="bbox 277 617 919 649; baseline -0.002 -6"><span class='ocrx_word' id='word_1_37' title='bbox 277 618 414 648; x_wconf 86' lang='lat' dir='ltr'><strong>indulgere</strong></span> <span class='ocrx_word' id='word_1_38' title='bbox 442 620 467 642; x_wconf 92' lang='lat' dir='ltr'><strong>et</strong></span> <span class='ocrx_word' id='word_1_39' title='bbox 495 617 666 649; x_wconf 88' lang='lat' dir='ltr'><strong>semetipsum</strong></span> <span class='ocrx_word' id='word_1_40' title='bbox 696 617 862 643; x_wconf 90' lang='lat' dir='ltr'><strong>considerare</strong></span> <span class='ocrx_word' id='word_1_41' title='bbox 894 619 919 642; x_wconf 85' lang='lat' dir='ltr'><strong>et</strong></span> 
     </span>
     <span class='ocr_line' id='line_1_10' title="bbox 280 661 584 687; baseline -0.003 0"><span class='ocrx_word' id='word_1_42' title='bbox 280 662 396 687; x_wconf 88' lang='lat' dir='ltr'><strong>iudicare</strong></span> <span class='ocrx_word' id='word_1_43' title='bbox 415 661 458 686; x_wconf 89' lang='lat' dir='ltr'><strong>Vll</strong></span> <span class='ocrx_word' id='word_1_44' title='bbox 480 662 525 686; x_wconf 86' lang='grc'><strong>161</strong></span> <span class='ocrx_word' id='word_1_45' title='bbox 551 662 584 686; x_wconf 91' lang='grc'><strong>96</strong></span> 
     </span>
    </p>

    <p class='ocr_par' dir='ltr' id='par_1_5' title="bbox 276 706 918 782">
     <span class='ocr_line' id='line_1_11' title="bbox 329 706 918 737; baseline 0 -6"><span class='ocrx_word' id='word_1_46' title='bbox 329 707 465 732; x_wconf 61' lang='grc'>1110001110</span> <span class='ocrx_word' id='word_1_47' title='bbox 483 720 519 725; x_wconf 90' lang='grc'>-</span> <span class='ocrx_word' id='word_1_48' title='bbox 538 709 577 731; x_wconf 82' lang='grc' dir='ltr'><strong>εει</strong></span> <span class='ocrx_word' id='word_1_49' title='bbox 601 712 686 737; x_wconf 86' lang='lat' dir='ltr'><strong>poena</strong></span> <span class='ocrx_word' id='word_1_50' title='bbox 706 706 738 731; x_wconf 92' lang='lat' dir='ltr'><strong>Vl</strong></span> <span class='ocrx_word' id='word_1_51' title='bbox 759 706 810 731; x_wconf 89' lang='grc'><strong>382</strong></span> <span class='ocrx_word' id='word_1_52' title='bbox 830 706 864 731; x_wconf 88' lang='grc'><strong>55</strong></span> <span class='ocrx_word' id='word_1_53' title='bbox 882 719 918 724; x_wconf 90' lang='lat'><strong>—-</strong></span> 
     </span>
     <span class='ocr_line' id='line_1_12' title="bbox 276 749 892 782; baseline -0.003 -6"><span class='ocrx_word' id='word_1_54' title='bbox 276 750 370 776; x_wconf 87' lang='lat' dir='ltr'><strong>mentis</strong></span> <span class='ocrx_word' id='word_1_55' title='bbox 390 750 540 782; x_wconf 80' lang='lat' dir='ltr'><strong>intelligitur</strong></span> <span class='ocrx_word' id='word_1_56' title='bbox 560 750 586 775; x_wconf 90' lang='lat' dir='ltr'><strong>in</strong></span> <span class='ocrx_word' id='word_1_57' title='bbox 606 753 721 782; x_wconf 83' lang='lat' dir='ltr'><strong>egestate</strong></span> <span class='ocrx_word' id='word_1_58' title='bbox 741 750 792 775; x_wconf 89' lang='lat'><strong>559</strong></span> <span class='ocrx_word' id='word_1_59' title='bbox 814 757 841 774; x_wconf 89' lang='grc' dir='ltr'><strong>ν.</strong></span> <span class='ocrx_word' id='word_1_60' title='bbox 860 749 892 774; x_wconf 84' lang='grc'><strong>49</strong></span> 
     </span>
    </p>

    <p class='ocr_par' dir='ltr' id='par_1_6' title="bbox 276 793 917 909">
     <span class='ocr_line' id='line_1_13' title="bbox 329 793 917 826; baseline -0.002 -6"><span class='ocrx_word' id='word_1_61' title='bbox 329 795 461 820; x_wconf 62' lang='grc' dir='ltr'>110111511οΑ</span> <span class='ocrx_word' id='word_1_62' title='bbox 480 808 516 813; x_wconf 89' lang='grc'>-</span> <span class='ocrx_word' id='word_1_63' title='bbox 534 797 574 820; x_wconf 87' lang='grc' dir='ltr'><strong>εει</strong></span> <span class='ocrx_word' id='word_1_64' title='bbox 596 794 721 826; x_wconf 80' lang='lat' dir='ltr'><strong>perfectio</strong></span> <span class='ocrx_word' id='word_1_65' title='bbox 749 797 858 819; x_wconf 89' lang='lat' dir='ltr'><strong>naturae</strong></span> <span class='ocrx_word' id='word_1_66' title='bbox 883 793 917 819; x_wconf 84' lang='lat' dir='ltr'><strong>Vt</strong></span> 
     </span>
     <span class='ocr_line' id='line_1_14' title="bbox 278 838 917 871; baseline -0.002 -7"><span class='ocrx_word' id='word_1_67' title='bbox 278 839 322 864; x_wconf 91' lang='grc'><strong>461</strong></span> <span class='ocrx_word' id='word_1_68' title='bbox 347 846 374 864; x_wconf 90' lang='grc' dir='ltr'><strong>ν.</strong></span> <span class='ocrx_word' id='word_1_69' title='bbox 394 838 410 864; x_wconf 92' lang='grc'><strong>4</strong></span> <span class='ocrx_word' id='word_1_70' title='bbox 429 852 463 857; x_wconf 93' lang='lat'><strong>—-</strong></span> <span class='ocrx_word' id='word_1_71' title='bbox 482 839 607 864; x_wconf 89' lang='lat' dir='ltr'><strong>naturalis</strong></span> <span class='ocrx_word' id='word_1_72' title='bbox 625 839 667 864; x_wconf 93' lang='lat' dir='ltr'><strong>vel</strong></span> <span class='ocrx_word' id='word_1_73' title='bbox 677 838 808 871; x_wconf 89' lang='lat' dir='ltr'><strong>acquisita</strong></span> <span class='ocrx_word' id='word_1_74' title='bbox 822 838 917 864; x_wconf 90' lang='lat' dir='ltr'><strong>dicitur</strong></span> 
     </span>
     <span class='ocr_line' id='line_1_15' title="bbox 276 882 501 909; baseline -0.004 0"><span class='ocrx_word' id='word_1_75' title='bbox 276 890 369 909; x_wconf 89' lang='lat' dir='ltr'><strong>sensus</strong></span> <span class='ocrx_word' id='word_1_76' title='bbox 388 882 419 909; x_wconf 84' lang='lat' dir='ltr'><strong>ib.</strong></span> <span class='ocrx_word' id='word_1_77' title='bbox 440 890 465 908; x_wconf 88' lang='lat' dir='ltr'><strong>V.</strong></span> <span class='ocrx_word' id='word_1_78' title='bbox 485 883 501 908; x_wconf 85' lang='lat'>6</span> 
     </span>
    </p>

    <p class='ocr_par' dir='ltr' id='par_1_7' title="bbox 328 926 886 958">
     <span class='ocr_line' id='line_1_16' title="bbox 328 926 886 958; baseline -0.002 -6"><span class='ocrx_word' id='word_1_79' title='bbox 328 928 474 953; x_wconf 65' lang='lat' dir='ltr'><strong>lxsrriruno</strong></span> <span class='ocrx_word' id='word_1_80' title='bbox 493 940 529 946; x_wconf 91' lang='lat'><em>-</em></span> <span class='ocrx_word' id='word_1_81' title='bbox 547 930 586 952; x_wconf 91' lang='lat' dir='ltr'><strong>est</strong></span> <span class='ocrx_word' id='word_1_82' title='bbox 605 927 697 958; x_wconf 81' lang='lat' dir='ltr'><strong>triplex</strong></span> <span class='ocrx_word' id='word_1_83' title='bbox 717 926 758 952; x_wconf 91' lang='lat' dir='ltr'><strong>Vll</strong></span> <span class='ocrx_word' id='word_1_84' title='bbox 780 926 831 951; x_wconf 88' lang='grc'><strong>538</strong></span> <span class='ocrx_word' id='word_1_85' title='bbox 852 926 886 951; x_wconf 90' lang='grc'><strong>55</strong></span> 
     </span>
    </p>

    <p class='ocr_par' dir='ltr' id='par_1_8' title="bbox 275 971 915 1041">
     <span class='ocr_line' id='line_1_17' title="bbox 329 971 915 997; baseline -0.002 -1"><span class='ocrx_word' id='word_1_86' title='bbox 329 972 432 997; x_wconf 69' lang='lat' dir='ltr'><strong>limum</strong></span> <span class='ocrx_word' id='word_1_87' title='bbox 451 985 486 990; x_wconf 98' lang='lat'><strong>—</strong></span> <span class='ocrx_word' id='word_1_88' title='bbox 504 971 596 996; x_wconf 91' lang='lat' dir='ltr'><strong>Omnis</strong></span> <span class='ocrx_word' id='word_1_89' title='bbox 615 972 695 996; x_wconf 87' lang='lat' dir='ltr'><strong>homo</strong></span> <span class='ocrx_word' id='word_1_90' title='bbox 726 971 839 996; x_wconf 82' lang='lat' dir='ltr'><strong>maxime</strong></span> <span class='ocrx_word' id='word_1_91' title='bbox 858 971 915 995; x_wconf 87' lang='lat' dir='ltr'><strong>hor·</strong></span> 
     </span>
     <span class='ocr_line' id='line_1_18' title="bbox 275 1014 634 1041; baseline 0 -1"><span class='ocrx_word' id='word_1_92' title='bbox 275 1018 314 1041; x_wconf 91' lang='lat' dir='ltr'><strong>ret</strong></span> <span class='ocrx_word' id='word_1_93' title='bbox 333 1015 465 1040; x_wconf 77' lang='lat' dir='ltr'><strong>infamiam</strong></span> <span class='ocrx_word' id='word_1_94' title='bbox 485 1015 528 1040; x_wconf 89' lang='lat' dir='ltr'><strong>Vll</strong></span> <span class='ocrx_word' id='word_1_95' title='bbox 548 1014 598 1040; x_wconf 84' lang='lat'><strong>404</strong></span> <span class='ocrx_word' id='word_1_96' title='bbox 618 1015 634 1040; x_wconf 89' lang='lat'><strong>3</strong></span> 
     </span>
    </p>

    <p class='ocr_par' dir='ltr' id='par_1_9' title="bbox 274 1057 916 1179">
     <span class='ocr_line' id='line_1_19' title="bbox 329 1057 916 1089; baseline -0.002 -5"><span class='ocrx_word' id='word_1_97' title='bbox 329 1060 450 1084; x_wconf 64' lang='grc' dir='ltr'>ΙΝΡΛΝτεε</span> <span class='ocrx_word' id='word_1_98' title='bbox 469 1073 503 1077; x_wconf 96' lang='lat'>—</span> <span class='ocrx_word' id='word_1_99' title='bbox 522 1058 699 1084; x_wconf 86' lang='lat' dir='ltr'><strong>offerebantur</strong></span> <span class='ocrx_word' id='word_1_100' title='bbox 717 1058 752 1084; x_wconf 90' lang='lat' dir='ltr'><strong>ad</strong></span> <span class='ocrx_word' id='word_1_101' title='bbox 770 1057 916 1089; x_wconf 81' lang='lat' dir='ltr'><strong>Christum,</strong></span> 
     </span>
     <span class='ocr_line' id='line_1_20' title="bbox 276 1102 914 1134; baseline -0.002 -6"><span class='ocrx_word' id='word_1_102' title='bbox 276 1106 304 1129; x_wconf 92' lang='lat' dir='ltr'><strong>ut</strong></span> <span class='ocrx_word' id='word_1_103' title='bbox 322 1103 359 1128; x_wconf 89' lang='lat' dir='ltr'><strong>eis</strong></span> <span class='ocrx_word' id='word_1_104' title='bbox 378 1103 451 1128; x_wconf 90' lang='lat' dir='ltr'><strong>daret</strong></span> <span class='ocrx_word' id='word_1_105' title='bbox 476 1102 686 1128; x_wconf 80' lang='lat' dir='ltr'><strong>benedictionem</strong></span> <span class='ocrx_word' id='word_1_106' title='bbox 716 1109 764 1134; x_wconf 91' lang='lat' dir='ltr'><strong>per</strong></span> <span class='ocrx_word' id='word_1_107' title='bbox 788 1109 914 1127; x_wconf 88' lang='lat' dir='ltr'><strong>manuum</strong></span> 
     </span>
     <span class='ocr_line' id='line_1_21' title="bbox 274 1145 914 1179; baseline 0 -7"><span class='ocrx_word' id='word_1_108' title='bbox 274 1148 470 1179; x_wconf 73' lang='lat' dir='ltr'><strong>impositionem</strong></span> <span class='ocrx_word' id='word_1_109' title='bbox 491 1147 534 1173; x_wconf 88' lang='lat' dir='ltr'><strong>Vll</strong></span> <span class='ocrx_word' id='word_1_110' title='bbox 554 1147 604 1172; x_wconf 85' lang='lat'><strong>458</strong></span> <span class='ocrx_word' id='word_1_111' title='bbox 620 1147 653 1172; x_wconf 94' lang='grc'><strong>27</strong></span> <span class='ocrx_word' id='word_1_112' title='bbox 671 1146 733 1173; x_wconf 81' lang='lat' dir='ltr'><strong>Vide</strong></span> <span class='ocrx_word' id='word_1_113' title='bbox 751 1153 776 1172; x_wconf 83' lang='lat' dir='ltr'><strong>v.</strong></span> <span class='ocrx_word' id='word_1_114' title='bbox 792 1145 914 1173; x_wconf 75' lang='lat' dir='ltr'><strong>Parvuli.</strong></span> 
     </span>
    </p>

    <p class='ocr_par' dir='ltr' id='par_1_10' title="bbox 273 1190 916 1489">
     <span class='ocr_line' id='line_1_22' title="bbox 327 1190 916 1217; baseline -0.002 0"><span class='ocrx_word' id='word_1_115' title='bbox 327 1192 450 1217; x_wconf 66' lang='lat' dir='ltr'><strong>lxranuus</strong></span> <span class='ocrx_word' id='word_1_116' title='bbox 468 1205 503 1210; x_wconf 90' lang='lat'><strong>-—</strong></span> <span class='ocrx_word' id='word_1_117' title='bbox 522 1193 561 1216; x_wconf 89' lang='lat' dir='ltr'><strong>est</strong></span> <span class='ocrx_word' id='word_1_118' title='bbox 579 1191 653 1216; x_wconf 90' lang='lat' dir='ltr'><strong>locus</strong></span> <span class='ocrx_word' id='word_1_119' title='bbox 672 1190 804 1216; x_wconf 88' lang='lat' dir='ltr'><strong>horribilis</strong></span> <span class='ocrx_word' id='word_1_120' title='bbox 823 1193 849 1216; x_wconf 90' lang='lat' dir='ltr'><strong>et</strong></span> <span class='ocrx_word' id='word_1_121' title='bbox 868 1193 916 1216; x_wconf 87' lang='lat' dir='ltr'><strong>ste-</strong></span> 
     </span>
     <span class='ocr_line' id='line_1_23' title="bbox 274 1234 915 1261; baseline -0.002 0"><span class='ocrx_word' id='word_1_122' title='bbox 274 1236 328 1261; x_wconf 86' lang='lat' dir='ltr'><strong>rilis</strong></span> <span class='ocrx_word' id='word_1_123' title='bbox 347 1238 373 1261; x_wconf 90' lang='lat' dir='ltr'><strong>et</strong></span> <span class='ocrx_word' id='word_1_124' title='bbox 391 1235 464 1261; x_wconf 89' lang='lat' dir='ltr'><strong>omni</strong></span> <span class='ocrx_word' id='word_1_125' title='bbox 489 1235 560 1261; x_wconf 91' lang='lat' dir='ltr'><strong>bono</strong></span> <span class='ocrx_word' id='word_1_126' title='bbox 589 1242 682 1260; x_wconf 82' lang='lat' dir='ltr'><strong>carens</strong></span> <span class='ocrx_word' id='word_1_127' title='bbox 711 1235 743 1260; x_wconf 94' lang='lat' dir='ltr'><strong>Vl</strong></span> <span class='ocrx_word' id='word_1_128' title='bbox 764 1235 815 1260; x_wconf 91' lang='grc'><strong>444</strong></span> <span class='ocrx_word' id='word_1_129' title='bbox 834 1242 860 1260; x_wconf 84' lang='lat' dir='ltr'><strong>v.</strong></span> <span class='ocrx_word' id='word_1_130' title='bbox 881 1234 915 1260; x_wconf 94' lang='grc'><strong>24</strong></span> 
     </span>
     <span class='ocr_line' id='line_1_24' title="bbox 274 1279 915 1311; baseline -0.002 -6"><span class='ocrx_word' id='word_1_131' title='bbox 274 1295 309 1298; x_wconf 89' lang='lat'><em>-</em></span> <span class='ocrx_word' id='word_1_132' title='bbox 328 1283 367 1305; x_wconf 91' lang='lat' dir='ltr'><strong>est</strong></span> <span class='ocrx_word' id='word_1_133' title='bbox 385 1283 467 1305; x_wconf 88' lang='lat' dir='ltr'><strong>status</strong></span> <span class='ocrx_word' id='word_1_134' title='bbox 487 1279 669 1310; x_wconf 85' lang='lat' dir='ltr'><strong>intolerabilis,</strong></span> <span class='ocrx_word' id='word_1_135' title='bbox 688 1279 731 1305; x_wconf 90' lang='lat' dir='ltr'><strong>cui</strong></span> <span class='ocrx_word' id='word_1_136' title='bbox 745 1279 915 1311; x_wconf 80' lang='lat' dir='ltr'><strong>praeeligitur</strong></span> 
     </span>
     <span class='ocr_line' id='line_1_25' title="bbox 273 1324 914 1350; baseline -0.002 0"><span class='ocrx_word' id='word_1_137' title='bbox 273 1325 348 1350; x_wconf 93' lang='lat' dir='ltr'><strong>dolor</strong></span> <span class='ocrx_word' id='word_1_138' title='bbox 373 1324 464 1350; x_wconf 93' lang='lat' dir='ltr'><strong>mortis</strong></span> <span class='ocrx_word' id='word_1_139' title='bbox 494 1324 545 1349; x_wconf 88' lang='lat'><strong>590</strong></span> <span class='ocrx_word' id='word_1_140' title='bbox 575 1324 602 1348; x_wconf 84' lang='grc'><strong>41</strong></span> <span class='ocrx_word' id='word_1_141' title='bbox 632 1338 667 1342; x_wconf 85' lang='lat'><strong>—-</strong></span> <span class='ocrx_word' id='word_1_142' title='bbox 697 1324 781 1349; x_wconf 81' lang='lat' dir='ltr'><strong>Poena</strong></span> <span class='ocrx_word' id='word_1_143' title='bbox 811 1326 914 1349; x_wconf 87' lang='lat' dir='ltr'><strong>aeterna</strong></span> 
     </span>
     <span class='ocr_line' id='line_1_26' title="bbox 273 1367 915 1395; baseline -0.002 -1"><span class='ocrx_word' id='word_1_144' title='bbox 273 1372 312 1395; x_wconf 89' lang='lat' dir='ltr'><strong>est</strong></span> <span class='ocrx_word' id='word_1_145' title='bbox 331 1369 461 1394; x_wconf 89' lang='lat' dir='ltr'><strong>horrenda</strong></span> <span class='ocrx_word' id='word_1_146' title='bbox 482 1368 533 1393; x_wconf 88' lang='lat'><strong>560</strong></span> <span class='ocrx_word' id='word_1_147' title='bbox 552 1375 580 1393; x_wconf 88' lang='lat' dir='ltr'><strong>v.</strong></span> <span class='ocrx_word' id='word_1_148' title='bbox 600 1369 615 1393; x_wconf 84' lang='lat'><strong>2</strong></span> <span class='ocrx_word' id='word_1_149' title='bbox 629 1382 662 1386; x_wconf 97' lang='lat'><strong>—</strong></span> <span class='ocrx_word' id='word_1_150' title='bbox 680 1368 765 1393; x_wconf 85' lang='lat' dir='ltr'><strong>Poena</strong></span> <span class='ocrx_word' id='word_1_151' title='bbox 785 1367 915 1393; x_wconf 88' lang='lat' dir='ltr'><strong>infernalis</strong></span> 
     </span>
     <span class='ocr_line' id='line_1_27' title="bbox 275 1412 915 1445; baseline -0.002 -7"><span class='ocrx_word' id='word_1_152' title='bbox 275 1413 438 1445; x_wconf 85' lang='lat' dir='ltr'><strong>significatur</strong></span> <span class='ocrx_word' id='word_1_153' title='bbox 457 1419 505 1444; x_wconf 90' lang='lat' dir='ltr'><strong>per</strong></span> <span class='ocrx_word' id='word_1_154' title='bbox 524 1412 675 1445; x_wconf 85' lang='lat' dir='ltr'><strong>aquilonem</strong></span> <span class='ocrx_word' id='word_1_155' title='bbox 696 1413 729 1437; x_wconf 87' lang='grc'><strong>89</strong></span> <span class='ocrx_word' id='word_1_156' title='bbox 749 1419 775 1438; x_wconf 90' lang='lat' dir='ltr'><strong>v.</strong></span> <span class='ocrx_word' id='word_1_157' title='bbox 795 1413 810 1437; x_wconf 87' lang='lat'><strong>3</strong></span> <span class='ocrx_word' id='word_1_158' title='bbox 824 1426 860 1431; x_wconf 94' lang='lat'><strong>—</strong></span> <span class='ocrx_word' id='word_1_159' title='bbox 878 1413 915 1437; x_wconf 89' lang='lat' dir='ltr'><strong>ln·</strong></span> 
     </span>
     <span class='ocr_line' id='line_1_28' title="bbox 273 1457 891 1489; baseline -0.003 -6"><span class='ocrx_word' id='word_1_160' title='bbox 273 1459 375 1483; x_wconf 90' lang='lat' dir='ltr'><strong>fernum</strong></span> <span class='ocrx_word' id='word_1_161' title='bbox 396 1457 469 1489; x_wconf 85' lang='lat' dir='ltr'><strong>impii</strong></span> <span class='ocrx_word' id='word_1_162' title='bbox 488 1457 627 1482; x_wconf 90' lang='lat' dir='ltr'><strong>intendunt</strong></span> <span class='ocrx_word' id='word_1_163' title='bbox 645 1464 742 1488; x_wconf 88' lang='lat' dir='ltr'><strong>negare</strong></span> <span class='ocrx_word' id='word_1_164' title='bbox 764 1457 814 1481; x_wconf 90' lang='grc'><strong>448</strong></span> <span class='ocrx_word' id='word_1_165' title='bbox 834 1464 861 1482; x_wconf 92' lang='lat' dir='ltr'><strong>v.</strong></span> <span class='ocrx_word' id='word_1_166' title='bbox 881 1457 891 1481; x_wconf 94' lang='grc'><strong>4</strong></span> 
     </span>
    </p>

    <p class='ocr_par' dir='ltr' id='par_1_11' title="bbox 271 1501 915 2148">
     <span class='ocr_line' id='line_1_29' title="bbox 327 1501 915 1533; baseline -0.002 -6"><span class='ocrx_word' id='word_1_167' title='bbox 327 1516 360 1520; x_wconf 84' lang='grc'><strong>-</strong></span> <span class='ocrx_word' id='word_1_168' title='bbox 381 1503 407 1527; x_wconf 91' lang='lat' dir='ltr'><strong>ln</strong></span> <span class='ocrx_word' id='word_1_169' title='bbox 427 1502 527 1527; x_wconf 91' lang='lat' dir='ltr'><strong>inferno</strong></span> <span class='ocrx_word' id='word_1_170' title='bbox 547 1502 644 1533; x_wconf 86' lang='lat' dir='ltr'><strong>duplex</strong></span> <span class='ocrx_word' id='word_1_171' title='bbox 663 1501 711 1526; x_wconf 91' lang='lat' dir='ltr'><strong>erit</strong></span> <span class='ocrx_word' id='word_1_172' title='bbox 724 1507 808 1533; x_wconf 91' lang='lat' dir='ltr'><strong>poena</strong></span> <span class='ocrx_word' id='word_1_173' title='bbox 819 1508 915 1526; x_wconf 90' lang='lat' dir='ltr'><strong>sensus</strong></span> 
     </span>
     <span class='ocr_line' id='line_1_30' title="bbox 274 1545 915 1577; baseline 0 -6"><span class='ocrx_word' id='word_1_174' title='bbox 274 1547 316 1572; x_wconf 83' lang='lat' dir='ltr'><strong>Vll</strong></span> <span class='ocrx_word' id='word_1_175' title='bbox 337 1546 388 1572; x_wconf 90' lang='lat'><strong>353</strong></span> <span class='ocrx_word' id='word_1_176' title='bbox 408 1546 440 1572; x_wconf 93' lang='lat'><strong>59</strong></span> <span class='ocrx_word' id='word_1_177' title='bbox 460 1560 495 1565; x_wconf 92' lang='grc'>-</span> <span class='ocrx_word' id='word_1_178' title='bbox 515 1545 552 1571; x_wconf 90' lang='lat' dir='ltr'><strong>lbi</strong></span> <span class='ocrx_word' id='word_1_179' title='bbox 572 1552 657 1577; x_wconf 90' lang='lat' dir='ltr'><strong>poena</strong></span> <span class='ocrx_word' id='word_1_180' title='bbox 670 1553 763 1571; x_wconf 87' lang='lat' dir='ltr'><strong>sensus</strong></span> <span class='ocrx_word' id='word_1_181' title='bbox 776 1545 915 1571; x_wconf 88' lang='lat' dir='ltr'><strong>coniuncta</strong></span> 
     </span>
     <span class='ocr_line' id='line_1_31' title="bbox 273 1589 915 1622; baseline -0.003 -5"><span class='ocrx_word' id='word_1_182' title='bbox 273 1594 312 1617; x_wconf 88' lang='lat' dir='ltr'><strong>est</strong></span> <span class='ocrx_word' id='word_1_183' title='bbox 331 1597 432 1622; x_wconf 86' lang='lat' dir='ltr'><strong>poenae</strong></span> <span class='ocrx_word' id='word_1_184' title='bbox 451 1590 541 1616; x_wconf 90' lang='lat' dir='ltr'><strong>damni</strong></span> <span class='ocrx_word' id='word_1_185' title='bbox 560 1589 594 1616; x_wconf 86' lang='lat' dir='ltr'><strong>ib.</strong></span> <span class='ocrx_word' id='word_1_186' title='bbox 615 1590 648 1615; x_wconf 89' lang='lat'><strong>60</strong></span> <span class='ocrx_word' id='word_1_187' title='bbox 669 1603 703 1608; x_wconf 85' lang='lat'><strong>———</strong></span> <span class='ocrx_word' id='word_1_188' title='bbox 722 1590 749 1615; x_wconf 92' lang='lat' dir='ltr'><strong>ln</strong></span> <span class='ocrx_word' id='word_1_189' title='bbox 762 1590 863 1615; x_wconf 90' lang='lat' dir='ltr'><strong>inferno</strong></span> <span class='ocrx_word' id='word_1_190' title='bbox 876 1592 915 1615; x_wconf 88' lang='lat' dir='ltr'><strong>est</strong></span> 
     </span>
     <span class='ocr_line' id='line_1_32' title="bbox 275 1633 914 1666; baseline -0.003 -5"><span class='ocrx_word' id='word_1_191' title='bbox 275 1637 351 1661; x_wconf 87' lang='lat' dir='ltr'><strong>fovea</strong></span> <span class='ocrx_word' id='word_1_192' title='bbox 375 1635 452 1660; x_wconf 91' lang='lat' dir='ltr'><strong>valde</strong></span> <span class='ocrx_word' id='word_1_193' title='bbox 475 1634 606 1666; x_wconf 90' lang='lat' dir='ltr'><strong>profunda</strong></span> <span class='ocrx_word' id='word_1_194' title='bbox 632 1634 683 1660; x_wconf 89' lang='grc'>4-19</span> <span class='ocrx_word' id='word_1_195' title='bbox 710 1633 743 1659; x_wconf 97' lang='grc'><strong>47</strong></span> <span class='ocrx_word' id='word_1_196' title='bbox 762 1649 797 1652; x_wconf 92' lang='grc'>-</span> <span class='ocrx_word' id='word_1_197' title='bbox 816 1637 855 1660; x_wconf 80' lang='grc' dir='ltr'><strong>εει</strong></span> <span class='ocrx_word' id='word_1_198' title='bbox 873 1641 914 1659; x_wconf 89' lang='lat' dir='ltr'><strong>re-</strong></span> 
     </span>
     <span class='ocr_line' id='line_1_33' title="bbox 276 1678 914 1712; baseline -0.003 -7"><span class='ocrx_word' id='word_1_199' title='bbox 276 1680 320 1712; x_wconf 85' lang='lat' dir='ltr'><strong>gio</strong></span> <span class='ocrx_word' id='word_1_200' title='bbox 340 1679 432 1705; x_wconf 79' lang='lat' dir='ltr'><strong>mortIs</strong></span> <span class='ocrx_word' id='word_1_201' title='bbox 460 1682 485 1704; x_wconf 92' lang='lat' dir='ltr'><strong>et</strong></span> <span class='ocrx_word' id='word_1_202' title='bbox 513 1678 681 1704; x_wconf 85' lang='lat' dir='ltr'><strong>tenebrarum</strong></span> <span class='ocrx_word' id='word_1_203' title='bbox 710 1679 757 1704; x_wconf 83' lang='grc'><strong>391</strong></span> <span class='ocrx_word' id='word_1_204' title='bbox 783 1679 816 1704; x_wconf 89' lang='grc'><strong>24</strong></span> <span class='ocrx_word' id='word_1_205' title='bbox 835 1679 914 1703; x_wconf 93' lang='lat' dir='ltr'><strong>—ln</strong></span> 
     </span>
     <span class='ocr_line' id='line_1_34' title="bbox 274 1722 915 1755; baseline -0.002 -6"><span class='ocrx_word' id='word_1_206' title='bbox 274 1724 373 1749; x_wconf 89' lang='lat' dir='ltr'><strong>inferno</strong></span> <span class='ocrx_word' id='word_1_207' title='bbox 392 1730 504 1755; x_wconf 88' lang='lat' dir='ltr'><strong>corpora</strong></span> <span class='ocrx_word' id='word_1_208' title='bbox 523 1723 551 1748; x_wconf 89' lang='grc'><strong>10</strong></span> <span class='ocrx_word' id='word_1_209' title='bbox 570 1723 646 1748; x_wconf 89' lang='lat' dir='ltr'><strong>tantis</strong></span> <span class='ocrx_word' id='word_1_210' title='bbox 659 1722 819 1748; x_wconf 86' lang='lat' dir='ltr'><strong>cruciatibus</strong></span> <span class='ocrx_word' id='word_1_211' title='bbox 837 1722 915 1748; x_wconf 88' lang='lat' dir='ltr'><strong>habe-</strong></span> 
     </span>
     <span class='ocr_line' id='line_1_35' title="bbox 272 1766 782 1799; baseline -0.002 -6"><span class='ocrx_word' id='word_1_212' title='bbox 272 1767 339 1793; x_wconf 89' lang='lat' dir='ltr'><strong>bunt</strong></span> <span class='ocrx_word' id='word_1_213' title='bbox 359 1774 372 1792; x_wconf 88' lang='lat' dir='ltr'><strong>a</strong></span> <span class='ocrx_word' id='word_1_214' title='bbox 392 1767 526 1799; x_wconf 87' lang='lat' dir='ltr'><strong>spiritibus</strong></span> <span class='ocrx_word' id='word_1_215' title='bbox 540 1767 657 1799; x_wconf 87' lang='lat' dir='ltr'><strong>vegetari</strong></span> <span class='ocrx_word' id='word_1_216' title='bbox 676 1766 727 1792; x_wconf 87' lang='lat'><strong>353</strong></span> <span class='ocrx_word' id='word_1_217' title='bbox 748 1767 782 1792; x_wconf 92' lang='lat'><strong>59</strong></span> 
     </span>
     <span class='ocr_line' id='line_1_36' title="bbox 280 1808 914 1837; baseline -0.002 0"><span class='ocrx_word' id='word_1_218' title='bbox 280 1808 283 1810; x_wconf 66' lang='grc'><strong>’</strong></span> <span class='ocrx_word' id='word_1_219' title='bbox 326 1826 359 1830; x_wconf 90' lang='lat'><strong>-—</strong></span> <span class='ocrx_word' id='word_1_220' title='bbox 380 1811 416 1837; x_wconf 92' lang='lat' dir='ltr'><strong>lbi</strong></span> <span class='ocrx_word' id='word_1_221' title='bbox 444 1814 483 1837; x_wconf 90' lang='lat' dir='ltr'><strong>est</strong></span> <span class='ocrx_word' id='word_1_222' title='bbox 511 1812 617 1836; x_wconf 86' lang='lat' dir='ltr'><strong>flamma</strong></span> <span class='ocrx_word' id='word_1_223' title='bbox 645 1818 707 1836; x_wconf 91' lang='lat' dir='ltr'><strong>vera</strong></span> <span class='ocrx_word' id='word_1_224' title='bbox 737 1812 779 1837; x_wconf 92' lang='lat' dir='ltr'><strong>Vll</strong></span> <span class='ocrx_word' id='word_1_225' title='bbox 810 1811 855 1837; x_wconf 91' lang='grc'><strong>421</strong></span> <span class='ocrx_word' id='word_1_226' title='bbox 881 1811 914 1836; x_wconf 90' lang='grc'><strong>50</strong></span> 
     </span>
     <span class='ocr_line' id='line_1_37' title="bbox 272 1855 915 1887; baseline -0.002 -6"><span class='ocrx_word' id='word_1_227' title='bbox 272 1870 307 1875; x_wconf 93' lang='grc'><strong>-</strong></span> <span class='ocrx_word' id='word_1_228' title='bbox 327 1857 354 1881; x_wconf 88' lang='grc'><strong>111</strong></span> <span class='ocrx_word' id='word_1_229' title='bbox 372 1856 474 1881; x_wconf 86' lang='lat' dir='ltr'><strong>inferno</strong></span> <span class='ocrx_word' id='word_1_230' title='bbox 493 1862 573 1881; x_wconf 77' lang='lat' dir='ltr'><strong>verus</strong></span> <span class='ocrx_word' id='word_1_231' title='bbox 592 1855 661 1887; x_wconf 88' lang='lat' dir='ltr'><strong>ignis</strong></span> <span class='ocrx_word' id='word_1_232' title='bbox 689 1855 781 1887; x_wconf 85' lang='lat' dir='ltr'><strong>affligit</strong></span> <span class='ocrx_word' id='word_1_233' title='bbox 808 1856 915 1887; x_wconf 89' lang='lat' dir='ltr'><strong>spiritus</strong></span> 
     </span>
     <span class='ocr_line' id='line_1_38' title="bbox 273 1900 915 1931; baseline -0.003 -5"><span class='ocrx_word' id='word_1_234' title='bbox 273 1900 335 1927; x_wconf 85' lang='lat' dir='ltr'><strong>ibid.</strong></span> <span class='ocrx_word' id='word_1_235' title='bbox 354 1915 386 1919; x_wconf 93' lang='lat'><strong>—-</strong></span> <span class='ocrx_word' id='word_1_236' title='bbox 408 1900 445 1925; x_wconf 89' lang='lat' dir='ltr'><strong>lbi</strong></span> <span class='ocrx_word' id='word_1_237' title='bbox 472 1900 559 1925; x_wconf 89' lang='lat' dir='ltr'><strong>anima</strong></span> <span class='ocrx_word' id='word_1_238' title='bbox 589 1900 714 1931; x_wconf 83' lang='lat' dir='ltr'><strong>affligitur</strong></span> <span class='ocrx_word' id='word_1_239' title='bbox 742 1900 769 1924; x_wconf 90' lang='lat' dir='ltr'><strong>in</strong></span> <span class='ocrx_word' id='word_1_240' title='bbox 798 1900 915 1931; x_wconf 89' lang='lat' dir='ltr'><strong>imagini-</strong></span> 
     </span>
     <span class='ocr_line' id='line_1_39' title="bbox 272 1943 914 1977; baseline -0.002 -7"><span class='ocrx_word' id='word_1_241' title='bbox 272 1945 337 1976; x_wconf 87' lang='lat' dir='ltr'><strong>bus,</strong></span> <span class='ocrx_word' id='word_1_242' title='bbox 356 1951 423 1977; x_wconf 85' lang='lat' dir='ltr'><strong>quas</strong></span> <span class='ocrx_word' id='word_1_243' title='bbox 442 1945 517 1970; x_wconf 80' lang='lat' dir='ltr'><strong>traxit</strong></span> <span class='ocrx_word' id='word_1_244' title='bbox 536 1951 550 1969; x_wconf 93' lang='lat' dir='ltr'><strong>a</strong></span> <span class='ocrx_word' id='word_1_245' title='bbox 571 1950 682 1976; x_wconf 89' lang='lat' dir='ltr'><strong>corpore</strong></span> <span class='ocrx_word' id='word_1_246' title='bbox 700 1943 763 1970; x_wconf 89' lang='lat' dir='ltr'><strong>ibid.</strong></span> <span class='ocrx_word' id='word_1_247' title='bbox 782 1958 817 1962; x_wconf 89' lang='lat'><strong>-—</strong></span> <span class='ocrx_word' id='word_1_248' title='bbox 836 1945 863 1970; x_wconf 94' lang='lat' dir='ltr'><strong>ln</strong></span> <span class='ocrx_word' id='word_1_249' title='bbox 883 1950 914 1970; x_wconf 87' lang='lat' dir='ltr'><strong>eo</strong></span> 
     </span>
     <span class='ocr_line' id='line_1_40' title="bbox 272 1988 913 2020; baseline -0.003 -5"><span class='ocrx_word' id='word_1_250' title='bbox 272 1989 349 2015; x_wconf 88' lang='lat' dir='ltr'><strong>simul</strong></span> <span class='ocrx_word' id='word_1_251' title='bbox 363 1989 496 2015; x_wconf 83' lang='lat' dir='ltr'><strong>concurrit</strong></span> <span class='ocrx_word' id='word_1_252' title='bbox 515 1995 599 2020; x_wconf 90' lang='lat' dir='ltr'><strong>poena</strong></span> <span class='ocrx_word' id='word_1_253' title='bbox 619 1995 681 2013; x_wconf 89' lang='lat' dir='ltr'><strong>vera</strong></span> <span class='ocrx_word' id='word_1_254' title='bbox 700 1991 726 2013; x_wconf 90' lang='lat' dir='ltr'><strong>et</strong></span> <span class='ocrx_word' id='word_1_255' title='bbox 746 1988 913 2020; x_wconf 88' lang='lat' dir='ltr'><strong>imaginaria,</strong></span> 
     </span>
     <span class='ocr_line' id='line_1_41' title="bbox 271 2032 913 2064; baseline -0.002 -5"><span class='ocrx_word' id='word_1_256' title='bbox 271 2034 339 2059; x_wconf 91' lang='lat' dir='ltr'><strong>actio</strong></span> <span class='ocrx_word' id='word_1_257' title='bbox 364 2033 489 2058; x_wconf 88' lang='lat' dir='ltr'><strong>naturalis</strong></span> <span class='ocrx_word' id='word_1_258' title='bbox 514 2035 539 2058; x_wconf 92' lang='lat' dir='ltr'><strong>et</strong></span> <span class='ocrx_word' id='word_1_259' title='bbox 564 2033 783 2064; x_wconf 89' lang='lat' dir='ltr'><strong>supernaturalis,</strong></span> <span class='ocrx_word' id='word_1_260' title='bbox 809 2032 913 2058; x_wconf 86' lang='lat' dir='ltr'><strong>afflictio</strong></span> 
     </span>
     <span class='ocr_line' id='line_1_42' title="bbox 271 2077 913 2109; baseline 0 -6"><span class='ocrx_word' id='word_1_261' title='bbox 271 2078 408 2103; x_wconf 87' lang='lat' dir='ltr'><strong>intrinseca</strong></span> <span class='ocrx_word' id='word_1_262' title='bbox 428 2081 454 2103; x_wconf 90' lang='lat' dir='ltr'><strong>ct</strong></span> <span class='ocrx_word' id='word_1_263' title='bbox 473 2077 628 2109; x_wconf 81' lang='lat' dir='ltr'><strong>extrinseca,</strong></span> <span class='ocrx_word' id='word_1_264' title='bbox 654 2077 761 2109; x_wconf 92' lang='lat' dir='ltr'><strong>propria</strong></span> <span class='ocrx_word' id='word_1_265' title='bbox 785 2080 811 2103; x_wconf 86' lang='lat' dir='ltr'><strong>et</strong></span> <span class='ocrx_word' id='word_1_266' title='bbox 829 2077 913 2103; x_wconf 88' lang='lat' dir='ltr'><strong>aliena</strong></span> 
     </span>
     <span class='ocr_line' id='line_1_43' title="bbox 272 2121 334 2148; baseline -0.016 0"><span class='ocrx_word' id='word_1_267' title='bbox 272 2121 334 2148; x_wconf 94' lang='lat' dir='ltr'><strong>ibid.</strong></span> 
     </span>
    </p>

    <p class='ocr_par' dir='ltr' id='par_1_12' title="bbox 270 2165 912 2464">
     <span class='ocr_line' id='line_1_44' title="bbox 323 2165 912 2192; baseline 0 -1"><span class='ocrx_word' id='word_1_268' title='bbox 323 2180 357 2185; x_wconf 91' lang='lat'><strong>—</strong></span> <span class='ocrx_word' id='word_1_269' title='bbox 377 2167 410 2191; x_wconf 85' lang='lat' dir='ltr'><strong>Ex</strong></span> <span class='ocrx_word' id='word_1_270' title='bbox 441 2166 540 2191; x_wconf 90' lang='lat' dir='ltr'><strong>inferno</strong></span> <span class='ocrx_word' id='word_1_271' title='bbox 569 2172 648 2191; x_wconf 90' lang='lat' dir='ltr'><strong>nemo</strong></span> <span class='ocrx_word' id='word_1_272' title='bbox 673 2165 798 2191; x_wconf 90' lang='lat' dir='ltr'><strong>liberatur</strong></span> <span class='ocrx_word' id='word_1_273' title='bbox 824 2166 857 2192; x_wconf 89' lang='lat' dir='ltr'><strong>Vl</strong></span> <span class='ocrx_word' id='word_1_274' title='bbox 878 2166 912 2191; x_wconf 89' lang='lat'><strong>89</strong></span> 
     </span>
     <span class='ocr_line' id='line_1_45' title="bbox 271 2210 912 2236; baseline 0 -1"><span class='ocrx_word' id='word_1_275' title='bbox 271 2218 297 2236; x_wconf 86' lang='lat' dir='ltr'><strong>v.</strong></span> <span class='ocrx_word' id='word_1_276' title='bbox 317 2211 332 2235; x_wconf 88' lang='lat'>3</span> <span class='ocrx_word' id='word_1_277' title='bbox 354 2224 387 2229; x_wconf 92' lang='lat'>—</span> <span class='ocrx_word' id='word_1_278' title='bbox 407 2210 444 2235; x_wconf 89' lang='lat' dir='ltr'><strong>De</strong></span> <span class='ocrx_word' id='word_1_279' title='bbox 458 2210 556 2235; x_wconf 91' lang='lat' dir='ltr'><strong>inferno</strong></span> <span class='ocrx_word' id='word_1_280' title='bbox 571 2210 655 2235; x_wconf 90' lang='lat' dir='ltr'><strong>nullus</strong></span> <span class='ocrx_word' id='word_1_281' title='bbox 667 2210 807 2236; x_wconf 85' lang='lat' dir='ltr'><strong>revertitur</strong></span> <span class='ocrx_word' id='word_1_282' title='bbox 820 2216 912 2236; x_wconf 89' lang='lat' dir='ltr'><strong>secun-</strong></span> 
     </span>
     <span class='ocr_line' id='line_1_46' title="bbox 271 2254 912 2287; baseline -0.003 -6"><span class='ocrx_word' id='word_1_283' title='bbox 271 2255 335 2281; x_wconf 92' lang='lat' dir='ltr'><strong>dum</strong></span> <span class='ocrx_word' id='word_1_284' title='bbox 356 2256 442 2287; x_wconf 83' lang='lat' dir='ltr'><strong>legem</strong></span> <span class='ocrx_word' id='word_1_285' title='bbox 462 2261 630 2280; x_wconf 90' lang='lat' dir='ltr'><strong>communem</strong></span> <span class='ocrx_word' id='word_1_286' title='bbox 657 2255 707 2279; x_wconf 85' lang='grc'><strong>418</strong></span> <span class='ocrx_word' id='word_1_287' title='bbox 726 2261 754 2280; x_wconf 84' lang='lat' dir='ltr'><strong>v.</strong></span> <span class='ocrx_word' id='word_1_288' title='bbox 776 2255 785 2279; x_wconf 96' lang='grc'><strong>4</strong></span> <span class='ocrx_word' id='word_1_289' title='bbox 810 2269 845 2272; x_wconf 90' lang='grc'>-</span> <span class='ocrx_word' id='word_1_290' title='bbox 864 2254 912 2280; x_wconf 88' lang='grc' dir='ltr'>Α11-</span> 
     </span>
     <span class='ocr_line' id='line_1_47' title="bbox 272 2299 911 2333; baseline -0.002 -8"><span class='ocrx_word' id='word_1_291' title='bbox 272 2300 317 2333; x_wconf 88' lang='lat' dir='ltr'><strong>qui</strong></span> <span class='ocrx_word' id='word_1_292' title='bbox 337 2300 459 2332; x_wconf 82' lang='lat' dir='ltr'><strong>leguntur</strong></span> <span class='ocrx_word' id='word_1_293' title='bbox 478 2299 578 2324; x_wconf 75' lang='lat' dir='ltr'><strong>reversi</strong></span> <span class='ocrx_word' id='word_1_294' title='bbox 597 2299 631 2324; x_wconf 92' lang='lat' dir='ltr'><strong>de</strong></span> <span class='ocrx_word' id='word_1_295' title='bbox 650 2299 751 2324; x_wconf 91' lang='lat' dir='ltr'><strong>inferno</strong></span> <span class='ocrx_word' id='word_1_296' title='bbox 771 2299 911 2331; x_wconf 83' lang='lat' dir='ltr'><strong>privilegio</strong></span> 
     </span>
     <span class='ocr_line' id='line_1_48' title="bbox 271 2344 911 2376; baseline 0 -7"><span class='ocrx_word' id='word_1_297' title='bbox 271 2345 370 2376; x_wconf 81' lang='lat' dir='ltr'><strong>gratiae</strong></span> <span class='ocrx_word' id='word_1_298' title='bbox 391 2344 441 2369; x_wconf 92' lang='grc'><strong>449</strong></span> <span class='ocrx_word' id='word_1_299' title='bbox 461 2351 487 2368; x_wconf 85' lang='grc' dir='ltr'><strong>ν.</strong></span> <span class='ocrx_word' id='word_1_300' title='bbox 508 2344 518 2368; x_wconf 94' lang='grc'><strong>4</strong></span> <span class='ocrx_word' id='word_1_301' title='bbox 543 2357 578 2362; x_wconf 94' lang='grc'>-</span> <span class='ocrx_word' id='word_1_302' title='bbox 597 2344 634 2368; x_wconf 89' lang='lat' dir='ltr'><strong>De</strong></span> <span class='ocrx_word' id='word_1_303' title='bbox 654 2344 755 2369; x_wconf 88' lang='lat' dir='ltr'><strong>inferno</strong></span> <span class='ocrx_word' id='word_1_304' title='bbox 780 2344 911 2375; x_wconf 84' lang='lat' dir='ltr'><strong>superiori</strong></span> 
     </span>
     <span class='ocr_line' id='line_1_49' title="bbox 270 2387 911 2420; baseline 0 -7"><span class='ocrx_word' id='word_1_305' title='bbox 270 2395 394 2414; x_wconf 83' lang='lat' dir='ltr'><strong>reversus</strong></span> <span class='ocrx_word' id='word_1_306' title='bbox 421 2392 460 2413; x_wconf 92' lang='lat' dir='ltr'><strong>est</strong></span> <span class='ocrx_word' id='word_1_307' title='bbox 487 2387 605 2413; x_wconf 88' lang='lat' dir='ltr'><strong>Christus</strong></span> <span class='ocrx_word' id='word_1_308' title='bbox 635 2391 661 2413; x_wconf 91' lang='lat' dir='ltr'><strong>et</strong></span> <span class='ocrx_word' id='word_1_309' title='bbox 692 2388 767 2413; x_wconf 87' lang='lat' dir='ltr'><strong>multi</strong></span> <span class='ocrx_word' id='word_1_310' title='bbox 795 2388 838 2413; x_wconf 91' lang='lat' dir='ltr'><strong>alii</strong></span> <span class='ocrx_word' id='word_1_311' title='bbox 863 2395 911 2420; x_wconf 88' lang='lat' dir='ltr'><strong>per</strong></span> 
     </span>
     <span class='ocr_line' id='line_1_50' title="bbox 271 2431 910 2464; baseline 0 -7"><span class='ocrx_word' id='word_1_312' title='bbox 271 2433 359 2464; x_wconf 90' lang='lat' dir='ltr'><strong>ipsum</strong></span> <span class='ocrx_word' id='word_1_313' title='bbox 374 2432 415 2457; x_wconf 88' lang='lat' dir='ltr'><strong>vel</strong></span> <span class='ocrx_word' id='word_1_314' title='bbox 429 2439 476 2463; x_wconf 90' lang='lat' dir='ltr'><strong>per</strong></span> <span class='ocrx_word' id='word_1_315' title='bbox 490 2432 546 2457; x_wconf 88' lang='lat' dir='ltr'><strong>eius</strong></span> <span class='ocrx_word' id='word_1_316' title='bbox 560 2432 702 2464; x_wconf 89' lang='lat' dir='ltr'><strong>discipulos</strong></span> <span class='ocrx_word' id='word_1_317' title='bbox 715 2432 831 2458; x_wconf 87' lang='lat' dir='ltr'><strong>suscitati</strong></span> <span class='ocrx_word' id='word_1_318' title='bbox 849 2431 910 2458; x_wconf 84' lang='lat' dir='ltr'><em>ibid.</em></span> 
     </span>
    </p>

    <p class='ocr_par' dir='ltr' id='par_1_13' title="bbox 270 2475 912 2810">
     <span class='ocr_line' id='line_1_51' title="bbox 324 2475 910 2508; baseline 0 -7"><span class='ocrx_word' id='word_1_319' title='bbox 324 2489 359 2494; x_wconf 88' lang='lat'>—</span> <span class='ocrx_word' id='word_1_320' title='bbox 378 2475 418 2501; x_wconf 85' lang='lat' dir='ltr'><strong>Ab</strong></span> <span class='ocrx_word' id='word_1_321' title='bbox 438 2476 539 2501; x_wconf 74' lang='lat' dir='ltr'><strong>inferno</strong></span> <span class='ocrx_word' id='word_1_322' title='bbox 559 2483 637 2501; x_wconf 86' lang='lat' dir='ltr'><strong>nemo</strong></span> <span class='ocrx_word' id='word_1_323' title='bbox 657 2476 805 2508; x_wconf 84' lang='lat' dir='ltr'><strong>egreditur,</strong></span> <span class='ocrx_word' id='word_1_324' title='bbox 825 2475 910 2501; x_wconf 88' lang='lat' dir='ltr'><strong>donec</strong></span> 
     </span>
     <span class='ocr_line' id='line_1_52' title="bbox 271 2520 909 2552; baseline 0.002 -7"><span class='ocrx_word' id='word_1_325' title='bbox 271 2520 404 2552; x_wconf 78' lang='lat' dir='ltr'><strong>persolvat</strong></span> <span class='ocrx_word' id='word_1_326' title='bbox 424 2527 507 2552; x_wconf 87' lang='lat' dir='ltr'><strong>usque</strong></span> <span class='ocrx_word' id='word_1_327' title='bbox 526 2520 560 2545; x_wconf 90' lang='lat' dir='ltr'><strong>ad</strong></span> <span class='ocrx_word' id='word_1_328' title='bbox 580 2520 700 2545; x_wconf 91' lang='lat' dir='ltr'><strong>ultimum</strong></span> <span class='ocrx_word' id='word_1_329' title='bbox 721 2521 852 2546; x_wconf 90' lang='lat' dir='ltr'><strong>minutum</strong></span> <span class='ocrx_word' id='word_1_330' title='bbox 866 2520 909 2546; x_wconf 85' lang='lat' dir='ltr'><strong>Vll</strong></span> 
     </span>
     <span class='ocr_line' id='line_1_53' title="bbox 272 2564 910 2597; baseline 0.002 -8"><span class='ocrx_word' id='word_1_331' title='bbox 272 2564 323 2590; x_wconf 89' lang='lat'>335</span> <span class='ocrx_word' id='word_1_332' title='bbox 344 2564 375 2589; x_wconf 88' lang='lat'><strong>87</strong></span> <span class='ocrx_word' id='word_1_333' title='bbox 398 2578 434 2583; x_wconf 98' lang='lat'><strong>—</strong></span> <span class='ocrx_word' id='word_1_334' title='bbox 456 2564 483 2589; x_wconf 94' lang='lat' dir='ltr'><strong>ln</strong></span> <span class='ocrx_word' id='word_1_335' title='bbox 512 2571 617 2590; x_wconf 90' lang='lat' dir='ltr'><strong>carcere</strong></span> <span class='ocrx_word' id='word_1_336' title='bbox 642 2564 733 2590; x_wconf 91' lang='lat' dir='ltr'><strong>inferni</strong></span> <span class='ocrx_word' id='word_1_337' title='bbox 762 2567 801 2590; x_wconf 90' lang='lat' dir='ltr'><strong>est</strong></span> <span class='ocrx_word' id='word_1_338' title='bbox 826 2571 910 2597; x_wconf 89' lang='lat' dir='ltr'><strong>poena</strong></span> 
     </span>
     <span class='ocr_line' id='line_1_54' title="bbox 272 2608 910 2634; baseline 0.002 -1"><span class='ocrx_word' id='word_1_339' title='bbox 272 2608 471 2634; x_wconf 85' lang='lat' dir='ltr'><strong>irremediabilis</strong></span> <span class='ocrx_word' id='word_1_340' title='bbox 489 2608 523 2634; x_wconf 91' lang='lat' dir='ltr'><strong>ib.</strong></span> <span class='ocrx_word' id='word_1_341' title='bbox 544 2609 577 2633; x_wconf 89' lang='grc'><strong>86</strong></span> <span class='ocrx_word' id='word_1_342' title='bbox 596 2622 630 2627; x_wconf 87' lang='grc'>-</span> <span class='ocrx_word' id='word_1_343' title='bbox 650 2609 676 2634; x_wconf 90' lang='lat' dir='ltr'><strong>ln</strong></span> <span class='ocrx_word' id='word_1_344' title='bbox 704 2609 806 2634; x_wconf 84' lang='lat' dir='ltr'><strong>inferno</strong></span> <span class='ocrx_word' id='word_1_345' title='bbox 830 2610 910 2634; x_wconf 86' lang='lat' dir='ltr'><strong>homo</strong></span> 
     </span>
     <span class='ocr_line' id='line_1_55' title="bbox 271 2653 911 2685; baseline 0.002 -8"><span class='ocrx_word' id='word_1_346' title='bbox 271 2659 376 2684; x_wconf 82' lang='lat' dir='ltr'><strong>semper</strong></span> <span class='ocrx_word' id='word_1_347' title='bbox 395 2659 494 2684; x_wconf 91' lang='lat' dir='ltr'><strong>poenas</strong></span> <span class='ocrx_word' id='word_1_348' title='bbox 521 2659 570 2684; x_wconf 91' lang='lat' dir='ltr'><strong>pro</strong></span> <span class='ocrx_word' id='word_1_349' title='bbox 595 2653 709 2684; x_wconf 88' lang='lat' dir='ltr'><strong>peccatis</strong></span> <span class='ocrx_word' id='word_1_350' title='bbox 732 2653 844 2685; x_wconf 86' lang='lat' dir='ltr'><strong>patitur,</strong></span> <span class='ocrx_word' id='word_1_351' title='bbox 864 2653 911 2678; x_wconf 89' lang='lat' dir='ltr'><strong>sed</strong></span> 
     </span>
     <span class='ocr_line' id='line_1_56' title="bbox 270 2696 910 2729; baseline 0.002 -8"><span class='ocrx_word' id='word_1_352' title='bbox 270 2703 406 2728; x_wconf 86' lang='lat' dir='ltr'><strong>nunquam</strong></span> <span class='ocrx_word' id='word_1_353' title='bbox 427 2696 530 2721; x_wconf 89' lang='lat' dir='ltr'><strong>veniam</strong></span> <span class='ocrx_word' id='word_1_354' title='bbox 550 2696 698 2729; x_wconf 79' lang='lat' dir='ltr'><strong>assequitur</strong></span> <span class='ocrx_word' id='word_1_355' title='bbox 718 2696 752 2722; x_wconf 90' lang='lat' dir='ltr'><strong>ib.</strong></span> <span class='ocrx_word' id='word_1_356' title='bbox 775 2697 808 2721; x_wconf 89' lang='lat'><strong>87</strong></span> <span class='ocrx_word' id='word_1_357' title='bbox 827 2711 862 2715; x_wconf 97' lang='lat'>—</span> <span class='ocrx_word' id='word_1_358' title='bbox 885 2697 910 2722; x_wconf 91' lang='lat' dir='ltr'><strong>ln</strong></span> 
     </span>
     <span class='ocr_line' id='line_1_57' title="bbox 270 2741 912 2773; baseline 0 -8"><span class='ocrx_word' id='word_1_359' title='bbox 270 2741 371 2766; x_wconf 89' lang='lat' dir='ltr'><strong>inferno</strong></span> <span class='ocrx_word' id='word_1_360' title='bbox 390 2747 494 2772; x_wconf 87' lang='lat' dir='ltr'><strong>semper</strong></span> <span class='ocrx_word' id='word_1_361' title='bbox 513 2741 624 2766; x_wconf 91' lang='lat' dir='ltr'><strong>solvitur</strong></span> <span class='ocrx_word' id='word_1_362' title='bbox 654 2743 680 2765; x_wconf 91' lang='lat' dir='ltr'><strong>et</strong></span> <span class='ocrx_word' id='word_1_363' title='bbox 699 2747 834 2773; x_wconf 87' lang='lat' dir='ltr'><strong>nunquam</strong></span> <span class='ocrx_word' id='word_1_364' title='bbox 855 2747 912 2772; x_wconf 92' lang='lat' dir='ltr'><strong>per-</strong></span> 
     </span>
     <span class='ocr_line' id='line_1_58' title="bbox 271 2783 460 2810; baseline 0.005 -1"><span class='ocrx_word' id='word_1_365' title='bbox 271 2784 380 2810; x_wconf 86' lang='lat' dir='ltr'><strong>solvitur</strong></span> <span class='ocrx_word' id='word_1_366' title='bbox 400 2783 460 2810; x_wconf 84' lang='lat' dir='ltr'><strong>ibid.</strong></span> 
     </span>
    </p>

    <p class='ocr_par' dir='ltr' id='par_1_14' title="bbox 268 2827 911 3129">
     <span class='ocr_line' id='line_1_59' title="bbox 324 2827 911 2860; baseline 0.003 -7"><span class='ocrx_word' id='word_1_367' title='bbox 324 2829 404 2854; x_wconf 85' lang='lat' dir='ltr'><strong>—ln</strong></span> <span class='ocrx_word' id='word_1_368' title='bbox 426 2828 524 2853; x_wconf 89' lang='lat' dir='ltr'><strong>inferno</strong></span> <span class='ocrx_word' id='word_1_369' title='bbox 550 2827 656 2860; x_wconf 89' lang='lat' dir='ltr'><strong>reprobi</strong></span> <span class='ocrx_word' id='word_1_370' title='bbox 685 2828 830 2860; x_wconf 91' lang='lat' dir='ltr'><strong>puniuntur</strong></span> <span class='ocrx_word' id='word_1_371' title='bbox 857 2835 911 2855; x_wconf 90' lang='lat' dir='ltr'><strong>non</strong></span> 
     </span>
     <span class='ocr_line' id='line_1_60' title="bbox 271 2873 911 2905; baseline 0.002 -8"><span class='ocrx_word' id='word_1_372' title='bbox 271 2875 369 2898; x_wconf 89' lang='lat' dir='ltr'><strong>tantum</strong></span> <span class='ocrx_word' id='word_1_373' title='bbox 390 2879 438 2904; x_wconf 86' lang='lat' dir='ltr'><strong>pro</strong></span> <span class='ocrx_word' id='word_1_374' title='bbox 457 2873 575 2905; x_wconf 85' lang='lat' dir='ltr'><strong>magnis,</strong></span> <span class='ocrx_word' id='word_1_375' title='bbox 595 2873 641 2898; x_wconf 87' lang='lat' dir='ltr'><strong>sed</strong></span> <span class='ocrx_word' id='word_1_376' title='bbox 661 2873 739 2898; x_wconf 86' lang='lat' dir='ltr'><strong>etiam</strong></span> <span class='ocrx_word' id='word_1_377' title='bbox 759 2880 808 2905; x_wconf 89' lang='lat' dir='ltr'><strong>pro</strong></span> <span class='ocrx_word' id='word_1_378' title='bbox 827 2873 911 2899; x_wconf 88' lang='lat' dir='ltr'><strong>mino-</strong></span> 
     </span>
     <span class='ocr_line' id='line_1_61' title="bbox 270 2916 909 2948; baseline 0.003 -7"><span class='ocrx_word' id='word_1_379' title='bbox 270 2916 343 2942; x_wconf 90' lang='lat' dir='ltr'><strong>ribus</strong></span> <span class='ocrx_word' id='word_1_380' title='bbox 363 2917 476 2948; x_wconf 89' lang='lat' dir='ltr'><strong>peccatis</strong></span> <span class='ocrx_word' id='word_1_381' title='bbox 504 2917 546 2942; x_wconf 81' lang='lat' dir='ltr'><strong>vu</strong></span> <span class='ocrx_word' id='word_1_382' title='bbox 578 2917 629 2942; x_wconf 82' lang='grc'><strong>335</strong></span> <span class='ocrx_word' id='word_1_383' title='bbox 655 2917 687 2942; x_wconf 88' lang='grc'><strong>87</strong></span> <span class='ocrx_word' id='word_1_384' title='bbox 707 2932 742 2935; x_wconf 93' lang='grc'>-</span> <span class='ocrx_word' id='word_1_385' title='bbox 763 2918 789 2942; x_wconf 88' lang='grc'><strong>111</strong></span> <span class='ocrx_word' id='word_1_386' title='bbox 810 2917 909 2943; x_wconf 85' lang='lat' dir='ltr'><strong>inferno</strong></span> 
     </span>
     <span class='ocr_line' id='line_1_62' title="bbox 271 2960 910 2993; baseline 0.003 -8"><span class='ocrx_word' id='word_1_387' title='bbox 271 2961 319 2985; x_wconf 89' lang='lat' dir='ltr'><strong>erit</strong></span> <span class='ocrx_word' id='word_1_388' title='bbox 338 2960 411 2986; x_wconf 90' lang='lat' dir='ltr'><strong>dolor</strong></span> <span class='ocrx_word' id='word_1_389' title='bbox 430 2961 464 2986; x_wconf 90' lang='lat' dir='ltr'><strong>de</strong></span> <span class='ocrx_word' id='word_1_390' title='bbox 483 2960 558 2986; x_wconf 91' lang='lat' dir='ltr'><strong>bonis</strong></span> <span class='ocrx_word' id='word_1_391' title='bbox 577 2961 693 2992; x_wconf 80' lang='grc' dir='ltr'>31111εε1ε,</span> <span class='ocrx_word' id='word_1_392' title='bbox 707 2961 794 2993; x_wconf 87' lang='lat' dir='ltr'><strong>pudor</strong></span> <span class='ocrx_word' id='word_1_393' title='bbox 807 2962 841 2987; x_wconf 84' lang='lat' dir='ltr'><strong>de</strong></span> <span class='ocrx_word' id='word_1_394' title='bbox 854 2969 910 2987; x_wconf 91' lang='lat' dir='ltr'><strong>ma-</strong></span> 
     </span>
     <span class='ocr_line' id='line_1_63' title="bbox 270 3005 908 3038; baseline 0.005 -9"><span class='ocrx_word' id='word_1_395' title='bbox 270 3005 302 3030; x_wconf 88' lang='lat' dir='ltr'><strong>lis</strong></span> <span class='ocrx_word' id='word_1_396' title='bbox 321 3005 481 3035; x_wconf 84' lang='lat' dir='ltr'><strong>commissis,</strong></span> <span class='ocrx_word' id='word_1_397' title='bbox 502 3006 579 3030; x_wconf 88' lang='lat' dir='ltr'><strong>timor</strong></span> <span class='ocrx_word' id='word_1_398' title='bbox 598 3006 633 3031; x_wconf 89' lang='lat' dir='ltr'><strong>de</strong></span> <span class='ocrx_word' id='word_1_399' title='bbox 653 3006 835 3037; x_wconf 87' lang='lat' dir='ltr'><strong>praesentibus</strong></span> <span class='ocrx_word' id='word_1_400' title='bbox 848 3014 908 3038; x_wconf 90' lang='lat' dir='ltr'><strong>sup-</strong></span> 
     </span>
     <span class='ocr_line' id='line_1_64' title="bbox 270 3048 909 3082; baseline 0.003 -9"><span class='ocrx_word' id='word_1_401' title='bbox 270 3048 355 3080; x_wconf 84' lang='lat' dir='ltr'><strong>pliciis</strong></span> <span class='ocrx_word' id='word_1_402' title='bbox 375 3049 406 3074; x_wconf 92' lang='lat' dir='ltr'><strong>Vl</strong></span> <span class='ocrx_word' id='word_1_403' title='bbox 428 3049 477 3074; x_wconf 59' lang='grc'><strong>1143</strong></span> <span class='ocrx_word' id='word_1_404' title='bbox 498 3056 525 3074; x_wconf 93' lang='lat' dir='ltr'><strong>v.</strong></span> <span class='ocrx_word' id='word_1_405' title='bbox 544 3050 577 3075; x_wconf 88' lang='grc'><strong>23</strong></span> <span class='ocrx_word' id='word_1_406' title='bbox 597 3064 632 3068; x_wconf 63' lang='grc'><strong>-«</strong></span> <span class='ocrx_word' id='word_1_407' title='bbox 652 3051 677 3075; x_wconf 85' lang='grc'><strong>111</strong></span> <span class='ocrx_word' id='word_1_408' title='bbox 692 3050 793 3076; x_wconf 93' lang='lat' dir='ltr'><strong>inferno</strong></span> <span class='ocrx_word' id='word_1_409' title='bbox 807 3053 845 3076; x_wconf 88' lang='lat' dir='ltr'><strong>est</strong></span> <span class='ocrx_word' id='word_1_410' title='bbox 859 3051 909 3082; x_wconf 90' lang='lat' dir='ltr'><strong>pri-</strong></span> 
     </span>
     <span class='ocr_line' id='line_1_65' title="bbox 268 3093 795 3129; baseline 0.006 -12"><span class='ocrx_word' id='word_1_411' title='bbox 268 3093 340 3129; x_wconf 67' lang='lat' dir='ltr'><strong>¹vatio</strong></span> <span class='ocrx_word' id='word_1_412' title='bbox 360 3093 487 3118; x_wconf 81' lang='lat' dir='ltr'><strong>felicitatis</strong></span> <span class='ocrx_word' id='word_1_413' title='bbox 505 3097 624 3119; x_wconf 86' lang='lat' dir='ltr'><strong>aeternae</strong></span> <span class='ocrx_word' id='word_1_414' title='bbox 645 3094 695 3120; x_wconf 88' lang='grc'><strong>494</strong></span> <span class='ocrx_word' id='word_1_415' title='bbox 715 3101 741 3120; x_wconf 89' lang='lat' dir='ltr'><strong>v.</strong></span> <span class='ocrx_word' id='word_1_416' title='bbox 762 3095 795 3120; x_wconf 94' lang='grc'><strong>40</strong></span> 
     </span>
    </p>

    <p class='ocr_par' dir='ltr' id='par_1_15' title="bbox 272 3137 908 3207">
     <span class='ocr_line' id='line_1_66' title="bbox 323 3137 908 3170; baseline 0.003 -8"><span class='ocrx_word' id='word_1_417' title='bbox 323 3151 358 3156; x_wconf 90' lang='grc'>-</span> <span class='ocrx_word' id='word_1_418' title='bbox 377 3137 503 3169; x_wconf 90' lang='lat' dir='ltr'><strong>spoliatus</strong></span> <span class='ocrx_word' id='word_1_419' title='bbox 523 3141 561 3163; x_wconf 89' lang='lat' dir='ltr'><strong>est</strong></span> <span class='ocrx_word' id='word_1_420' title='bbox 580 3145 628 3170; x_wconf 90' lang='lat' dir='ltr'><strong>per</strong></span> <span class='ocrx_word' id='word_1_421' title='bbox 647 3139 748 3170; x_wconf 85' lang='lat' dir='ltr'><strong>lignum</strong></span> <span class='ocrx_word' id='word_1_422' title='bbox 768 3139 855 3164; x_wconf 90' lang='lat' dir='ltr'><strong>crucis</strong></span> <span class='ocrx_word' id='word_1_423' title='bbox 875 3139 908 3164; x_wconf 90' lang='lat' dir='ltr'><strong>Vl</strong></span> 
     </span>
     <span class='ocr_line' id='line_1_67' title="bbox 272 3181 403 3207; baseline 0 -1"><span class='ocrx_word' id='word_1_424' title='bbox 272 3181 321 3206; x_wconf 85' lang='grc'><strong>498</strong></span> <span class='ocrx_word' id='word_1_425' title='bbox 341 3189 366 3207; x_wconf 86' lang='grc' dir='ltr'><strong>ν.</strong></span> <span class='ocrx_word' id='word_1_426' title='bbox 386 3181 403 3206; x_wconf 94' lang='grc'><strong>7</strong></span> 
     </span>
    </p>

    <p class='ocr_par' dir='ltr' id='par_1_16' title="bbox 268 3226 909 3434">
     <span class='ocr_line' id='line_1_68' title="bbox 324 3226 908 3257; baseline 0.003 -6"><span class='ocrx_word' id='word_1_427' title='bbox 324 3239 357 3243; x_wconf 92' lang='grc'>-</span> <span class='ocrx_word' id='word_1_428' title='bbox 377 3226 451 3257; x_wconf 89' lang='lat' dir='ltr'><strong>lmpii</strong></span> <span class='ocrx_word' id='word_1_429' title='bbox 471 3232 518 3257; x_wconf 90' lang='lat' dir='ltr'><strong>per</strong></span> <span class='ocrx_word' id='word_1_430' title='bbox 531 3233 620 3251; x_wconf 88' lang='lat' dir='ltr'><strong>casum</strong></span> <span class='ocrx_word' id='word_1_431' title='bbox 635 3227 726 3252; x_wconf 91' lang='lat' dir='ltr'><strong>mortis</strong></span> <span class='ocrx_word' id='word_1_432' title='bbox 739 3227 766 3252; x_wconf 89' lang='lat' dir='ltr'><strong>in</strong></span> <span class='ocrx_word' id='word_1_433' title='bbox 780 3227 908 3253; x_wconf 86' lang='lat' dir='ltr'><strong>infernum</strong></span> 
     </span>
     <span class='ocr_line' id='line_1_69' title="bbox 271 3269 908 3297; baseline 0.003 -3"><span class='ocrx_word' id='word_1_434' title='bbox 271 3269 364 3295; x_wconf 87' lang='lat' dir='ltr'><strong>cadent</strong></span> <span class='ocrx_word' id='word_1_435' title='bbox 382 3270 415 3295; x_wconf 88' lang='lat' dir='ltr'><strong>Vl</strong></span> <span class='ocrx_word' id='word_1_436' title='bbox 436 3270 485 3295; x_wconf 86' lang='grc'><strong>436</strong></span> <span class='ocrx_word' id='word_1_437' title='bbox 499 3277 525 3296; x_wconf 89' lang='lat' dir='ltr'><strong>v.</strong></span> <span class='ocrx_word' id='word_1_438' title='bbox 543 3270 573 3295; x_wconf 88' lang='grc'><strong>19</strong></span> <span class='ocrx_word' id='word_1_439' title='bbox 589 3283 625 3289; x_wconf 92' lang='lat'><em>-</em></span> <span class='ocrx_word' id='word_1_440' title='bbox 639 3271 798 3297; x_wconf 80' lang='lat' dir='ltr'><strong>Recedentes</strong></span> <span class='ocrx_word' id='word_1_441' title='bbox 812 3278 826 3296; x_wconf 92' lang='lat' dir='ltr'><strong>a</strong></span> <span class='ocrx_word' id='word_1_442' title='bbox 839 3271 908 3297; x_wconf 93' lang='lat' dir='ltr'><strong>Chri-</strong></span> 
     </span>
     <span class='ocr_line' id='line_1_70' title="bbox 271 3314 909 3346; baseline 0.003 -8"><span class='ocrx_word' id='word_1_443' title='bbox 271 3317 311 3338; x_wconf 87' lang='lat' dir='ltr'><strong>sto</strong></span> <span class='ocrx_word' id='word_1_444' title='bbox 332 3316 465 3339; x_wconf 87' lang='lat' dir='ltr'><strong>merentur</strong></span> <span class='ocrx_word' id='word_1_445' title='bbox 484 3314 642 3346; x_wconf 88' lang='lat' dir='ltr'><strong>supplicium</strong></span> <span class='ocrx_word' id='word_1_446' title='bbox 662 3314 754 3339; x_wconf 90' lang='lat' dir='ltr'><strong>inferni</strong></span> <span class='ocrx_word' id='word_1_447' title='bbox 775 3315 825 3340; x_wconf 86' lang='lat'><strong>569</strong></span> <span class='ocrx_word' id='word_1_448' title='bbox 846 3316 861 3341; x_wconf 87' lang='grc'>5</span> <span class='ocrx_word' id='word_1_449' title='bbox 874 3329 909 3334; x_wconf 95' lang='grc'>-</span> 
     </span>
     <span class='ocr_line' id='line_1_71' title="bbox 270 3357 908 3392; baseline 0.003 -10"><span class='ocrx_word' id='word_1_450' title='bbox 270 3357 298 3382; x_wconf 88' lang='lat' dir='ltr'><strong>ln</strong></span> <span class='ocrx_word' id='word_1_451' title='bbox 324 3357 423 3382; x_wconf 80' lang='lat' dir='ltr'><strong>inferno</strong></span> <span class='ocrx_word' id='word_1_452' title='bbox 442 3358 581 3389; x_wconf 85' lang='lat' dir='ltr'><strong>praecedet</strong></span> <span class='ocrx_word' id='word_1_453' title='bbox 606 3358 640 3384; x_wconf 86' lang='lat' dir='ltr'><strong>ad</strong></span> <span class='ocrx_word' id='word_1_454' title='bbox 667 3358 809 3391; x_wconf 84' lang='lat' dir='ltr'><strong>iudicium,</strong></span> <span class='ocrx_word' id='word_1_455' title='bbox 836 3359 908 3392; x_wconf 89' lang='lat' dir='ltr'><strong>quod</strong></span> 
     </span>
     <span class='ocr_line' id='line_1_72' title="bbox 268 3401 909 3434; baseline 0.003 -8"><span class='ocrx_word' id='word_1_456' title='bbox 268 3401 412 3432; x_wconf 84' lang='lat' dir='ltr'><strong>praecessit</strong></span> <span class='ocrx_word' id='word_1_457' title='bbox 432 3402 464 3427; x_wconf 87' lang='lat' dir='ltr'><strong>ad</strong></span> <span class='ocrx_word' id='word_1_458' title='bbox 493 3406 630 3434; x_wconf 88' lang='lat' dir='ltr'><strong>peccatum</strong></span> <span class='ocrx_word' id='word_1_459' title='bbox 660 3403 702 3428; x_wconf 91' lang='lat' dir='ltr'><strong>Vll</strong></span> <span class='ocrx_word' id='word_1_460' title='bbox 733 3402 783 3428; x_wconf 91' lang='grc'><strong>420</strong></span> <span class='ocrx_word' id='word_1_461' title='bbox 813 3403 844 3428; x_wconf 82' lang='grc'><strong>49</strong></span> <span class='ocrx_word' id='word_1_462' title='bbox 874 3417 909 3423; x_wconf 92' lang='grc'>-</span> 
     </span>
    </p>
   </div>
   <div class='ocr_carea' id='block_1_3' title="bbox 928 1281 937 2773">
    <p class='ocr_par' dir='ltr' id='par_1_17' title="bbox 928 1281 937 2773">
     <span class='ocr_line' id='line_1_73' title="bbox 928 1281 937 2773; baseline 0 0"><span class='ocrx_word' id='word_1_463' title='bbox 928 1281 937 2773; x_wconf 95' lang='lat' dir='ltr'><strong> </strong></span> 
     </span>
    </p>
   </div>
   <div class='ocr_carea' id='block_1_4' title="bbox 927 1281 937 3064">
    <p class='ocr_par' dir='ltr' id='par_1_18' title="bbox 927 1281 937 3064">
     <span class='ocr_line' id='line_1_74' title="bbox 927 1281 937 3064; baseline 0 0"><span class='ocrx_word' id='word_1_464' title='bbox 927 1281 937 3064; x_wconf 95' lang='lat' dir='ltr'><strong> </strong></span> 
     </span>
    </p>
   </div>
   <div class='ocr_carea' id='block_1_5' title="bbox 1147 264 1414 298">
    <p class='ocr_par' dir='ltr' id='par_1_19' title="bbox 1147 264 1414 298">
     <span class='ocr_line' id='line_1_75' title="bbox 1147 264 1414 298; baseline 0 -1"><span class='ocrx_word' id='word_1_465' title='bbox 1147 264 1261 297; x_wconf 85' lang='lat' dir='ltr'>INDEX</span> <span class='ocrx_word' id='word_1_466' title='bbox 1286 265 1414 298; x_wconf 86' lang='lat' dir='ltr'>RERUM</span> 
     </span>
    </p>
   </div>
   <div class='ocr_carea' id='block_1_6' title="bbox 944 352 1596 385">
    <p class='ocr_par' dir='ltr' id='par_1_20' title="bbox 944 352 1596 385">
     <span class='ocr_line' id='line_1_76' title="bbox 944 352 1596 385; baseline 0.002 -8"><span class='ocrx_word' id='word_1_467' title='bbox 944 352 983 385; x_wconf 58' lang='lat' dir='ltr'><strong>,ln</strong></span> <span class='ocrx_word' id='word_1_468' title='bbox 1003 352 1133 378; x_wconf 79' lang='lat' dir='ltr'><strong>infernum</strong></span> <span class='ocrx_word' id='word_1_469' title='bbox 1153 353 1340 385; x_wconf 85' lang='lat' dir='ltr'><strong>praecipitatur</strong></span> <span class='ocrx_word' id='word_1_470' title='bbox 1358 352 1403 385; x_wconf 87' lang='lat' dir='ltr'><strong>qui</strong></span> <span class='ocrx_word' id='word_1_471' title='bbox 1417 359 1469 378; x_wconf 92' lang='lat' dir='ltr'><strong>non</strong></span> <span class='ocrx_word' id='word_1_472' title='bbox 1483 352 1596 378; x_wconf 85' lang='lat' dir='ltr'><strong>custodit</strong></span> 
     </span>
    </p>
   </div>
   <div class='ocr_carea' id='block_1_7' title="bbox 946 396 1596 3437">
    <p class='ocr_par' dir='ltr' id='par_1_21' title="bbox 957 396 1464 426">
     <span class='ocr_line' id='line_1_77' title="bbox 957 396 1464 426; baseline 0 -4"><span class='ocrx_word' id='word_1_473' title='bbox 957 396 1044 422; x_wconf 91' lang='lat' dir='ltr'><strong>divina</strong></span> <span class='ocrx_word' id='word_1_474' title='bbox 1065 397 1146 422; x_wconf 87' lang='lat' dir='ltr'><strong>verba</strong></span> <span class='ocrx_word' id='word_1_475' title='bbox 1166 396 1218 422; x_wconf 87' lang='lat'><strong>335</strong></span> <span class='ocrx_word' id='word_1_476' title='bbox 1238 397 1271 422; x_wconf 83' lang='lat'><strong>87</strong></span> <span class='ocrx_word' id='word_1_477' title='bbox 1462 424 1464 426; x_wconf 54' lang='grc'><strong>,</strong></span> 
     </span>
    </p>

    <p class='ocr_par' dir='ltr' id='par_1_22' title="bbox 953 441 1596 1047">
     <span class='ocr_line' id='line_1_78' title="bbox 1010 441 1595 466; baseline 0 0"><span class='ocrx_word' id='word_1_478' title='bbox 1010 441 1162 466; x_wconf 73' lang='grc' dir='ltr'>ΙΝΗυΕωτΑε</span> <span class='ocrx_word' id='word_1_479' title='bbox 1175 455 1210 459; x_wconf 82' lang='lat'><strong>—-</strong></span> <span class='ocrx_word' id='word_1_480' title='bbox 1223 441 1430 466; x_wconf 83' lang='lat' dir='ltr'><strong>antonomastice</strong></span> <span class='ocrx_word' id='word_1_481' title='bbox 1450 441 1545 466; x_wconf 90' lang='lat' dir='ltr'><strong>dicitur</strong></span> <span class='ocrx_word' id='word_1_482' title='bbox 1558 447 1595 466; x_wconf 94' lang='lat' dir='ltr'><strong>er-</strong></span> 
     </span>
     <span class='ocr_line' id='line_1_79' title="bbox 956 484 1595 516; baseline 0 -6"><span class='ocrx_word' id='word_1_483' title='bbox 956 491 999 510; x_wconf 91' lang='lat' dir='ltr'><strong>ror</strong></span> <span class='ocrx_word' id='word_1_484' title='bbox 1019 485 1051 510; x_wconf 95' lang='lat' dir='ltr'><strong>Vl</strong></span> <span class='ocrx_word' id='word_1_485' title='bbox 1072 484 1122 510; x_wconf 90' lang='grc'><strong>490</strong></span> <span class='ocrx_word' id='word_1_486' title='bbox 1151 492 1177 510; x_wconf 90' lang='lat' dir='ltr'><strong>v.</strong></span> <span class='ocrx_word' id='word_1_487' title='bbox 1197 485 1231 510; x_wconf 88' lang='grc'><strong>24</strong></span> <span class='ocrx_word' id='word_1_488' title='bbox 1251 499 1284 503; x_wconf 83' lang='lat'><strong>--</strong></span> <span class='ocrx_word' id='word_1_489' title='bbox 1303 488 1342 510; x_wconf 86' lang='lat' dir='ltr'><strong>est</strong></span> <span class='ocrx_word' id='word_1_490' title='bbox 1367 488 1505 516; x_wconf 89' lang='lat' dir='ltr'><strong>peccatum</strong></span> <span class='ocrx_word' id='word_1_491' title='bbox 1525 488 1595 510; x_wconf 92' lang='lat' dir='ltr'><strong>anto·</strong></span> 
     </span>
     <span class='ocr_line' id='line_1_80' title="bbox 956 529 1595 555; baseline 0.002 -1"><span class='ocrx_word' id='word_1_492' title='bbox 956 529 1098 554; x_wconf 89' lang='lat' dir='ltr'><strong>nomastice</strong></span> <span class='ocrx_word' id='word_1_493' title='bbox 1118 529 1169 554; x_wconf 88' lang='grc'><strong>204</strong></span> <span class='ocrx_word' id='word_1_494' title='bbox 1190 536 1214 554; x_wconf 95' lang='lat' dir='ltr'><strong>v.</strong></span> <span class='ocrx_word' id='word_1_495' title='bbox 1234 530 1259 554; x_wconf 92' lang='grc'><strong>2.</strong></span> <span class='ocrx_word' id='word_1_496' title='bbox 1283 529 1332 554; x_wconf 89' lang='grc'><strong>458</strong></span> <span class='ocrx_word' id='word_1_497' title='bbox 1356 529 1386 554; x_wconf 88' lang='grc'><strong>18</strong></span> <span class='ocrx_word' id='word_1_498' title='bbox 1406 542 1441 548; x_wconf 91' lang='grc'><strong>-</strong></span> <span class='ocrx_word' id='word_1_499' title='bbox 1455 532 1494 554; x_wconf 85' lang='grc' dir='ltr'><strong>εει</strong></span> <span class='ocrx_word' id='word_1_500' title='bbox 1512 529 1539 554; x_wconf 87' lang='grc'><strong>111</strong></span> <span class='ocrx_word' id='word_1_501' title='bbox 1552 536 1595 555; x_wconf 88' lang='grc'><strong>00-</strong></span> 
     </span>
     <span class='ocr_line' id='line_1_81' title="bbox 956 573 1595 604; baseline 0 -6"><span class='ocrx_word' id='word_1_502' title='bbox 956 573 1072 604; x_wconf 89' lang='lat' dir='ltr'><strong>gnitione</strong></span> <span class='ocrx_word' id='word_1_503' title='bbox 1099 573 1142 598; x_wconf 92' lang='lat' dir='ltr'><strong>Vll</strong></span> <span class='ocrx_word' id='word_1_504' title='bbox 1172 573 1218 598; x_wconf 81' lang='grc'><strong>241</strong></span> <span class='ocrx_word' id='word_1_505' title='bbox 1251 573 1285 598; x_wconf 89' lang='grc'><strong>77</strong></span> <span class='ocrx_word' id='word_1_506' title='bbox 1305 587 1339 591; x_wconf 92' lang='grc'>-</span> <span class='ocrx_word' id='word_1_507' title='bbox 1358 576 1398 599; x_wconf 82' lang='grc' dir='ltr'><strong>εει</strong></span> <span class='ocrx_word' id='word_1_508' title='bbox 1422 573 1533 599; x_wconf 88' lang='lat' dir='ltr'><strong>caecitas</strong></span> <span class='ocrx_word' id='word_1_509' title='bbox 1561 573 1595 598; x_wconf 91' lang='lat' dir='ltr'><strong>Vl</strong></span> 
     </span>
     <span class='ocr_line' id='line_1_82' title="bbox 956 617 1595 649; baseline 0.002 -7"><span class='ocrx_word' id='word_1_510' title='bbox 956 617 1007 642; x_wconf 95' lang='grc'><strong>284</strong></span> <span class='ocrx_word' id='word_1_511' title='bbox 1027 618 1060 642; x_wconf 89' lang='grc'><strong>32</strong></span> <span class='ocrx_word' id='word_1_512' title='bbox 1080 631 1115 636; x_wconf 94' lang='grc'>-</span> <span class='ocrx_word' id='word_1_513' title='bbox 1134 620 1173 643; x_wconf 89' lang='grc' dir='ltr'><strong>εει</strong></span> <span class='ocrx_word' id='word_1_514' title='bbox 1186 618 1269 649; x_wconf 89' lang='lat' dir='ltr'><strong>frigus</strong></span> <span class='ocrx_word' id='word_1_515' title='bbox 1284 617 1334 643; x_wconf 87' lang='lat'><strong>483</strong></span> <span class='ocrx_word' id='word_1_516' title='bbox 1349 618 1382 643; x_wconf 83' lang='grc'><strong>32</strong></span> <span class='ocrx_word' id='word_1_517' title='bbox 1395 631 1430 636; x_wconf 96' lang='grc'><strong>-</strong></span> <span class='ocrx_word' id='word_1_518' title='bbox 1444 617 1595 643; x_wconf 84' lang='lat' dir='ltr'><strong>Excaecatio</strong></span> 
     </span>
     <span class='ocr_line' id='line_1_83' title="bbox 956 661 1595 687; baseline 0.002 -1"><span class='ocrx_word' id='word_1_519' title='bbox 956 661 1113 687; x_wconf 86' lang='lat' dir='ltr'><strong>infidelitatis</strong></span> <span class='ocrx_word' id='word_1_520' title='bbox 1132 662 1214 687; x_wconf 92' lang='lat' dir='ltr'><strong>oritur</strong></span> <span class='ocrx_word' id='word_1_521' title='bbox 1233 669 1263 687; x_wconf 78' lang='lat' dir='ltr'><strong>ex</strong></span> <span class='ocrx_word' id='word_1_522' title='bbox 1276 661 1414 687; x_wconf 83' lang='lat' dir='ltr'><strong>dilectione</strong></span> <span class='ocrx_word' id='word_1_523' title='bbox 1426 661 1595 687; x_wconf 87' lang='lat' dir='ltr'><strong>tenebrarum</strong></span> 
     </span>
     <span class='ocr_line' id='line_1_84' title="bbox 956 705 1596 738; baseline 0.002 -7"><span class='ocrx_word' id='word_1_524' title='bbox 956 705 1006 731; x_wconf 96' lang='grc'><strong>420</strong></span> <span class='ocrx_word' id='word_1_525' title='bbox 1027 706 1060 731; x_wconf 90' lang='grc'><strong>49</strong></span> <span class='ocrx_word' id='word_1_526' title='bbox 1080 720 1114 724; x_wconf 79' lang='lat'><strong>—</strong></span> <span class='ocrx_word' id='word_1_527' title='bbox 1134 705 1270 732; x_wconf 88' lang='lat' dir='ltr'><strong>Tenebrae</strong></span> <span class='ocrx_word' id='word_1_528' title='bbox 1290 706 1447 732; x_wconf 88' lang='lat' dir='ltr'><strong>infidelitatis</strong></span> <span class='ocrx_word' id='word_1_529' title='bbox 1466 706 1596 738; x_wconf 90' lang='lat' dir='ltr'><strong>periculo-</strong></span> 
     </span>
     <span class='ocr_line' id='line_1_85' title="bbox 955 749 1595 776; baseline 0.002 -1"><span class='ocrx_word' id='word_1_530' title='bbox 955 757 999 776; x_wconf 87' lang='lat' dir='ltr'><strong>sae</strong></span> <span class='ocrx_word' id='word_1_531' title='bbox 1018 749 1081 776; x_wconf 83' lang='lat' dir='ltr'><em>ibid.</em></span> <span class='ocrx_word' id='word_1_532' title='bbox 1099 764 1134 769; x_wconf 91' lang='lat'><strong>—</strong></span> <span class='ocrx_word' id='word_1_533' title='bbox 1152 750 1240 776; x_wconf 87' lang='lat' dir='ltr'><strong>reddit</strong></span> <span class='ocrx_word' id='word_1_534' title='bbox 1259 751 1350 776; x_wconf 88' lang='lat' dir='ltr'><strong>stultos</strong></span> <span class='ocrx_word' id='word_1_535' title='bbox 1373 751 1416 776; x_wconf 92' lang='lat' dir='ltr'><strong>Vll</strong></span> <span class='ocrx_word' id='word_1_536' title='bbox 1436 750 1483 776; x_wconf 90' lang='grc'><strong>244</strong></span> <span class='ocrx_word' id='word_1_537' title='bbox 1507 750 1540 776; x_wconf 92' lang='grc'><strong>77</strong></span> <span class='ocrx_word' id='word_1_538' title='bbox 1559 764 1595 770; x_wconf 90' lang='grc'>-</span> 
     </span>
     <span class='ocr_line' id='line_1_86' title="bbox 955 795 1595 826; baseline 0 -6"><span class='ocrx_word' id='word_1_539' title='bbox 955 795 1072 820; x_wconf 77' lang='lat' dir='ltr'><strong>{nfideles</strong></span> <span class='ocrx_word' id='word_1_540' title='bbox 1091 798 1153 820; x_wconf 88' lang='lat' dir='ltr'><strong>sunt</strong></span> <span class='ocrx_word' id='word_1_541' title='bbox 1172 795 1323 826; x_wconf 89' lang='lat' dir='ltr'><strong>insipientes</strong></span> <span class='ocrx_word' id='word_1_542' title='bbox 1344 796 1374 820; x_wconf 93' lang='lat' dir='ltr'><strong>Vl</strong></span> <span class='ocrx_word' id='word_1_543' title='bbox 1391 795 1440 820; x_wconf 93' lang='grc'><strong>499</strong></span> <span class='ocrx_word' id='word_1_544' title='bbox 1461 802 1488 820; x_wconf 86' lang='grc' dir='ltr'><strong>ν.</strong></span> <span class='ocrx_word' id='word_1_545' title='bbox 1508 795 1535 819; x_wconf 88' lang='grc'><strong>41</strong></span> <span class='ocrx_word' id='word_1_546' title='bbox 1561 809 1595 813; x_wconf 92' lang='lat'><strong>—-</strong></span> 
     </span>
     <span class='ocr_line' id='line_1_87' title="bbox 956 838 1595 871; baseline 0 -7"><span class='ocrx_word' id='word_1_547' title='bbox 956 839 1073 864; x_wconf 85' lang='lat' dir='ltr'><strong>lnfldeles</strong></span> <span class='ocrx_word' id='word_1_548' title='bbox 1092 846 1145 864; x_wconf 87' lang='lat' dir='ltr'><strong>non</strong></span> <span class='ocrx_word' id='word_1_549' title='bbox 1166 838 1262 864; x_wconf 88' lang='lat' dir='ltr'><strong>habent</strong></span> <span class='ocrx_word' id='word_1_550' title='bbox 1281 839 1367 870; x_wconf 90' lang='lat' dir='ltr'><strong>legem</strong></span> <span class='ocrx_word' id='word_1_551' title='bbox 1391 839 1529 871; x_wconf 86' lang='lat' dir='ltr'><strong>scriptam,</strong></span> <span class='ocrx_word' id='word_1_552' title='bbox 1550 840 1595 864; x_wconf 87' lang='lat' dir='ltr'><strong>ha-</strong></span> 
     </span>
     <span class='ocr_line' id='line_1_88' title="bbox 955 882 1595 915; baseline 0 -7"><span class='ocrx_word' id='word_1_553' title='bbox 955 882 1019 908; x_wconf 90' lang='lat' dir='ltr'><strong>bent</strong></span> <span class='ocrx_word' id='word_1_554' title='bbox 1038 886 1124 908; x_wconf 88' lang='lat' dir='ltr'><strong>tamen</strong></span> <span class='ocrx_word' id='word_1_555' title='bbox 1144 884 1231 914; x_wconf 86' lang='lat' dir='ltr'><strong>legem</strong></span> <span class='ocrx_word' id='word_1_556' title='bbox 1245 886 1354 908; x_wconf 88' lang='lat' dir='ltr'><strong>naturae</strong></span> <span class='ocrx_word' id='word_1_557' title='bbox 1368 883 1476 909; x_wconf 92' lang='lat' dir='ltr'><strong>interius</strong></span> <span class='ocrx_word' id='word_1_558' title='bbox 1487 883 1595 915; x_wconf 90' lang='lat' dir='ltr'><strong>impres·</strong></span> 
     </span>
     <span class='ocr_line' id='line_1_89' title="bbox 954 927 1596 953; baseline 0.002 -1"><span class='ocrx_word' id='word_1_559' title='bbox 954 934 1011 952; x_wconf 88' lang='lat' dir='ltr'><strong>sam</strong></span> <span class='ocrx_word' id='word_1_560' title='bbox 1032 928 1074 952; x_wconf 91' lang='lat' dir='ltr'><strong>Vll</strong></span> <span class='ocrx_word' id='word_1_561' title='bbox 1095 927 1147 952; x_wconf 87' lang='grc'><strong>484</strong></span> <span class='ocrx_word' id='word_1_562' title='bbox 1167 927 1200 952; x_wconf 90' lang='grc'><strong>34</strong></span> <span class='ocrx_word' id='word_1_563' title='bbox 1220 941 1255 945; x_wconf 82' lang='lat'><strong>—-</strong></span> <span class='ocrx_word' id='word_1_564' title='bbox 1274 934 1327 952; x_wconf 91' lang='lat' dir='ltr'><strong>non</strong></span> <span class='ocrx_word' id='word_1_565' title='bbox 1346 930 1384 952; x_wconf 90' lang='lat' dir='ltr'><strong>est</strong></span> <span class='ocrx_word' id='word_1_566' title='bbox 1398 927 1425 952; x_wconf 93' lang='lat' dir='ltr'><strong>in</strong></span> <span class='ocrx_word' id='word_1_567' title='bbox 1445 927 1541 953; x_wconf 87' lang='lat' dir='ltr'><strong>iudicio</strong></span> <span class='ocrx_word' id='word_1_568' title='bbox 1555 934 1596 953; x_wconf 88' lang='lat' dir='ltr'><strong>ae-</strong></span> 
     </span>
     <span class='ocr_line' id='line_1_90' title="bbox 953 970 1596 1001; baseline 0 -5"><span class='ocrx_word' id='word_1_569' title='bbox 953 971 1123 1001; x_wconf 88' lang='lat' dir='ltr'><strong>stimationis,</strong></span> <span class='ocrx_word' id='word_1_570' title='bbox 1151 971 1199 996; x_wconf 87' lang='lat' dir='ltr'><strong>sed</strong></span> <span class='ocrx_word' id='word_1_571' title='bbox 1230 971 1338 996; x_wconf 89' lang='lat' dir='ltr'><strong>rationis</strong></span> <span class='ocrx_word' id='word_1_572' title='bbox 1370 970 1540 997; x_wconf 84' lang='lat' dir='ltr'><strong>deliberantis</strong></span> <span class='ocrx_word' id='word_1_573' title='bbox 1569 974 1596 996; x_wconf 90' lang='lat' dir='ltr'><strong>et</strong></span> 
     </span>
     <span class='ocr_line' id='line_1_91' title="bbox 954 1014 1297 1047; baseline 0 -7"><span class='ocrx_word' id='word_1_574' title='bbox 954 1015 1110 1040; x_wconf 88' lang='lat' dir='ltr'><strong>conferentis</strong></span> <span class='ocrx_word' id='word_1_575' title='bbox 1130 1015 1163 1040; x_wconf 66' lang='lat' dir='ltr'><strong>&#39;fl</strong></span> <span class='ocrx_word' id='word_1_576' title='bbox 1182 1014 1216 1040; x_wconf 89' lang='grc'><strong>24</strong></span> <span class='ocrx_word' id='word_1_577' title='bbox 1236 1022 1262 1047; x_wconf 87' lang='lat' dir='ltr'><strong>q.</strong></span> <span class='ocrx_word' id='word_1_578' title='bbox 1282 1014 1297 1040; x_wconf 88' lang='grc'><strong>4</strong></span> 
     </span>
    </p>

    <p class='ocr_par' dir='ltr' id='par_1_23' title="bbox 952 1059 1596 1400">
     <span class='ocr_line' id='line_1_92' title="bbox 1007 1059 1594 1091; baseline 0 -7"><span class='ocrx_word' id='word_1_579' title='bbox 1007 1072 1043 1078; x_wconf 93' lang='lat'><em>-</em></span> <span class='ocrx_word' id='word_1_580' title='bbox 1061 1059 1175 1084; x_wconf 87' lang='lat' dir='ltr'><strong>Mundus</strong></span> <span class='ocrx_word' id='word_1_581' title='bbox 1193 1065 1288 1084; x_wconf 89' lang='lat' dir='ltr'><strong>caecus</strong></span> <span class='ocrx_word' id='word_1_582' title='bbox 1301 1061 1340 1084; x_wconf 89' lang='lat' dir='ltr'><strong>est</strong></span> <span class='ocrx_word' id='word_1_583' title='bbox 1357 1066 1404 1091; x_wconf 88' lang='lat' dir='ltr'><strong>per</strong></span> <span class='ocrx_word' id='word_1_584' title='bbox 1418 1059 1594 1084; x_wconf 80' lang='lat' dir='ltr'><strong>infidelitatem</strong></span> 
     </span>
     <span class='ocr_line' id='line_1_93' title="bbox 954 1102 1595 1135; baseline 0 -7"><span class='ocrx_word' id='word_1_585' title='bbox 954 1103 986 1128; x_wconf 92' lang='lat' dir='ltr'><strong>Vl</strong></span> <span class='ocrx_word' id='word_1_586' title='bbox 1007 1102 1052 1128; x_wconf 88' lang='grc'><strong>441</strong></span> <span class='ocrx_word' id='word_1_587' title='bbox 1078 1103 1111 1128; x_wconf 92' lang='grc'><strong>26</strong></span> <span class='ocrx_word' id='word_1_588' title='bbox 1131 1117 1166 1120; x_wconf 89' lang='grc'><strong>-</strong></span> <span class='ocrx_word' id='word_1_589' title='bbox 1185 1103 1212 1128; x_wconf 89' lang='lat' dir='ltr'><strong>in</strong></span> <span class='ocrx_word' id='word_1_590' title='bbox 1231 1103 1313 1128; x_wconf 89' lang='lat' dir='ltr'><strong>corde</strong></span> <span class='ocrx_word' id='word_1_591' title='bbox 1332 1104 1447 1128; x_wconf 90' lang='lat' dir='ltr'><strong>humano</strong></span> <span class='ocrx_word' id='word_1_592' title='bbox 1461 1102 1595 1135; x_wconf 84' lang='lat' dir='ltr'><strong>obcaecat,</strong></span> 
     </span>
     <span class='ocr_line' id='line_1_94' title="bbox 953 1147 1593 1179; baseline 0 -7"><span class='ocrx_word' id='word_1_593' title='bbox 953 1154 985 1173; x_wconf 91' lang='lat' dir='ltr'><strong>ne</strong></span> <span class='ocrx_word' id='word_1_594' title='bbox 1004 1150 1157 1179; x_wconf 88' lang='lat' dir='ltr'><strong>peccatores</strong></span> <span class='ocrx_word' id='word_1_595' title='bbox 1176 1150 1338 1179; x_wconf 79' lang='lat' dir='ltr'><strong>cognoscant</strong></span> <span class='ocrx_word' id='word_1_596' title='bbox 1356 1154 1420 1172; x_wconf 91' lang='lat' dir='ltr'><strong>vera</strong></span> <span class='ocrx_word' id='word_1_597' title='bbox 1440 1147 1491 1172; x_wconf 89' lang='grc'><strong>249</strong></span> <span class='ocrx_word' id='word_1_598' title='bbox 1513 1148 1545 1172; x_wconf 96' lang='grc'><strong>43</strong></span> <span class='ocrx_word' id='word_1_599' title='bbox 1560 1162 1593 1166; x_wconf 93' lang='grc'><strong>-</strong></span> 
     </span>
     <span class='ocr_line' id='line_1_95' title="bbox 953 1191 1593 1223; baseline 0.002 -7"><span class='ocrx_word' id='word_1_600' title='bbox 953 1192 1050 1217; x_wconf 85' lang='lat' dir='ltr'><strong>Oculus</strong></span> <span class='ocrx_word' id='word_1_601' title='bbox 1074 1191 1187 1217; x_wconf 90' lang='lat' dir='ltr'><strong>infidelis</strong></span> <span class='ocrx_word' id='word_1_602' title='bbox 1212 1194 1251 1217; x_wconf 88' lang='lat' dir='ltr'><strong>est</strong></span> <span class='ocrx_word' id='word_1_603' title='bbox 1278 1198 1372 1217; x_wconf 89' lang='lat' dir='ltr'><strong>caecus</strong></span> <span class='ocrx_word' id='word_1_604' title='bbox 1400 1194 1523 1223; x_wconf 88' lang='lat' dir='ltr'><strong>respectu</strong></span> <span class='ocrx_word' id='word_1_605' title='bbox 1547 1192 1593 1217; x_wconf 91' lang='lat' dir='ltr'><strong>Dei</strong></span> 
     </span>
     <span class='ocr_line' id='line_1_96' title="bbox 954 1236 1596 1268; baseline 0.002 -7"><span class='ocrx_word' id='word_1_606' title='bbox 954 1236 1005 1261; x_wconf 89' lang='grc'><strong>250</strong></span> <span class='ocrx_word' id='word_1_607' title='bbox 1026 1236 1058 1261; x_wconf 91' lang='grc'><strong>46</strong></span> <span class='ocrx_word' id='word_1_608' title='bbox 1078 1250 1114 1254; x_wconf 89' lang='lat'><strong>——-</strong></span> <span class='ocrx_word' id='word_1_609' title='bbox 1138 1236 1257 1261; x_wconf 78' lang='lat' dir='ltr'><strong>infideles</strong></span> <span class='ocrx_word' id='word_1_610' title='bbox 1285 1243 1338 1261; x_wconf 92' lang='lat' dir='ltr'><strong>non</strong></span> <span class='ocrx_word' id='word_1_611' title='bbox 1368 1236 1596 1268; x_wconf 84' lang='lat' dir='ltr'><strong>comprehendunt</strong></span> 
     </span>
     <span class='ocr_line' id='line_1_97' title="bbox 953 1280 1594 1312; baseline 0.002 -7"><span class='ocrx_word' id='word_1_612' title='bbox 953 1281 1038 1306; x_wconf 88' lang='lat' dir='ltr'><strong>Deum</strong></span> <span class='ocrx_word' id='word_1_613' title='bbox 1066 1287 1114 1312; x_wconf 87' lang='lat' dir='ltr'><strong>per</strong></span> <span class='ocrx_word' id='word_1_614' title='bbox 1138 1280 1199 1305; x_wconf 88' lang='lat' dir='ltr'><strong>fidei</strong></span> <span class='ocrx_word' id='word_1_615' title='bbox 1228 1283 1254 1305; x_wconf 93' lang='lat' dir='ltr'><strong>et</strong></span> <span class='ocrx_word' id='word_1_616' title='bbox 1282 1280 1379 1306; x_wconf 90' lang='lat' dir='ltr'><strong>amoris</strong></span> <span class='ocrx_word' id='word_1_617' title='bbox 1407 1280 1594 1306; x_wconf 82' lang='lat' dir='ltr'><strong>adhaesionem</strong></span> 
     </span>
     <span class='ocr_line' id='line_1_98' title="bbox 952 1323 1595 1356; baseline 0 -6"><span class='ocrx_word' id='word_1_618' title='bbox 952 1323 1014 1350; x_wconf 85' lang='lat' dir='ltr'><strong>ibid.</strong></span> <span class='ocrx_word' id='word_1_619' title='bbox 1035 1324 1063 1350; x_wconf 80' lang='lat'><strong>2*</strong></span> <span class='ocrx_word' id='word_1_620' title='bbox 1081 1338 1116 1343; x_wconf 98' lang='lat'><strong>—</strong></span> <span class='ocrx_word' id='word_1_621' title='bbox 1136 1324 1254 1350; x_wconf 80' lang='lat' dir='ltr'><strong>lnfldeles</strong></span> <span class='ocrx_word' id='word_1_622' title='bbox 1273 1327 1437 1356; x_wconf 88' lang='lat' dir='ltr'><strong>cognoscunt</strong></span> <span class='ocrx_word' id='word_1_623' title='bbox 1451 1325 1535 1350; x_wconf 90' lang='lat' dir='ltr'><strong>Deum</strong></span> <span class='ocrx_word' id='word_1_624' title='bbox 1555 1331 1595 1350; x_wconf 92' lang='lat' dir='ltr'><strong>co-</strong></span> 
     </span>
     <span class='ocr_line' id='line_1_99' title="bbox 953 1368 1430 1400; baseline 0 -6"><span class='ocrx_word' id='word_1_625' title='bbox 953 1368 1068 1400; x_wconf 88' lang='lat' dir='ltr'><strong>gnitione</strong></span> <span class='ocrx_word' id='word_1_626' title='bbox 1087 1368 1274 1394; x_wconf 87' lang='lat' dir='ltr'><strong>aestimationis</strong></span> <span class='ocrx_word' id='word_1_627' title='bbox 1293 1368 1345 1394; x_wconf 88' lang='lat'><strong>457</strong></span> <span class='ocrx_word' id='word_1_628' title='bbox 1365 1369 1380 1394; x_wconf 91' lang='grc'>8</span> <span class='ocrx_word' id='word_1_629' title='bbox 1401 1368 1430 1394; x_wconf 81' lang='grc'><strong>2*</strong></span> 
     </span>
    </p>

    <p class='ocr_par' dir='ltr' id='par_1_24' title="bbox 952 1412 1595 1887">
     <span class='ocr_line' id='line_1_100' title="bbox 1008 1412 1593 1445; baseline 0 -7"><span class='ocrx_word' id='word_1_630' title='bbox 1008 1426 1042 1431; x_wconf 84' lang='lat'><strong>--</strong></span> <span class='ocrx_word' id='word_1_631' title='bbox 1062 1413 1175 1438; x_wconf 81' lang='lat' dir='ltr'><strong>lnfidelis</strong></span> <span class='ocrx_word' id='word_1_632' title='bbox 1194 1416 1275 1444; x_wconf 87' lang='lat' dir='ltr'><strong>negat</strong></span> <span class='ocrx_word' id='word_1_633' title='bbox 1294 1412 1426 1439; x_wconf 83' lang='lat' dir='ltr'><strong>Christum</strong></span> <span class='ocrx_word' id='word_1_634' title='bbox 1456 1420 1503 1445; x_wconf 89' lang='lat' dir='ltr'><strong>per</strong></span> <span class='ocrx_word' id='word_1_635' title='bbox 1522 1420 1593 1439; x_wconf 90' lang='lat' dir='ltr'><strong>erro-</strong></span> 
     </span>
     <span class='ocr_line' id='line_1_101' title="bbox 953 1456 1592 1490; baseline 0.002 -8"><span class='ocrx_word' id='word_1_636' title='bbox 953 1464 1024 1488; x_wconf 90' lang='lat' dir='ltr'><strong>rem,</strong></span> <span class='ocrx_word' id='word_1_637' title='bbox 1044 1457 1105 1490; x_wconf 88' lang='lat' dir='ltr'><strong>quia</strong></span> <span class='ocrx_word' id='word_1_638' title='bbox 1134 1457 1233 1483; x_wconf 85' lang='lat' dir='ltr'><strong>recedit</strong></span> <span class='ocrx_word' id='word_1_639' title='bbox 1262 1464 1277 1482; x_wconf 92' lang='lat' dir='ltr'><strong>a</strong></span> <span class='ocrx_word' id='word_1_640' title='bbox 1305 1456 1531 1483; x_wconf 87' lang='lat' dir='ltr'><strong>Christo-veritate</strong></span> <span class='ocrx_word' id='word_1_641' title='bbox 1558 1458 1592 1483; x_wconf 91' lang='lat' dir='ltr'><strong>Vl</strong></span> 
     </span>
     <span class='ocr_line' id='line_1_102' title="bbox 953 1501 1595 1533; baseline 0 -6"><span class='ocrx_word' id='word_1_642' title='bbox 953 1502 1004 1527; x_wconf 87' lang='grc'><strong>643</strong></span> <span class='ocrx_word' id='word_1_643' title='bbox 1025 1502 1035 1526; x_wconf 89' lang='grc'><strong>4</strong></span> <span class='ocrx_word' id='word_1_644' title='bbox 1060 1515 1096 1520; x_wconf 86' lang='grc'><strong>-</strong></span> <span class='ocrx_word' id='word_1_645' title='bbox 1120 1501 1232 1527; x_wconf 83' lang='lat' dir='ltr'><strong>lnfldelis</strong></span> <span class='ocrx_word' id='word_1_646' title='bbox 1260 1504 1340 1533; x_wconf 87' lang='lat' dir='ltr'><strong>negat</strong></span> <span class='ocrx_word' id='word_1_647' title='bbox 1367 1502 1504 1527; x_wconf 87' lang='lat' dir='ltr'><strong>veritatem</strong></span> <span class='ocrx_word' id='word_1_648' title='bbox 1533 1501 1595 1528; x_wconf 89' lang='lat' dir='ltr'><strong>fidei</strong></span> 
     </span>
     <span class='ocr_line' id='line_1_103' title="bbox 952 1545 1594 1578; baseline 0.002 -7"><span class='ocrx_word' id='word_1_649' title='bbox 952 1553 1000 1578; x_wconf 92' lang='lat' dir='ltr'><strong>per</strong></span> <span class='ocrx_word' id='word_1_650' title='bbox 1018 1553 1135 1571; x_wconf 88' lang='lat' dir='ltr'><strong>errorem</strong></span> <span class='ocrx_word' id='word_1_651' title='bbox 1155 1546 1282 1578; x_wconf 75' lang='lat' dir='ltr'><strong>perfidiae</strong></span> <span class='ocrx_word' id='word_1_652' title='bbox 1302 1545 1336 1572; x_wconf 88' lang='lat' dir='ltr'><strong>ib.</strong></span> <span class='ocrx_word' id='word_1_653' title='bbox 1357 1553 1383 1571; x_wconf 86' lang='lat' dir='ltr'><strong>v.</strong></span> <span class='ocrx_word' id='word_1_654' title='bbox 1414 1546 1446 1571; x_wconf 91' lang='grc'><strong>47</strong></span> <span class='ocrx_word' id='word_1_655' title='bbox 1475 1561 1511 1564; x_wconf 91' lang='grc'><strong>-</strong></span> <span class='ocrx_word' id='word_1_656' title='bbox 1539 1546 1594 1572; x_wconf 82' lang='lat' dir='ltr'><strong>Infi-</strong></span> 
     </span>
     <span class='ocr_line' id='line_1_104' title="bbox 952 1586 1595 1622; baseline 0.002 -7"><span class='ocrx_word' id='word_1_657' title='bbox 952 1590 1051 1616; x_wconf 92' lang='lat' dir='ltr'><strong>delium</strong></span> <span class='ocrx_word' id='word_1_658' title='bbox 1071 1591 1147 1622; x_wconf 93' lang='lat' dir='ltr'><strong>culpa</strong></span> <span class='ocrx_word' id='word_1_659' title='bbox 1168 1590 1261 1616; x_wconf 88' lang='lat' dir='ltr'><strong>crescit</strong></span> <span class='ocrx_word' id='word_1_660' title='bbox 1279 1597 1309 1616; x_wconf 85' lang='lat' dir='ltr'><strong>ex</strong></span> <span class='ocrx_word' id='word_1_661' title='bbox 1323 1593 1475 1622; x_wconf 87' lang='lat' dir='ltr'><strong>contemptu</strong></span> <span class='ocrx_word' id='word_1_662' title='bbox 1489 1586 1595 1617; x_wconf 85' lang='lat' dir='ltr'><strong>divinae</strong></span> 
     </span>
     <span class='ocr_line' id='line_1_105' title="bbox 953 1635 1593 1667; baseline 0.002 -7"><span class='ocrx_word' id='word_1_663' title='bbox 953 1635 1052 1667; x_wconf 88' lang='lat' dir='ltr'><strong>gratiae</strong></span> <span class='ocrx_word' id='word_1_664' title='bbox 1072 1637 1097 1660; x_wconf 87' lang='lat' dir='ltr'><strong>et</strong></span> <span class='ocrx_word' id='word_1_665' title='bbox 1115 1635 1241 1666; x_wconf 87' lang='lat' dir='ltr'><strong>despectu</strong></span> <span class='ocrx_word' id='word_1_666' title='bbox 1255 1635 1415 1661; x_wconf 88' lang='lat' dir='ltr'><strong>auctoritatis</strong></span> <span class='ocrx_word' id='word_1_667' title='bbox 1435 1635 1593 1667; x_wconf 89' lang='lat' dir='ltr'><strong>apostolicae</strong></span> 
     </span>
     <span class='ocr_line' id='line_1_106' title="bbox 954 1678 1595 1710; baseline 0.002 -6"><span class='ocrx_word' id='word_1_668' title='bbox 954 1679 995 1704; x_wconf 92' lang='lat' dir='ltr'><strong>Vll</strong></span> <span class='ocrx_word' id='word_1_669' title='bbox 1015 1679 1066 1704; x_wconf 92' lang='grc'><strong>257</strong></span> <span class='ocrx_word' id='word_1_670' title='bbox 1088 1678 1130 1704; x_wconf 92' lang='grc'><strong>44.</strong></span> <span class='ocrx_word' id='word_1_671' title='bbox 1150 1679 1202 1704; x_wconf 91' lang='grc'><strong>258</strong></span> <span class='ocrx_word' id='word_1_672' title='bbox 1232 1679 1264 1704; x_wconf 94' lang='grc'><strong>49</strong></span> <span class='ocrx_word' id='word_1_673' title='bbox 1293 1693 1328 1698; x_wconf 94' lang='grc'><strong>-</strong></span> <span class='ocrx_word' id='word_1_674' title='bbox 1352 1680 1479 1710; x_wconf 84' lang='lat' dir='ltr'><strong>Egressus</strong></span> <span class='ocrx_word' id='word_1_675' title='bbox 1498 1679 1531 1705; x_wconf 90' lang='lat' dir='ltr'><strong>de</strong></span> <span class='ocrx_word' id='word_1_676' title='bbox 1550 1680 1595 1705; x_wconf 88' lang='lat' dir='ltr'><strong>Ec-</strong></span> 
     </span>
     <span class='ocr_line' id='line_1_107' title="bbox 952 1723 1595 1755; baseline 0.002 -7"><span class='ocrx_word' id='word_1_677' title='bbox 952 1723 1030 1749; x_wconf 89' lang='lat' dir='ltr'><strong>clesia</strong></span> <span class='ocrx_word' id='word_1_678' title='bbox 1050 1726 1089 1749; x_wconf 92' lang='lat' dir='ltr'><strong>est</strong></span> <span class='ocrx_word' id='word_1_679' title='bbox 1107 1730 1154 1755; x_wconf 90' lang='lat' dir='ltr'><strong>per</strong></span> <span class='ocrx_word' id='word_1_680' title='bbox 1173 1723 1351 1749; x_wconf 77' lang='lat' dir='ltr'><strong>infidelitatem</strong></span> <span class='ocrx_word' id='word_1_681' title='bbox 1380 1724 1413 1749; x_wconf 91' lang='lat' dir='ltr'><strong>Vl</strong></span> <span class='ocrx_word' id='word_1_682' title='bbox 1433 1724 1484 1749; x_wconf 83' lang='lat'>386</span> <span class='ocrx_word' id='word_1_683' title='bbox 1507 1724 1540 1749; x_wconf 88' lang='grc'><strong>45</strong></span> <span class='ocrx_word' id='word_1_684' title='bbox 1559 1738 1595 1742; x_wconf 90' lang='lat'><strong>——</strong></span> 
     </span>
     <span class='ocr_line' id='line_1_108' title="bbox 953 1767 1594 1800; baseline 0.002 -8"><span class='ocrx_word' id='word_1_685' title='bbox 953 1768 1021 1793; x_wconf 86' lang='lat' dir='ltr'><strong>circa</strong></span> <span class='ocrx_word' id='word_1_686' title='bbox 1041 1767 1149 1793; x_wconf 89' lang='lat' dir='ltr'><strong>minima</strong></span> <span class='ocrx_word' id='word_1_687' title='bbox 1169 1767 1346 1793; x_wconf 84' lang='lat' dir='ltr'><strong>infidelitatem</strong></span> <span class='ocrx_word' id='word_1_688' title='bbox 1367 1767 1442 1800; x_wconf 90' lang='lat' dir='ltr'><strong>ponit</strong></span> <span class='ocrx_word' id='word_1_689' title='bbox 1460 1768 1528 1793; x_wconf 89' lang='lat' dir='ltr'><strong>circa</strong></span> <span class='ocrx_word' id='word_1_690' title='bbox 1542 1775 1594 1793; x_wconf 89' lang='lat' dir='ltr'><strong>ma-</strong></span> 
     </span>
     <span class='ocr_line' id='line_1_109' title="bbox 952 1811 1593 1844; baseline 0.002 -7"><span class='ocrx_word' id='word_1_691' title='bbox 952 1812 1008 1837; x_wconf 91' lang='lat' dir='ltr'><strong>iora</strong></span> <span class='ocrx_word' id='word_1_692' title='bbox 1027 1812 1070 1837; x_wconf 90' lang='lat' dir='ltr'><strong>Vll</strong></span> <span class='ocrx_word' id='word_1_693' title='bbox 1091 1812 1142 1836; x_wconf 88' lang='lat'><strong>409</strong></span> <span class='ocrx_word' id='word_1_694' title='bbox 1163 1811 1195 1837; x_wconf 87' lang='grc'><strong>47</strong></span> <span class='ocrx_word' id='word_1_695' title='bbox 1214 1826 1249 1829; x_wconf 84' lang='grc'>-</span> <span class='ocrx_word' id='word_1_696' title='bbox 1268 1812 1427 1838; x_wconf 88' lang='lat' dir='ltr'><strong>lnfidelitatis</strong></span> <span class='ocrx_word' id='word_1_697' title='bbox 1446 1812 1593 1844; x_wconf 90' lang='lat' dir='ltr'><strong>periculum</strong></span> 
     </span>
     <span class='ocr_line' id='line_1_110' title="bbox 953 1855 1227 1887; baseline 0 -6"><span class='ocrx_word' id='word_1_698' title='bbox 953 1858 992 1881; x_wconf 90' lang='lat' dir='ltr'><strong>est</strong></span> <span class='ocrx_word' id='word_1_699' title='bbox 1010 1856 1036 1880; x_wconf 91' lang='lat' dir='ltr'><strong>in</strong></span> <span class='ocrx_word' id='word_1_700' title='bbox 1056 1856 1147 1887; x_wconf 86' lang='lat' dir='ltr'><strong>parvis</strong></span> <span class='ocrx_word' id='word_1_701' title='bbox 1166 1855 1227 1881; x_wconf 88' lang='lat' dir='ltr'><strong>ibid.</strong></span> 
     </span>
    </p>

    <p class='ocr_par' dir='ltr' id='par_1_25' title="bbox 950 1900 1594 2287">
     <span class='ocr_line' id='line_1_111' title="bbox 1007 1900 1593 1932; baseline 0 -7"><span class='ocrx_word' id='word_1_702' title='bbox 1007 1914 1042 1919; x_wconf 92' lang='lat'>—</span> <span class='ocrx_word' id='word_1_703' title='bbox 1062 1901 1169 1932; x_wconf 83' lang='lat' dir='ltr'><strong>Propter</strong></span> <span class='ocrx_word' id='word_1_704' title='bbox 1189 1900 1366 1926; x_wconf 80' lang='lat' dir='ltr'><strong>infidelitatem</strong></span> <span class='ocrx_word' id='word_1_705' title='bbox 1396 1901 1511 1926; x_wconf 89' lang='lat' dir='ltr'><strong>muudus</strong></span> <span class='ocrx_word' id='word_1_706' title='bbox 1529 1901 1593 1927; x_wconf 87' lang='lat' dir='ltr'><strong>deti-</strong></span> 
     </span>
     <span class='ocr_line' id='line_1_112' title="bbox 952 1943 1593 1971; baseline 0.002 -1"><span class='ocrx_word' id='word_1_707' title='bbox 952 1943 1065 1970; x_wconf 86' lang='lat' dir='ltr'><strong>nebatur</strong></span> <span class='ocrx_word' id='word_1_708' title='bbox 1084 1951 1099 1969; x_wconf 88' lang='lat' dir='ltr'><strong>a</strong></span> <span class='ocrx_word' id='word_1_709' title='bbox 1119 1944 1224 1970; x_wconf 89' lang='lat' dir='ltr'><strong>diabolo</strong></span> <span class='ocrx_word' id='word_1_710' title='bbox 1244 1945 1276 1970; x_wconf 92' lang='lat' dir='ltr'><strong>Vl</strong></span> <span class='ocrx_word' id='word_1_711' title='bbox 1298 1944 1348 1970; x_wconf 85' lang='lat'><strong>458</strong></span> <span class='ocrx_word' id='word_1_712' title='bbox 1370 1945 1402 1970; x_wconf 90' lang='grc'><strong>48</strong></span> <span class='ocrx_word' id='word_1_713' title='bbox 1421 1959 1457 1964; x_wconf 89' lang='grc'><strong>-</strong></span> <span class='ocrx_word' id='word_1_714' title='bbox 1477 1945 1593 1971; x_wconf 82' lang='lat' dir='ltr'><strong>invenie-</strong></span> 
     </span>
     <span class='ocr_line' id='line_1_113' title="bbox 952 1989 1592 2021; baseline 0.003 -7"><span class='ocrx_word' id='word_1_715' title='bbox 952 1992 994 2014; x_wconf 86' lang='lat' dir='ltr'><strong>tur</strong></span> <span class='ocrx_word' id='word_1_716' title='bbox 1012 1989 1038 2014; x_wconf 87' lang='lat' dir='ltr'><strong>in</strong></span> <span class='ocrx_word' id='word_1_717' title='bbox 1058 1992 1125 2014; x_wconf 92' lang='lat' dir='ltr'><strong>terra</strong></span> <span class='ocrx_word' id='word_1_718' title='bbox 1146 1992 1265 2021; x_wconf 87' lang='lat' dir='ltr'><strong>tempore</strong></span> <span class='ocrx_word' id='word_1_719' title='bbox 1284 1989 1374 2015; x_wconf 90' lang='lat' dir='ltr'><strong>iudicii</strong></span> <span class='ocrx_word' id='word_1_720' title='bbox 1388 1990 1470 2016; x_wconf 87' lang='lat' dir='ltr'><strong>finalis</strong></span> <span class='ocrx_word' id='word_1_721' title='bbox 1484 1990 1592 2016; x_wconf 80' lang='lat' dir='ltr'>V11452</span> 
     </span>
     <span class='ocr_line' id='line_1_114' title="bbox 952 2033 1593 2065; baseline 0.003 -7"><span class='ocrx_word' id='word_1_722' title='bbox 952 2033 985 2058; x_wconf 91' lang='grc'><strong>42</strong></span> <span class='ocrx_word' id='word_1_723' title='bbox 1004 2047 1040 2052; x_wconf 94' lang='grc'>-</span> <span class='ocrx_word' id='word_1_724' title='bbox 1058 2033 1151 2059; x_wconf 91' lang='lat' dir='ltr'><strong>mundi</strong></span> <span class='ocrx_word' id='word_1_725' title='bbox 1175 2034 1296 2065; x_wconf 79' lang='lat' dir='ltr'><strong>arguitur</strong></span> <span class='ocrx_word' id='word_1_726' title='bbox 1319 2041 1334 2059; x_wconf 94' lang='lat' dir='ltr'><strong>a</strong></span> <span class='ocrx_word' id='word_1_727' title='bbox 1357 2033 1460 2060; x_wconf 90' lang='lat' dir='ltr'><strong>Christo</strong></span> <span class='ocrx_word' id='word_1_728' title='bbox 1486 2035 1519 2059; x_wconf 89' lang='lat' dir='ltr'><strong>Vl</strong></span> <span class='ocrx_word' id='word_1_729' title='bbox 1542 2034 1593 2061; x_wconf 87' lang='lat'><strong>454</strong></span> 
     </span>
     <span class='ocr_line' id='line_1_115' title="bbox 952 2077 1594 2109; baseline 0.003 -6"><span class='ocrx_word' id='word_1_730' title='bbox 952 2078 995 2103; x_wconf 86' lang='lat'>39.</span> <span class='ocrx_word' id='word_1_731' title='bbox 1014 2077 1065 2103; x_wconf 88' lang='grc'><strong>458</strong></span> <span class='ocrx_word' id='word_1_732' title='bbox 1086 2079 1128 2109; x_wconf 81' lang='grc'><strong>45,</strong></span> <span class='ocrx_word' id='word_1_733' title='bbox 1147 2078 1180 2103; x_wconf 91' lang='grc'><strong>48</strong></span> <span class='ocrx_word' id='word_1_734' title='bbox 1199 2092 1235 2097; x_wconf 94' lang='grc'>-</span> <span class='ocrx_word' id='word_1_735' title='bbox 1253 2078 1369 2104; x_wconf 87' lang='lat' dir='ltr'><strong>Caecitas</strong></span> <span class='ocrx_word' id='word_1_736' title='bbox 1384 2078 1542 2105; x_wconf 81' lang='lat' dir='ltr'><strong>infidelitatis</strong></span> <span class='ocrx_word' id='word_1_737' title='bbox 1554 2083 1594 2105; x_wconf 87' lang='lat' dir='ltr'><strong>est</strong></span> 
     </span>
     <span class='ocr_line' id='line_1_116' title="bbox 950 2122 1593 2155; baseline 0.002 -7"><span class='ocrx_word' id='word_1_738' title='bbox 950 2128 1029 2148; x_wconf 89' lang='lat' dir='ltr'><strong>causa</strong></span> <span class='ocrx_word' id='word_1_739' title='bbox 1057 2123 1249 2155; x_wconf 83' lang='lat' dir='ltr'><strong>persecutionis</strong></span> <span class='ocrx_word' id='word_1_740' title='bbox 1276 2122 1408 2149; x_wconf 81' lang='lat' dir='ltr'><strong>bonorum</strong></span> <span class='ocrx_word' id='word_1_741' title='bbox 1434 2123 1485 2149; x_wconf 90' lang='grc'><strong>454</strong></span> <span class='ocrx_word' id='word_1_742' title='bbox 1505 2123 1539 2149; x_wconf 88' lang='grc'><strong>34</strong></span> <span class='ocrx_word' id='word_1_743' title='bbox 1557 2137 1593 2143; x_wconf 90' lang='grc'>-</span> 
     </span>
     <span class='ocr_line' id='line_1_117' title="bbox 950 2167 1592 2200; baseline 0.002 -8"><span class='ocrx_word' id='word_1_744' title='bbox 950 2173 1019 2200; x_wconf 86' lang='lat' dir='ltr'><strong>quae</strong></span> <span class='ocrx_word' id='word_1_745' title='bbox 1037 2174 1089 2192; x_wconf 92' lang='lat' dir='ltr'><strong>non</strong></span> <span class='ocrx_word' id='word_1_746' title='bbox 1108 2170 1147 2193; x_wconf 88' lang='lat' dir='ltr'><strong>est</strong></span> <span class='ocrx_word' id='word_1_747' title='bbox 1165 2174 1196 2193; x_wconf 89' lang='lat' dir='ltr'><strong>ex</strong></span> <span class='ocrx_word' id='word_1_748' title='bbox 1215 2167 1379 2199; x_wconf 83' lang='lat' dir='ltr'><strong>ignorantia,</strong></span> <span class='ocrx_word' id='word_1_749' title='bbox 1398 2168 1444 2193; x_wconf 88' lang='lat' dir='ltr'><strong>sed</strong></span> <span class='ocrx_word' id='word_1_750' title='bbox 1464 2175 1495 2193; x_wconf 86' lang='lat' dir='ltr'><strong>ex</strong></span> <span class='ocrx_word' id='word_1_751' title='bbox 1520 2168 1592 2199; x_wconf 90' lang='lat' dir='ltr'><strong>odio,</strong></span> 
     </span>
     <span class='ocr_line' id='line_1_118' title="bbox 950 2211 1592 2244; baseline 0 -8"><span class='ocrx_word' id='word_1_752' title='bbox 950 2218 1001 2236; x_wconf 91' lang='lat' dir='ltr'><strong>non</strong></span> <span class='ocrx_word' id='word_1_753' title='bbox 1026 2214 1066 2237; x_wconf 86' lang='lat' dir='ltr'><strong>est</strong></span> <span class='ocrx_word' id='word_1_754' title='bbox 1093 2211 1249 2237; x_wconf 87' lang='lat' dir='ltr'><strong>excusabilis</strong></span> <span class='ocrx_word' id='word_1_755' title='bbox 1273 2211 1307 2238; x_wconf 89' lang='lat' dir='ltr'><strong>ib.</strong></span> <span class='ocrx_word' id='word_1_756' title='bbox 1342 2212 1389 2244; x_wconf 89' lang='lat'><strong>35,</strong></span> <span class='ocrx_word' id='word_1_757' title='bbox 1419 2212 1465 2244; x_wconf 87' lang='lat'><strong>36,</strong></span> <span class='ocrx_word' id='word_1_758' title='bbox 1495 2212 1528 2237; x_wconf 90' lang='grc'><strong>37</strong></span> <span class='ocrx_word' id='word_1_759' title='bbox 1556 2226 1592 2231; x_wconf 94' lang='grc'>-</span> 
     </span>
     <span class='ocr_line' id='line_1_119' title="bbox 950 2255 1403 2287; baseline 0.002 -7"><span class='ocrx_word' id='word_1_760' title='bbox 950 2262 1046 2287; x_wconf 89' lang='lat' dir='ltr'><strong>magna</strong></span> <span class='ocrx_word' id='word_1_761' title='bbox 1066 2262 1152 2287; x_wconf 91' lang='lat' dir='ltr'><strong>poena</strong></span> <span class='ocrx_word' id='word_1_762' title='bbox 1171 2258 1210 2281; x_wconf 84' lang='lat' dir='ltr'><strong>est</strong></span> <span class='ocrx_word' id='word_1_763' title='bbox 1228 2255 1278 2281; x_wconf 90' lang='lat' dir='ltr'><strong>sibi</strong></span> <span class='ocrx_word' id='word_1_764' title='bbox 1297 2255 1349 2281; x_wconf 87' lang='grc'><strong>284</strong></span> <span class='ocrx_word' id='word_1_765' title='bbox 1370 2256 1403 2281; x_wconf 90' lang='grc'><strong>36</strong></span> 
     </span>
    </p>

    <p class='ocr_par' dir='ltr' id='par_1_26' title="bbox 948 2300 1592 2643">
     <span class='ocr_line' id='line_1_120' title="bbox 1003 2300 1591 2332; baseline 0.002 -7"><span class='ocrx_word' id='word_1_766' title='bbox 1003 2314 1038 2318; x_wconf 69' lang='lat'>—</span> <span class='ocrx_word' id='word_1_767' title='bbox 1070 2307 1100 2326; x_wconf 91' lang='lat' dir='ltr'><strong>ex</strong></span> <span class='ocrx_word' id='word_1_768' title='bbox 1132 2303 1212 2332; x_wconf 50' lang='lat' dir='ltr'><strong>parte.</strong></span> <span class='ocrx_word' id='word_1_769' title='bbox 1238 2300 1399 2326; x_wconf 87' lang='lat' dir='ltr'><strong>rationabilis</strong></span> <span class='ocrx_word' id='word_1_770' title='bbox 1423 2303 1462 2326; x_wconf 91' lang='lat' dir='ltr'><strong>est</strong></span> <span class='ocrx_word' id='word_1_771' title='bbox 1490 2300 1591 2327; x_wconf 89' lang='lat' dir='ltr'><strong>initium</strong></span> 
     </span>
     <span class='ocr_line' id='line_1_121' title="bbox 950 2344 1592 2381; baseline 0.002 -12"><span class='ocrx_word' id='word_1_772' title='bbox 950 2344 1070 2370; x_wconf 91' lang='lat' dir='ltr'><strong>omnium</strong></span> <span class='ocrx_word' id='word_1_773' title='bbox 1091 2348 1260 2376; x_wconf 89' lang='lat' dir='ltr'><strong>peccatorum</strong></span> <span class='ocrx_word' id='word_1_774' title='bbox 1282 2345 1313 2370; x_wconf 84' lang='lat' dir='ltr'><strong>vt</strong></span> <span class='ocrx_word' id='word_1_775' title='bbox 1335 2345 1385 2370; x_wconf 92' lang='grc'><strong>203</strong></span> <span class='ocrx_word' id='word_1_776' title='bbox 1405 2352 1433 2381; x_wconf 38' lang='grc' dir='ltr'><strong>ν’.</strong></span> <span class='ocrx_word' id='word_1_777' title='bbox 1452 2345 1484 2370; x_wconf 88' lang='grc'><strong>27</strong></span> <span class='ocrx_word' id='word_1_778' title='bbox 1499 2359 1534 2363; x_wconf 94' lang='grc'><strong>-</strong></span> <span class='ocrx_word' id='word_1_779' title='bbox 1552 2348 1592 2371; x_wconf 83' lang='grc' dir='ltr'><strong>εει</strong></span> 
     </span>
     <span class='ocr_line' id='line_1_122' title="bbox 949 2389 1590 2421; baseline 0.002 -7"><span class='ocrx_word' id='word_1_780' title='bbox 949 2389 1024 2420; x_wconf 90' lang='lat' dir='ltr'><strong>origo</strong></span> <span class='ocrx_word' id='word_1_781' title='bbox 1056 2389 1240 2414; x_wconf 89' lang='lat' dir='ltr'><strong>destructionis</strong></span> <span class='ocrx_word' id='word_1_782' title='bbox 1268 2389 1386 2414; x_wconf 88' lang='lat' dir='ltr'><strong>omnium</strong></span> <span class='ocrx_word' id='word_1_783' title='bbox 1415 2389 1590 2421; x_wconf 87' lang='lat' dir='ltr'><strong>spiritualium</strong></span> 
     </span>
     <span class='ocr_line' id='line_1_123' title="bbox 948 2433 1591 2460; baseline 0.002 -2"><span class='ocrx_word' id='word_1_784' title='bbox 948 2433 1128 2458; x_wconf 81' lang='lat' dir='ltr'><strong>aedificiorum</strong></span> <span class='ocrx_word' id='word_1_785' title='bbox 1148 2433 1191 2458; x_wconf 91' lang='lat' dir='ltr'><strong>Vll</strong></span> <span class='ocrx_word' id='word_1_786' title='bbox 1213 2433 1263 2458; x_wconf 90' lang='lat'><strong>498</strong></span> <span class='ocrx_word' id='word_1_787' title='bbox 1284 2433 1317 2458; x_wconf 89' lang='grc'><strong>69</strong></span> <span class='ocrx_word' id='word_1_788' title='bbox 1336 2447 1372 2452; x_wconf 95' lang='grc'><strong>-</strong></span> <span class='ocrx_word' id='word_1_789' title='bbox 1390 2433 1461 2459; x_wconf 90' lang='lat' dir='ltr'><strong>Deus</strong></span> <span class='ocrx_word' id='word_1_790' title='bbox 1475 2433 1591 2460; x_wconf 85' lang='lat' dir='ltr'><strong>infideles</strong></span> 
     </span>
     <span class='ocr_line' id='line_1_124' title="bbox 950 2477 1591 2510; baseline 0.003 -8"><span class='ocrx_word' id='word_1_791' title='bbox 950 2477 1041 2502; x_wconf 86' lang='lat' dir='ltr'><strong>merito</strong></span> <span class='ocrx_word' id='word_1_792' title='bbox 1071 2477 1237 2510; x_wconf 84' lang='lat' dir='ltr'><strong>iniquitatum</strong></span> <span class='ocrx_word' id='word_1_793' title='bbox 1267 2484 1375 2503; x_wconf 91' lang='lat' dir='ltr'><strong>suarum</strong></span> <span class='ocrx_word' id='word_1_794' title='bbox 1403 2478 1529 2503; x_wconf 90' lang='lat' dir='ltr'><strong>audacter</strong></span> <span class='ocrx_word' id='word_1_795' title='bbox 1556 2478 1591 2504; x_wconf 88' lang='lat' dir='ltr'><strong>ad</strong></span> 
     </span>
     <span class='ocr_line' id='line_1_125' title="bbox 948 2522 1590 2553; baseline 0.003 -7"><span class='ocrx_word' id='word_1_796' title='bbox 948 2528 1061 2553; x_wconf 89' lang='lat' dir='ltr'><strong>poenam</strong></span> <span class='ocrx_word' id='word_1_797' title='bbox 1081 2522 1153 2547; x_wconf 88' lang='lat' dir='ltr'><strong>ducit</strong></span> <span class='ocrx_word' id='word_1_798' title='bbox 1174 2522 1205 2547; x_wconf 90' lang='lat' dir='ltr'><strong>VI</strong></span> <span class='ocrx_word' id='word_1_799' title='bbox 1229 2522 1276 2547; x_wconf 90' lang='grc'>188</span> <span class='ocrx_word' id='word_1_800' title='bbox 1303 2529 1329 2548; x_wconf 91' lang='lat' dir='ltr'><strong>v.</strong></span> <span class='ocrx_word' id='word_1_801' title='bbox 1359 2522 1391 2547; x_wconf 83' lang='grc'><strong>17</strong></span> <span class='ocrx_word' id='word_1_802' title='bbox 1413 2536 1448 2540; x_wconf 85' lang='grc'>-</span> <span class='ocrx_word' id='word_1_803' title='bbox 1471 2522 1590 2548; x_wconf 86' lang='lat' dir='ltr'><strong>lnfideles</strong></span> 
     </span>
     <span class='ocr_line' id='line_1_126' title="bbox 948 2565 1589 2598; baseline 0.002 -7"><span class='ocrx_word' id='word_1_804' title='bbox 948 2573 1000 2591; x_wconf 92' lang='lat' dir='ltr'><strong>non</strong></span> <span class='ocrx_word' id='word_1_805' title='bbox 1020 2565 1155 2592; x_wconf 89' lang='lat' dir='ltr'><strong>habebunt</strong></span> <span class='ocrx_word' id='word_1_806' title='bbox 1174 2566 1298 2598; x_wconf 88' lang='lat' dir='ltr'><strong>gloriam,</strong></span> <span class='ocrx_word' id='word_1_807' title='bbox 1328 2566 1375 2592; x_wconf 91' lang='lat' dir='ltr'><strong>sed</strong></span> <span class='ocrx_word' id='word_1_808' title='bbox 1395 2573 1508 2598; x_wconf 90' lang='lat' dir='ltr'><strong>poenam</strong></span> <span class='ocrx_word' id='word_1_809' title='bbox 1538 2567 1589 2593; x_wconf 90' lang='grc'><strong>288</strong></span> 
     </span>
     <span class='ocr_line' id='line_1_127' title="bbox 948 2610 1566 2643; baseline 0.002 -8"><span class='ocrx_word' id='word_1_810' title='bbox 948 2610 982 2635; x_wconf 91' lang='grc'>59</span> <span class='ocrx_word' id='word_1_811' title='bbox 1001 2625 1036 2628; x_wconf 91' lang='grc'><strong>-</strong></span> <span class='ocrx_word' id='word_1_812' title='bbox 1056 2611 1174 2636; x_wconf 88' lang='lat' dir='ltr'><strong>lnfldeles</strong></span> <span class='ocrx_word' id='word_1_813' title='bbox 1194 2611 1352 2636; x_wconf 86' lang='lat' dir='ltr'><strong>damnantur</strong></span> <span class='ocrx_word' id='word_1_814' title='bbox 1371 2611 1423 2636; x_wconf 87' lang='lat'><strong>456</strong></span> <span class='ocrx_word' id='word_1_815' title='bbox 1443 2612 1458 2636; x_wconf 90' lang='lat'>6</span> <span class='ocrx_word' id='word_1_816' title='bbox 1479 2618 1536 2643; x_wconf 85' lang='lat' dir='ltr'><strong>arg.</strong></span> <span class='ocrx_word' id='word_1_817' title='bbox 1556 2612 1566 2636; x_wconf 96' lang='grc'><strong>4</strong></span> 
     </span>
    </p>

    <p class='ocr_par' dir='ltr' id='par_1_27' title="bbox 948 2655 1589 2901">
     <span class='ocr_line' id='line_1_128' title="bbox 1001 2655 1589 2681; baseline 0.002 -1"><span class='ocrx_word' id='word_1_818' title='bbox 1001 2668 1036 2673; x_wconf 93' lang='grc'>-</span> <span class='ocrx_word' id='word_1_819' title='bbox 1055 2655 1176 2680; x_wconf 83' lang='lat' dir='ltr'><strong>lnfldeles</strong></span> <span class='ocrx_word' id='word_1_820' title='bbox 1195 2655 1382 2681; x_wconf 89' lang='lat' dir='ltr'><strong>iudicabuntur</strong></span> <span class='ocrx_word' id='word_1_821' title='bbox 1395 2655 1543 2681; x_wconf 89' lang='lat' dir='ltr'><strong>secundum</strong></span> <span class='ocrx_word' id='word_1_822' title='bbox 1558 2656 1589 2681; x_wconf 94' lang='lat' dir='ltr'><strong>le-</strong></span> 
     </span>
     <span class='ocr_line' id='line_1_129' title="bbox 949 2699 1589 2730; baseline 0.002 -6"><span class='ocrx_word' id='word_1_823' title='bbox 949 2706 1009 2730; x_wconf 86' lang='lat' dir='ltr'><strong>gem</strong></span> <span class='ocrx_word' id='word_1_824' title='bbox 1038 2700 1182 2724; x_wconf 88' lang='lat' dir='ltr'><strong>naturalem</strong></span> <span class='ocrx_word' id='word_1_825' title='bbox 1211 2699 1254 2724; x_wconf 90' lang='lat' dir='ltr'><strong>VlI</strong></span> <span class='ocrx_word' id='word_1_826' title='bbox 1283 2699 1334 2724; x_wconf 87' lang='lat'><strong>484</strong></span> <span class='ocrx_word' id='word_1_827' title='bbox 1363 2699 1396 2725; x_wconf 87' lang='lat'><strong>34</strong></span> <span class='ocrx_word' id='word_1_828' title='bbox 1416 2714 1451 2718; x_wconf 89' lang='lat'><strong>—</strong></span> <span class='ocrx_word' id='word_1_829' title='bbox 1470 2700 1589 2726; x_wconf 88' lang='lat' dir='ltr'><strong>infideles</strong></span> 
     </span>
     <span class='ocr_line' id='line_1_130' title="bbox 948 2742 1585 2774; baseline 0.003 -7"><span class='ocrx_word' id='word_1_830' title='bbox 948 2742 1097 2768; x_wconf 90' lang='lat' dir='ltr'><strong>iudicantur</strong></span> <span class='ocrx_word' id='word_1_831' title='bbox 1121 2749 1168 2774; x_wconf 90' lang='lat' dir='ltr'><strong>per</strong></span> <span class='ocrx_word' id='word_1_832' title='bbox 1197 2743 1406 2768; x_wconf 85' lang='lat' dir='ltr'><strong>excaecationem</strong></span> <span class='ocrx_word' id='word_1_833' title='bbox 1428 2743 1460 2769; x_wconf 88' lang='lat' dir='ltr'><strong>Vt</strong></span> <span class='ocrx_word' id='word_1_834' title='bbox 1481 2743 1532 2769; x_wconf 88' lang='grc'><strong>284</strong></span> <span class='ocrx_word' id='word_1_835' title='bbox 1552 2744 1585 2769; x_wconf 87' lang='grc'><strong>36</strong></span> 
     </span>
     <span class='ocr_line' id='line_1_131' title="bbox 948 2786 1588 2813; baseline 0.003 -2"><span class='ocrx_word' id='word_1_836' title='bbox 948 2801 982 2804; x_wconf 84' lang='lat'><strong>--</strong></span> <span class='ocrx_word' id='word_1_837' title='bbox 1003 2786 1121 2811; x_wconf 90' lang='lat' dir='ltr'><strong>lnfldeles</strong></span> <span class='ocrx_word' id='word_1_838' title='bbox 1139 2793 1193 2812; x_wconf 92' lang='lat' dir='ltr'><strong>non</strong></span> <span class='ocrx_word' id='word_1_839' title='bbox 1213 2786 1399 2812; x_wconf 91' lang='lat' dir='ltr'><strong>iudicabuntur</strong></span> <span class='ocrx_word' id='word_1_840' title='bbox 1423 2787 1520 2813; x_wconf 90' lang='lat' dir='ltr'><strong>iudicio</strong></span> <span class='ocrx_word' id='word_1_841' title='bbox 1547 2795 1588 2813; x_wconf 84' lang='lat' dir='ltr'><strong>ex-</strong></span> 
     </span>
     <span class='ocr_line' id='line_1_132' title="bbox 948 2830 1588 2857; baseline 0.003 -2"><span class='ocrx_word' id='word_1_842' title='bbox 948 2833 1047 2855; x_wconf 88' lang='lat' dir='ltr'><strong>tremae</strong></span> <span class='ocrx_word' id='word_1_843' title='bbox 1071 2830 1241 2856; x_wconf 87' lang='lat' dir='ltr'><strong>discussionis</strong></span> <span class='ocrx_word' id='word_1_844' title='bbox 1265 2830 1326 2856; x_wconf 84' lang='lat' dir='ltr'><strong>ibid.</strong></span> <span class='ocrx_word' id='word_1_845' title='bbox 1351 2844 1386 2849; x_wconf 92' lang='lat'><strong>-—</strong></span> <span class='ocrx_word' id='word_1_846' title='bbox 1409 2832 1463 2857; x_wconf 87' lang='lat' dir='ltr'><strong>Non</strong></span> <span class='ocrx_word' id='word_1_847' title='bbox 1483 2832 1588 2857; x_wconf 76' lang='lat' dir='ltr'><strong>creden-</strong></span> 
     </span>
     <span class='ocr_line' id='line_1_133' title="bbox 948 2874 1479 2901; baseline 0.004 -2"><span class='ocrx_word' id='word_1_848' title='bbox 948 2874 1012 2899; x_wconf 92' lang='lat' dir='ltr'><strong>tium</strong></span> <span class='ocrx_word' id='word_1_849' title='bbox 1033 2874 1058 2899; x_wconf 93' lang='lat' dir='ltr'><strong>in</strong></span> <span class='ocrx_word' id='word_1_850' title='bbox 1077 2874 1208 2901; x_wconf 83' lang='lat' dir='ltr'><strong>Christum</strong></span> <span class='ocrx_word' id='word_1_851' title='bbox 1228 2875 1359 2900; x_wconf 80' lang='lat' dir='ltr'><strong>iudicium</strong></span> <span class='ocrx_word' id='word_1_852' title='bbox 1375 2875 1425 2901; x_wconf 90' lang='grc'><strong>423</strong></span> <span class='ocrx_word' id='word_1_853' title='bbox 1446 2876 1479 2901; x_wconf 91' lang='grc'>67</span> 
     </span>
    </p>

    <p class='ocr_par' dir='ltr' id='par_1_28' title="bbox 947 2919 1588 3039">
     <span class='ocr_line' id='line_1_134' title="bbox 1001 2919 1588 2953; baseline 0.003 -9"><span class='ocrx_word' id='word_1_854' title='bbox 1001 2919 1129 2945; x_wconf 58' lang='grc' dir='ltr'>ΙΝιτιΝιτυΜ</span> <span class='ocrx_word' id='word_1_855' title='bbox 1147 2934 1183 2937; x_wconf 91' lang='grc'><strong>-</strong></span> <span class='ocrx_word' id='word_1_856' title='bbox 1196 2922 1248 2950; x_wconf 81' lang='grc' dir='ltr'>εει,</span> <span class='ocrx_word' id='word_1_857' title='bbox 1262 2919 1337 2945; x_wconf 91' lang='lat' dir='ltr'><strong>cuius</strong></span> <span class='ocrx_word' id='word_1_858' title='bbox 1350 2923 1437 2952; x_wconf 90' lang='lat' dir='ltr'><strong>partes</strong></span> <span class='ocrx_word' id='word_1_859' title='bbox 1452 2920 1491 2946; x_wconf 92' lang='lat' dir='ltr'><strong>vel</strong></span> <span class='ocrx_word' id='word_1_860' title='bbox 1505 2927 1588 2953; x_wconf 84' lang='lat' dir='ltr'><strong>quan-</strong></span> 
     </span>
     <span class='ocr_line' id='line_1_135' title="bbox 948 2963 1587 2997; baseline 0.002 -8"><span class='ocrx_word' id='word_1_861' title='bbox 948 2963 1045 2989; x_wconf 87' lang='lat' dir='ltr'><strong>titatem</strong></span> <span class='ocrx_word' id='word_1_862' title='bbox 1065 2963 1210 2995; x_wconf 90' lang='lat' dir='ltr'><strong>accipiendi</strong></span> <span class='ocrx_word' id='word_1_863' title='bbox 1229 2971 1334 2996; x_wconf 87' lang='lat' dir='ltr'><strong>semper</strong></span> <span class='ocrx_word' id='word_1_864' title='bbox 1348 2967 1386 2990; x_wconf 88' lang='lat' dir='ltr'><strong>est</strong></span> <span class='ocrx_word' id='word_1_865' title='bbox 1399 2964 1497 2997; x_wconf 80' lang='lat' dir='ltr'><strong>aliquid</strong></span> <span class='ocrx_word' id='word_1_866' title='bbox 1516 2968 1587 2990; x_wconf 83' lang='lat' dir='ltr'><strong>extra</strong></span> 
     </span>
     <span class='ocr_line' id='line_1_136' title="bbox 947 3008 1289 3039; baseline 0.003 -7"><span class='ocrx_word' id='word_1_867' title='bbox 947 3008 1067 3039; x_wconf 90' lang='lat' dir='ltr'><strong>accipere</strong></span> <span class='ocrx_word' id='word_1_868' title='bbox 1087 3008 1119 3032; x_wconf 95' lang='lat' dir='ltr'><strong>Vl</strong></span> <span class='ocrx_word' id='word_1_869' title='bbox 1141 3008 1190 3033; x_wconf 87' lang='grc'><strong>483</strong></span> <span class='ocrx_word' id='word_1_870' title='bbox 1210 3015 1236 3033; x_wconf 86' lang='grc' dir='ltr'><strong>ν.</strong></span> <span class='ocrx_word' id='word_1_871' title='bbox 1256 3009 1289 3033; x_wconf 89' lang='grc'><strong>22</strong></span> 
     </span>
    </p>

    <p class='ocr_par' dir='ltr' id='par_1_29' title="bbox 946 3052 1588 3210">
     <span class='ocr_line' id='line_1_137' title="bbox 1000 3052 1588 3085; baseline 0.002 -8"><span class='ocrx_word' id='word_1_872' title='bbox 1000 3053 1144 3078; x_wconf 58' lang='lat' dir='ltr'><strong>laviniums</strong></span> <span class='ocrx_word' id='word_1_873' title='bbox 1161 3066 1196 3071; x_wconf 99' lang='lat'><strong>—</strong></span> <span class='ocrx_word' id='word_1_874' title='bbox 1215 3052 1333 3084; x_wconf 90' lang='lat' dir='ltr'><strong>corporis</strong></span> <span class='ocrx_word' id='word_1_875' title='bbox 1361 3056 1400 3079; x_wconf 91' lang='lat' dir='ltr'><strong>est</strong></span> <span class='ocrx_word' id='word_1_876' title='bbox 1428 3060 1494 3085; x_wconf 89' lang='lat' dir='ltr'><strong>pura</strong></span> <span class='ocrx_word' id='word_1_877' title='bbox 1524 3053 1588 3083; x_wconf 84' lang='lat' dir='ltr'><strong>affli-</strong></span> 
     </span>
     <span class='ocr_line' id='line_1_138' title="bbox 947 3096 1587 3129; baseline 0.005 -9"><span class='ocrx_word' id='word_1_878' title='bbox 947 3096 997 3121; x_wconf 91' lang='lat' dir='ltr'><strong>ctio</strong></span> <span class='ocrx_word' id='word_1_879' title='bbox 1017 3096 1048 3121; x_wconf 88' lang='lat' dir='ltr'><strong>Vl</strong></span> <span class='ocrx_word' id='word_1_880' title='bbox 1070 3097 1102 3121; x_wconf 88' lang='grc'><strong>62</strong></span> <span class='ocrx_word' id='word_1_881' title='bbox 1122 3102 1137 3121; x_wconf 90' lang='grc'><strong>3</strong></span> <span class='ocrx_word' id='word_1_882' title='bbox 1156 3110 1191 3115; x_wconf 95' lang='grc'><strong>-</strong></span> <span class='ocrx_word' id='word_1_883' title='bbox 1210 3100 1248 3122; x_wconf 85' lang='grc' dir='ltr'><strong>εει</strong></span> <span class='ocrx_word' id='word_1_884' title='bbox 1268 3097 1401 3129; x_wconf 89' lang='lat' dir='ltr'><strong>multiplex</strong></span> <span class='ocrx_word' id='word_1_885' title='bbox 1426 3097 1478 3123; x_wconf 88' lang='lat'><strong>395</strong></span> <span class='ocrx_word' id='word_1_886' title='bbox 1508 3098 1523 3122; x_wconf 91' lang='lat'>8</span> <span class='ocrx_word' id='word_1_887' title='bbox 1551 3111 1587 3116; x_wconf 94' lang='lat'><strong>-—</strong></span> 
     </span>
     <span class='ocr_line' id='line_1_139' title="bbox 946 3140 1582 3172; baseline 0.002 -7"><span class='ocrx_word' id='word_1_888' title='bbox 946 3140 1023 3172; x_wconf 87' lang='lat' dir='ltr'><strong>Quod</strong></span> <span class='ocrx_word' id='word_1_889' title='bbox 1035 3140 1169 3165; x_wconf 81' lang='lat' dir='ltr'><strong>Infirmum</strong></span> <span class='ocrx_word' id='word_1_890' title='bbox 1189 3143 1227 3166; x_wconf 90' lang='lat' dir='ltr'><strong>est</strong></span> <span class='ocrx_word' id='word_1_891' title='bbox 1246 3141 1273 3166; x_wconf 92' lang='lat' dir='ltr'><strong>in</strong></span> <span class='ocrx_word' id='word_1_892' title='bbox 1292 3148 1321 3166; x_wconf 90' lang='lat' dir='ltr'><strong>se</strong></span> <span class='ocrx_word' id='word_1_893' title='bbox 1340 3141 1429 3167; x_wconf 89' lang='lat' dir='ltr'><strong>inutile</strong></span> <span class='ocrx_word' id='word_1_894' title='bbox 1452 3141 1582 3167; x_wconf 86' lang='lat' dir='ltr'><strong>invenitur</strong></span> 
     </span>
     <span class='ocr_line' id='line_1_140' title="bbox 946 3185 1168 3210; baseline 0 -1"><span class='ocrx_word' id='word_1_895' title='bbox 946 3185 1003 3210; x_wconf 87' lang='lat' dir='ltr'><strong>aliis</strong></span> <span class='ocrx_word' id='word_1_896' title='bbox 1023 3185 1073 3210; x_wconf 90' lang='grc'><strong>422</strong></span> <span class='ocrx_word' id='word_1_897' title='bbox 1093 3191 1120 3209; x_wconf 97' lang='lat' dir='ltr'><strong>v.</strong></span> <span class='ocrx_word' id='word_1_898' title='bbox 1140 3185 1168 3209; x_wconf 87' lang='grc'><strong>41</strong></span> 
     </span>
    </p>

    <p class='ocr_par' dir='ltr' id='par_1_30' title="bbox 946 3228 1586 3343">
     <span class='ocr_line' id='line_1_141' title="bbox 1000 3228 1586 3262; baseline 0.003 -9"><span class='ocrx_word' id='word_1_899' title='bbox 1000 3242 1034 3246; x_wconf 94' lang='lat'><strong>—-</strong></span> <span class='ocrx_word' id='word_1_900' title='bbox 1052 3228 1195 3261; x_wconf 87' lang='lat' dir='ltr'><strong>aliquando</strong></span> <span class='ocrx_word' id='word_1_901' title='bbox 1223 3229 1384 3255; x_wconf 86' lang='lat' dir='ltr'><strong>contrahitur</strong></span> <span class='ocrx_word' id='word_1_902' title='bbox 1410 3236 1424 3255; x_wconf 90' lang='lat' dir='ltr'><strong>a</strong></span> <span class='ocrx_word' id='word_1_903' title='bbox 1451 3230 1522 3262; x_wconf 90' lang='lat' dir='ltr'><strong>loco,</strong></span> <span class='ocrx_word' id='word_1_904' title='bbox 1542 3230 1586 3255; x_wconf 89' lang='lat' dir='ltr'><strong>ali-</strong></span> 
     </span>
     <span class='ocr_line' id='line_1_142' title="bbox 946 3271 1585 3305; baseline 0.002 -7"><span class='ocrx_word' id='word_1_905' title='bbox 946 3273 1052 3305; x_wconf 88' lang='lat' dir='ltr'><strong>quando</strong></span> <span class='ocrx_word' id='word_1_906' title='bbox 1071 3279 1085 3298; x_wconf 89' lang='lat' dir='ltr'><strong>a</strong></span> <span class='ocrx_word' id='word_1_907' title='bbox 1106 3271 1195 3298; x_wconf 90' lang='lat' dir='ltr'><strong>labore</strong></span> <span class='ocrx_word' id='word_1_908' title='bbox 1222 3273 1370 3299; x_wconf 90' lang='lat' dir='ltr'><strong>inordinato</strong></span> <span class='ocrx_word' id='word_1_909' title='bbox 1391 3274 1422 3299; x_wconf 87' lang='lat' dir='ltr'><strong>Vl</strong></span> <span class='ocrx_word' id='word_1_910' title='bbox 1443 3273 1493 3299; x_wconf 86' lang='lat'><strong>558</strong></span> <span class='ocrx_word' id='word_1_911' title='bbox 1514 3274 1529 3299; x_wconf 90' lang='grc'>3</span> <span class='ocrx_word' id='word_1_912' title='bbox 1549 3287 1585 3293; x_wconf 90' lang='grc'>-</span> 
     </span>
     <span class='ocr_line' id='line_1_143' title="bbox 947 3316 1305 3343; baseline 0 -1"><span class='ocrx_word' id='word_1_913' title='bbox 947 3320 985 3343; x_wconf 89' lang='grc' dir='ltr'><strong>εει</strong></span> <span class='ocrx_word' id='word_1_914' title='bbox 1004 3317 1030 3343; x_wconf 92' lang='lat' dir='ltr'><strong>in</strong></span> <span class='ocrx_word' id='word_1_915' title='bbox 1050 3317 1138 3343; x_wconf 88' lang='lat' dir='ltr'><strong>multis</strong></span> <span class='ocrx_word' id='word_1_916' title='bbox 1157 3317 1224 3342; x_wconf 90' lang='lat' dir='ltr'><strong>escis</strong></span> <span class='ocrx_word' id='word_1_917' title='bbox 1243 3316 1305 3343; x_wconf 82' lang='lat' dir='ltr'><strong>ibid.</strong></span> 
     </span>
    </p>

    <p class='ocr_par' dir='ltr' id='par_1_31' title="bbox 946 3359 1585 3437">
     <span class='ocr_line' id='line_1_144' title="bbox 999 3359 1585 3392; baseline 0.002 -7"><span class='ocrx_word' id='word_1_918' title='bbox 999 3374 1034 3378; x_wconf 82' lang='lat'><strong>——</strong></span> <span class='ocrx_word' id='word_1_919' title='bbox 1054 3359 1212 3385; x_wconf 87' lang='lat' dir='ltr'><strong>infirmitatis</strong></span> <span class='ocrx_word' id='word_1_920' title='bbox 1231 3360 1347 3391; x_wconf 83' lang='lat' dir='ltr'><strong>gravitas</strong></span> <span class='ocrx_word' id='word_1_921' title='bbox 1360 3363 1471 3392; x_wconf 88' lang='lat' dir='ltr'><strong>apparet</strong></span> <span class='ocrx_word' id='word_1_922' title='bbox 1483 3367 1512 3386; x_wconf 85' lang='lat' dir='ltr'><strong>ex</strong></span> <span class='ocrx_word' id='word_1_923' title='bbox 1527 3361 1585 3391; x_wconf 87' lang='lat' dir='ltr'><strong>hoc,</strong></span> 
     </span>
     <span class='ocr_line' id='line_1_145' title="bbox 946 3404 1584 3437; baseline 0.002 -8"><span class='ocrx_word' id='word_1_924' title='bbox 946 3404 1018 3437; x_wconf 90' lang='lat' dir='ltr'><strong>quod</strong></span> <span class='ocrx_word' id='word_1_925' title='bbox 1047 3404 1242 3437; x_wconf 87' lang='lat' dir='ltr'><strong>appropinquat</strong></span> <span class='ocrx_word' id='word_1_926' title='bbox 1269 3407 1392 3435; x_wconf 86' lang='lat' dir='ltr'><strong>aegrotus</strong></span> <span class='ocrx_word' id='word_1_927' title='bbox 1420 3404 1453 3430; x_wconf 86' lang='lat' dir='ltr'><strong>ad</strong></span> <span class='ocrx_word' id='word_1_928' title='bbox 1473 3407 1584 3430; x_wconf 87' lang='lat' dir='ltr'><strong>mortem</strong></span> 
     </span>
    </p>
   </div>
   <div class='ocr_carea' id='block_1_8' title="bbox 1623 310 2286 3431">
    <p class='ocr_par' dir='ltr' id='par_1_32' title="bbox 1924 310 1978 336">
     <span class='ocr_line' id='line_1_146' title="bbox 1924 310 1978 336; baseline -0.019 0"><span class='ocrx_word' id='word_1_929' title='bbox 1924 310 1978 336; x_wconf 84' lang='lat' dir='ltr'><strong>lNH</strong></span> 
     </span>
    </p>

    <p class='ocr_par' dir='ltr' id='par_1_33' title="bbox 1633 352 2271 422">
     <span class='ocr_line' id='line_1_147' title="bbox 1634 352 2271 386; baseline 0.005 -9"><span class='ocrx_word' id='word_1_930' title='bbox 1634 352 1666 377; x_wconf 92' lang='lat' dir='ltr'><strong>Vl</strong></span> <span class='ocrx_word' id='word_1_931' title='bbox 1686 352 1737 378; x_wconf 87' lang='lat'><strong>558</strong></span> <span class='ocrx_word' id='word_1_932' title='bbox 1767 352 1776 378; x_wconf 88' lang='grc'><strong>-1</strong></span> <span class='ocrx_word' id='word_1_933' title='bbox 1801 366 1836 372; x_wconf 85' lang='grc'>-</span> <span class='ocrx_word' id='word_1_934' title='bbox 1854 356 1893 379; x_wconf 82' lang='grc' dir='ltr'><strong>εει</strong></span> <span class='ocrx_word' id='word_1_935' title='bbox 1921 353 2103 386; x_wconf 86' lang='lat' dir='ltr'><strong>opportunitas</strong></span> <span class='ocrx_word' id='word_1_936' title='bbox 2130 353 2271 380; x_wconf 86' lang='lat' dir='ltr'><strong>miserendi</strong></span> 
     </span>
     <span class='ocr_line' id='line_1_148' title="bbox 1633 395 1720 422; baseline 0.011 -1"><span class='ocrx_word' id='word_1_937' title='bbox 1633 396 1685 421; x_wconf 83' lang='lat'><strong>395</strong></span> <span class='ocrx_word' id='word_1_938' title='bbox 1706 395 1720 422; x_wconf 87' lang='grc'><strong>4</strong></span> 
     </span>
    </p>

    <p class='ocr_par' dir='ltr' id='par_1_34' title="bbox 1632 440 2274 774">
     <span class='ocr_line' id='line_1_149' title="bbox 1684 440 2272 473; baseline 0.002 -7"><span class='ocrx_word' id='word_1_939' title='bbox 1684 454 1720 458; x_wconf 88' lang='lat'><strong>—-</strong></span> <span class='ocrx_word' id='word_1_940' title='bbox 1740 440 1867 467; x_wconf 90' lang='lat' dir='ltr'><strong>Dominus</strong></span> <span class='ocrx_word' id='word_1_941' title='bbox 1890 441 1992 467; x_wconf 87' lang='lat' dir='ltr'><strong>sanavit</strong></span> <span class='ocrx_word' id='word_1_942' title='bbox 2019 444 2120 473; x_wconf 78' lang='lat' dir='ltr'><strong>septem</strong></span> <span class='ocrx_word' id='word_1_943' title='bbox 2140 441 2272 467; x_wconf 80' lang='lat' dir='ltr'><strong>infirmita-</strong></span> 
     </span>
     <span class='ocr_line' id='line_1_150' title="bbox 1632 484 2273 517; baseline 0.003 -8"><span class='ocrx_word' id='word_1_944' title='bbox 1632 486 1671 509; x_wconf 88' lang='lat' dir='ltr'><strong>tes</strong></span> <span class='ocrx_word' id='word_1_945' title='bbox 1689 484 1847 511; x_wconf 85' lang='lat' dir='ltr'><strong>incurabiles</strong></span> <span class='ocrx_word' id='word_1_946' title='bbox 1876 485 1908 510; x_wconf 88' lang='lat' dir='ltr'><strong>Vl</strong></span> <span class='ocrx_word' id='word_1_947' title='bbox 1936 484 1987 510; x_wconf 87' lang='lat'><strong>587</strong></span> <span class='ocrx_word' id='word_1_948' title='bbox 2007 485 2024 510; x_wconf 96' lang='lat'>7</span> <span class='ocrx_word' id='word_1_949' title='bbox 2050 498 2082 503; x_wconf 89' lang='lat'><strong>--</strong></span> <span class='ocrx_word' id='word_1_950' title='bbox 2101 485 2215 517; x_wconf 86' lang='lat' dir='ltr'><strong>Quidam</strong></span> <span class='ocrx_word' id='word_1_951' title='bbox 2234 486 2273 511; x_wconf 90' lang='lat' dir='ltr'><strong>in-</strong></span> 
     </span>
     <span class='ocr_line' id='line_1_151' title="bbox 1632 528 2272 562; baseline 0.005 -10"><span class='ocrx_word' id='word_1_952' title='bbox 1632 528 1702 553; x_wconf 86' lang='lat' dir='ltr'><strong>firmi</strong></span> <span class='ocrx_word' id='word_1_953' title='bbox 1720 531 1793 554; x_wconf 84' lang='lat' dir='ltr'><strong>erant</strong></span> <span class='ocrx_word' id='word_1_954' title='bbox 1812 535 1843 554; x_wconf 86' lang='lat' dir='ltr'><strong>ex</strong></span> <span class='ocrx_word' id='word_1_955' title='bbox 1861 529 1952 561; x_wconf 91' lang='lat' dir='ltr'><strong>culpa,</strong></span> <span class='ocrx_word' id='word_1_956' title='bbox 1971 529 2079 562; x_wconf 88' lang='lat' dir='ltr'><strong>quidam</strong></span> <span class='ocrx_word' id='word_1_957' title='bbox 2107 529 2141 555; x_wconf 91' lang='lat' dir='ltr'><strong>ad</strong></span> <span class='ocrx_word' id='word_1_958' title='bbox 2161 530 2272 561; x_wconf 86' lang='lat' dir='ltr'><strong>gloriam</strong></span> 
     </span>
     <span class='ocr_line' id='line_1_152' title="bbox 1632 572 2273 600; baseline 0.005 -3"><span class='ocrx_word' id='word_1_959' title='bbox 1632 572 1678 597; x_wconf 91' lang='lat' dir='ltr'><strong>Dei</strong></span> <span class='ocrx_word' id='word_1_960' title='bbox 1698 572 1914 599; x_wconf 77' lang='lat' dir='ltr'><strong>manifestandam</strong></span> <span class='ocrx_word' id='word_1_961' title='bbox 1928 573 1980 599; x_wconf 85' lang='lat'><strong>306</strong></span> <span class='ocrx_word' id='word_1_962' title='bbox 1999 573 2028 598; x_wconf 89' lang='lat' dir='ltr'><strong>l8</strong></span> <span class='ocrx_word' id='word_1_963' title='bbox 2042 588 2077 591; x_wconf 97' lang='lat'><strong>—</strong></span> <span class='ocrx_word' id='word_1_964' title='bbox 2092 573 2189 599; x_wconf 83' lang='lat' dir='ltr'><strong>infirmi</strong></span> <span class='ocrx_word' id='word_1_965' title='bbox 2202 573 2273 600; x_wconf 89' lang='lat' dir='ltr'><strong>Chri-</strong></span> 
     </span>
     <span class='ocr_line' id='line_1_153' title="bbox 1632 616 2273 648; baseline 0.003 -7"><span class='ocrx_word' id='word_1_966' title='bbox 1632 618 1702 642; x_wconf 88' lang='lat' dir='ltr'><strong>stum</strong></span> <span class='ocrx_word' id='word_1_967' title='bbox 1722 619 1829 648; x_wconf 83' lang='lat' dir='ltr'><strong>tangere</strong></span> <span class='ocrx_word' id='word_1_968' title='bbox 1853 616 1977 643; x_wconf 87' lang='lat' dir='ltr'><strong>volebant</strong></span> <span class='ocrx_word' id='word_1_969' title='bbox 2006 617 2048 643; x_wconf 89' lang='lat' dir='ltr'><strong>Vll</strong></span> <span class='ocrx_word' id='word_1_970' title='bbox 2076 617 2126 643; x_wconf 81' lang='grc'><strong>143</strong></span> <span class='ocrx_word' id='word_1_971' title='bbox 2147 618 2162 643; x_wconf 93' lang='grc'><strong>2</strong></span> <span class='ocrx_word' id='word_1_972' title='bbox 2180 631 2217 637; x_wconf 91' lang='grc'>-</span> <span class='ocrx_word' id='word_1_973' title='bbox 2235 618 2273 644; x_wconf 89' lang='lat' dir='ltr'><strong>ln-</strong></span> 
     </span>
     <span class='ocr_line' id='line_1_154' title="bbox 1632 660 2274 693; baseline 0.003 -7"><span class='ocrx_word' id='word_1_974' title='bbox 1632 660 1762 686; x_wconf 86' lang='lat' dir='ltr'><strong>firmitatis</strong></span> <span class='ocrx_word' id='word_1_975' title='bbox 1782 661 1946 693; x_wconf 89' lang='lat' dir='ltr'><strong>longitudine</strong></span> <span class='ocrx_word' id='word_1_976' title='bbox 1970 661 2097 687; x_wconf 90' lang='lat' dir='ltr'><strong>Dominus</strong></span> <span class='ocrx_word' id='word_1_977' title='bbox 2121 665 2209 688; x_wconf 87' lang='lat' dir='ltr'><strong>motus</strong></span> <span class='ocrx_word' id='word_1_978' title='bbox 2234 666 2274 688; x_wconf 84' lang='lat' dir='ltr'><strong>est.</strong></span> 
     </span>
     <span class='ocr_line' id='line_1_155' title="bbox 1633 704 2273 739; baseline 0.002 -9"><span class='ocrx_word' id='word_1_979' title='bbox 1633 704 1751 730; x_wconf 89' lang='lat' dir='ltr'><strong>misereri</strong></span> <span class='ocrx_word' id='word_1_980' title='bbox 1771 708 1797 730; x_wconf 91' lang='lat' dir='ltr'><strong>et</strong></span> <span class='ocrx_word' id='word_1_981' title='bbox 1814 712 1943 738; x_wconf 83' lang='lat' dir='ltr'><strong>quaerere</strong></span> <span class='ocrx_word' id='word_1_982' title='bbox 1970 708 1995 731; x_wconf 87' lang='lat' dir='ltr'><strong>et</strong></span> <span class='ocrx_word' id='word_1_983' title='bbox 2023 705 2118 739; x_wconf 88' lang='lat' dir='ltr'><strong>alloqui</strong></span> <span class='ocrx_word' id='word_1_984' title='bbox 2138 706 2273 732; x_wconf 85' lang='lat' dir='ltr'><strong>infirmum</strong></span> 
     </span>
     <span class='ocr_line' id='line_1_156' title="bbox 1633 748 1773 774; baseline 0.007 -1"><span class='ocrx_word' id='word_1_985' title='bbox 1633 749 1666 774; x_wconf 90' lang='lat' dir='ltr'><strong>Vl</strong></span> <span class='ocrx_word' id='word_1_986' title='bbox 1687 748 1737 774; x_wconf 90' lang='grc'><strong>304</strong></span> <span class='ocrx_word' id='word_1_987' title='bbox 1757 749 1773 774; x_wconf 92' lang='grc'><strong>7</strong></span> 
     </span>
    </p>

    <p class='ocr_par' dir='ltr' id='par_1_35' title="bbox 1632 793 2273 907">
     <span class='ocr_line' id='line_1_157' title="bbox 1685 793 2272 825; baseline 0.002 -6"><span class='ocrx_word' id='word_1_988' title='bbox 1685 807 1721 812; x_wconf 91' lang='grc'><strong>-</strong></span> <span class='ocrx_word' id='word_1_989' title='bbox 1746 794 1836 825; x_wconf 86' lang='lat' dir='ltr'><strong>gravis</strong></span> <span class='ocrx_word' id='word_1_990' title='bbox 1864 793 1979 820; x_wconf 89' lang='lat' dir='ltr'><strong>sobriam</strong></span> <span class='ocrx_word' id='word_1_991' title='bbox 2007 794 2066 820; x_wconf 91' lang='lat' dir='ltr'><strong>facit</strong></span> <span class='ocrx_word' id='word_1_992' title='bbox 2094 794 2210 820; x_wconf 86' lang='lat' dir='ltr'><strong>animam</strong></span> <span class='ocrx_word' id='word_1_993' title='bbox 2238 794 2272 820; x_wconf 84' lang='lat' dir='ltr'><strong>vt</strong></span> 
     </span>
     <span class='ocr_line' id='line_1_158' title="bbox 1633 837 2273 871; baseline 0.003 -9"><span class='ocrx_word' id='word_1_994' title='bbox 1633 837 1684 862; x_wconf 87' lang='grc'><strong>586</strong></span> <span class='ocrx_word' id='word_1_995' title='bbox 1705 838 1720 862; x_wconf 87' lang='grc'>3</span> <span class='ocrx_word' id='word_1_996' title='bbox 1740 852 1775 855; x_wconf 82' lang='grc'>-</span> <span class='ocrx_word' id='word_1_997' title='bbox 1798 838 1854 864; x_wconf 91' lang='lat' dir='ltr'><strong>odit</strong></span> <span class='ocrx_word' id='word_1_998' title='bbox 1882 839 1981 869; x_wconf 88' lang='lat' dir='ltr'><strong>lucem,</strong></span> <span class='ocrx_word' id='word_1_999' title='bbox 2010 838 2071 871; x_wconf 89' lang='lat' dir='ltr'><strong>quia</strong></span> <span class='ocrx_word' id='word_1_1000' title='bbox 2098 839 2196 864; x_wconf 90' lang='lat' dir='ltr'><strong>cruciat</strong></span> <span class='ocrx_word' id='word_1_1001' title='bbox 2220 838 2273 864; x_wconf 87' lang='grc'><strong>554</strong></span> 
     </span>
     <span class='ocr_line' id='line_1_159' title="bbox 1632 882 1711 907; baseline 0 -1"><span class='ocrx_word' id='word_1_1002' title='bbox 1632 889 1659 907; x_wconf 91' lang='lat' dir='ltr'><strong>v.</strong></span> <span class='ocrx_word' id='word_1_1003' title='bbox 1678 882 1711 907; x_wconf 89' lang='grc'><strong>20</strong></span> 
     </span>
    </p>

    <p class='ocr_par' dir='ltr' id='par_1_36' title="bbox 1633 926 2269 997">
     <span class='ocr_line' id='line_1_160' title="bbox 1684 926 2269 953; baseline 0.005 -3"><span class='ocrx_word' id='word_1_1004' title='bbox 1684 938 1721 944; x_wconf 88' lang='grc'><strong>-</strong></span> <span class='ocrx_word' id='word_1_1005' title='bbox 1739 926 1867 952; x_wconf 88' lang='lat' dir='ltr'><strong>Dominus</strong></span> <span class='ocrx_word' id='word_1_1006' title='bbox 1885 926 1911 951; x_wconf 92' lang='lat' dir='ltr'><strong>in</strong></span> <span class='ocrx_word' id='word_1_1007' title='bbox 1930 926 2098 952; x_wconf 83' lang='lat' dir='ltr'><strong>suscitatione</strong></span> <span class='ocrx_word' id='word_1_1008' title='bbox 2116 927 2205 952; x_wconf 89' lang='lat' dir='ltr'><strong>Lazari</strong></span> <span class='ocrx_word' id='word_1_1009' title='bbox 2225 926 2269 953; x_wconf 88' lang='lat' dir='ltr'><strong>de·</strong></span> 
     </span>
     <span class='ocr_line' id='line_1_161' title="bbox 1633 969 2240 997; baseline 0.003 -3"><span class='ocrx_word' id='word_1_1010' title='bbox 1633 969 1705 994; x_wconf 87' lang='lat' dir='ltr'><strong>flevit</strong></span> <span class='ocrx_word' id='word_1_1011' title='bbox 1724 970 1867 995; x_wconf 89' lang='lat' dir='ltr'><strong>humanam</strong></span> <span class='ocrx_word' id='word_1_1012' title='bbox 1886 970 2062 996; x_wconf 84' lang='lat' dir='ltr'><strong>infirmitatem</strong></span> <span class='ocrx_word' id='word_1_1013' title='bbox 2082 971 2114 996; x_wconf 92' lang='lat' dir='ltr'><strong>Vl</strong></span> <span class='ocrx_word' id='word_1_1014' title='bbox 2136 970 2186 996; x_wconf 86' lang='grc'><strong>404</strong></span> <span class='ocrx_word' id='word_1_1015' title='bbox 2206 970 2240 997; x_wconf 92' lang='grc'><strong>57</strong></span> 
     </span>
    </p>

    <p class='ocr_par' dir='ltr' id='par_1_37' title="bbox 1632 1014 2275 1128">
     <span class='ocr_line' id='line_1_162' title="bbox 1684 1014 2273 1047; baseline 0.003 -8"><span class='ocrx_word' id='word_1_1016' title='bbox 1684 1027 1720 1033; x_wconf 90' lang='grc'><strong>-</strong></span> <span class='ocrx_word' id='word_1_1017' title='bbox 1739 1017 1779 1039; x_wconf 87' lang='grc' dir='ltr'><strong>εει</strong></span> <span class='ocrx_word' id='word_1_1018' title='bbox 1796 1014 1873 1046; x_wconf 89' lang='lat' dir='ltr'><strong>origo</strong></span> <span class='ocrx_word' id='word_1_1019' title='bbox 1893 1017 1919 1040; x_wconf 91' lang='lat' dir='ltr'><strong>et</strong></span> <span class='ocrx_word' id='word_1_1020' title='bbox 1946 1021 2030 1046; x_wconf 87' lang='lat' dir='ltr'><strong>poena</strong></span> <span class='ocrx_word' id='word_1_1021' title='bbox 2050 1018 2220 1047; x_wconf 88' lang='lat' dir='ltr'><strong>peccatorum</strong></span> <span class='ocrx_word' id='word_1_1022' title='bbox 2239 1015 2273 1041; x_wconf 81' lang='lat' dir='ltr'><strong>vt</strong></span> 
     </span>
     <span class='ocr_line' id='line_1_163' title="bbox 1633 1057 2275 1085; baseline 0.003 -2"><span class='ocrx_word' id='word_1_1023' title='bbox 1633 1057 1684 1083; x_wconf 91' lang='grc'><strong>404</strong></span> <span class='ocrx_word' id='word_1_1024' title='bbox 1704 1058 1738 1083; x_wconf 91' lang='grc'><strong>57</strong></span> <span class='ocrx_word' id='word_1_1025' title='bbox 1755 1071 1792 1076; x_wconf 91' lang='lat'><strong>——</strong></span> <span class='ocrx_word' id='word_1_1026' title='bbox 1810 1058 1948 1084; x_wconf 89' lang='lat' dir='ltr'><strong>Peccatum</strong></span> <span class='ocrx_word' id='word_1_1027' title='bbox 1968 1065 1998 1084; x_wconf 86' lang='lat' dir='ltr'><strong>ex</strong></span> <span class='ocrx_word' id='word_1_1028' title='bbox 2018 1059 2168 1085; x_wconf 82' lang='lat' dir='ltr'><strong>infirmitate</strong></span> <span class='ocrx_word' id='word_1_1029' title='bbox 2186 1059 2275 1085; x_wconf 90' lang='lat' dir='ltr'><strong>minus</strong></span> 
     </span>
     <span class='ocr_line' id='line_1_164' title="bbox 1632 1102 1795 1128; baseline 0 -1"><span class='ocrx_word' id='word_1_1030' title='bbox 1632 1105 1671 1128; x_wconf 86' lang='lat' dir='ltr'><strong>est</strong></span> <span class='ocrx_word' id='word_1_1031' title='bbox 1690 1102 1741 1127; x_wconf 84' lang='grc'><strong>492</strong></span> <span class='ocrx_word' id='word_1_1032' title='bbox 1763 1103 1795 1128; x_wconf 84' lang='grc'><strong>42</strong></span> 
     </span>
    </p>

    <p class='ocr_par' dir='ltr' id='par_1_38' title="bbox 1632 1146 2275 1443">
     <span class='ocr_line' id='line_1_165' title="bbox 1685 1146 2274 1179; baseline 0.003 -8"><span class='ocrx_word' id='word_1_1033' title='bbox 1685 1159 1721 1165; x_wconf 90' lang='lat'><strong>-·</strong></span> <span class='ocrx_word' id='word_1_1034' title='bbox 1739 1146 1881 1178; x_wconf 91' lang='lat' dir='ltr'><strong>spiritualis</strong></span> <span class='ocrx_word' id='word_1_1035' title='bbox 1900 1146 1978 1172; x_wconf 88' lang='lat' dir='ltr'><strong>habet</strong></span> <span class='ocrx_word' id='word_1_1036' title='bbox 1997 1154 2042 1173; x_wconf 86' lang='lat' dir='ltr'><strong>sex</strong></span> <span class='ocrx_word' id='word_1_1037' title='bbox 2062 1147 2161 1179; x_wconf 89' lang='lat' dir='ltr'><strong>gradus</strong></span> <span class='ocrx_word' id='word_1_1038' title='bbox 2173 1147 2274 1174; x_wconf 57' lang='grc'>171585</span> 
     </span>
     <span class='ocr_line' id='line_1_166' title="bbox 1634 1190 2272 1223; baseline 0.005 -8"><span class='ocrx_word' id='word_1_1039' title='bbox 1634 1190 1643 1215; x_wconf 93' lang='grc'><strong>4</strong></span> <span class='ocrx_word' id='word_1_1040' title='bbox 1667 1204 1702 1209; x_wconf 91' lang='grc'><strong>-</strong></span> <span class='ocrx_word' id='word_1_1041' title='bbox 1720 1190 1864 1222; x_wconf 88' lang='lat' dir='ltr'><strong>spiritualis</strong></span> <span class='ocrx_word' id='word_1_1042' title='bbox 1883 1194 1922 1217; x_wconf 88' lang='lat' dir='ltr'><strong>est</strong></span> <span class='ocrx_word' id='word_1_1043' title='bbox 1940 1191 2038 1223; x_wconf 81' lang='lat' dir='ltr'><strong>duplex</strong></span> <span class='ocrx_word' id='word_1_1044' title='bbox 2066 1191 2117 1217; x_wconf 88' lang='lat'><strong>586</strong></span> <span class='ocrx_word' id='word_1_1045' title='bbox 2138 1192 2148 1217; x_wconf 90' lang='grc'><strong>4</strong></span> <span class='ocrx_word' id='word_1_1046' title='bbox 2172 1205 2208 1211; x_wconf 90' lang='grc'><strong>-</strong></span> <span class='ocrx_word' id='word_1_1047' title='bbox 2235 1193 2272 1218; x_wconf 85' lang='grc'>111-</span> 
     </span>
     <span class='ocr_line' id='line_1_167' title="bbox 1632 1234 2274 1268; baseline 0.005 -9"><span class='ocrx_word' id='word_1_1048' title='bbox 1632 1234 1761 1260; x_wconf 84' lang='lat' dir='ltr'><strong>firmitatis</strong></span> <span class='ocrx_word' id='word_1_1049' title='bbox 1792 1235 1933 1267; x_wconf 88' lang='lat' dir='ltr'><strong>spiritualis</strong></span> <span class='ocrx_word' id='word_1_1050' title='bbox 1963 1238 2024 1261; x_wconf 87' lang='lat' dir='ltr'><strong>sunt</strong></span> <span class='ocrx_word' id='word_1_1051' title='bbox 2054 1238 2168 1268; x_wconf 90' lang='lat' dir='ltr'><strong>quatuor</strong></span> <span class='ocrx_word' id='word_1_1052' title='bbox 2198 1236 2274 1268; x_wconf 84' lang='lat' dir='ltr'><strong>signa</strong></span> 
     </span>
     <span class='ocr_line' id='line_1_168' title="bbox 1633 1278 2275 1312; baseline 0.003 -8"><span class='ocrx_word' id='word_1_1053' title='bbox 1633 1278 1684 1304; x_wconf 88' lang='lat'><strong>558</strong></span> <span class='ocrx_word' id='word_1_1054' title='bbox 1705 1279 1714 1304; x_wconf 94' lang='grc'><strong>4</strong></span> <span class='ocrx_word' id='word_1_1055' title='bbox 1739 1293 1774 1298; x_wconf 94' lang='grc'><strong>-</strong></span> <span class='ocrx_word' id='word_1_1056' title='bbox 1799 1279 1919 1305; x_wconf 88' lang='lat' dir='ltr'><strong>lnflrmus</strong></span> <span class='ocrx_word' id='word_1_1057' title='bbox 1947 1279 2088 1312; x_wconf 86' lang='lat' dir='ltr'><strong>spiritualis</strong></span> <span class='ocrx_word' id='word_1_1058' title='bbox 2115 1287 2168 1306; x_wconf 92' lang='lat' dir='ltr'><strong>non</strong></span> <span class='ocrx_word' id='word_1_1059' title='bbox 2195 1280 2275 1307; x_wconf 85' lang='lat' dir='ltr'><strong>debet</strong></span> 
     </span>
     <span class='ocr_line' id='line_1_169' title="bbox 1632 1323 2273 1358; baseline 0.005 -10"><span class='ocrx_word' id='word_1_1060' title='bbox 1632 1323 1737 1354; x_wconf 88' lang='lat' dir='ltr'><strong>timere,</strong></span> <span class='ocrx_word' id='word_1_1061' title='bbox 1756 1323 1802 1356; x_wconf 90' lang='lat' dir='ltr'><strong>qui</strong></span> <span class='ocrx_word' id='word_1_1062' title='bbox 1822 1323 1901 1349; x_wconf 87' lang='lat' dir='ltr'><strong>habet</strong></span> <span class='ocrx_word' id='word_1_1063' title='bbox 1920 1324 2137 1358; x_wconf 78' lang='lat' dir='ltr'><strong>adiuvamentum</strong></span> <span class='ocrx_word' id='word_1_1064' title='bbox 2157 1325 2273 1357; x_wconf 87' lang='lat' dir='ltr'><strong>gratiae,</strong></span> 
     </span>
     <span class='ocr_line' id='line_1_170' title="bbox 1633 1366 2275 1402; baseline 0.005 -10"><span class='ocrx_word' id='word_1_1065' title='bbox 1633 1367 1679 1400; x_wconf 88' lang='lat' dir='ltr'><strong>qui</strong></span> <span class='ocrx_word' id='word_1_1066' title='bbox 1698 1366 1797 1393; x_wconf 84' lang='lat' dir='ltr'><strong>habitat</strong></span> <span class='ocrx_word' id='word_1_1067' title='bbox 1815 1367 1841 1393; x_wconf 94' lang='lat' dir='ltr'><strong>in</strong></span> <span class='ocrx_word' id='word_1_1068' title='bbox 1861 1368 1942 1394; x_wconf 87' lang='lat' dir='ltr'><strong>domo</strong></span> <span class='ocrx_word' id='word_1_1069' title='bbox 1965 1368 2138 1400; x_wconf 88' lang='lat' dir='ltr'><strong>obedientiae,</strong></span> <span class='ocrx_word' id='word_1_1070' title='bbox 2157 1369 2202 1402; x_wconf 90' lang='lat' dir='ltr'><strong>qui</strong></span> <span class='ocrx_word' id='word_1_1071' title='bbox 2222 1376 2275 1395; x_wconf 89' lang='lat' dir='ltr'><strong>ma-</strong></span> 
     </span>
     <span class='ocr_line' id='line_1_171' title="bbox 1634 1412 2250 1443; baseline 0.003 -6"><span class='ocrx_word' id='word_1_1072' title='bbox 1634 1414 1677 1437; x_wconf 91' lang='lat' dir='ltr'><strong>net</strong></span> <span class='ocrx_word' id='word_1_1073' title='bbox 1695 1412 1722 1437; x_wconf 90' lang='lat' dir='ltr'><strong>in</strong></span> <span class='ocrx_word' id='word_1_1074' title='bbox 1741 1412 1852 1443; x_wconf 89' lang='lat' dir='ltr'><strong>collegio</strong></span> <span class='ocrx_word' id='word_1_1075' title='bbox 1871 1412 2002 1439; x_wconf 90' lang='lat' dir='ltr'><strong>societatis</strong></span> <span class='ocrx_word' id='word_1_1076' title='bbox 2014 1412 2100 1439; x_wconf 90' lang='lat' dir='ltr'><strong>bonae</strong></span> <span class='ocrx_word' id='word_1_1077' title='bbox 2119 1413 2170 1439; x_wconf 89' lang='grc'><strong>586</strong></span> <span class='ocrx_word' id='word_1_1078' title='bbox 2190 1420 2218 1439; x_wconf 83' lang='grc' dir='ltr'><strong>ν.</strong></span> <span class='ocrx_word' id='word_1_1079' title='bbox 2240 1414 2250 1439; x_wconf 91' lang='grc'><strong>4</strong></span> 
     </span>
    </p>

    <p class='ocr_par' dir='ltr' id='par_1_39' title="bbox 1630 1457 2275 1755">
     <span class='ocr_line' id='line_1_172' title="bbox 1686 1457 2272 1490; baseline 0.003 -9"><span class='ocrx_word' id='word_1_1080' title='bbox 1686 1469 1722 1475; x_wconf 91' lang='grc'>-</span> <span class='ocrx_word' id='word_1_1081' title='bbox 1740 1457 1834 1488; x_wconf 85' lang='grc' dir='ltr'>001ρ3ε</span> <span class='ocrx_word' id='word_1_1082' title='bbox 1853 1459 1892 1482; x_wconf 86' lang='grc' dir='ltr'><strong>εει</strong></span> <span class='ocrx_word' id='word_1_1083' title='bbox 1910 1457 2073 1490; x_wconf 85' lang='lat' dir='ltr'><strong>quadruplex</strong></span> <span class='ocrx_word' id='word_1_1084' title='bbox 2085 1458 2120 1483; x_wconf 61' lang='lat' dir='ltr'><strong>&gt;Vl</strong></span> <span class='ocrx_word' id='word_1_1085' title='bbox 2136 1457 2187 1483; x_wconf 85' lang='lat'><strong>586</strong></span> <span class='ocrx_word' id='word_1_1086' title='bbox 2208 1458 2223 1483; x_wconf 88' lang='lat'>4</span> <span class='ocrx_word' id='word_1_1087' title='bbox 2236 1472 2272 1477; x_wconf 85' lang='lat'><em>—</em></span> 
     </span>
     <span class='ocr_line' id='line_1_173' title="bbox 1633 1501 2275 1534; baseline 0.005 -8"><span class='ocrx_word' id='word_1_1088' title='bbox 1633 1501 1727 1533; x_wconf 86' lang='lat' dir='ltr'><strong>culpae</strong></span> <span class='ocrx_word' id='word_1_1089' title='bbox 1746 1501 1870 1532; x_wconf 84' lang='lat' dir='ltr'><strong>fugienda</strong></span> <span class='ocrx_word' id='word_1_1090' title='bbox 1889 1505 1941 1533; x_wconf 83' lang='lat' dir='ltr'><strong>est,</strong></span> <span class='ocrx_word' id='word_1_1091' title='bbox 1955 1502 2017 1534; x_wconf 87' lang='lat' dir='ltr'><strong>quia</strong></span> <span class='ocrx_word' id='word_1_1092' title='bbox 2030 1502 2216 1528; x_wconf 91' lang='lat' dir='ltr'><strong>conscientiam</strong></span> <span class='ocrx_word' id='word_1_1093' title='bbox 2231 1503 2275 1529; x_wconf 85' lang='lat' dir='ltr'><strong>de-</strong></span> 
     </span>
     <span class='ocr_line' id='line_1_174' title="bbox 1634 1545 2275 1578; baseline 0.003 -7"><span class='ocrx_word' id='word_1_1094' title='bbox 1634 1546 1742 1576; x_wconf 82' lang='lat' dir='ltr'><strong>format,</strong></span> <span class='ocrx_word' id='word_1_1095' title='bbox 1761 1545 1925 1578; x_wconf 86' lang='lat' dir='ltr'><strong>depauperat</strong></span> <span class='ocrx_word' id='word_1_1096' title='bbox 1943 1547 2068 1577; x_wconf 88' lang='lat' dir='ltr'><strong>animam,</strong></span> <span class='ocrx_word' id='word_1_1097' title='bbox 2084 1546 2202 1573; x_wconf 81' lang='lat' dir='ltr'><strong>debilitat</strong></span> <span class='ocrx_word' id='word_1_1098' title='bbox 2221 1547 2275 1573; x_wconf 91' lang='lat' dir='ltr'><strong>vir-</strong></span> 
     </span>
     <span class='ocr_line' id='line_1_175' title="bbox 1632 1589 2274 1623; baseline 0.003 -8"><span class='ocrx_word' id='word_1_1099' title='bbox 1632 1592 1728 1622; x_wconf 91' lang='lat' dir='ltr'><strong>tutem,</strong></span> <span class='ocrx_word' id='word_1_1100' title='bbox 1749 1589 1876 1622; x_wconf 87' lang='lat' dir='ltr'><strong>inquietat</strong></span> <span class='ocrx_word' id='word_1_1101' title='bbox 1903 1593 2017 1616; x_wconf 90' lang='lat' dir='ltr'><strong>mentem</strong></span> <span class='ocrx_word' id='word_1_1102' title='bbox 2037 1589 2070 1616; x_wconf 84' lang='lat' dir='ltr'><strong>ib.</strong></span> <span class='ocrx_word' id='word_1_1103' title='bbox 2091 1591 2106 1616; x_wconf 92' lang='lat'><strong>5</strong></span> <span class='ocrx_word' id='word_1_1104' title='bbox 2125 1604 2162 1610; x_wconf 90' lang='lat'>—</span> <span class='ocrx_word' id='word_1_1105' title='bbox 2180 1592 2274 1623; x_wconf 88' lang='lat' dir='ltr'><strong>culpae</strong></span> 
     </span>
     <span class='ocr_line' id='line_1_176' title="bbox 1632 1633 2273 1666; baseline 0.003 -7"><span class='ocrx_word' id='word_1_1106' title='bbox 1632 1633 1762 1660; x_wconf 87' lang='lat' dir='ltr'><strong>deformat</strong></span> <span class='ocrx_word' id='word_1_1107' title='bbox 1780 1634 1922 1666; x_wconf 81' lang='lat' dir='ltr'><strong>polluendo</strong></span> <span class='ocrx_word' id='word_1_1108' title='bbox 1936 1635 2136 1666; x_wconf 85' lang='lat' dir='ltr'><strong>conscientiam,</strong></span> <span class='ocrx_word' id='word_1_1109' title='bbox 2155 1635 2273 1662; x_wconf 89' lang='lat' dir='ltr'><strong>debilitat</strong></span> 
     </span>
     <span class='ocr_line' id='line_1_177' title="bbox 1630 1678 2274 1712; baseline 0.003 -9"><span class='ocrx_word' id='word_1_1110' title='bbox 1630 1678 1793 1704; x_wconf 90' lang='lat' dir='ltr'><strong>vulnerando</strong></span> <span class='ocrx_word' id='word_1_1111' title='bbox 1824 1681 1960 1711; x_wconf 87' lang='lat' dir='ltr'><strong>naturam,</strong></span> <span class='ocrx_word' id='word_1_1112' title='bbox 1992 1679 2156 1711; x_wconf 88' lang='lat' dir='ltr'><strong>depauperat</strong></span> <span class='ocrx_word' id='word_1_1113' title='bbox 2187 1680 2274 1712; x_wconf 90' lang='lat' dir='ltr'><strong>expel-</strong></span> 
     </span>
     <span class='ocr_line' id='line_1_178' title="bbox 1630 1722 1938 1755; baseline 0 -7"><span class='ocrx_word' id='word_1_1114' title='bbox 1630 1722 1706 1748; x_wconf 88' lang='lat' dir='ltr'><strong>lendo</strong></span> <span class='ocrx_word' id='word_1_1115' title='bbox 1725 1723 1837 1755; x_wconf 88' lang='lat' dir='ltr'><strong>gratiam</strong></span> <span class='ocrx_word' id='word_1_1116' title='bbox 1856 1723 1908 1748; x_wconf 89' lang='lat'><strong>558</strong></span> <span class='ocrx_word' id='word_1_1117' title='bbox 1929 1723 1938 1748; x_wconf 92' lang='grc'><strong>4</strong></span> 
     </span>
    </p>

    <p class='ocr_par' dir='ltr' id='par_1_40' title="bbox 1630 1767 2273 2103">
     <span class='ocr_line' id='line_1_179' title="bbox 1683 1767 2273 1800; baseline 0.005 -9"><span class='ocrx_word' id='word_1_1118' title='bbox 1683 1781 1718 1786; x_wconf 88' lang='grc'>-</span> <span class='ocrx_word' id='word_1_1119' title='bbox 1741 1767 1921 1793; x_wconf 87' lang='lat' dir='ltr'><strong>Infirmitatem</strong></span> <span class='ocrx_word' id='word_1_1120' title='bbox 1947 1768 2083 1800; x_wconf 89' lang='lat' dir='ltr'><strong>propriam</strong></span> <span class='ocrx_word' id='word_1_1121' title='bbox 2112 1775 2273 1800; x_wconf 79' lang='lat' dir='ltr'><strong>cognoscere</strong></span> 
     </span>
     <span class='ocr_line' id='line_1_180' title="bbox 1630 1811 2271 1846; baseline 0.005 -10"><span class='ocrx_word' id='word_1_1122' title='bbox 1630 1811 1710 1837; x_wconf 90' lang='lat' dir='ltr'><strong>debet</strong></span> <span class='ocrx_word' id='word_1_1123' title='bbox 1728 1813 1808 1837; x_wconf 92' lang='lat' dir='ltr'><strong>homo</strong></span> <span class='ocrx_word' id='word_1_1124' title='bbox 1839 1812 1880 1837; x_wconf 94' lang='lat' dir='ltr'><strong>Vll</strong></span> <span class='ocrx_word' id='word_1_1125' title='bbox 1909 1811 1961 1837; x_wconf 85' lang='lat'><strong>334</strong></span> <span class='ocrx_word' id='word_1_1126' title='bbox 1987 1813 2015 1837; x_wconf 89' lang='grc'><strong>81</strong></span> <span class='ocrx_word' id='word_1_1127' title='bbox 2040 1827 2073 1831; x_wconf 96' lang='grc'><strong>-</strong></span> <span class='ocrx_word' id='word_1_1128' title='bbox 2093 1813 2128 1839; x_wconf 81' lang='lat' dir='ltr'><strong>Ex</strong></span> <span class='ocrx_word' id='word_1_1129' title='bbox 2148 1813 2271 1846; x_wconf 89' lang='lat' dir='ltr'><strong>concupi-</strong></span> 
     </span>
     <span class='ocr_line' id='line_1_181' title="bbox 1630 1855 2273 1883; baseline 0.003 -2"><span class='ocrx_word' id='word_1_1130' title='bbox 1630 1856 1727 1881; x_wconf 88' lang='lat' dir='ltr'><strong>scentia</strong></span> <span class='ocrx_word' id='word_1_1131' title='bbox 1746 1855 1900 1881; x_wconf 89' lang='lat' dir='ltr'><strong>deliciarum</strong></span> <span class='ocrx_word' id='word_1_1132' title='bbox 1919 1856 2002 1882; x_wconf 92' lang='lat' dir='ltr'><strong>oritur</strong></span> <span class='ocrx_word' id='word_1_1133' title='bbox 2030 1857 2167 1883; x_wconf 83' lang='lat' dir='ltr'><strong>infirmitas</strong></span> <span class='ocrx_word' id='word_1_1134' title='bbox 2186 1864 2273 1883; x_wconf 89' lang='lat' dir='ltr'><strong>carna-</strong></span> 
     </span>
     <span class='ocr_line' id='line_1_182' title="bbox 1630 1899 2272 1932; baseline 0.003 -7"><span class='ocrx_word' id='word_1_1135' title='bbox 1630 1899 1721 1930; x_wconf 90' lang='lat' dir='ltr'><strong>litatis,</strong></span> <span class='ocrx_word' id='word_1_1136' title='bbox 1740 1907 1769 1925; x_wconf 86' lang='lat' dir='ltr'><strong>ex</strong></span> <span class='ocrx_word' id='word_1_1137' title='bbox 1789 1900 2000 1932; x_wconf 86' lang='lat' dir='ltr'><strong>concupiscentia</strong></span> <span class='ocrx_word' id='word_1_1138' title='bbox 2025 1900 2178 1927; x_wconf 87' lang='lat' dir='ltr'><strong>divitiarum</strong></span> <span class='ocrx_word' id='word_1_1139' title='bbox 2203 1901 2272 1927; x_wconf 87' lang='lat' dir='ltr'><strong>infir-</strong></span> 
     </span>
     <span class='ocr_line' id='line_1_183' title="bbox 1631 1944 2273 1977; baseline 0.003 -8"><span class='ocrx_word' id='word_1_1140' title='bbox 1631 1944 1708 1970; x_wconf 90' lang='lat' dir='ltr'><strong>mitas</strong></span> <span class='ocrx_word' id='word_1_1141' title='bbox 1726 1944 1890 1976; x_wconf 82' lang='lat' dir='ltr'><strong>cupiditatis,</strong></span> <span class='ocrx_word' id='word_1_1142' title='bbox 1910 1951 1942 1970; x_wconf 86' lang='lat' dir='ltr'><strong>ex</strong></span> <span class='ocrx_word' id='word_1_1143' title='bbox 1961 1945 2172 1977; x_wconf 88' lang='lat' dir='ltr'><strong>concupiscentia</strong></span> <span class='ocrx_word' id='word_1_1144' title='bbox 2192 1946 2273 1971; x_wconf 87' lang='lat' dir='ltr'><strong>hono-</strong></span> 
     </span>
     <span class='ocr_line' id='line_1_184' title="bbox 1630 1988 2270 2016; baseline 0.005 -3"><span class='ocrx_word' id='word_1_1145' title='bbox 1630 1995 1690 2014; x_wconf 90' lang='lat' dir='ltr'><strong>rum</strong></span> <span class='ocrx_word' id='word_1_1146' title='bbox 1710 1988 1846 2014; x_wconf 81' lang='lat' dir='ltr'><strong>infirmitas</strong></span> <span class='ocrx_word' id='word_1_1147' title='bbox 1866 1988 2016 2015; x_wconf 88' lang='lat' dir='ltr'><strong>ambitionis</strong></span> <span class='ocrx_word' id='word_1_1148' title='bbox 2035 1989 2067 2015; x_wconf 88' lang='lat' dir='ltr'><strong>Vi</strong></span> <span class='ocrx_word' id='word_1_1149' title='bbox 2089 1990 2139 2015; x_wconf 89' lang='grc'><strong>629</strong></span> <span class='ocrx_word' id='word_1_1150' title='bbox 2160 1991 2175 2015; x_wconf 89' lang='grc'><strong>8</strong></span> <span class='ocrx_word' id='word_1_1151' title='bbox 2195 2005 2229 2009; x_wconf 87' lang='grc'><strong>-</strong></span> <span class='ocrx_word' id='word_1_1152' title='bbox 2243 1991 2270 2016; x_wconf 86' lang='lat' dir='ltr'><strong>In</strong></span> 
     </span>
     <span class='ocr_line' id='line_1_185' title="bbox 1632 2033 2269 2066; baseline 0.003 -8"><span class='ocrx_word' id='word_1_1153' title='bbox 1632 2033 1781 2059; x_wconf 88' lang='lat' dir='ltr'><strong>infirmitate</strong></span> <span class='ocrx_word' id='word_1_1154' title='bbox 1800 2033 1951 2066; x_wconf 88' lang='lat' dir='ltr'><strong>intelligitur</strong></span> <span class='ocrx_word' id='word_1_1155' title='bbox 1970 2034 2105 2066; x_wconf 88' lang='lat' dir='ltr'><strong>corruptio</strong></span> <span class='ocrx_word' id='word_1_1156' title='bbox 2119 2034 2204 2060; x_wconf 87' lang='lat' dir='ltr'><strong>carnis</strong></span> <span class='ocrx_word' id='word_1_1157' title='bbox 2217 2034 2269 2061; x_wconf 90' lang='lat'><strong>559</strong></span> 
     </span>
     <span class='ocr_line' id='line_1_186' title="bbox 1630 2077 1710 2103; baseline 0.013 -1"><span class='ocrx_word' id='word_1_1158' title='bbox 1630 2084 1657 2103; x_wconf 78' lang='lat' dir='ltr'><strong>v.</strong></span> <span class='ocrx_word' id='word_1_1159' title='bbox 1677 2077 1710 2103; x_wconf 83' lang='grc'><strong>49</strong></span> 
     </span>
    </p>

    <p class='ocr_par' dir='ltr' id='par_1_41' title="bbox 1629 2122 2272 2281">
     <span class='ocr_line' id='line_1_187' title="bbox 1683 2122 2272 2149; baseline 0.003 -2"><span class='ocrx_word' id='word_1_1160' title='bbox 1683 2135 1719 2140; x_wconf 90' lang='grc'><strong>-</strong></span> <span class='ocrx_word' id='word_1_1161' title='bbox 1738 2122 1835 2147; x_wconf 85' lang='lat' dir='ltr'><strong>infirmi</strong></span> <span class='ocrx_word' id='word_1_1162' title='bbox 1855 2122 2012 2149; x_wconf 89' lang='lat' dir='ltr'><strong>deseruntur</strong></span> <span class='ocrx_word' id='word_1_1163' title='bbox 2031 2129 2046 2148; x_wconf 89' lang='lat' dir='ltr'><strong>a</strong></span> <span class='ocrx_word' id='word_1_1164' title='bbox 2065 2123 2119 2148; x_wconf 92' lang='lat' dir='ltr'><strong>Deo</strong></span> <span class='ocrx_word' id='word_1_1165' title='bbox 2138 2123 2173 2149; x_wconf 90' lang='lat' dir='ltr'><strong>ad</strong></span> <span class='ocrx_word' id='word_1_1166' title='bbox 2192 2123 2272 2149; x_wconf 89' lang='lat' dir='ltr'><strong>corri-</strong></span> 
     </span>
     <span class='ocr_line' id='line_1_188' title="bbox 1629 2165 2272 2199; baseline 0.003 -8"><span class='ocrx_word' id='word_1_1167' title='bbox 1629 2165 1758 2197; x_wconf 91' lang='lat' dir='ltr'><strong>piendum</strong></span> <span class='ocrx_word' id='word_1_1168' title='bbox 1778 2169 1886 2199; x_wconf 87' lang='lat' dir='ltr'><strong>propter</strong></span> <span class='ocrx_word' id='word_1_1169' title='bbox 1910 2167 2012 2193; x_wconf 88' lang='lat' dir='ltr'><strong>illorum</strong></span> <span class='ocrx_word' id='word_1_1170' title='bbox 2042 2167 2218 2193; x_wconf 87' lang='lat' dir='ltr'><strong>carnalitatem</strong></span> <span class='ocrx_word' id='word_1_1171' title='bbox 2238 2168 2272 2194; x_wconf 88' lang='lat' dir='ltr'><strong>Vl</strong></span> 
     </span>
     <span class='ocr_line' id='line_1_189' title="bbox 1630 2209 2269 2244; baseline 0.005 -9"><span class='ocrx_word' id='word_1_1172' title='bbox 1630 2209 1682 2236; x_wconf 88' lang='grc'><strong>577</strong></span> <span class='ocrx_word' id='word_1_1173' title='bbox 1700 2217 1727 2236; x_wconf 87' lang='lat' dir='ltr'><strong>v.</strong></span> <span class='ocrx_word' id='word_1_1174' title='bbox 1747 2211 1780 2237; x_wconf 90' lang='lat'><strong>59</strong></span> <span class='ocrx_word' id='word_1_1175' title='bbox 1799 2225 1835 2230; x_wconf 97' lang='lat'><strong>—</strong></span> <span class='ocrx_word' id='word_1_1176' title='bbox 1854 2211 1998 2244; x_wconf 88' lang='lat' dir='ltr'><strong>Occupatio</strong></span> <span class='ocrx_word' id='word_1_1177' title='bbox 2019 2212 2086 2237; x_wconf 93' lang='lat' dir='ltr'><strong>mala</strong></span> <span class='ocrx_word' id='word_1_1178' title='bbox 2105 2215 2144 2238; x_wconf 88' lang='lat' dir='ltr'><strong>est</strong></span> <span class='ocrx_word' id='word_1_1179' title='bbox 2157 2219 2187 2238; x_wconf 90' lang='lat' dir='ltr'><strong>ex</strong></span> <span class='ocrx_word' id='word_1_1180' title='bbox 2202 2211 2269 2238; x_wconf 87' lang='lat' dir='ltr'><strong>infir-</strong></span> 
     </span>
     <span class='ocr_line' id='line_1_190' title="bbox 1630 2254 1869 2281; baseline 0.004 -1"><span class='ocrx_word' id='word_1_1181' title='bbox 1630 2254 1719 2280; x_wconf 88' lang='lat' dir='ltr'><strong>mitate</strong></span> <span class='ocrx_word' id='word_1_1182' title='bbox 1738 2255 1770 2280; x_wconf 90' lang='grc'><strong>48</strong></span> <span class='ocrx_word' id='word_1_1183' title='bbox 1791 2263 1816 2281; x_wconf 91' lang='lat' dir='ltr'><strong>v.</strong></span> <span class='ocrx_word' id='word_1_1184' title='bbox 1837 2256 1869 2281; x_wconf 91' lang='grc'><strong>43</strong></span> 
     </span>
    </p>

    <p class='ocr_par' dir='ltr' id='par_1_42' title="bbox 1627 2300 2271 2504">
     <span class='ocr_line' id='line_1_191' title="bbox 1681 2300 2270 2332; baseline 0.002 -7"><span class='ocrx_word' id='word_1_1185' title='bbox 1681 2313 1716 2317; x_wconf 91' lang='grc'>-</span> <span class='ocrx_word' id='word_1_1186' title='bbox 1736 2300 1854 2331; x_wconf 91' lang='lat' dir='ltr'><strong>Operans</strong></span> <span class='ocrx_word' id='word_1_1187' title='bbox 1882 2301 1999 2332; x_wconf 89' lang='lat' dir='ltr'><strong>potentia</strong></span> <span class='ocrx_word' id='word_1_1188' title='bbox 2023 2300 2143 2326; x_wconf 89' lang='lat' dir='ltr'><strong>redditur</strong></span> <span class='ocrx_word' id='word_1_1189' title='bbox 2166 2300 2270 2326; x_wconf 84' lang='lat' dir='ltr'><strong>infirma</strong></span> 
     </span>
     <span class='ocr_line' id='line_1_192' title="bbox 1629 2344 2269 2378; baseline 0.005 -10"><span class='ocrx_word' id='word_1_1190' title='bbox 1629 2350 1676 2375; x_wconf 91' lang='lat' dir='ltr'><strong>per</strong></span> <span class='ocrx_word' id='word_1_1191' title='bbox 1695 2344 1800 2375; x_wconf 89' lang='lat' dir='ltr'><strong>culpam</strong></span> <span class='ocrx_word' id='word_1_1192' title='bbox 1820 2344 1853 2370; x_wconf 89' lang='lat' dir='ltr'><strong>Vl</strong></span> <span class='ocrx_word' id='word_1_1193' title='bbox 1875 2345 1906 2370; x_wconf 88' lang='grc'><strong>49</strong></span> <span class='ocrx_word' id='word_1_1194' title='bbox 1926 2352 1953 2378; x_wconf 82' lang='lat' dir='ltr'><strong>q.</strong></span> <span class='ocrx_word' id='word_1_1195' title='bbox 1973 2346 1988 2370; x_wconf 88' lang='grc'><strong>2</strong></span> <span class='ocrx_word' id='word_1_1196' title='bbox 2007 2359 2043 2363; x_wconf 80' lang='lat'><strong>—-</strong></span> <span class='ocrx_word' id='word_1_1197' title='bbox 2061 2345 2166 2371; x_wconf 88' lang='lat' dir='ltr'><strong>virtutis</strong></span> <span class='ocrx_word' id='word_1_1198' title='bbox 2184 2345 2269 2377; x_wconf 86' lang='lat' dir='ltr'><strong>impe-</strong></span> 
     </span>
     <span class='ocr_line' id='line_1_193' title="bbox 1628 2388 2271 2421; baseline 0.003 -8"><span class='ocrx_word' id='word_1_1199' title='bbox 1628 2388 1667 2413; x_wconf 88' lang='lat' dir='ltr'><strong>dit</strong></span> <span class='ocrx_word' id='word_1_1200' title='bbox 1685 2395 1856 2420; x_wconf 86' lang='lat' dir='ltr'><strong>progressum</strong></span> <span class='ocrx_word' id='word_1_1201' title='bbox 1885 2389 2045 2421; x_wconf 88' lang='lat' dir='ltr'><strong>operationis</strong></span> <span class='ocrx_word' id='word_1_1202' title='bbox 2064 2389 2116 2415; x_wconf 84' lang='lat'><strong>584</strong></span> <span class='ocrx_word' id='word_1_1203' title='bbox 2136 2396 2163 2415; x_wconf 93' lang='lat' dir='ltr'><strong>v.</strong></span> <span class='ocrx_word' id='word_1_1204' title='bbox 2182 2389 2216 2415; x_wconf 90' lang='grc'><strong>27</strong></span> <span class='ocrx_word' id='word_1_1205' title='bbox 2235 2403 2271 2408; x_wconf 83' lang='lat'>—</span> 
     </span>
     <span class='ocr_line' id='line_1_194' title="bbox 1629 2432 2271 2465; baseline 0.003 -8"><span class='ocrx_word' id='word_1_1206' title='bbox 1629 2432 1780 2458; x_wconf 82' lang='lat' dir='ltr'><strong>Secundum</strong></span> <span class='ocrx_word' id='word_1_1207' title='bbox 1799 2432 1902 2458; x_wconf 88' lang='lat' dir='ltr'><strong>diversa</strong></span> <span class='ocrx_word' id='word_1_1208' title='bbox 1917 2440 2013 2465; x_wconf 85' lang='lat' dir='ltr'><strong>genera</strong></span> <span class='ocrx_word' id='word_1_1209' title='bbox 2028 2436 2196 2465; x_wconf 90' lang='lat' dir='ltr'><strong>peccatorum</strong></span> <span class='ocrx_word' id='word_1_1210' title='bbox 2210 2436 2271 2460; x_wconf 92' lang='lat' dir='ltr'><strong>sunt</strong></span> 
     </span>
     <span class='ocr_line' id='line_1_195' title="bbox 1627 2476 2220 2504; baseline 0.003 -3"><span class='ocrx_word' id='word_1_1211' title='bbox 1627 2476 1750 2502; x_wconf 85' lang='lat' dir='ltr'><strong>diversae</strong></span> <span class='ocrx_word' id='word_1_1212' title='bbox 1768 2477 1930 2502; x_wconf 81' lang='lat' dir='ltr'><strong>differentiae</strong></span> <span class='ocrx_word' id='word_1_1213' title='bbox 1943 2477 2124 2503; x_wconf 82' lang='lat' dir='ltr'><strong>infirmitatum</strong></span> <span class='ocrx_word' id='word_1_1214' title='bbox 2139 2478 2220 2504; x_wconf 74' lang='grc'>5876</span> 
     </span>
    </p>

    <p class='ocr_par' dir='ltr' id='par_1_43' title="bbox 1625 2522 2270 2768">
     <span class='ocr_line' id='line_1_196' title="bbox 1682 2522 2270 2554; baseline 0.005 -9"><span class='ocrx_word' id='word_1_1215' title='bbox 1682 2535 1715 2540; x_wconf 87' lang='lat'><strong>—-</strong></span> <span class='ocrx_word' id='word_1_1216' title='bbox 1735 2528 1838 2553; x_wconf 89' lang='lat' dir='ltr'><strong>poenae</strong></span> <span class='ocrx_word' id='word_1_1217' title='bbox 1857 2524 1896 2547; x_wconf 87' lang='lat' dir='ltr'><strong>est</strong></span> <span class='ocrx_word' id='word_1_1218' title='bbox 1921 2522 2055 2554; x_wconf 89' lang='lat' dir='ltr'><strong>multiplex</strong></span> <span class='ocrx_word' id='word_1_1219' title='bbox 2074 2522 2108 2548; x_wconf 82' lang='lat' dir='ltr'><strong>Vt</strong></span> <span class='ocrx_word' id='word_1_1220' title='bbox 2128 2522 2179 2548; x_wconf 83' lang='lat'><strong>586</strong></span> <span class='ocrx_word' id='word_1_1221' title='bbox 2199 2523 2215 2548; x_wconf 86' lang='grc'><strong>2</strong></span> <span class='ocrx_word' id='word_1_1222' title='bbox 2234 2537 2270 2540; x_wconf 92' lang='grc'><strong>-</strong></span> 
     </span>
     <span class='ocr_line' id='line_1_197' title="bbox 1628 2566 2265 2598; baseline 0.002 -7"><span class='ocrx_word' id='word_1_1223' title='bbox 1628 2572 1728 2598; x_wconf 87' lang='lat' dir='ltr'><strong>poenae</strong></span> <span class='ocrx_word' id='word_1_1224' title='bbox 1747 2566 1834 2592; x_wconf 91' lang='lat' dir='ltr'><strong>reddit</strong></span> <span class='ocrx_word' id='word_1_1225' title='bbox 1853 2566 1987 2592; x_wconf 89' lang='lat' dir='ltr'><strong>hominem</strong></span> <span class='ocrx_word' id='word_1_1226' title='bbox 2007 2574 2110 2598; x_wconf 90' lang='lat' dir='ltr'><strong>sanum,</strong></span> <span class='ocrx_word' id='word_1_1227' title='bbox 2123 2566 2265 2598; x_wconf 89' lang='lat' dir='ltr'><strong>eruditum,</strong></span> 
     </span>
     <span class='ocr_line' id='line_1_198' title="bbox 1627 2609 2267 2642; baseline 0.002 -7"><span class='ocrx_word' id='word_1_1228' title='bbox 1627 2610 1780 2641; x_wconf 86' lang='lat' dir='ltr'><strong>sollicitum,</strong></span> <span class='ocrx_word' id='word_1_1229' title='bbox 1805 2609 1948 2642; x_wconf 88' lang='lat' dir='ltr'><strong>probatum</strong></span> <span class='ocrx_word' id='word_1_1230' title='bbox 1977 2613 2002 2636; x_wconf 89' lang='lat' dir='ltr'><strong>et</strong></span> <span class='ocrx_word' id='word_1_1231' title='bbox 2026 2612 2172 2642; x_wconf 89' lang='lat' dir='ltr'><strong>perfectum</strong></span> <span class='ocrx_word' id='word_1_1232' title='bbox 2198 2609 2231 2637; x_wconf 82' lang='lat' dir='ltr'><strong>ib.</strong></span> <span class='ocrx_word' id='word_1_1233' title='bbox 2252 2611 2267 2636; x_wconf 88' lang='lat'><strong>3</strong></span> 
     </span>
     <span class='ocr_line' id='line_1_199' title="bbox 1626 2653 2268 2687; baseline 0.003 -8"><span class='ocrx_word' id='word_1_1234' title='bbox 1626 2669 1662 2672; x_wconf 97' lang='lat'><strong>—</strong></span> <span class='ocrx_word' id='word_1_1235' title='bbox 1681 2661 1783 2686; x_wconf 90' lang='lat' dir='ltr'><strong>poenae</strong></span> <span class='ocrx_word' id='word_1_1236' title='bbox 1802 2657 1876 2680; x_wconf 90' lang='lat' dir='ltr'><strong>sanat</strong></span> <span class='ocrx_word' id='word_1_1237' title='bbox 1893 2654 2071 2680; x_wconf 87' lang='lat' dir='ltr'><strong>infirmitatem</strong></span> <span class='ocrx_word' id='word_1_1238' title='bbox 2094 2655 2187 2687; x_wconf 89' lang='lat' dir='ltr'><strong>culpae</strong></span> <span class='ocrx_word' id='word_1_1239' title='bbox 2205 2653 2268 2681; x_wconf 83' lang='lat' dir='ltr'><strong>ibid.</strong></span> 
     </span>
     <span class='ocr_line' id='line_1_200' title="bbox 1625 2698 2268 2731; baseline 0.003 -8"><span class='ocrx_word' id='word_1_1240' title='bbox 1625 2712 1661 2717; x_wconf 99' lang='lat'><strong>—</strong></span> <span class='ocrx_word' id='word_1_1241' title='bbox 1679 2698 1827 2731; x_wconf 83' lang='lat' dir='ltr'><strong>Aliquando</strong></span> <span class='ocrx_word' id='word_1_1242' title='bbox 1847 2705 1899 2724; x_wconf 89' lang='lat' dir='ltr'><strong>una</strong></span> <span class='ocrx_word' id='word_1_1243' title='bbox 1918 2698 2056 2724; x_wconf 87' lang='lat' dir='ltr'><strong>infirmitas</strong></span> <span class='ocrx_word' id='word_1_1244' title='bbox 2084 2699 2208 2725; x_wconf 89' lang='lat' dir='ltr'><strong>naturalis</strong></span> <span class='ocrx_word' id='word_1_1245' title='bbox 2227 2706 2268 2725; x_wconf 88' lang='lat' dir='ltr'><strong>sa-</strong></span> 
     </span>
     <span class='ocr_line' id='line_1_201' title="bbox 1626 2740 1904 2768; baseline 0.004 -1"><span class='ocrx_word' id='word_1_1246' title='bbox 1626 2745 1703 2768; x_wconf 92' lang='lat' dir='ltr'><strong>natur</strong></span> <span class='ocrx_word' id='word_1_1247' title='bbox 1721 2742 1755 2768; x_wconf 89' lang='lat' dir='ltr'><strong>ab</strong></span> <span class='ocrx_word' id='word_1_1248' title='bbox 1774 2743 1822 2768; x_wconf 88' lang='lat' dir='ltr'><strong>alia</strong></span> <span class='ocrx_word' id='word_1_1249' title='bbox 1841 2740 1904 2768; x_wconf 77' lang='lat' dir='ltr'><strong>ibid.</strong></span> 
     </span>
    </p>

    <p class='ocr_par' dir='ltr' id='par_1_44' title="bbox 1625 2786 2269 2900">
     <span class='ocr_line' id='line_1_202' title="bbox 1679 2786 2269 2819; baseline 0.003 -8"><span class='ocrx_word' id='word_1_1250' title='bbox 1679 2787 1797 2812; x_wconf 66' lang='lat' dir='ltr'><strong>lurtnus</strong></span> <span class='ocrx_word' id='word_1_1251' title='bbox 1816 2800 1850 2805; x_wconf 96' lang='lat'><strong>—-</strong></span> <span class='ocrx_word' id='word_1_1252' title='bbox 1869 2786 2082 2819; x_wconf 87' lang='lat' dir='ltr'><strong>possessionibus</strong></span> <span class='ocrx_word' id='word_1_1253' title='bbox 2111 2794 2163 2813; x_wconf 92' lang='lat' dir='ltr'><strong>non</strong></span> <span class='ocrx_word' id='word_1_1254' title='bbox 2192 2787 2269 2813; x_wconf 86' lang='lat' dir='ltr'><strong>intrat</strong></span> 
     </span>
     <span class='ocr_line' id='line_1_203' title="bbox 1625 2832 2264 2863; baseline 0.005 -8"><span class='ocrx_word' id='word_1_1255' title='bbox 1625 2837 1673 2862; x_wconf 92' lang='lat' dir='ltr'><strong>per</strong></span> <span class='ocrx_word' id='word_1_1256' title='bbox 1699 2834 1840 2862; x_wconf 84' lang='lat' dir='ltr'><strong>angustam</strong></span> <span class='ocrx_word' id='word_1_1257' title='bbox 1868 2834 1972 2863; x_wconf 88' lang='lat' dir='ltr'><strong>portam</strong></span> <span class='ocrx_word' id='word_1_1258' title='bbox 1992 2832 2066 2863; x_wconf 88' lang='lat' dir='ltr'><strong>regni</strong></span> <span class='ocrx_word' id='word_1_1259' title='bbox 2092 2832 2211 2858; x_wconf 88' lang='lat' dir='ltr'><strong>caelestis</strong></span> <span class='ocrx_word' id='word_1_1260' title='bbox 2231 2832 2264 2858; x_wconf 88' lang='lat' dir='ltr'><strong>vt</strong></span> 
     </span>
     <span class='ocr_line' id='line_1_204' title="bbox 1626 2875 1713 2900; baseline 0.011 -1"><span class='ocrx_word' id='word_1_1261' title='bbox 1626 2875 1677 2900; x_wconf 85' lang='grc'><strong>628</strong></span> <span class='ocrx_word' id='word_1_1262' title='bbox 1698 2881 1713 2900; x_wconf 88' lang='lat' dir='ltr'><strong>a</strong></span> 
     </span>
    </p>

    <p class='ocr_par' dir='ltr' id='par_1_45' title="bbox 1627 2919 2266 2989">
     <span class='ocr_line' id='line_1_205' title="bbox 1678 2919 2266 2953; baseline 0.003 -9"><span class='ocrx_word' id='word_1_1263' title='bbox 1678 2920 1797 2945; x_wconf 66' lang='lat' dir='ltr'><strong>lut-‚auium</strong></span> <span class='ocrx_word' id='word_1_1264' title='bbox 1816 2934 1851 2937; x_wconf 97' lang='lat'><strong>—</strong></span> <span class='ocrx_word' id='word_1_1265' title='bbox 1864 2919 1957 2946; x_wconf 89' lang='lat' dir='ltr'><strong>datum</strong></span> <span class='ocrx_word' id='word_1_1266' title='bbox 1971 2922 2010 2945; x_wconf 90' lang='lat' dir='ltr'><strong>est</strong></span> <span class='ocrx_word' id='word_1_1267' title='bbox 2023 2920 2056 2946; x_wconf 88' lang='lat' dir='ltr'><strong>ad</strong></span> <span class='ocrx_word' id='word_1_1268' title='bbox 2071 2920 2266 2953; x_wconf 88' lang='lat' dir='ltr'><strong>inquisitionem</strong></span> 
     </span>
     <span class='ocr_line' id='line_1_206' title="bbox 1627 2963 1812 2989; baseline -0.005 0"><span class='ocrx_word' id='word_1_1269' title='bbox 1627 2963 1658 2989; x_wconf 93' lang='lat' dir='ltr'><strong>Vl</strong></span> <span class='ocrx_word' id='word_1_1270' title='bbox 1679 2964 1711 2989; x_wconf 88' lang='grc'><strong>33</strong></span> <span class='ocrx_word' id='word_1_1271' title='bbox 1733 2970 1758 2988; x_wconf 93' lang='lat' dir='ltr'><strong>v.</strong></span> <span class='ocrx_word' id='word_1_1272' title='bbox 1779 2963 1812 2988; x_wconf 93' lang='grc'><strong>40</strong></span> 
     </span>
    </p>

    <p class='ocr_par' dir='ltr' id='par_1_46' title="bbox 1625 3007 2286 3171">
     <span class='ocr_line' id='line_1_207' title="bbox 1679 3007 2286 3046; baseline 0.002 -13"><span class='ocrx_word' id='word_1_1273' title='bbox 1679 3008 1780 3033; x_wconf 67' lang='lat' dir='ltr'><strong>imum</strong></span> <span class='ocrx_word' id='word_1_1274' title='bbox 1799 3021 1834 3026; x_wconf 97' lang='lat'><strong>—</strong></span> <span class='ocrx_word' id='word_1_1275' title='bbox 1853 3011 1914 3033; x_wconf 91' lang='lat' dir='ltr'><strong>sunt</strong></span> <span class='ocrx_word' id='word_1_1276' title='bbox 1937 3007 2036 3041; x_wconf 92' lang='lat' dir='ltr'><strong>quibus</strong></span> <span class='ocrx_word' id='word_1_1277' title='bbox 2064 3011 2170 3041; x_wconf 89' lang='lat' dir='ltr'><strong>accepta</strong></span> <span class='ocrx_word' id='word_1_1278' title='bbox 2198 3008 2286 3046; x_wconf 37' lang='lat' dir='ltr'><strong>suftig</strong></span> 
     </span>
     <span class='ocr_line' id='line_1_208' title="bbox 1625 3051 2266 3085; baseline 0.002 -8"><span class='ocrx_word' id='word_1_1279' title='bbox 1625 3051 1697 3077; x_wconf 89' lang='lat' dir='ltr'><strong>ciunt</strong></span> <span class='ocrx_word' id='word_1_1280' title='bbox 1716 3052 1748 3077; x_wconf 84' lang='lat' dir='ltr'><strong>vt</strong></span> <span class='ocrx_word' id='word_1_1281' title='bbox 1768 3051 1820 3077; x_wconf 87' lang='grc'><strong>540</strong></span> <span class='ocrx_word' id='word_1_1282' title='bbox 1840 3052 1855 3077; x_wconf 93' lang='grc'>9</span> <span class='ocrx_word' id='word_1_1283' title='bbox 1875 3066 1910 3071; x_wconf 95' lang='grc'><strong>-</strong></span> <span class='ocrx_word' id='word_1_1284' title='bbox 1929 3059 1981 3078; x_wconf 91' lang='lat' dir='ltr'><strong>non</strong></span> <span class='ocrx_word' id='word_1_1285' title='bbox 2001 3056 2135 3079; x_wconf 91' lang='lat' dir='ltr'><strong>merentur</strong></span> <span class='ocrx_word' id='word_1_1286' title='bbox 2152 3052 2266 3085; x_wconf 91' lang='lat' dir='ltr'><strong>amplius</strong></span> 
     </span>
     <span class='ocr_line' id='line_1_209' title="bbox 1625 3096 2265 3130; baseline 0.002 -9"><span class='ocrx_word' id='word_1_1287' title='bbox 1625 3096 1752 3128; x_wconf 78' lang='lat' dir='ltr'><strong>accipere,</strong></span> <span class='ocrx_word' id='word_1_1288' title='bbox 1780 3096 1828 3121; x_wconf 90' lang='lat' dir='ltr'><strong>sed</strong></span> <span class='ocrx_word' id='word_1_1289' title='bbox 1855 3097 1974 3122; x_wconf 90' lang='lat' dir='ltr'><strong>amittere</strong></span> <span class='ocrx_word' id='word_1_1290' title='bbox 1998 3096 2061 3123; x_wconf 85' lang='lat' dir='ltr'><strong>ibid.</strong></span> <span class='ocrx_word' id='word_1_1291' title='bbox 2079 3110 2115 3116; x_wconf 89' lang='lat'>—</span> <span class='ocrx_word' id='word_1_1292' title='bbox 2134 3100 2195 3122; x_wconf 89' lang='lat' dir='ltr'><strong>sunt</strong></span> <span class='ocrx_word' id='word_1_1293' title='bbox 2219 3096 2265 3130; x_wconf 90' lang='lat' dir='ltr'><strong>qui</strong></span> 
     </span>
     <span class='ocr_line' id='line_1_210' title="bbox 1625 3139 2212 3171; baseline 0.002 -6"><span class='ocrx_word' id='word_1_1294' title='bbox 1625 3139 1658 3165; x_wconf 91' lang='lat' dir='ltr'><strong>de</strong></span> <span class='ocrx_word' id='word_1_1295' title='bbox 1677 3140 1792 3171; x_wconf 87' lang='lat' dir='ltr'><strong>acceptis</strong></span> <span class='ocrx_word' id='word_1_1296' title='bbox 1811 3141 1922 3166; x_wconf 91' lang='lat' dir='ltr'><strong>Domino</strong></span> <span class='ocrx_word' id='word_1_1297' title='bbox 1941 3148 1994 3166; x_wconf 91' lang='lat' dir='ltr'><strong>non</strong></span> <span class='ocrx_word' id='word_1_1298' title='bbox 2013 3141 2130 3167; x_wconf 89' lang='lat' dir='ltr'><strong>serviunt</strong></span> <span class='ocrx_word' id='word_1_1299' title='bbox 2149 3139 2212 3167; x_wconf 86' lang='lat' dir='ltr'><strong>ibid.</strong></span> 
     </span>
    </p>

    <p class='ocr_par' dir='ltr' id='par_1_47' title="bbox 1624 3184 2264 3348">
     <span class='ocr_line' id='line_1_211' title="bbox 1677 3184 2262 3217; baseline 0.002 -8"><span class='ocrx_word' id='word_1_1300' title='bbox 1677 3185 1779 3210; x_wconf 70' lang='lat' dir='ltr'><strong>luceant</strong></span> <span class='ocrx_word' id='word_1_1301' title='bbox 1807 3199 1842 3203; x_wconf 89' lang='lat'><strong>—</strong></span> <span class='ocrx_word' id='word_1_1302' title='bbox 1867 3185 2033 3217; x_wconf 88' lang='lat' dir='ltr'><strong>lngredimur</strong></span> <span class='ocrx_word' id='word_1_1303' title='bbox 2058 3191 2105 3217; x_wconf 91' lang='lat' dir='ltr'><strong>per</strong></span> <span class='ocrx_word' id='word_1_1304' title='bbox 2130 3184 2262 3211; x_wconf 88' lang='lat' dir='ltr'><strong>Christum</strong></span> 
     </span>
     <span class='ocr_line' id='line_1_212' title="bbox 1625 3228 2263 3261; baseline 0.002 -8"><span class='ocrx_word' id='word_1_1305' title='bbox 1625 3235 1672 3259; x_wconf 88' lang='lat' dir='ltr'><strong>per</strong></span> <span class='ocrx_word' id='word_1_1306' title='bbox 1691 3228 1770 3254; x_wconf 86' lang='lat' dir='ltr'><strong>fidem</strong></span> <span class='ocrx_word' id='word_1_1307' title='bbox 1791 3232 1816 3254; x_wconf 89' lang='lat' dir='ltr'><strong>et</strong></span> <span class='ocrx_word' id='word_1_1308' title='bbox 1834 3228 2000 3261; x_wconf 87' lang='lat' dir='ltr'><strong>baptismatis</strong></span> <span class='ocrx_word' id='word_1_1309' title='bbox 2019 3229 2218 3255; x_wconf 86' lang='lat' dir='ltr'><strong>Sacramentum</strong></span> <span class='ocrx_word' id='word_1_1310' title='bbox 2238 3231 2263 3254; x_wconf 84' lang='lat' dir='ltr'><strong>et</strong></span> 
     </span>
     <span class='ocr_line' id='line_1_213' title="bbox 1624 3273 2264 3305; baseline 0 -8"><span class='ocrx_word' id='word_1_1311' title='bbox 1624 3279 1672 3304; x_wconf 90' lang='lat' dir='ltr'><strong>per</strong></span> <span class='ocrx_word' id='word_1_1312' title='bbox 1691 3273 1937 3305; x_wconf 84' lang='lat' dir='ltr'><strong>contemplationem</strong></span> <span class='ocrx_word' id='word_1_1313' title='bbox 1957 3273 1990 3298; x_wconf 84' lang='lat' dir='ltr'><strong>Vl</strong></span> <span class='ocrx_word' id='word_1_1314' title='bbox 2010 3273 2062 3299; x_wconf 86' lang='lat'><strong>385</strong></span> <span class='ocrx_word' id='word_1_1315' title='bbox 2083 3273 2110 3298; x_wconf 89' lang='grc'><strong>44</strong></span> <span class='ocrx_word' id='word_1_1316' title='bbox 2128 3286 2164 3292; x_wconf 90' lang='lat'><strong>--</strong></span> <span class='ocrx_word' id='word_1_1317' title='bbox 2177 3273 2264 3304; x_wconf 87' lang='lat' dir='ltr'><strong>ingre-</strong></span> 
     </span>
     <span class='ocr_line' id='line_1_214' title="bbox 1624 3315 2156 3348; baseline 0.002 -7"><span class='ocrx_word' id='word_1_1318' title='bbox 1624 3316 1698 3342; x_wconf 89' lang='lat' dir='ltr'><strong>diens</strong></span> <span class='ocrx_word' id='word_1_1319' title='bbox 1716 3323 1764 3348; x_wconf 91' lang='lat' dir='ltr'><strong>per</strong></span> <span class='ocrx_word' id='word_1_1320' title='bbox 1782 3316 1913 3343; x_wconf 90' lang='lat' dir='ltr'><strong>Christum</strong></span> <span class='ocrx_word' id='word_1_1321' title='bbox 1933 3316 2076 3342; x_wconf 88' lang='lat' dir='ltr'><strong>salvabitur</strong></span> <span class='ocrx_word' id='word_1_1322' title='bbox 2095 3315 2156 3343; x_wconf 81' lang='lat' dir='ltr'><strong>ibid.</strong></span> 
     </span>
    </p>

    <p class='ocr_par' dir='ltr' id='par_1_48' title="bbox 1623 3360 2264 3431">
     <span class='ocr_line' id='line_1_215' title="bbox 1679 3360 2264 3387; baseline 0.002 -2"><span class='ocrx_word' id='word_1_1323' title='bbox 1679 3361 1830 3387; x_wconf 79' lang='lat' dir='ltr'>INHONESTAS</span> <span class='ocrx_word' id='word_1_1324' title='bbox 1848 3375 1883 3380; x_wconf 97' lang='lat'>—</span> <span class='ocrx_word' id='word_1_1325' title='bbox 1901 3362 1929 3387; x_wconf 90' lang='lat' dir='ltr'><strong>ln</strong></span> <span class='ocrx_word' id='word_1_1326' title='bbox 1948 3361 2053 3387; x_wconf 86' lang='lat' dir='ltr'><strong>lascivis</strong></span> <span class='ocrx_word' id='word_1_1327' title='bbox 2079 3364 2105 3387; x_wconf 89' lang='lat' dir='ltr'><strong>et</strong></span> <span class='ocrx_word' id='word_1_1328' title='bbox 2131 3360 2264 3386; x_wconf 87' lang='lat' dir='ltr'><strong>dissolutis</strong></span> 
     </span>
     <span class='ocr_line' id='line_1_216' title="bbox 1623 3404 2220 3431; baseline -0.002 -1"><span class='ocrx_word' id='word_1_1329' title='bbox 1623 3407 1662 3430; x_wconf 88' lang='lat' dir='ltr'><strong>est</strong></span> <span class='ocrx_word' id='word_1_1330' title='bbox 1681 3404 1829 3431; x_wconf 89' lang='lat' dir='ltr'><strong>inhonestas</strong></span> <span class='ocrx_word' id='word_1_1331' title='bbox 1848 3405 2055 3431; x_wconf 85' lang='lat' dir='ltr'><strong>conversationis</strong></span> <span class='ocrx_word' id='word_1_1332' title='bbox 2068 3405 2099 3431; x_wconf 89' lang='lat' dir='ltr'><strong>Vl</strong></span> <span class='ocrx_word' id='word_1_1333' title='bbox 2120 3404 2171 3430; x_wconf 90' lang='lat'><strong>546</strong></span> <span class='ocrx_word' id='word_1_1334' title='bbox 2192 3405 2220 3429; x_wconf 92' lang='grc'><strong>44</strong></span> 
     </span>
    </p>
   </div>
  </div>
 </body>
</html>
