2476 3921
22 1163 33 1179 n
45 1155 146 1187 secundo,

21 1184 97 1205 fructus
110 1188 141 1204 iu-

17 1210 83 1231 stitiae
99 1215 149 1240 qua·

17 1236 137 1258 idriforuus.

21 2377 98 2403 stettin,
107 2377 149 2399 fru-

18 2405 54 2425 «tus
66 2404 148 2434 sapien-

14 2435 44 2451 =ae
55 2432 150 2458 quinqui-

35 2457 115 2479 formis.

743 212 936 246 COMMENT.
962 213 999 246 IN
1023 212 1263 247 EVANGELIUM
1288 214 1405 248 LUCAE
1429 216 1460 248 C.
1487 217 1558 250 xm.
2081 223 2141 257 341

165 302 204 334 ab
227 283 464 343 incipientibus,
489 301 612 334 fructus
643 301 790 334 iustitiae
824 310 843 333 a
866 300 1123 343 proficientibus,

165 354 289 387 fructus
311 357 416 387 autem
439 353 622 396 sapientiae
645 362 664 386 a
686 353 842 395 perfectis.

254 406 357 439 Primo
379 406 476 449 igitur
499 406 531 439 in
558 406 671 448 primo
694 415 784 439 anno
808 406 943 448 requirit
970 404 1123 448 fructum

14 459 396 501 apamen-poenitentiae,
420 459 459 492 de
482 468 546 501 quo
569 468 668 501 supra
691 459 784 492 tertio
798 460 827 491 ¹:
844 472 872 488 «α
888 459 990 492 Facite
1013 458 1123 500 dignos

14 496 288 571 :uffifftffifffructus
311 505 519 554 poenitentiae
535 525 565 544 ».
591 512 644 545 Hic
675 515 781 545 autem
808 511 933 545 fructus
964 511 995 544 in
1020 510 1123 543 tribus

14 573 130 602 unformia.
164 562 322 599 consistit:
346 565 450 608 primo
472 565 504 598 in
528 565 726 598 resecatione
747 564 1013 607 superfluitatis;
1042 564 1122 597 lere-

163 618 244 651 miae
267 618 422 651 secundo:
451 631 467 647 α
484 618 597 651 Induxi
621 627 676 651 vos
707 618 740 651 in
764 621 882 651 terram
906 617 1057 656 Carmeli,
1087 620 1122 649 ut

163 670 367 704 comederetis
389 670 528 704 fructum
552 671 621 704 eius
644 674 675 704 et
691 671 772 703 bona
795 671 922 704 illius».
950 669 1122 703 Carmelus

162 724 390 766 interpretatur
413 724 542 757 scientia
557 724 805 757 circumcisionis
825 727 856 757 et
871 723 1013 766 designat
1037 732 1121 756 rese-

162 776 316 809 cationem
332 776 570 818 superfluitatis.
588 794 630 801 —
647 776 790 809 Secundo
813 776 845 808 in
867 775 1122 818 mortificatione

162 829 298 867 carnis;
313 829 435 862 Ioannis
449 829 634 862 duodecimo
648 829 677 861 2:
699 842 715 858 α
733 829 794 862 Nisi
812 838 947 872 granum
970 828 1120 861 frumenti

162 881 276 915 cadens
298 882 330 915 in
354 885 470 915 terram
488 886 649 915 mortuum
665 882 762 915 fuerit
778 896 793 911 »
824 886 882 916 etc.
901 901 942 906 —
960 882 1065 915 Tertio
1089 883 1120 915 in

158 934 396 977 purificatione
418 935 552 973 mentis,-
568 936 663 968 Isaiae
679 935 830 978 vigesimo
854 936 1006 978 septimo:
1035 949 1051 964 α
1068 936 1120 968 Di-

160 987 305 1021 mittetur
335 988 485 1030 iniquitas
514 988 623 1021 domui
648 988 754 1028 Iacob,
779 992 811 1021 et
834 989 886 1022 hic
919 988 1021 1021 omnis
1053 988 1120 1021 fru-

162 1043 231 1073 ctus
254 1040 340 1080 eius,
364 1044 401 1073 ut
423 1041 587 1074 auferatur
610 1045 773 1083 peccatum
797 1042 865 1075 eius
882 1055 912 1074 ».

253 1094 303 1126 19.
327 1094 358 1126 Ιῐ]
383 1094 525 1127 secundo
549 1104 658 1133 anno,
675 1094 793 1128 scilicet
810 1095 840 1127 in
857 1097 942 1128 statu
958 1094 1120 1137 proficien-

161 1145 256 1186 tium,
281 1147 416 1189 requirit
439 1147 593 1181 Dominus
620 1147 772 1190 sructam
796 1148 964 1186 iustitiae,·
987 1147 1026 1180 de
1057 1156 1120 1190 quo

162 1199 201 1232 ad
224 1200 437 1243 Philippenses
460 1200 563 1243 primo
576 1201 606 1234 ³:
636 1214 651 1230 «
668 1201 740 1234 Sitis
756 1201 893 1235 sinceres
909 1201 976 1234 sine
992 1201 1119 1239 offensa,

161 1253 272 1295 repleti
295 1253 403 1286 fructu
426 1254 563 1287 iustitiae
586 1263 643 1296 per
667 1255 767 1287 lesum
801 1255 980 1294 Christum,
1004 1255 1035 1287 in
1059 1254 1120 1296 glo-

161 1306 241 1339 riam
264 1310 295 1339 et
319 1306 443 1340 laudem
467 1307 565 1340 Dei».
589 1325 635 1330 -
658 1308 745 1340 Hunc
769 1308 909 1341 fructum
941 1307 1121 1341 eoncordia

162 1357 297 1392 inchoat
319 1359 385 1392 sive
409 1359 559 1399 seminat;
583 1360 684 1393 lacobi
708 1361 844 1394 tertio⁴:
875 1374 890 1390 α
907 1361 1040 1394 Fructus
1063 1370 1120 1394 au-

161 1416 224 1445 tem
245 1412 384 1446 iustitiae
408 1413 439 1445 in
463 1404 539 1455 pace
562 1413 737 1446 seminatur
759 1413 946 1447 facientibus
963 1423 1070 1456 pacem
1088 1426 1118 1453 »3

161 1465 214 1498 Iob
237 1465 386 1507 vigesimo
408 1466 563 1499 secundo:
593 1479 609 1495 α
624 1466 740 1500 Habeto
763 1475 887 1509 pacem,
910 1471 942 1500 et
965 1467 1120 1509 perhanc

162 1518 291 1552 habebis
320 1519 444 1552 fructus
475 1519 653 1561 optimos».
678 1539 723 1543 —
748 1520 926 1553 Clementia
960 1520 1120 1563 patefacit

161 1575 190 1603 et
209 1570 378 1614 provehit‚·
396 1572 535 1605 Psalmus
547 1572 579 1604 ⁵:
600 1585 615 1600 α
634 1572 698 1605 Erit
715 1575 865 1614 tanquam
883 1573 1017 1615 lignum,
1035 1572 1120 1615 quod

160 1624 336 1667 plantatum
359 1627 406 1658 est
429 1634 520 1658 secus
544 1625 698 1659 decursus
721 1635 878 1668 aquarum
895 1639 910 1655 n
934 1630 1018 1665 etc.;
1035 1625 1120 1659 unde

161 1678 193 1710 in
216 1678 337 1711 Psalmo
360 1678 494 1711 iterum:
525 1691 541 1708 α
556 1679 581 1711 Α
602 1679 711 1712 fructu
726 1679 896 1718 frumenti,
921 1679 985 1712 vini
1002 1682 1033 1712 et
1059 1678 1119 1711 olei

161 1731 211 1764 sui
233 1731 430 1773 multiplicati
455 1735 576 1765 sunt».
601 1750 647 1755 -
669 1732 840 1765 Patientia
863 1737 1057 1770 conservat;
1075 1733 1119 1765 la-

161 1785 230 1818 cobi
260 1785 413 1827 quinto⁰:
451 1798 467 1815 (ι
483 1785 569 1825 Ecce,
593 1786 730 1828 agricola
753 1789 916 1828 exspectat
940 1786 1117 1828 pretiosum

161 1837 302 1871 fructum
333 1842 451 1877 terrae,
484 1838 638 1880 patienter
669 1838 773 1872 ferens
790 1852 806 1867 »
833 1842 903 1878 etc.;
936 1842 968 1872 et
999 1839 1038 1872 ad
1062 1839 1119 1872 He-

161 1891 273 1925 braeos
306 1891 508 1925 duodecimo:
539 1891 679 1925 «Omnis
707 1892 870 1934 disciplina
900 1892 932 1925 in
961 1892 1118 1934 praesenti

161 1944 286 1986 quidem
311 1954 372 1978 non
397 1948 444 1978 est
467 1944 591 1987 gaudii,
615 1945 670 1978 sed
692 1945 863 1985 moeroris;
881 1948 989 1988 postea
1012 1948 1116 1978 autem

160 1998 251 2031 affert
273 1998 413 2031 fructum
436 1998 671 2040 pacatissimum
689 2012 719 2030 n.
738 2017 780 2022 —
797 1998 856 2032 Sed
868 1998 1118 2041 perseverantia

162 2051 336 2094 recolliyit:
363 2052 464 2084 Lucae
495 2051 646 2094 vigesimo
678 2051 781 2094 primo
800 2052 826 2084 ⁷:
855 2065 871 2081 ι(
888 2051 997 2085 Videte
1028 2052 1118 2085 ficul-

160 2113 250 2138 neam
274 2108 305 2138 et
327 2114 436 2138 omnes
457 2105 604 2138 arbores:
629 2114 701 2138 cum
726 2104 906 2147 producunt
928 2114 969 2138 ex
994 2114 1028 2138 se
1051 2105 1118 2138 fru-

161 2161 265 2198 ctum,
281 2158 381 2198 scitis‚
398 2159 547 2201 quoniam
570 2168 668 2201 prope
691 2162 739 2192 est
761 2162 862 2192 aestas
879 2170 910 2198 »3
935 2159 1118 2192 Proverbio-

161 2220 233 2244 rum
257 2211 368 2244 ultimo
390 2211 429 2245 de
452 2211 585 2245 muliere
608 2212 682 2245 forti
705 2212 838 2251 dicitur,
862 2211 948 2254 quod
969 2211 1035 2245 «de
1051 2211 1118 2245 fru-

161 2266 215 2297 ctu
237 2273 391 2297 manuum
413 2273 546 2298 suarum
570 2264 723 2307 plantavit
746 2265 867 2298 vineam
884 2278 915 2297 ».

250 2318 302 2351 ΞΟ.
327 2318 360 2350 ln
384 2317 478 2350 tertio
502 2327 591 2350 anno
608 2318 743 2360 requirit
757 2317 910 2361 fructum
925 2318 1118 2360 sapientiae,

161 2369 199 2403 de
223 2380 286 2413 quo
303 2364 552 2404 ‘Proverhiorum
585 2371 722 2404 tertio³:
751 2384 767 2400 α
784 2371 878 2404 Primi
902 2374 933 2404 et
956 2371 1118 2414 purissimi

161 2422 285 2456 fructus
306 2423 421 2456 eius».
447 2423 500 2456 Hic
523 2426 630 2456 autem
653 2424 778 2457 fructus
794 2426 841 2456 est
856 2423 1120 2466 speciosissimas

160 2476 199 2509 ad
222 2476 466 2518 speculandum;
484 2477 721 2509 Deuteronomii
737 2477 898 2520 trigesimo
914 2478 1024 2511 tertio:
1047 2492 1062 2508 a
1075 2479 1120 2512 De

160 2529 374 2563 benedictione
397 2529 520 2562 Domini
552 2533 638 2563 terra
660 2530 746 2569 eius,
770 2531 809 2564 de
832 2531 932 2573 pomis
955 2532 1119 2565 fructuum

161 2582 234 2615 solis
257 2585 288 2615 et
304 2582 396 2615 lunae
412 2595 443 2614 ».
462 2601 502 2605 —
520 2583 834 2626 Frayrantissimus
849 2583 888 2616 ad
904 2584 1118 2631 odorandum;

161 2635 366 2669 Ecclesiastici
381 2654 385 2657 »
400 2635 551 2678 vigesimo
585 2639 699 2678 quarto
713 2636 747 2668 ⁹:
784 2649 801 2665 α
825 2636 887 2678 Ego
922 2637 1012 2679 quasi
1048 2637 1120 2670 vitis

161 2688 348 2722 fructificavi
371 2688 558 2722 suavitatem
581 2688 703 2729 odoris,
728 2692 759 2722 et
793 2689 887 2722 flores
911 2689 973 2723 mei
995 2690 1119 2723 fructus

232 2884 241 2901 ¹
262 2885 337 2911 Vers.
356 2886 381 2911 8.
399 2899 435 2905 —
453 2884 571 2912 Subinde
588 2886 716 2917 allegatur
734 2887 782 2912 ler.
807 2887 835 2919 2,
854 2886 884 2918 7,
904 2887 931 2912 in
949 2894 1003 2920 quo
1025 2894 1073 2920 pro
1089 2889 1120 2914 ut

162 2928 332 2956 comederetis
355 2929 441 2956 CDF
459 2931 490 2956 ut
517 2929 671 2956 comedatis.
699 2930 822 2962 Hieron„
851 2931 885 2957 de
915 2931 1046 2958 Nominib.
1072 2932 1120 2958 He-

162 2972 255 3011 braic.,
274 2973 309 2999 de
327 2974 442 3006 Regnor.
454 2973 499 3000 lib.
519 2974 570 3000 lll.:
590 2973 744 3006 Carmelus,
764 2975 886 3008 tenellus,
899 2978 944 3001 aut
956 2976 1050 3007 mollis,
1062 2976 1119 3002 sive

162 3017 267 3043 scientia
287 3017 502 3045 circumcisionis.

232 3060 244 3076 ²
263 3062 338 3088 Vers.
356 3062 399 3088 24.
411 3076 447 3083 —-
460 3063 583 3097 Sequitur
601 3063 657 3089 lsai.
676 3063 724 3095 27,
742 3064 773 3097 9,
792 3063 839 3090 ubi
857 3072 906 3097 pro
925 3064 1020 3100 domiti
1039 3065 1058 3093 C
1070 3066 1090 3091 D
1101 3066 1118 3092 F

163 3105 267 3139 domus,
289 3109 315 3133 et
332 3110 392 3139 post
403 3106 511 3141 fructus
524 3108 635 3140 Vulgata
654 3108 748 3134 omittit
766 3108 823 3136 eius
843 3109 934 3143 (AFG
952 3111 1074 3137 omittunt
1092 3110 1117 3137 in

163 3150 215 3177 flne'
233 3150 304 3183 eius,
323 3158 371 3184 pro
390 3158 444 3185 quo
462 3152 489 3178 in
507 3151 527 3179 C
537 3152 558 3178 D
577 3152 692 3178 secunda
711 3159 805 3179 manus
823 3153 957 3180 substituit
975 3153 1071 3186 illius).

234 3195 245 3213 ³
263 3196 338 3221 Vers.
359 3195 402 3221 ⁴0.
420 3202 475 3229 seq.
495 3196 544 3222 Pro
561 3196 678 3223 sinceres
697 3197 755 3223 Vat.
775 3204 836 3224 cum
857 3198 969 3231 Vulgata
987 3198 1095 3226 sinceri.

233 3238 245 3254 ⁴
263 3239 339 3266 Ver's.
358 3240 404 3272 1¹8,
423 3243 482 3272 post
499 3247 580 3274 quem
599 3240 644 3266 lob
662 3241 709 3274 22,
729 3242 771 3267 24.

233 3281 245 3297 ⁶
264 3283 357 3309 Psalm.
377 3284 400 3316 l,
419 3284 450 3316 3,
468 3285 510 3310 cui
529 3284 698 3317 subiungitur
717 3285 758 3312 Ps.
777 3286 807 3319 4,
826 3287 851 3312 8.

233 3325 245 3341 ⁶
264 3327 339 3354 Vers.
356 3326 382 3353 7.
401 3341 437 3347 —
456 3328 578 3363 Sequitur
596 3329 676 3356 Hebr.
695 3330 744 3362 ⁴2,
764 3330 806 3356 Μ.

234 3368 244 3385 ⁷
263 3371 338 3397 vers.
357 3371 400 3397 29.
419 3374 445 3398 et
463 3372 559 3399 deinde
577 3373 654 3399 Prov.
676 3373 722 3405 31,
743 3374 786 3400 ⁴6.

1188 301 1317 334 honoris
1340 305 1371 335 et
1395 303 1566 338 honestatis
1579 317 1609 343 »;
1634 306 1832 341 Canticorum
1857 313 1985 351 quarto:
2017 324 2032 339 α
2049 311 2147 344 Emis-

1188 353 1291 387 siones
1315 358 1387 388 tuae
1410 357 1575 397 paradisus
1599 359 1754 392 malorum
1780 362 1968 402 punicorum
1994 372 2066 396 cum
2091 373 2146 406 po-

1188 415 1312 440 morum
1336 408 1493 442 fructibus
1510 423 1539 441 ».
1563 429 1608 433 —-
1632 411 1875 453 Sapidissimus
1906 415 1944 447 ad
1977 416 2145 458 degustan-

1187 459 1280 499 dum;
1297 460 1497 494 canticorum
1514 463 1651 496 secundo
1662 465 1701 496 ¹⁰:
1720 478 1736 494 <x
1750 466 1815 498 Sub
1828 467 1941 500 umbra
1954 468 2038 501 illius
2050 478 2144 510 quem

1186 512 1453 553 desideraveram,
1478 515 1561 554 sedi,
1586 519 1617 548 et
1648 516 1771 551 fructus
1803 519 1871 552 eius
1894 520 1994 553 dulcis
2022 522 2143 563 gutturi

1186 574 1256 598 meo
1272 578 1302 605 »3
1327 569 1358 599 et
1381 567 1580 601 Canticorum
1597 569 1725 611 quinto:
1748 584 1763 599 α
1781 571 1891 604 Veniat
1906 572 2039 606 dilectus
2056 583 2144 607 meus

1186 618 1217 651 in
1242 618 1371 652 hortum
1395 629 1488 653 suum
1513 624 1544 653 et
1567 622 1708 655 comedat
1732 623 1870 657 fructum
1889 634 2053 666 pomorum
2072 635 2144 659 suo-

1186 679 1258 703 rum
1275 684 1291 700 ³>
1319 675 1376 704 etc.
1396 691 1437 696 —
1455 673 1723 707 Pretiosissimus
1746 676 1785 708 ad
1809 677 2048 718 possidendum3
2071 678 2145 711 Pro-

1186 723 1368 757 verbiorum
1392 729 1502 758 octavo
1516 727 1558 758 ¹¹:
1587 739 1604 755 α
1621 727 1728 760 Melior
1744 732 1791 761 est
1807 729 1930 762 fructus
1954 739 2042 763 meus
2065 740 2145 763 auro

1185 779 1217 809 et
1240 776 1341 819 lapide
1365 778 1515 820 pretioso,
1540 782 1571 812 et
1594 780 1751 822 genimina
1772 790 1840 815 mea
1856 786 1986 824 argento
2001 784 2142 816 electo».

1185 847 1229 852 ——
1254 830 1479 873 Sempiternus
1501 832 1541 865 ad
1564 833 1815 874 perdurandum;
1840 836 2014 878 Sapientiae
2036 837 2142 869 tertio:

1190 895 1206 911 α
1223 883 1380 916 Bonorum
1406 884 1549 918 laborum
1585 886 1742 927 gloriosus
1765 892 1812 921 est
1843 888 1983 927 fructus,
2008 893 2039 922 et
2062 899 2143 931 quae

1184 945 1247 969 non
1271 937 1428 977 concidat,
1454 938 1545 971 radix
1578 940 1747 982 sapientiae
1764 954 1794 980 »;
1819 942 1894 984 quia
1917 943 2068 984 sapientia
2093 944 2142 976 hic

1184 989 1351 1022 inchoatur
1375 994 1406 1023 et
1429 991 1523 1024 durat
1546 992 1577 1024 in
1602 993 1839 1035 sempiternum.

1273 1043 1352 1076 Cum
1375 1044 1471 1086 igitur
1495 1045 1648 1079 Dominus
1669 1047 1811 1089 requirat
1836 1048 1865 1080 in
1890 1048 2021 1087 arbore,
2046 1059 2140 1091 quam

1184 1097 1352 1138 plantavit,
1376 1098 1408 1130 in
1443 1098 1545 1140 primo
1580 1102 1664 1132 statu
1688 1101 1828 1134 fructum
1853 1103 2087 1144 poenitentiae,
2112 1106 2142 1135 et

1185 1149 1236 1182 ille
1259 1150 1300 1182 sit
1324 1150 1511 1193 triformis,·
1535 1152 1566 1184 in
1590 1153 1728 1186 secundo
1756 1153 1895 1187 fructum
1922 1155 2086 1194 iustitiae,
2112 1160 2142 1188 et

1185 1202 1242 1235 iste
1265 1203 1305 1235 sit
1328 1203 1575 1246 quadriformis
1583 1217 1594 1243 ;
1619 1206 1649 1238 in
1676 1207 1768 1239 tertio
1791 1207 1931 1240 fructum
1948 1209 2141 1250 sapientiae,

1184 1259 1215 1288 et
1238 1256 1296 1289 iste
1325 1257 1364 1289 sit
1387 1257 1666 1301 quinquiformis:
1692 1260 1827 1302 requirit
1855 1261 1951 1302 igitur
1979 1261 2141 1294 duodecim

1184 1308 1307 1341 fructus
1330 1309 1362 1341 in
1385 1310 1498 1343 arbore
1523 1311 1668 1352 plantata.
1695 1312 1726 1344 ln
1747 1313 1839 1345 cuius
1867 1313 2003 1355 figuram
2027 1314 2142 1346 dicitur

1184 1362 1382 1404 Apocalypsis
1405 1363 1553 1404 vigesimo
1577 1364 1714 1397 secundo
1728 1366 1768 1396 ¹²:
1799 1379 1814 1393 «
1831 1366 1876 1398 Ex
1894 1370 2029 1408 utraque
2054 1372 2143 1408 parte

1184 1414 1324 1447 fluminis
1347 1415 1466 1457 lignum
1491 1416 1589 1456 vitae,
1606 1417 1740 1450 afferens
1756 1418 1879 1450 fructus
1894 1419 2069 1458 duodecim,
2087 1429 2142 1461 per

1184 1476 1307 1500 menses
1330 1469 1470 1511 singulos
1493 1470 1627 1503 reddens
1650 1470 1789 1503 fructum
1813 1480 1907 1504 suum
1925 1476 1955 1504 et
1972 1472 2043 1505 solia
2068 1473 2142 1515 ligni

1183 1520 1223 1553 ad
1246 1521 1410 1554 sanitatem
1433 1522 1574 1564 gentium
1591 1536 1621 1555 ι).

1263 1634 1378 1662 Secundo
1397 1636 1569 1663 confutantur
1587 1636 1778 1665 calumniantes
1796 1638 1922 1666 miracula.
1941 1647 1973 1666 ox
1991 1640 2066 1674 parto

1208 1678 1423 1706 circumstantiae
1442 1680 1564 1715 temporis
1583 1681 1722 1709 secudum
1740 1682 1867 1718 duplicem
1886 1684 2114 1718 opportunitatem.

1273 1788 1326 1820 021.
1353 1788 1436 1820 Erat
1460 1793 1571 1821 autem
1595 1789 1713 1822 docens
1736 1791 1772 1823 in
1794 1801 1968 1834 synayoya
1992 1795 2050 1825 etc.
2069 1793 2143 1825 Pars

1183 1839 1250 1879 illa,
1275 1840 1307 1872 in
1331 1850 1395 1882 qua
1418 1841 1559 1874 Salvator
1583 1843 1723 1876 confutat
1738 1844 1933 1877 dolositatem
1955 1845 2141 1878 Iudaeorum

1183 1893 1458 1932 calumniantium,
1482 1894 1581 1928 divisa
1603 1895 1663 1928 fuit
1686 1896 1717 1928 in
1738 1897 1816 1930 duas
1840 1901 1945 1939 partes
1968 1898 2142 1931 secundum

1182 1945 1341 1987 duplicem
1365 1946 1495 1979 modum
1519 1948 1731 1981 calumniandi
1753 1950 1907 1983 miracula
1921 1950 2055 1990 Christi,
2080 1952 2139 1984 sci-

1182 1998 1254 2031 licet
1276 2007 1318 2031 ex
1349 2003 1439 2040 parte
1470 2008 1594 2032 causae
1625 2000 1792 2043 efficientis
1819 2006 1851 2034 et
1881 2011 1922 2035 ex
1953 2006 2042 2044 parte
2073 2003 2140 2036 eir-

1183 2052 1403 2084 eamstantiae
1415 2053 1569 2095 temporis
1584 2053 1618 2085 ¹³.
1637 2054 1738 2086 Prima
1754 2058 1843 2096 parte
1858 2055 2074 2095 determinata,
2089 2056 2140 2089 hic

1183 2104 1291 2146 incipit
1314 2105 1461 2137 secunda.
1493 2106 1529 2138 Et
1556 2106 1707 2139 dividitur
1730 2107 1807 2140 haec
1838 2116 1912 2149 pars
1935 2108 1966 2140 in
1990 2108 2069 2142 duas
2091 2118 2140 2142 se-

1182 2158 1322 2191 cundum
1345 2158 1502 2200 duplicem
1519 2160 1669 2201 temporis
1684 2161 1968 2202 opportunitatem:
1985 2162 2017 2194 in
2038 2162 2140 2204 prima

1183 2211 1410 2245 calumniantes
1433 2212 1548 2245 Christi
1581 2213 1748 2252 miracula,
1773 2214 1848 2256 quia
1871 2214 1987 2247 fiebant
2008 2215 2039 2248 in
2063 2216 2138 2249 Sab—

1182 2264 1272 2304 bato,
1297 2265 1437 2298 confutat
1460 2265 1492 2298 in
1509 2266 1667 2304 concilio,-
1690 2266 1722 2298 in
1746 2266 1884 2299 secunda
1908 2276 1983 2300 vero
2000 2268 2139 2301 confutat

1183 2317 1214 2350 in
1239 2318 1407 2358 concivio,
1432 2318 1493 2352 ibi:
1519 2320 1558 2351 Et
1580 2318 1711 2362 factam
1735 2324 1796 2359 est,
1821 2329 1896 2352 oum
1921 2321 2081 2360 intraret,
2107 2322 2138 2354 in

1183 2371 1305 2404 decimo
1328 2375 1443 2414 quarto
1467 2372 1604 2415 capitulo
1618 2374 1653 2405 ¹⁴¹.

1322 2485 1486 2522 Confutatio‚
1506 2494 1570 2522 quae
1589 2487 1620 2514 fit
1638 2486 1666 2513 in
1685 2486 1806 2522 concilio,
1826 2487 1855 2514 de
1875 2495 1924 2522 quc
1943 2487 1999 2515 duo.

1274 2583 1376 2616 Prima
1398 2594 1472 2626 pars
1495 2584 1646 2618 dividitur
1669 2585 1700 2617 in
1723 2585 1811 2618 duas
1837 2585 1939 2618 Primo
1955 2585 2036 2619 enim
2061 2595 2136 2618 con-

1182 2635 1274 2679 futat
1297 2646 1351 2670 eos
1366 2638 1421 2680 qui
1437 2637 1595 2677 dicebant,
1613 2638 1745 2671 Sabbato
1761 2647 1822 2671 non
1839 2638 1977 2671 facienda
1993 2648 2061 2672 esse
2080 2639 2138 2672 mi-

1185 2691 1311 2730 racula;
1336 2691 1473 2724 secundo
1498 2700 1590 2731 vero,
1625 2691 1785 2724 occasione
1813 2695 1956 2734 accepta,
1981 2692 2137 2731 ostendit,

1253 2885 1265 2901 ⁸
1286 2888 1358 2913 Vers.
1379 2888 1388 2912 l
1397 2888 1420 2913 4.
1434 2901 1468 2906 —-
1482 2886 1599 2913 Subinde
1618 2887 1743 2919 allegatur
1762 2888 1835 2913 Deut.
1858 2887 1903 2918 33,
1925 2888 1966 2913 ⁴3.
1985 2895 2040 2921 seq.
2053 2902 2088 2908 —
2102 2890 2137 2915 ln-

1184 2931 1263 2958 ferius
1282 2939 1331 2963 pro
1350 2930 1387 2957 ad
1403 2930 1598 2965 speculandum
1619 2931 1676 2956 Vat.
1694 2930 1731 2956 ad
1748 2930 1898 2957 videndum.

1253 2973 1265 2989 ⁹
1285 2976 1359 3001 Vers.
1379 2976 1427 3007 23,
1447 2975 1488 3001 cui
1508 2974 1669 3001 subnectitur
1687 2974 1760 3000 Cant.
1780 2975 1809 3007 4,
1830 2975 1871 3000 13.

1254 3017 1276 3033 ¹⁰
1295 3020 1369 3045 Vers.
1390 3020 1418 3050 3,
1438 3022 1497 3051 post
1514 3026 1595 3052 quem
1614 3019 1642 3049 5,
1662 3019 1687 3044 l.

1254 3062 1275 3078 ¹¹
1296 3064 1371 3090 Vers.
1391 3064 1434 3089 49.
1452 3077 1487 3083 —
1507 3062 1623 3089 Subinde
1647 3063 1771 3094 allegatur
1790 3063 1849 3094 Sap.
1870 3063 1899 3093 3,
1923 3063 1961 3088 ¹5.

1254 3106 1276 3122 ¹⁹
1299 3109 1373 3134 Vers.
1385 3109 1414 3139 2,
1427 3108 1454 3134 in
1466 3108 1540 3134 cuius
1555 3107 1606 3133 tine
1622 3114 1670 3139 pro
1683 3106 1801 3140 gentium
1814 3106 1833 3133 C
1844 3107 1865 3132 D
1875 3107 1892 3132 F
1903 3107 1923 3132 G
1936 3107 2088 3134 virentium.
2101 3122 2137 3128 —

1183 3153 1321 3186 Aliquanto
1343 3152 1465 3184 superius
1489 3158 1538 3184 pro
1561 3158 1644 3185 quam
1664 3150 1801 3184 plantavit
1817 3151 1900 3177 ACD
1925 3158 2006 3185 quam
2029 3151 2138 3186 planta-

1182 3197 1259 3224 verit.

1254 3238 1277 3256 ¹³
1296 3242 1382 3273 Supra
1400 3247 1424 3267 c.
1445 3240 1487 3266 Η.
1502 3247 1530 3266 n.
1549 3240 1590 3266 36.
1604 3253 1639 3259 —
1652 3239 1777 3272 Superius
1789 3247 1838 3272 pro
1851 3238 2016 3266 dolositatem
2029 3239 2137 3267 Iudaeo-

1182 3292 1247 3312 rum
1265 3284 1493 3312 calamniantt'um
1514 3284 1570 3310 vat.
1589 3282 1752 3310 ludaeorum
1771 3282 1952 3317 pena-actam
1970 3283 2138 3311 calumnian—

1183 3330 1251 3357 tium
1270 3329 1406 3356 miracala
1424 3335 1485 3356 sna.

1255 3372 1276 3388 ¹¹
1296 3374 1371 3400 Vers.
1391 3374 1414 3399 t.

2161 1059 2269 1086 Epilogus.

2161 2115 2251 2138 Divisio.

2155 2591 2288 2613 Subdivisio.
