2427 3872
432 255 489 280 ESS

810 209 848 241 lN
872 207 1165 240 COMMENTARIOS
1189 208 1217 239 S.
1243 207 1468 240 SCRtPTURtAE

196 301 257 327 Esse
276 313 311 318 ·—
330 299 473 325 increatum
493 305 545 323 non
560 298 650 323 transit
666 298 692 322 in
711 303 782 329 prae·
821 299 877 321 cata
892 296 939 321 tuit
951 302 998 327 per
1017 295 1169 321 convivium
1184 295 1403 326 permagnificum
1417 296 1461 320 As-

143 345 249 370 teritum
269 344 301 369 Vl
321 343 367 369 371
388 343 420 368 82
441 356 476 362 -
494 342 565 367 Entia
580 348 631 367 non
646 343 781 366 concreata
821 339 892 365 sueri
911 339 963 364 546
983 339 999 363 6

143 388 240 414 habent
267 393 432 418 mensuram,
458 389 598 411 numerum
627 388 652 410 et
679 384 784 416 pondus

143 433 193 458 183
213 439 239 458 v.
259 431 287 457 21

197 491 230 495 -
249 476 332 502 Omne
351 482 398 500 ens
415 476 455 500 est
473 480 567 499 verum
588 473 620 498 vt
639 473 655 498 7
675 480 702 505 q.
722 474 785 498 2-

143 521 242 547 Verum
262 519 424 546 convertitur
443 525 503 544 cum
523 521 582 543 ente
598 516 660 543 ibid.
680 531 714 535 —
734 517 785 542 Ve-

142 573 201 592 rum
220 565 295 591 addit
312 570 392 596 supra
412 570 469 589 esse
494 561 731 594 impermixtionem
749 560 783 585 ad

144 616 267 636 non-esse
287 607 350 634 ibid.
363 622 397 627 —-
416 613 509 633 verum
529 609 568 633 est
585 612 644 631 esse
662 605 785 631 immuta-

144 653 196 680 bile
215 652 278 679 ibid.

195 711 231 717 —
250 697 367 723 Essentia
386 696 473 722 omnis
491 698 530 721 est
549 694 583 720 ab
602 694 711 720 essentia
739 694 782 720 Dei

143 743 175 768 Vl
196 742 247 767 108
267 749 293 767 v.
312 741 329 766 5
342 755 378 760 —
390 740 467 773 Quod
486 743 525 765 est
543 746 591 772 per
609 738 783 771 participatio-

143 794 204 813 nem
224 790 310 812 ortum
331 784 409 811 habet
428 785 463 810 ab
483 785 525 810 illo
538 784 609 817 quod
629 786 667 809 est
686 790 733 815 per
745 790 783 808 es-

143 831 254 858 sentiam
271 831 287 856 3
304 831 319 855 2

196 889 232 895 -
250 875 294 901 Est
312 874 384 907 loqui
402 874 436 899 de
455 872 536 899 rebus
561 873 706 898 secundum
726 879 783 898 esse

143 919 296 953 proprium,
316 921 361 944 aut
379 917 525 943 secundum
550 923 609 943 esse
627 923 782 949 commune,

143 967 188 990 aut
201 962 363 989 individuale
375 962 408 987 vt
423 961 457 987 34
469 968 495 994 q.
509 973 545 979 —
558 961 709 987 Secundum
725 967 783 986 esse

142 1007 305 1035 individuale
329 1006 410 1031 multa
435 1007 496 1031 sunt
521 1004 699 1037 corruptibilia
718 1003 780 1031 ibid.

143 1066 179 1072 —
198 1050 348 1077 Secundum
361 1056 420 1076 esse
438 1056 579 1075 commune
598 1056 640 1075 res
652 1052 712 1075 sunt
727 1056 782 1082 per-

145 1099 241 1129 petuae
260 1094 322 1121 ibid.

195 1154 231 1160 —
249 1140 301 1165 Res
319 1145 411 1164 omnes
429 1138 526 1164 habent
544 1145 602 1164 esse
626 1138 652 1163 in
671 1138 781 1170 proprio

144 1191 253 1216 genere,
273 1184 300 1209 in
313 1183 412 1215 anima,
438 1183 466 1208 in
494 1183 584 1208 divina
609 1182 781 1214 praescientia

142 1229 176 1254 Vl
205 1227 238 1253 34
266 1235 293 1260 q.
323 1241 355 1246 —-
384 1227 524 1253 Creaturae
546 1226 643 1252 habent
670 1234 728 1252 esse
756 1227 781 1252 in

143 1271 246 1303 Verbo,
266 1272 291 1297 in
311 1272 446 1302 universo,
467 1271 492 1296 in
505 1271 592 1297 animo
612 1272 729 1296 humano
749 1271 777 1296 11

141 1315 160 1342 h
178 1329 214 1335 —
230 1315 304 1349 quod
323 1315 420 1341 habent
432 1318 567 1341 creaturae
580 1315 604 1340 in
622 1315 724 1347 Verbo,
744 1318 783 1341 est

141 1360 293 1386 indeficiens
313 1362 340 1386 et
357 1359 534 1392 immutabile,
559 1360 656 1385 nullam
683 1358 784 1385 habens

141 1405 298 1436 vanitatem,
318 1404 392 1437 quod
409 1403 506 1429 habent
525 1404 551 1429 in
568 1403 694 1429 universo
713 1408 739 1430 et
758 1404 782 1429 in

141 1449 229 1475 animo
248 1450 368 1474 humano
384 1451 424 1475 est
441 1448 541 1474 vanitas
559 1447 622 1474 ibid.
640 1462 676 1467 —
694 1455 782 1474 rerum

141 1496 181 1519 est
199 1494 225 1519 in
244 1493 332 1519 animo
352 1494 468 1519 humano
487 1499 535 1524 per
554 1493 663 1518 modum
683 1492 783 1518 abstra-

142 1537 236 1563 ctionis
253 1536 316 1563 ibid.
334 1550 370 1556 --
389 1538 451 1562 Esse
474 1537 640 1569 simpliciter,
659 1537 701 1562 vel
725 1544 783 1563 esse

141 1580 304 1611 ordinatum,
323 1581 365 1606 vel
383 1588 442 1606 esse
454 1580 679 1607 intransmutabile
698 1582 783 1613 priva·

141 1627 183 1650 tur
202 1631 250 1657 pet·
269 1631 366 1650 vanum
386 1625 403 1650 7
422 1632 449 1658 q.
468 1626 484 1650 2

195 1683 229 1687 -
248 1668 342 1694 Omnia
356 1669 465 1695 tendunt
478 1670 511 1695 ad
525 1677 583 1696 esse
597 1671 628 1696 Vl
644 1671 653 1696 1
665 1671 694 1696 17
708 1678 734 1697 ν.
749 1672 782 1697 13

141 1727 176 1733 -
194 1714 284 1739 Nullus
302 1716 387 1745 potest
400 1716 526 1746 appetere
542 1722 665 1741 non-esse
678 1716 711 1741 38
725 1723 752 1749 q.
766 1717 781 1741 2

141 1772 176 1777 -
194 1758 333 1790 corruptio
346 1758 372 1783 in
386 1765 507 1785 non-esse
521 1762 602 1785 totum
617 1760 722 1793 adimit,
735 1761 782 1787 sed

141 1803 222 1828 semel
250 1803 284 1828 39
303 1810 329 1836 q.
350 1803 365 1828 3
384 1817 419 1821 —
438 1802 577 1835 Corruptio
605 1804 630 1829 in
658 1812 782 1831 non-esse

140 1853 225 1879 poena
253 1847 392 1878 temporali
421 1850 460 1872 est
478 1847 630 1879 simpliciter
657 1849 732 1880 peior
757 1852 783 1875 et

140 1890 243 1917 excedit
266 1897 379 1923 poenam
405 1894 538 1916 aeternam
561 1892 587 1917 in
612 1892 782 1924 ademptione

140 1938 166 1961 et
184 1934 218 1960 ab
238 1936 287 1961 hac
306 1935 440 1961 exceditur
463 1935 647 1962 induratione
665 1935 727 1963 ibid.
746 1951 781 1956 —

140 1979 225 2005 llomo
244 1979 366 2005 ordinato
379 1980 496 2012 appetitu
515 1983 599 2012 potest
618 1981 703 2013 magis
715 1981 782 2007 velle

139 2030 263 2049 non-esse
281 2030 362 2057 quam
381 2030 495 2056 poenam
515 2027 646 2050 aeternam
666 2024 728 2051 ibid.
747 2040 782 2044 —

140 2068 259 2093 omnium
278 2070 318 2093 est
345 2067 446 2094 bonum
476 2068 526 2094 ll7
557 2077 582 2094 v.
606 2069 639 2095 13
657 2083 693 2089 —-
713 2070 782 2095 Deus

140 2113 263 2138 continue
281 2119 329 2145 per
343 2113 540 2145 generationem
554 2120 612 2139 esse
631 2121 719 2140 rerum
732 2115 782 2140 sal-

139 2159 184 2183 vat
202 2157 237 2183 34
255 2164 283 2191 q.

192 2216 227 2221 —
247 2202 393 2228 secundum
407 2205 446 2228 est
465 2209 522 2228 esse
534 2203 634 2235 gratiae
646 2206 672 2229 et
689 2204 782 2236 culpae

139 2246 174 2272 Vl
192 2246 244 2272 369
263 2246 298 2272 72

191 2305 228 2309 -
247 2291 291 2317 Est
308 2290 449 2324 anquando
474 2291 597 2324 importat
620 2295 726 2325 tempus
744 2300 782 2319 se—

139 2335 255 2361 cuudum
274 2335 423 2367 analogiam
442 2335 552 2361 aliorum
567 2335 721 2369 verborum,
740 2337 781 2363 ali-

138 2378 246 2412 quando
265 2378 405 2405 essentiam
419 2379 475 2405 sine
489 2380 541 2405 ullo
556 2380 694 2412 temporali
706 2384 779 2407 motu

139 2422 174 2449 Vl
193 2422 244 2457 247
263 2422 280 2448 7
299 2436 335 2442 -
353 2423 413 2448 Erat
431 2423 578 2450 secundum
597 2424 671 2457 quod
690 2425 781 2451 huius-

139 2467 213 2493 modi
232 2467 356 2500 importat
377 2474 435 2493 esse
462 2475 634 2499 permanens,
660 2468 780 2494 immuta-

138 2511 206 2545 bile,
225 2515 311 2538 cetera
329 2512 485 2538 antecedens
504 2512 555 2538 248
575 2513 591 2538 7
610 2526 646 2532 -—
664 2514 724 2539 Erat
742 2516 781 2539 est

139 2556 258 2582 medium
277 2556 343 2582 inter
356 2562 481 2588 praesens
493 2557 705 2592 et,praeteritum
718 2556 780 2584 ibid.

138 2613 175 2620 —
193 2600 253 2626 Erat
270 2607 285 2626 a
311 2600 441 2632 praesenti
458 2600 537 2626 habet
557 2601 779 2634 permanentiam,

139 2651 154 2671 a
177 2645 318 2678 praeterito
345 2645 598 2676 immutabilitatem,
626 2652 641 2671 a
669 2653 698 2672 se
723 2646 780 2678 ipso

139 2689 344 2716 antecessionem
363 2693 389 2716 et
407 2690 526 2719 ordinem
546 2689 608 2716 ibid.

193 2734 292 2760 Esruen
303 2747 340 2753 —
353 2733 445 2760 habuit
463 2735 574 2766 gratiam
588 2737 614 2760 et
633 2735 781 2761 misericor—

140 2776 211 2803 diam
231 2785 321 2804 coram
340 2778 454 2804 Assuero
477 2785 557 2811 super
575 2785 669 2805 omnes
688 2779 780 2805 mulie-

139 2828 182 2847 res
202 2822 244 2847 Vll
264 2822 297 2847 23
318 2822 352 2848 54
370 2836 406 2842 -
425 2826 463 2848 est
482 2823 567 2854 figura
580 2822 672 2849 heatae
685 2822 780 2848 Mariae

140 2865 257 2897 Virginis
276 2865 338 2892 ibid.
358 2880 392 2884 —
411 2866 570 2898 significavit
588 2867 728 2892 Ecclesiam
748 2867 780 2892 Vl

140 2909 193 2935 545
213 2910 228 2934 6
685 2934 688 2935 .

193 2954 346 2980 EsuntENTES
363 2968 400 2973 —
418 2954 597 2980 Esurientibus
622 2955 781 2987 promittitur

140 2998 294 3024 convivium
324 2998 501 3025 abundantiae
532 2999 575 3025 Vll
605 2999 654 3025 148
684 2999 718 3025 52
746 3013 782 3018 -

141 3043 244 3068 Esuries
263 3042 359 3074 duplex
378 3042 439 3069 ibid.

193 3088 360 3113 Eucaimtsrm
374 3101 408 3105 —
421 3087 489 3113 bona
503 3088 586 3119 gratia
600 3087 782 3120 interpretatur

141 3130 174 3156 Vl
194 3131 246 3156 215
270 3138 295 3157 v.
314 3132 342 3157 21
367 3146 401 3149 -
420 3135 459 3157 est
483 3131 559 3157 cibus
583 3132 780 3158 sacramentalis

141 3174 238 3201 555“ν.
259 3175 273 3200 8
293 3189 329 3194 —
347 3175 428 3201 Cibus
452 3176 625 3201 eucharistiae
649 3179 689 3202 oet
706 3175 781 3202 cibus

140 3219 261 3250 superior
274 3219 325 3245 557
340 3219 355 3245 4
370 3233 404 3238 —-
417 3219 498 3246 Cibus
510 3220 683 3246 eucharistiae
696 3220 781 3246 omni-

141 3261 192 3288 bus
210 3265 249 3288 est
262 3264 431 3296 quaerendus
443 3263 505 3291 ibid.
516 3277 552 3283 -—
565 3268 604 3290 est
616 3264 691 3297 quasi
705 3268 781 3296 pran=

141 3306 216 3332 dium
234 3307 260 3333 in
279 3308 376 3340 nuptiis
393 3307 488 3335 Christi
506 3311 532 3335 et
545 3306 680 3335 ‘Ecclesiae
699 3308 751 3335 546
765 3309 780 3334 3

875 396 910 402 -
930 385 969 408 est
986 382 1184 407 Sacramentum
1198 388 1303 407 summe
1319 383 1461 413 gratuitum

824 427 864 451 Vll
894 426 944 452 547
975 427 1008 451 26
1029 440 1063 444 —
1081 429 1121 451 est
1139 427 1336 451 Sacramentum
1360 427 1463 457 signati-

824 477 888 495 vum
908 473 934 495 et
952 470 1169 496 sanctificativam
1190 469 1224 495 ib.
1243 470 1277 495 27
1296 484 1331 488 ——
1350 474 1389 496 est
1411 471 1463 496 via-

822 515 902 540 ticum
917 515 1130 540 conservativum
1144 518 1169 539 et
1183 515 1384 540 confortativum
1399 514 1460 540 ibid.

874 572 910 578 -—
929 562 968 584 est
989 559 1147 584 sacrificium
1173 562 1310 590 acceptum
1336 562 1361 584 et
1381 560 1463 590 placa-

821 603 905 628 tivum
926 603 967 628 Vll
993 602 1045 628 547
1065 603 1099 628 27
1119 617 1154 620 -
1174 602 1335 628 Sacrificium
1361 603 1465 634 sangui-

821 647 861 672 nis
879 645 959 672 debet
983 653 1041 672 esse
1066 647 1225 678 placativum
1252 650 1277 672 et
1301 646 1381 672 debet
1407 646 1465 673 esse

821 691 1020 716 Sacramentum
1049 691 1204 716 resectivum
1225 690 1276 716 548
1296 691 1329 716 29
1349 705 1384 710 -
1403 698 1464 716 con-

820 734 905 759 sscitur
923 735 949 759 in
974 735 1130 759 memoriam
1159 734 1307 760 dominicae
1335 735 1465 766 passionis

819 779 870 804 569
892 778 925 804 14
945 793 979 797 -
998 781 1037 804 est
1056 778 1209 804 memoriale
1227 778 1375 804 dominicae
1394 785 1462 804 mor-

819 823 864 855 tis,
885 823 989 849 virtutis
1007 826 1033 848 et
1051 822 1166 848 caritatis
1179 822 1231 848 547
1251 822 1284 848 27
1303 837 1339 841 -
1357 826 1399 848 est
1412 830 1462 849 me-

820 867 928 893 moriale
940 867 1033 893 vivum
1047 870 1073 893 et
1085 874 1192 899 verum,
1213 867 1274 900 quia
1287 874 1341 893 non
1361 870 1461 893 tantum

819 915 858 937 est
877 912 983 943 signum
1002 911 1250 944 rememorativum‚
1270 919 1364 937 verum
1383 912 1462 937 etiam

819 956 1056 982 demonstrativum
1072 955 1136 982 ibid.

871 1013 908 1020 -
927 1001 1073 1026 necessarie
1092 1000 1206 1026 continet
1219 1000 1389 1026 verissimum
1408 1007 1463 1027 cor-

819 1051 870 1077 pus
888 1044 982 1071 Christi
1002 1045 1045 1070 Vll
1062 1045 1113 1070 547
1134 1044 1167 1070 27
1186 1058 1222 1064 -
1242 1051 1289 1077 per
1308 1044 1390 1070 verba
1404 1052 1463 1070 con-

819 1089 971 1115 secrationis
990 1089 1066 1121 panis
1090 1089 1182 1114 transit
1204 1089 1229 1114 in
1253 1095 1349 1121 corpus
1368 1088 1462 1115 Christi

820 1134 951 1165 integrum
980 1136 1005 1159 et
1023 1135 1169 1165 perrectum
1197 1133 1249 1159 546
1273 1134 1306 1159 26
1325 1147 1361 1153 —-
1380 1133 1462 1159 verba

819 1177 1022 1203 consecrationis
1050 1177 1147 1203 habent
1171 1178 1315 1203 efficaciam
1345 1178 1462 1204 mutandi

819 1222 993 1248 substantiam
1022 1221 1086 1248 ibid.
1106 1236 1140 1240 —-
1165 1222 1263 1248 Vinum
1292 1225 1318 1248 et
1344 1229 1414 1255 aqua
1437 1223 1462 1249 in

820 1267 900 1292 calice
927 1266 1240 1292 transsubstantiabantur
1260 1267 1284 1292 in
1304 1267 1460 1299 sanguinem

820 1311 916 1337 Christi
928 1318 1022 1336 verum
1043 1311 1093 1336 547
1108 1311 1142 1336 28
1155 1326 1190 1329 -
1203 1311 1252 1336 Ρει·
1271 1312 1341 1338 hunc
1359 1312 1464 1344 sangui·

820 1363 881 1382 nem
901 1362 1003 1381 novum
1022 1355 1206 1382 confirmatum
1220 1359 1259 1382 est
1277 1359 1463 1382 testamentum

820 1399 855 1427 ib.
874 1400 908 1426 29

874 1458 910 1464 -
922 1448 967 1471 ,εει
987 1445 1183 1471 Sacramentum
1205 1445 1370 1477 impletivum
1386 1446 1464 1478 Legis

821 1490 865 1515 Vll
884 1489 936 1515 544
962 1490 994 1515 19
1013 1504 1049 1508 -
1068 1490 1265 1516 Sacramentum
1291 1491 1464 1517 eucharistiae

820 1534 963 1560 succedere
988 1533 1104 1560 debebat
1131 1542 1201 1567 agno
1230 1535 1345 1567 paschali
1371 1535 1423 1561 542
1448 1536 1463 1560 8

820 1594 855 1597 -
873 1579 1049 1611 praetigurata
1064 1579 1111 1605 suit
1126 1580 1151 1605 in
1165 1586 1259 1605 manna
1278 1585 1407 1613 quantum
1427 1580 1462 1606 ad

820 1624 976 1649 suavitatem
996 1624 1047 1649 546
1068 1624 1101 1649 25
1119 1638 1155 1642 -
1173 1624 1351 1656 praetigurata
1371 1625 1419 1651 tuit
1436 1625 1463 1650 in

820 1668 949 1694 sacrificio
968 1668 1157 1703 lllelchisedech
1182 1672 1309 1702 quantum
1328 1670 1361 1695 ad
1381 1669 1464 1702 digni-

821 1716 900 1739 tatem
921 1712 985 1739 ibid.

873 1772 909 1776 —
933 1758 1130 1783 Sacramentum
1160 1758 1274 1784 caritatis
1302 1758 1412 1785 traditur
1436 1759 1462 1784 in

820 1801 908 1833 specie
931 1802 1007 1833 panis
1026 1802 1068 1826 Vll
1089 1802 1140 1827 286
1159 1802 1189 1827 31
1213 1815 1249 1820 —-
1262 1803 1461 1828 Sacramentum

819 1846 992 1871 eucharistiae
1011 1845 1039 1871 tlt
1058 1846 1082 1871 in
1097 1853 1174 1878 pane,
1187 1846 1248 1879 quia
1269 1846 1316 1872 iste
1329 1850 1368 1872 cst
1386 1847 1462 1872 cibus

820 1890 905 1921 magis
930 1890 1080 1915 communis
1109 1893 1134 1915 et
1161 1890 1287 1916 naturalis
1305 1891 1357 1917 546
1377 1891 1411 1916 25
1426 1906 1461 1910 --

819 1934 895 1959 Panis
914 1934 938 1959 in
953 1934 1108 1960 eucharistia
1127 1935 1205 1960 simul
1224 1935 1348 1967 exprimit
1360 1936 1414 1961 vim
1428 1936 1461 1962 ci-

811 1972 935 2004 ¹bativam
955 1982 980 2004 et
999 1979 1171 2005 connexivam
1191 1980 1217 2004 in
1236 1986 1348 2012 corpore
1366 1979 1460 2006 Christi

819 2029 884 2048 vero
903 2026 929 2048 et
947 2023 1058 2055 mystico
1078 2022 1139 2049 ibid.
1158 2038 1194 2042 -
1213 2027 1252 2049 est
1279 2025 1354 2056 panis
1382 2025 1462 2051 caele-

819 2068 865 2093 stis
883 2067 1043 2094 confirmans
1062 2074 1107 2094 cor
1127 2069 1240 2095 hominis
1259 2068 1322 2095 ibid.
1342 2083 1378 2088 —
1396 2069 1462 2095 Huic

820 2112 988 2138 Sacramenta
1001 2113 1127 2145 competit
1140 2113 1216 2145 panis
1229 2120 1338 2145 azymus
1357 2114 1408 2140 542
1429 2115 1462 2139 10

873 2170 908 2176 -
927 2157 1004 2183 Panis
1022 2158 1195 2183 eucharistiae
1217 2158 1300 2184 reficit
1318 2165 1410 2185 omnes
1430 2160 1460 2185 Vl

820 2202 872 2228 565
892 2203 918 2227 2.
931 2202 982 2227 566
1002 2202 1018 2227 7
1037 2216 1073 2220 -
1091 2205 1130 2228 est
1149 2202 1224 2234 panis
1236 2203 1360 2235 nuptialis
1380 2203 1430 2229 566
1444 2203 1461 2229 7

819 2260 855 2265 -
872 2249 912 2272 est
930 2246 1005 2278 panis
1024 2247 1187 2272 hordeaceus
1206 2247 1230 2272 in
1250 2248 1380 2279 praesenti
1397 2251 1423 2274 et
1436 2248 1461 2273 in

819 2291 906 2316 tuturo
925 2291 974 2316 erit
993 2291 1109 2317 triticeus
1120 2290 1183 2317 ibid.
1203 2305 1237 2309 —-
1256 2292 1331 2317 Panis
1345 2293 1460 2318 euchari-

818 2335 882 2361 stiae
900 2335 1002 2361 excellit
1013 2342 1120 2361 omnem
1133 2335 1213 2361 alium
1226 2342 1337 2368 panem;
1350 2336 1461 2362 delectat

819 2370 949 2410 mentem,
963 2379 1070 2405 roborat
1082 2380 1215 2411 virtutem,
1229 2380 1364 2406 continuat
1377 2380 1458 2406 vitam

818 2424 870 2449 569
890 2431 917 2449 V.
937 2424 969 2449 33

871 2481 907 2488 ·-—
925 2468 1043 2500 Apostoli
1071 2471 1230 2500 acceperunt
1248 2475 1263 2493 a
1282 2468 1384 2494 Christo
1410 2470 1459 2494 sor·

818 2518 889 2537 mam
908 2512 1112 2538 consecrationis
1138 2513 1179 2538 Vll
1200 2512 1250 2538 547
1271 2513 1304 2538 28
1325 2527 1358 2531 -
1377 2513 1458 2538 Evan-

818 2556 926 2588 gelistae
944 2563 995 2582 non
1015 2557 1109 2582 eodem
1136 2557 1217 2582 modo
1237 2558 1348 2583 sormam
1367 2564 1459 2583 conse-

818 2600 940 2626 crationis
959 2601 1047 2626 calicis
1059 2601 1209 2633 exprimunt
1222 2600 1285 2627 ibid.
1297 2615 1333 2620 —
1346 2602 1459 2627 Ecclesia

817 2648 906 2671 servat
937 2646 1048 2671 sormam
1076 2645 1111 2671 ab
1139 2645 1269 2677 Apostolis
1291 2646 1413 2672 traditam
1433 2647 1459 2671 in

818 2689 982 2715 conficiendo
1005 2688 1067 2716 ibid.
1088 2703 1123 2709 —-
1142 2690 1235 2716 Forma
1260 2690 1389 2716 Ecclesiae
1415 2690 1459 2716 im·

817 2734 896 2766 plicat
913 2734 939 2759 in
964 2741 992 2759 se
1014 2734 1149 2767 quidquid
1167 2741 1215 2766 per
1233 2741 1326 2760 omnes
1344 2735 1460 2767 Evange-

817 2778 888 2804 listas
906 2781 931 2804 et
953 2785 1001 2810 per
1020 2778 1173 2810 Apostolum
1204 2779 1303 2804 dictum
1331 2782 1371 2804 est
1395 2778 1457 2805 ibid.

870 2837 906 2841 —
920 2822 992 2848 Sicut
1004 2829 1072 2856 aqua
1092 2823 1181 2848 unitur
1200 2823 1262 2849 vino
1282 2823 1306 2848 in
1326 2830 1460 2849 consecra-

819 2867 904 2898 tione,
923 2866 961 2892 sic
979 2867 1095 2899 populus
1113 2866 1216 2893 Christo
1239 2867 1279 2892 Vll
1300 2867 1351 2893 547
1363 2868 1404 2901 ι28
1424 2881 1460 2886 -

819 2911 930 2936 Ecclesia
956 2911 1030 2936 offert
1056 2908 1147 2936 viatim
1175 2918 1236 2936 cum
1260 2918 1329 2944 aqua
1352 2915 1459 2943 propter

820 2955 973 2987 mysterium
994 2954 1056 2981 ibid.

872 3014 907 3019 —
934 2999 974 3025 Ad
1003 2999 1108 3032 nuptias
1136 2999 1308 3026 eucharistiae
1336 2999 1459 3026 invitatur

818 3044 920 3075 anima,
949 3048 977 3070 ut
1002 3043 1038 3070 ibi
1066 3044 1203 3070 recumbat
1228 3048 1253 3069 et
1277 3045 1398 3076 epuletur
1426 3044 1457 3070 Vt

819 3087 871 3114 546
891 3089 919 3113 11
943 3103 978 3107 --
1001 3089 1029 3115 ln
1056 3088 1155 3120 nuptiis
1173 3089 1344 3114 eucharistiae
1363 3095 1459 3114 caven-

819 3132 883 3158 dum
903 3135 955 3164 est,
983 3139 1017 3158 ne
1045 3133 1131 3158 anima
1152 3132 1300 3158 inveniatur
1323 3133 1401 3164 digna
1421 3139 1459 3158 re-

819 3177 878 3208 pelli
897 3175 960 3203 ibid.

871 3234 907 3240 —
926 3221 965 3246 Ad
984 3220 1073 3246 cibum
1092 3221 1241 3253 paschalem
1261 3228 1322 3247 cum
1346 3221 1459 3247 maximo

819 3265 950 3291 desiderio
968 3269 1008 3291 est
1032 3266 1212 3291 accedendum
1235 3265 1278 3291 Vll
1300 3265 1352 3292 545
1371 3266 1399 3291 21
1424 3280 1459 3284 -

818 3312 857 3336 est
875 3309 1003 3336 sumenda
1022 3316 1084 3336 cum
1097 3309 1234 3335 afflictione
1253 3309 1334 3335 animi
1354 3309 1387 3335 Vl
1407 3309 1458 3335 566

141 3364 175 3370 ·—
194 3354 234 3376 est
252 3357 334 3377 coena
353 3352 456 3378 animae
477 3352 529 3379 597
548 3360 574 3379 ν.
596 3354 610 3379 2
630 3367 665 3371 —
684 3353 780 3385 signiti-
818 3353 836 3380 7
853 3367 889 3373 -
908 3354 991 3380 Nemo
1008 3353 1088 3380 debet
1107 3353 1232 3380 accedere
1251 3354 1285 3380 ad
1298 3352 1393 3380 cibum
1413 3360 1459 3386 pa·

2074 208 2136 240 747

1783 251 1847 277 EVA

1498 295 1611 320 sclialcm
1638 296 1687 321 nis't
1715 299 1886 327 praeparatus
1915 302 1962 327 per
1990 295 2139 326 scientiam,

1499 339 1622 364 virtutem
1647 343 1673 364 ct
1695 339 1805 371 gratiam
1827 340 1868 364 Vll
1897 339 1947 364 543
1977 340 2004 364 11
2032 353 2067 358 -
2089 340 2138 373 Qui

1499 383 1555 408 vult
1582 390 1610 408 se
1639 390 1797 415 praeparare
1824 384 1858 408 ad
1888 385 1983 415 pascha
2016 388 2140 415 oportet,

1499 427 1571 459 quod
1592 427 1668 452 intret
1691 428 1830 453 Ecclesiam
1854 432 1879 453 ct
1907 435 1953 460 per
1979 428 2139 464 baptismum

1499 474 1525 496 et
1549 477 1651 496 sacram
1677 472 1822 497 doctrinam
1845 475 1871 497 et
1893 473 2003 505 gratiam
2024 473 2140 499 divinam

1500 518 1629 540 sternatur
1654 516 1686 541 ad
1712 517 1909 548 suscipiendum
1930 516 2059 543 Christum
2080 517 2140 544 ibid.

1502 558 1552 584 544
1574 560 1606 584 16
1626 574 1660 578 -
1679 561 1755 586 Fides
1774 564 1799 586 et
1816 561 1909 586 caritas
1923 565 2079 593 praeparant
2093 570 2139 587 nos

1501 603 1535 628 ad
1546 603 1742 629 Sacramentum
1756 605 1926 631 eucharistiae
1940 606 1990 631 543
2006 607 2014 630 1
2027 607 2032 630 Ι
2048 620 2083 625 -
2094 607 2141 632 Per

1502 647 1581 672 fldem
1595 651 1634 673 est
1647 648 1804 680 masticatio,
1819 656 1865 680 per
1878 649 2010 675 caritatem
2022 651 2140 682 incorpo-

1501 691 1566 716 ratio
1580 690 1641 717 ibid.
1654 706 1687 709 —
1699 692 1861 718 Manducatio
1872 693 1896 718 in
1908 694 1957 718 hoc
1971 695 2138 719 Sam-amento

1501 735 1621 767 designat
1634 736 1871 767 incorporationem
1886 740 1910 762 et
1925 738 2046 763 unitatem
2062 745 2141 763 mem-

1501 778 1610 805 brorum
1631 780 1655 805 in
1676 781 1794 812 corporis
1814 781 1938 806 unitatem
1959 782 2011 807 545
2031 783 2059 807 21

1554 838 1589 841 -
1602 823 1662 849 Sine
1676 825 1878 850 manducatione
1891 827 2069 851 sacramentali
2085 833 2141 852 cor-

1500 868 1573 899 poris
1592 868 1686 894 Christi
1716 872 1801 900 potest
1826 876 1884 895 esse
1912 870 1994 902 salus,
2013 875 2141 903 quantum

1500 915 1539 938 est
1557 913 1591 938 de
1615 912 1774 939 institutione
1800 914 1975 945 Sacramenti;
2000 915 2141 947 spiritualis

1499 960 1539 983 est
1557 957 1591 983 de
1610 957 1762 983 necessitate
1782 958 1814 983 Vl
1834 957 1886 983 334
1900 959 1928 983 91
1947 973 1982 977 -
1996 959 2057 984 Sine
2070 967 2141 985 man-

1500 1001 1640 1027 ducatione
1658 1002 1743 1028 carnis
1762 1001 1855 1028 Christi
1875 1009 1927 1028 non
1947 1007 1986 1028 est
1998 1004 2068 1029 salus
2088 1005 2140 1029 332

1500 1046 1534 1071 83
1553 1060 1587 1064 —
1607 1046 1688 1072 Nemo
1706 1047 1823 1072 salvatur
1847 1046 1904 1073 sine
1922 1048 2013 1073 effectu
2034 1049 2142 1074 mandu-

1500 1091 1616 1123 cationis,
1631 1091 1675 1124 qui
1691 1094 1729 1116 est
1748 1091 1923 1123 incorporatio
1937 1096 1963 1117 et
1975 1094 2139 1119 conservatio

1501 1135 1552 1160 334
1571 1136 1605 1160 92
1624 1150 1660 1153 -
1684 1136 1848 1161 Manducatio
1874 1137 2068 1163 sacramentalis
2087 1144 2139 1163 non

1500 1183 1540 1205 est
1567 1180 1601 1205 de
1623 1180 1791 1212 necessitate,
1820 1181 1866 1206 sed
1891 1181 1998 1206 multam
2028 1186 2141 1213 praestat

1500 1224 1647 1257 utilitatem,
1667 1225 1729 1257 quia
1748 1225 1844 1250 virtute
1858 1225 2017 1251 Sacramenti
2030 1230 2141 1258 augetur

1500 1269 1525 1294 in
1545 1268 1622 1294 nobis
1641 1276 1720 1295 omne
1739 1269 1839 1295 bonum
1860 1270 1911 1295 335
1930 1270 1964 1295 92
1983 1284 2019 1289 -
2038 1271 2062 1296 ln
2083 1278 2140 1302 par—

1501 1313 1569 1339 vulis
1597 1317 1682 1345 potest
1709 1321 1767 1339 esse
1796 1315 1903 1339 effectus
1931 1315 2139 1341 manducationis

1501 1358 1557 1383 sine
1571 1358 1772 1383 manducatione
1785 1358 1863 1384 etiam
1878 1359 2018 1391 spirituali,
2031 1360 2058 1384 in
2071 1360 2142 1385 adul-

1502 1403 1534 1428 tis
1553 1409 1617 1428 vero
1637 1409 1687 1428 non
1707 1403 1763 1428 sine
1783 1403 1984 1429 manducatione
2003 1405 2138 1436 spirituali,

1501 1447 1549 1473 sed
1568 1447 1624 1473 sine
1644 1448 1825 1473 sacramentali
1840 1448 1889 1474 334
1905 1448 1938 1473 92
1955 1463 1990 1466 -
2009 1449 2058 1481 Qui
2073 1456 2141 1475 man-

1501 1492 1595 1523 ducat,
1614 1492 1693 1518 etiarn
1713 1492 1806 1525 digne,
1821 1496 1906 1524 potest
1920 1496 2006 1519 tamen
2020 1494 2138 1519 damnari

1500 1537 1553 1572 335
1574 1538 1607 1563 93
1627 1551 1663 1557 -
1682 1538 1731 1570 Qui
1752 1538 1893 1572 manducat
1913 1538 1992 1570 digne
2011 1542 2036 1564 et
2053 1538 2086 1564 ab
2101 1539 2140 1564 illa

1501 1582 1629 1614 dignitate
1639 1589 1690 1607 non
1701 1583 1882 1608 receditvivet
1892 1583 1919 1608 in
1933 1586 2052 1609 aternum
2066 1583 2099 1610 ib.
2115 1583 2142 1609 l·

1555 1641 1587 1646 —·—
1609 1627 1715 1659 lndigne
1738 1627 1898 1653 manducant
1922 1628 1967 1661 qui
1993 1635 2141 1654 remorsum

1501 1670 1598 1697 habent
1617 1672 1732 1697 mortalis
1751 1672 1850 1704 peccati
1871 1673 1903 1698 Vl
1917 1672 1969 1698 335
1983 1673 2016 1698 94
2031 1687 2063 1691 ——
2078 1673 2142 1698 lndi-

1500 1723 1551 1748 gne
1565 1716 1722 1748 accipientes
1742 1720 1862 1749 peccant,
1882 1719 1907 1742 et
1925 1718 2086 1743 convertitur
2105 1718 2142 1743 eis

1499 1761 1574 1792 panis
1584 1761 1610 1786 in
1623 1768 1755 1787 venenum
1766 1764 1875 1793 propter
1885 1765 2064 1794 contemptum
2080 1762 2141 1788 tanti

1499 1805 1609 1837 hospitis
1627 1804 1690 1831 ibid.
1708 1820 1743 1823 —
1763 1808 1791 1831 ut
1810 1806 1890 1837 digne
1917 1806 2074 1838 accipiatur,
2100 1814 2141 1832 re-

1497 1849 1609 1882 quiritur
1618 1849 1774 1880 innocentia,
1789 1850 1829 1875 vel
1843 1850 2001 1881 poenitentia
2016 1849 2076 1877 ibid.
2089 1851 2139 1876 336

1498 1894 1542 1919 99.
1561 1894 1612 1919 338
1633 1894 1683 1918 109

1550 1952 1585 1957 —-
1605 1938 1654 1971 Qui
1668 1941 1768 1964 vestem
1783 1939 1924 1971 nuptialem
1939 1946 1991 1964 non
2010 1939 2088 1965 habet
2101 1947 2140 1966 ex-

1498 1983 1611 2009 cluditur
1638 1982 1672 2008 ab
1692 1984 1741 2009 hoc
1770 1977 1893 2009 convivio
1917 1984 1960 2009 Vll
1980 1984 2031 2010 543
2054 1985 2079 2009 lt
2104 1999 2139 2002 —

1498 2028 1589 2054 Nullus
1606 2031 1677 2054 recte
1701 2028 1775 2053 vadit
1798 2028 1832 2054 ad
1855 2029 1905 2054 hoc
1924 2030 2138 2059 Sacramentum,

1499 2076 1639 2106 postquam
1666 2072 1827 2105 baptismum
1854 2073 2017 2106 inquinavit,
2035 2073 2085 2098 nisi
2104 2074 2139 2098 la-

1498 2124 1650 2149 crymarum
1670 2117 1754 2143 imbre
1767 2118 1888 2149 pertusus
1908 2117 1959 2143 544
1980 2118 2011 2142 16
2025 2118 2138 2142 —Bene

1499 2162 1558 2188 tacit
1571 2162 1617 2195 qui
1636 2165 1745 2194 propter
1757 2162 1932 2188 reverentiam
1946 2169 2043 2194 corpus
2056 2161 2137 2187 domi-

1498 2207 1586 2233 nicum
1606 2207 1716 2239 suscipit
1736 2208 1884 2240 frequenter
1908 2207 1932 2232 in
1952 2208 2137 2236 Sacramento;

1497 2254 1523 2277 et
1542 2250 1609 2277 bene
1633 2251 1727 2283 etiam,
1746 2252 1792 2284 qui
1816 2258 1863 2283 per
1888 2251 2060 2276 reverentiam
2086 2257 2138 2276 ces-

1497 2298 1536 2321 sat
1556 2294 1607 2320 170
1628 2295 1660 2320 19

1549 2354 1583 2358 -
1603 2340 1801 2364 Sacramentum
1820 2339 2010 2364 infructuosum
2040 2343 2078 2364 est
2103 2340 2136 2364 in-

1496 2379 1577 2415 gratis
1596 2383 1639 2408 Vll
1654 2383 1704 2407 544
1722 2383 1751 2407 19
1767 2396 1801 2401 -
1815 2383 1864 2414 Qui
1884 2383 1916 2408 ad
1931 2389 2049 2407 mensam
2063 2382 2136 2408 Chri-

1495 2428 1526 2453 sti
1546 2434 1606 2452 cum
1630 2434 1756 2459 perverso
1785 2427 1864 2452 corde
1883 2427 2011 2452 accedunt
2038 2418 2138 2452 similes

1495 2475 1553 2497 sunt
1572 2471 1650 2496 ludae
1664 2471 1714 2496 548
1729 2471 1762 2496 30
1777 2484 1810 2488 —
1821 2471 1870 2503 Qui
1882 2471 2026 2503 praesumit
2037 2471 2135 2496 violare

1495 2515 1565 2541 istud
1584 2514 1733 2540 inviolabile
1759 2515 1955 2540 Sacramentum
1980 2515 2072 2540 Filium
2092 2516 2135 2540 ho-

1495 2559 1573 2585 minis
1592 2559 1670 2584 tradit
1697 2558 1759 2585 ibid.
1778 2574 1812 2577 —
1832 2559 1936 2584 Violant.
1959 2559 2026 2584 istud
2048 2560 2135 2585 Sacra—

1497 2606 1613 2629 mentum
1626 2604 1671 2636 qui
1686 2607 1744 2635 post
1758 2607 1895 2635 acceptum
1909 2603 2021 2629 redeunt
2033 2604 2065 2629 ad
2077 2611 2135 2635 pec·

1496 2651 1582 2674 catum
1602 2646 1663 2674 ibid.

1550 2693 1617 2718 Ευοε
1636 2706 1672 2711 -
1690 2692 1830 2725 aliquando
1852 2695 1889 2718 est
1913 2692 2074 2724 irrisorium,
2093 2693 2135 2718 ali-

1496 2737 1603 2770 quando
1622 2736 1797 2762 adulatorium
1818 2736 1861 2762 vu
1882 2736 1927 2761 48l
1953 2737 1987 2762 27

1549 2781 1601 2806 Eva
1626 2795 1662 2798 —
1684 2781 1768 2806 voluit
1794 2787 1887 2812 rapere
1915 2781 2081 2807 Divinitatem
2110 2785 2135 2807 et

1496 2825 1582 2851 amisit
1601 2824 1746 2850 felicitatem
1767 2825 1808 2850 Vll
1829 2824 1881 2850 575
1901 2825 1933 2850 38

1548 2869 1737 2894 Emis-caune
1756 2882 1790 2886 ——
1809 2872 1868 2894 sunt
1893 2875 1987 2894 causae
2015 2869 2134 2895 interme-

1496 2913 1554 2939 diae
1568 2913 1701 2944 Evangelii
1723 2912 1763 2938 Vll
1784 2912 1799 2938 5
1820 2913 1853 2938 12
1872 2927 1907 2931 —
1923 2916 1982 2938 sunt
1995 2916 2073 2939 testes
2086 2914 2134 2939 Do·

1496 2957 1560 2982 mini
1574 2957 1625 2982 242
1639 2957 1654 2981 3
1668 2971 1703 2975 -
1716 2959 1777 2982 sunt
1792 2957 1881 2988 plures
1895 2960 2002 2989 propter
2016 2957 2134 2989 indigen—

1496 3002 1556 3027 tiam
1570 3002 1701 3026 humanae
1714 3001 1870 3026 inssrmitatis
1883 3000 1944 3027 ibid.
1962 3016 1997 3019 —
2017 3002 2133 3033 Evange

1496 3046 1557 3071 lium
1577 3045 1795 3076 praedicaverunt
1814 3048 1874 3070 tunc
1893 3044 1976 3070 verbo
2001 3045 2034 3071 ad
2060 3052 2131 3077 prae-

1495 3093 1593 3121 sentes,
1613 3089 1709 3120 scripto
1724 3089 1756 3114 ad
1771 3092 1920 3120 praesentes
1940 3092 1964 3114 et
1976 3090 2090 3120 futuros,
2105 3093 2133 3115 ut

1495 3140 1587 3159 omnes
1607 3134 1720 3158 facerent
1739 3134 1826 3159 salvos
1847 3134 1862 3159 5
1884 3134 1914 3158 16

1548 3191 1582 3196 -
1596 3177 1707 3209 Spiritus
1717 3181 1821 3203 sanctus
1831 3177 1986 3210 loquebatur
1996 3183 2043 3209 per
2053 3178 2133 3203 Evan-

1496 3221 1600 3253 gelistas
1625 3221 1669 3246 Vll
1698 3221 1748 3247 4l0
1767 3235 1802 3240 —
1821 3221 1845 3246 iu
1874 3221 1946 3246 nullo
1974 3227 2034 3247 sunt
2062 3228 2132 3246 men-

1496 3266 1541 3297 titi,
1553 3272 1613 3291 cum
1633 3265 1726 3291 eodem
1741 3266 1838 3298 Spiritu
1852 3266 2020 3298 loquerentur
2034 3266 2063 3290 Vt
2080 3265 2130 3290 426

1498 3309 1529 3335 13
1548 3323 1582 3329 -
1603 3310 1700 3342 Spiritu
1719 3312 1808 3336 sancto
1822 3309 1910 3341 locuti,
1923 3316 1976 3335 non
1990 3312 2132 3341 potuerunt

1495 3353 1583 3380 dicere
1612 3354 1704 3380 falsum
1734 3353 1784 3380 243
1813 3354 1829 3379 9
1860 3368 1895 3372 -
1924 3354 2057 3384 loquentes
2084 3360 2132 3385 per
