2427 3872
400 226 462 252 LUC

171 272 276 298 Lucnunt
294 285 330 291 —
349 271 387 297 Nil
401 271 509 303 prodest
522 270 630 302 homini,
643 270 664 295 si
675 271 759 296 lucre-

118 319 160 342 tur
188 316 366 348 temporaliter
396 314 525 340 mundum
556 314 710 340 universum
733 316 759 339 et

118 360 334 392 sempiternaliter
352 359 538 385 detrimentum
559 358 599 384 sui
620 358 696 384 saciat
715 358 758 384 Vll

118 405 169 431 229
192 405 225 430 40
238 418 274 424 —-
287 404 411 430 iniustum
426 410 506 429 nemo
520 402 599 428 habet
616 403 671 428 sine
691 402 758 428 iusto

119 449 217 475 damno
236 448 298 474 ibid.

170 494 269 519 Luc'rus
288 507 323 511 —
342 495 381 518 est
396 492 503 523 signum
516 498 669 523 expressum
689 497 759 516 com-

117 537 267 570 punctionis
287 537 329 563 Vll
350 537 400 562 186
419 536 455 561 75
473 551 508 554 -
529 537 553 561 ln
573 536 644 561 luctu
670 535 759 566 unige-

117 582 162 608 niti
181 584 220 607 est
239 582 314 607 dolor
331 583 358 606 et
376 581 495 613 planctus
508 587 615 605 amarus
634 579 686 605 209
705 579 740 605 75

169 641 205 644 -
233 625 421 658 praeferendus
448 627 487 650 est
515 624 638 649 convivio
669 623 700 649 Vl
724 623 758 648 55

116 678 143 697 v.
163 671 178 696 3
198 685 233 689 —
253 670 359 695 Peccata
379 669 490 701 lugenda
517 670 578 694 sunt
595 666 657 693 ibid.
676 681 711 686 —
731 668 758 693 ln

117 715 187 741 luctu
207 715 287 740 homo
306 713 460 739 recordatur
479 712 567 738 iudicii
588 712 628 737 sui
648 710 711 737 ibid.

170 760 249 785 Luni
267 773 303 777 —
322 759 369 784 Per
392 756 498 783 lumbos
523 756 672 788 intelligitur
697 762 758 781 caro

116 804 149 830 Vl
174 803 225 829 598
254 804 269 828 2
288 817 323 822 -
343 802 556 834 praecinguntur,
575 800 758 832 restringendo

116 848 242 874 mentales
261 848 380 873 defluxus
400 846 442 872 Vll
464 845 509 871 431
535 846 567 870 19
588 859 624 864 -
642 845 758 878 praecin-

117 895 216 924 guntur
235 892 260 917 in
274 891 447 918 declinatione
466 890 525 915 mali
540 890 592 915 325
606 890 639 915 52
655 904 688 908 —-
701 896 758 915 car-

116 937 181 962 nalis
200 938 335 962 contactus
359 934 547 967 praecingendi
572 936 634 960 sunt
652 934 757 966 cingulo

116 981 239 1007 castitatis
257 983 284 1006 et
302 979 418 1005 veritatis
437 982 463 1004 et
482 979 587 1004 virtutis
606 978 669 1005 ibid.

169 1026 310 1051 LuununtA
323 1038 358 1043 —
370 1026 431 1050 sunt
450 1024 525 1055 signa
544 1023 703 1049 naturalium
720 1030 758 1049 se-

115 1070 233 1096 cundum
252 1069 419 1101 operationes
437 1068 569 1093 naturales
588 1067 630 1093 Vll
651 1067 702 1093 533
724 1067 756 1093 42

115 1128 150 1148 -,
169 1116 230 1140 sunt
249 1114 322 1145 signa
342 1120 435 1139 eorum
448 1119 517 1146 quae
533 1119 614 1144 supra
633 1114 756 1138 naturam

115 1150 253 1190 eveniunt,
273 1165 320 1190 per
333 1158 419 1191 aliqua
440 1157 465 1183 in
479 1157 517 1183 eis
535 1163 616 1189 super
634 1159 756 1184 naturam

117 1205 183 1230 sacta
196 1202 257 1229 ibid.
273 1217 305 1221 —
318 1201 498 1228 Luminarium
517 1204 590 1228 ortus
608 1201 757 1233 intelligitur

117 1248 141 1274 in
161 1249 219 1273 ortu
239 1247 301 1273 solis
320 1247 352 1272 Vl
374 1246 406 1272 14
426 1254 452 1280 q.
473 1247 487 1271 3

169 1293 238 1318 Lum
257 1306 292 1310 —
311 1292 379 1317 lucet
398 1298 429 1317 ex
441 1291 630 1317 illuminatione
648 1291 710 1316 solis
724 1291 756 1316 Vl

117 1337 167 1362 4139
187 1344 212 1362 ν.
233 1337 248 1362 6
262 1351 298 1354 -
315 1336 408 1361 colitur
427 1335 461 1361 ab
481 1335 622 1361 idololatris
641 1335 691 1361 sub
710 1342 757 1361 no-

115 1381 186 1408 mine
205 1381 302 1406 Dianae
324 1381 372 1406 192
392 1388 419 1406 v.
438 1381 453 1405 2

167 1439 203 1445 —
222 1428 261 1451 est
280 1426 452 1457 praecipuum
472 1425 600 1451 luminare
620 1428 645 1450 et
663 1431 757 1450 secun-

114 1471 178 1497 dum
202 1470 383 1503 apparentiam
403 1473 429 1495 et
446 1470 593 1495 secundum
612 1469 755 1495 efficaciam

113 1515 156 1541 Vll
170 1515 221 1540 533
243 1515 270 1540 41
289 1529 324 1534 -
344 1515 369 1540 in
389 1514 518 1547 principio
532 1513 658 1545 temporis
672 1513 755 1545 posita

113 1560 190 1585 estin
205 1559 370 1585 firmamento
382 1559 410 1584 in
428 1559 533 1590 signum
551 1565 599 1590 per
615 1558 654 1583 sui
669 1558 755 1583 lucem

114 1602 176 1630 ibid.
197 1603 272 1628 —in
292 1603 343 1628 tine
368 1606 518 1634 temporum
539 1602 564 1627 in
591 1602 696 1633 signum
716 1605 755 1627 est

113 1648 171 1674 finis
191 1654 237 1680 per
255 1647 321 1673 lucis
338 1647 537 1673 occultationem
558 1645 619 1672 ibid.

167 1706 202 1711 —
221 1695 276 1717 orat
295 1692 319 1717 in
340 1693 453 1723 perfecta
478 1691 600 1716 distantia
621 1697 635 1716 a
654 1691 708 1716 sole
727 1691 753 1716 in

114 1740 198 1763 morte
216 1736 311 1763 Christi
330 1736 373 1762 Vll
393 1737 439 1762 581
465 1735 499 1761 54

167 1796 201 1800 —-
219 1784 329 1807 vocatur
348 1781 513 1812 intelligentia
531 1787 621 1806 sacrae
641 1780 754 1812 Scriptu-

113 1833 157 1852 rae
186 1827 218 1852 Vl
247 1827 281 1851 93
310 1833 336 1851 v.
365 1827 380 1851 2
409 1840 443 1845 -
471 1825 592 1857 designat
623 1825 753 1850 mundum

112 1874 221 1904 propter
239 1871 280 1896 sui
299 1871 431 1897 desectum
450 1874 475 1895 et
495 1869 694 1895 mutabilitatem
711 1870 754 1895 Vll

113 1915 164 1942 473
184 1916 200 1941 7
219 1929 254 1935 —-·
274 1916 322 1941 Per
340 1915 429 1940 lunam
449 1914 567 1940 desectus
594 1914 755 1939 mortalitatis

113 1960 262 1992 intelligitur
282 1959 333 1985 470
354 1959 387 1985 48

165 2006 225 2031 Lurt
243 2019 279 2023 --
298 2004 420 2030 dIcuntur
439 2006 621 2035 persecutores
638 2003 754 2029 fidelium

112 2049 145 2075 Vt
166 2049 216 2075 386
239 2048 270 2074 17
289 2062 325 2068 -
344 2050 540 2080 persequuntur
552 2050 685 2079 pastorem
703 2047 750 2073 391

113 2093 146 2119 42
165 2107 200 2112 -
218 2092 377 2125 Hypocritae
395 2095 455 2118 sunt
468 2091 523 2124 lupi
542 2092 568 2117 in
587 2091 648 2117 ovili
662 2091 754 2117 Christi

112 2138 159 2164 581
179 2138 194 2163 3
208 2152 242 2155 -
261 2144 371 2169 gregem
385 2136 545 2162 devorantes
563 2139 625 2162 sunt
638 2138 756 2168 pastores

112 2189 163 2208 non
182 2181 308 2207 habentes
327 2182 449 2207 affectum
469 2180 572 2213 pietatis
591 2181 642 2206 582
663 2181 678 2205 6

165 2227 255 2252 Luruu
273 2239 309 2245 —
327 2226 458 2257 significat
471 2226 614 2251 humanam
634 2228 754 2251 naturam

112 2269 200 2296 Verbo
219 2270 319 2296 unitam
341 2270 372 2296 Vl
393 2270 444 2296 373
464 2271 479 2295 8
499 2285 535 2288 —
554 2270 684 2301 significat
702 2270 756 2296 viti-

111 2317 190 2341 tatem
210 2316 341 2340 humauae
360 2314 518 2340 conditionis
537 2315 589 2340 580
608 2314 625 2340 7

166 2373 199 2378 --
219 2362 258 2385 est
276 2359 382 2391 triplex:
397 2362 519 2390 naturae,
533 2359 639 2391 culpae,
654 2366 755 2391 poenae

112 2403 145 2429 Vl
165 2404 216 2429 580
239 2405 247 2429 1
272 2418 308 2423 --
326 2406 435 2429 naturae
460 2406 498 2429 est
517 2403 608 2435 triplex
636 2402 700 2430 ibid.
719 2417 754 2422 —

111 2448 204 2480 culpae
223 2451 262 2474 est
281 2449 416 2480 septuplex
436 2447 470 2474 ib.
493 2448 509 2473 5

164 2506 199 2512 —
212 2493 278 2518 Luto
291 2493 382 2518 oculos
396 2492 523 2524 inungere
536 2494 575 2517 est
587 2494 693 2523 peccata
708 2492 753 2516 sre-

112 2539 222 2570 queuter
241 2537 408 2563 considerare
427 2537 460 2562 Vl
481 2536 532 2562 374
553 2536 568 2561 9

165 2582 217 2607 Lux
236 2595 271 2600 —
290 2584 330 2607 est
348 2581 555 2614 pulcherrimum
570 2583 596 2606 et
614 2579 753 2606 delectabi-

112 2625 240 2652 lissimum
260 2629 285 2652 et
304 2626 435 2659 optimum
461 2626 527 2651 inter
546 2625 691 2657 corporalia
721 2625 752 2650 Vl

114 2670 162 2696 153
182 2677 209 2696 v.
230 2671 262 2696 10
280 2685 315 2690 -
334 2670 505 2697 contaminari
523 2677 576 2695 non
596 2672 681 2702 potest
701 2669 751 2694 158

113 2721 137 2740 v.
157 2715 191 2740 25
210 2730 244 2734 -
264 2715 343 2741 habet
361 2715 502 2747 puritatem
517 2714 542 2740 in
556 2714 677 2744 materia,
696 2721 752 2745 spe·

110 2759 254 2785 ciositatem
274 2760 300 2785 in
320 2761 417 2792 torma,
442 2758 628 2784 sublimitatem
649 2758 673 2783 in
702 2758 751 2784 situ

112 2803 163 2829 536
183 2804 198 2829 3
213 2818 247 2822 —-
260 2804 322 2829 Luci
342 2803 471 2835 corporali
491 2803 608 2828 succedit
630 2809 680 2828 nox
701 2802 752 2827 159

111 2854 138 2873 ν.
158 2848 191 2873 30
210 2862 245 2867 -
264 2849 364 2874 Lumen
384 2847 463 2873 habet
481 2847 602 2873 radicalis
621 2853 685 2872 suae
705 2847 752 2872 ori-

112 2892 180 2923 ginis
210 2892 424 2922 occultationem,
460 2891 486 2917 in
514 2898 622 2923 egressu
654 2891 751 2916 claram

112 2936 360 2968 manifestationem,
379 2936 404 2961 in
429 2936 500 2961 ssuxu
529 2935 752 2961 continuatio-nem

113 2980 163 3005 108
183 2980 200 3006 7

164 3038 199 3043 —
218 3025 280 3050 solis
293 3024 362 3050 visui
381 3027 465 3050 cetera
481 3024 627 3049 manifestat
640 3024 683 3049 Vll
701 3024 746 3049 311

114 3067 128 3092 6
148 3082 183 3086 -
201 3075 230 3094 se
257 3072 283 3094 et
310 3069 359 3094 alia
382 3069 528 3094 manifestat
556 3068 589 3093 Vl
618 3068 652 3093 66
680 3075 706 3100 q.
727 3069 752 3093 1.

112 3111 163 3137 360
184 3112 217 3137 27
236 3128 271 3131 -
291 3113 370 3139 habet
395 3112 581 3145 proprietatem
608 3112 753 3138 manifesta-

111 3155 192 3181 tivam
213 3156 256 3182 Vll
276 3157 326 3182 196
340 3157 374 3182 25
395 3171 428 3175 -·
446 3163 501 3182 non
513 3158 599 3188 potest
617 3156 754 3182 obscurari

111 3205 160 3224 nec
173 3198 303 3233 obliquari
316 3201 349 3226 Vl
369 3201 421 3227 360
441 3200 474 3226 27
494 3215 529 3219 --
548 3200 625 3226 Lucis
644 3207 695 3226 non
715 3203 754 3226 est

112 3241 254 3269 obscurare
273 3245 324 3270 382
349 3245 384 3271 55
412 3252 469 3277 arg.
489 3245 498 3270 1
523 3259 558 3263 -
577 3244 682 3270 videtur
706 3251 754 3276 per

111 3286 278 3318 splendorem
304 3288 355 3315 422
375 3289 409 3315 64
427 3303 463 3309 -
482 3288 612 3321 Splendor
635 3289 754 3321 procedit

112 3336 126 3355 a
152 3330 209 3357 luce
236 3332 285 3357 158
314 3340 341 3358 v.
370 3333 404 3359 25
431 3347 468 3353 -
496 3335 535 3358 est
557 3333 710 3359 luminosior
729 3336 754 3359 et

219 3383 249 3411 S.
263 3385 367 3412 Bonav.
378 3399 414 3406 —
426 3386 502 3412 Tom.
516 3386 568 3412 Vll.

787 182 824 214 IN
848 181 1141 215 COMMENTARIOS
1165 183 1194 214 S.
1219 183 1445 216 SCRlPTURAE

795 269 908 295 nobilior
936 270 1074 302 splendore
1107 270 1157 295 248
1188 271 1203 295 8
1232 278 1289 303 arg.
1320 271 1383 298 Vide
1413 278 1438 297 v.

795 313 938 347 Splendor.

850 372 881 376 —-
904 357 963 383 Sine
983 357 1081 383 lumine
1110 358 1238 390 corporali
1266 361 1292 384 et
1311 359 1438 391 spirituali

796 409 847 427 non
867 405 906 427 est
929 401 1022 426 videre
1051 402 1082 427 Vl
1107 402 1158 427 249
1184 403 1216 427 12
1236 417 1271 421 —
1291 404 1436 429 necessaria

796 449 836 471 est
853 446 887 471 ad
911 446 1093 471 reducendum
1119 453 1224 472 sensum
1249 447 1323 472 visus
1341 448 1375 473 de
1395 455 1439 479 po·

797 490 875 515 tentia
895 490 929 515 ad
947 492 1035 515 actum
1054 490 1097 515 181
1122 498 1148 515 v.
1170 491 1201 514 18
1215 505 1249 508 -
1262 491 1437 517 illuminatad

796 534 942 560 videndum
974 534 1024 559 148
1054 542 1079 559 v.
1107 534 1139 559 14
1159 548 1194 553 -
1213 535 1247 560 ad
1273 536 1437 567 operandum

796 578 940 611 requiritur
958 579 1005 604 221
1030 586 1057 603 v.
1078 579 1111 603 19

849 637 884 641 -
903 623 985 648 oculis
1003 622 1091 654 aegris
1114 623 1206 648 odiosa
1225 626 1265 649 est
1283 624 1316 648 Vl
1343 625 1392 649 123
1412 632 1439 650 ν.

797 668 830 693 15
848 682 883 686 -
897 668 994 692 Lucem
1014 667 1070 693 odit
1084 667 1172 700 piger,
1191 668 1253 700 quia
1268 668 1355 699 ipsum
1374 668 1440 694 exci-

796 715 845 743 tat;
865 712 999 742 intirmus,
1012 711 1074 744 quia
1088 712 1200 744 cruciat;
1215 712 1363 744 maleficus,
1376 712 1437 745 quia

796 757 883 788 ipsum
912 756 1061 781 manifestat
1088 756 1140 782 554
1170 764 1195 782 v.
1225 756 1258 781 20
1282 770 1318 775 -
1344 757 1439 782 Malum

795 807 864 833 opus
883 804 922 826 est
940 800 1006 826 ratio
1032 800 1149 832 fugiendi
1169 801 1255 826 lucem
1280 800 1332 826 284
1352 801 1385 826 32
1404 816 1439 819 -

795 845 942 871 secundum
956 845 1030 878 quod
1043 848 1082 870 est
1095 845 1255 877 principium
1272 845 1438 877 cognitionis,

795 896 809 915 a
829 890 898 915 nullo
918 889 1019 920 oditur,
1038 889 1085 915 sed
1105 896 1197 915 omnes
1217 889 1277 914 mali
1297 889 1440 916 abhorrent

795 934 896 965 lucem,
915 934 1062 959 secundum
1082 934 1155 967 quod
1175 934 1366 966 turpitudinem
1387 941 1439 960 ma-

795 979 898 1004 nirestat
917 977 950 1004 ib.
971 979 1005 1003 37
1027 992 1062 998 -
1085 978 1229 1010 corporalis
1245 985 1274 1004 se
1292 979 1439 1004 manifestat

794 1023 954 1053 naturaliter,
973 1025 998 1048 et
1017 1023 1109 1049 oculus
1129 1023 1163 1049 ad
1182 1030 1241 1049 eam
1257 1023 1439 1055 proportiona-

794 1067 824 1093 lis
843 1070 895 1098 est,
926 1067 986 1093 ideo
1005 1067 1069 1093 dum
1099 1067 1168 1093 lucet
1186 1070 1212 1092 et
1239 1070 1279 1093 est
1298 1074 1437 1101 praesens,

794 1119 846 1137 non
867 1114 953 1143 potest
973 1118 1023 1137 non
1044 1112 1128 1137 videri
1149 1111 1199 1137 250
1223 1112 1253 1137 16

847 1171 882 1174 -
902 1155 1015 1189 Quilibet
1035 1156 1114 1182 habet
1126 1157 1260 1188 signatum
1279 1157 1368 1182 lumen
1382 1157 1440 1182 vul-

795 1203 836 1227 tus
855 1201 902 1226 Dei
922 1207 970 1233 per
989 1203 1110 1226 naturam
1131 1201 1163 1227 Vl
1184 1201 1235 1227 253
1256 1202 1290 1227 30
1310 1215 1346 1220 -
1365 1202 1439 1233 spiri-

795 1246 871 1272 tualis
889 1253 917 1272 se
937 1245 1086 1271 manifestat
1115 1246 1260 1272 voluntarie
1279 1246 1330 1271 250
1352 1247 1384 1271 16
1404 1261 1439 1265 —

794 1290 935 1323 spiritualis
944 1290 1211 1322 improportionaliter
1221 1291 1323 1316 excedit
1332 1291 1438 1316 oculum

794 1338 913 1361 nostrum
934 1334 996 1361 ibid.

847 1393 883 1399 -
902 1380 927 1405 ln
949 1379 1062 1405 tenebris
1080 1379 1248 1405 ambulantes
1267 1380 1356 1406 lumen
1376 1387 1391 1405 a
1406 1381 1439 1405 sa-

794 1424 870 1450 cibus
889 1423 1074 1450 mendicabant
1088 1424 1120 1450 Vt
1142 1424 1193 1449 478
1211 1424 1226 1449 4
1240 1439 1276 1443 -
1289 1425 1385 1450 Lucem
1400 1431 1439 1450 se-

793 1471 910 1501 quuntur
922 1469 969 1501 qui
989 1468 1085 1494 habent
1098 1467 1167 1494 bona
1187 1475 1269 1501 opera
1283 1469 1335 1494 262
1354 1469 1389 1494 74
1403 1484 1437 1488 —-

793 1513 883 1539 divina
902 1512 1026 1539 omnibus
1044 1513 1222 1544 cognitionem
1242 1513 1365 1546 praebet,
1385 1521 1436 1540 non

793 1560 880 1583 tamen
900 1556 1023 1583 omnibus
1047 1557 1225 1588 cognitionem
1238 1556 1293 1583 'sui
1312 1558 1363 1583 249
1385 1559 1417 1584 12
1429 1578 1436 1590 ,

794 1603 826 1627 13
847 1616 881 1620 -
900 1603 1001 1627 Lumen
1025 1604 1163 1627 aeternum
1189 1609 1241 1627 non
1266 1605 1353 1634 potest
1377 1609 1437 1628 con-

792 1646 856 1678 spici
876 1646 910 1671 ab
930 1647 1007 1672 oculo
1027 1646 1169 1672 intellectus
1182 1647 1263 1672 creati
1283 1647 1326 1672 Vll
1336 1647 1388 1673 235
1402 1647 1436 1672 57

845 1705 880 1710 —
899 1694 1051 1722 peccatores
1080 1692 1139 1717 tacit
1166 1698 1230 1717 vera
1259 1698 1435 1723 cognoscere,

791 1736 837 1768 qui
857 1741 942 1762 tamen
968 1736 1053 1768 ipsam
1074 1743 1127 1761 non
1146 1736 1376 1768 comprehendunt
1404 1736 1434 1761 Vl

792 1780 842 1806 249
865 1781 906 1811 12,
929 1780 959 1805 13
974 1794 1009 1799 -
1023 1781 1175 1806 Peccatores
1188 1780 1314 1806 deficiunt
1327 1780 1353 1805 in
1366 1787 1435 1806 com-

792 1825 966 1857 prehensione
985 1825 1063 1855 lucis,
1082 1825 1144 1857 quia
1164 1827 1226 1850 sunt
1241 1824 1327 1850 aversi
1347 1824 1398 1850 536
1419 1825 1438 1850 6

791 1883 827 1888 -
846 1870 982 1900 Peccator,
1009 1869 1137 1901 quamdiu
1164 1869 1249 1900 diligit
1278 1876 1384 1895 manere
1410 1869 1435 1894 in

793 1914 861 1939 malo
881 1920 977 1945 opere,
999 1913 1033 1939 ad
1053 1913 1137 1938 lucem
1162 1920 1215 1938 non
1238 1913 1311 1938 venit
1330 1913 1381 1938 285
1401 1914 1434 1939 38

793 1972 828 1977 -
847 1958 969 1983 Peccator
989 1957 1116 1989 incipiens
1135 1958 1233 1983 malum
1253 1958 1327 1983 odire
1351 1961 1436 1990 potest

793 2002 827 2028 ad
846 2003 931 2028 lucem
952 2002 1042 2027 venire
1054 2001 1116 2028 ibid.
1136 2016 1171 2021 —
1190 2002 1311 2028 Defectus
1330 2002 1436 2028 luminis

793 2050 832 2072 est
850 2053 928 2072 causa
949 2046 1104 2072 deviationis
1124 2047 1174 2072 139
1195 2054 1221 2072 v.
1241 2047 1256 2071 6

846 2101 882 2110 ——
900 2091 999 2116 Lucere
1018 2094 1058 2116 est
1080 2097 1128 2122 per
1153 2090 1299 2116 doctrinam
1325 2092 1368 2116 vel
1388 2098 1435 2123 per

793 2135 947 2161 exteriorem
967 2135 1037 2161 vitae
1051 2136 1213 2161 honestatem
1235 2135 1266 2160 Vl
1280 2134 1333 2160 314
1353 2135 1386 2161 63
1401 2149 1434 2154 --

793 2180 852 2205 Vita
873 2180 987 2205 hominis
997 2180 1061 2205 alios
1075 2180 1223 2205 illuminans
1241 2183 1281 2205 est
1299 2180 1374 2212 quasi
1391 2180 1434 2205 lux

793 2224 844 2251 554
859 2225 873 2250 8
889 2239 908 2242 —
935 2225 1072 2256 scientiae,
1092 2224 1191 2256 gratiae
1210 2227 1236 2250 et
1255 2224 1366 2250 laetitiae
1384 2224 1434 2256 spi-

793 2269 891 2295 ritttalis
910 2269 1017 2295 interius
1037 2269 1162 2296 emittitur
1181 2276 1196 2294 a
1215 2268 1317 2295 Christo
1337 2268 1388 2293 536
1409 2268 1424 2293 5

845 2328 880 2334 -
899 2315 1000 2340 Lumen
1029 2320 1123 2339 verum
1151 2320 1257 2339 sursum
1286 2313 1364 2339 micat
1390 2313 1433 2338 Vll

792 2359 843 2384 269
863 2359 897 2385 52
918 2373 951 2377 -
970 2359 1087 2384 veritatis
1100 2357 1309 2383 manifestabitur
1329 2357 1355 2382 in
1368 2357 1434 2382 iudi-

791 2404 832 2429 cio
855 2403 903 2428 l96
923 2404 957 2429 25
976 2417 1011 2422 -
1030 2403 1147 2428 veritatis
1165 2402 1252 2434 arguit
1270 2409 1351 2433 opera
1366 2402 1431 2426 mala

792 2448 823 2473 Vl
845 2447 896 2473 284
910 2447 943 2472 33
964 2461 997 2465 -
1018 2448 1114 2472 Lucem
1137 2446 1254 2472 veritatis
1270 2453 1322 2471 non
1342 2446 1433 2472 vident

790 2491 840 2516 nisi
860 2491 904 2524 qui
924 2491 1020 2516 intrant
1039 2497 1087 2522 per
1108 2490 1188 2516 fidem
1209 2490 1252 2515 Vll
1274 2490 1323 2515 196
1344 2491 1372 2515 21
1397 2505 1430 2507 -

790 2535 889 2567 gratiae
908 2535 1038 2567 perditur,
1058 2541 1118 2560 cum
1145 2535 1224 2560 homo
1248 2534 1317 2560 cadit
1336 2541 1349 2559 a
1370 2535 1432 2559 cari-

790 2583 840 2606 tate
859 2580 891 2605 Vl
912 2580 944 2604 93
965 2587 990 2604 v.
1012 2580 1026 2604 2

842 2639 878 2642 -
889 2625 988 2650 Lumen
1000 2624 1068 2649 vitae
1081 2623 1192 2649 habetur
1205 2630 1252 2655 per
1267 2623 1373 2649 divinae
1383 2623 1431 2649 cla·

790 2668 871 2694 ritatis
884 2668 1012 2694 visionem
1027 2668 1058 2693 Vl
1071 2668 1121 2694 358
1135 2668 1167 2692 18
1177 2681 1213 2686 --
1223 2668 1249 2693 ln
1264 2669 1351 2693 futuro
1362 2668 1432 2693 Deus

790 2713 838 2738 erit
856 2713 897 2738 lux
917 2713 1001 2743 vitae,
1020 2719 1089 2745 quae
1114 2719 1165 2737 uon
1185 2712 1280 2744 poterit
1299 2712 1428 2743 exstingui

790 2757 851 2784 ibid.
866 2772 900 2776 —
915 2757 1081 2783 iucunditatis
1100 2760 1139 2782 est
1152 2757 1300 2788 praemium
1320 2756 1431 2788 promis-

790 2809 848 2828 sum
869 2801 1040 2835 sequentibus
1054 2801 1185 2828 Christum
1206 2801 1258 2827 585
1279 2802 1310 2826 10
1332 2815 1365 2819 -
1385 2802 1431 2827 Re-

791 2847 938 2872 muneratio
956 2853 1050 2879 magua
1069 2846 1184 2872 hominis
1203 2849 1242 2871 est
1262 2848 1383 2877 aspectus
1396 2846 1431 2871 lu·

791 2891 868 2916 minis
881 2891 977 2916 aeterni
993 2891 1025 2916 89
1040 2898 1066 2916 v.
1080 2891 1095 2915 6
1112 2904 1144 2908 -—
1159 2890 1183 2915 ln
1204 2893 1311 2922 aspectu
1326 2890 1431 2915 luminis

790 2935 889 2960 aeterni
907 2938 946 2961 est
965 2942 1068 2960 summa
1088 2935 1200 2960 dulcedo
1221 2935 1253 2959 90
1274 2941 1299 2959 v.
1320 2934 1335 2958 6
1348 2947 1381 2952 —
1394 2933 1432 2958 di-

790 2980 850 3005 vina
870 2979 1009 3005 habebitur
1029 2986 1075 3010 per
1101 2979 1197 3010 speciei
1221 2978 1432 3010 comprehensio-

790 3030 850 3049 nem
863 3024 913 3050 358
926 3024 958 3048 18
969 3038 1004 3042 -
1015 3024 1102 3048 diviua
1117 3023 1143 3048 in
1154 3022 1284 3054 praesenti
1297 3028 1349 3047 non
1363 3028 1431 3047 coin-

790 3068 976 3100 prehenditur,
996 3068 1043 3093 nisi
1063 3074 1142 3093 carne
1161 3066 1334 3092 obumbretur
1351 3065 1413 3092 ibid.

843 3127 878 3131 —-
899 3113 1029 3144 Sapientia
1049 3116 1087 3138 est
1104 3113 1144 3137 lux
1164 3110 1306 3142 spiritualis
1326 3110 1358 3135 Vl
1384 3110 1430 3135 159

790 3163 816 3181 v.
837 3157 870 3182 30
894 3171 925 3176 -
944 3157 1076 3188 Sapientia
1102 3159 1140 3181 est
1165 3155 1207 3181 lux
1231 3154 1371 3187 purissima
1397 3154 1431 3180 de

790 3200 847 3226 luce
860 3204 963 3226 aeterna
973 3220 979 3231 ‚
989 3201 1086 3227 scilicet
1099 3208 1113 3226 a
1134 3201 1206 3225 Patre
1220 3199 1366 3231 procedens
1381 3198 1430 3223 158

791 3251 817 3269 ν.
844 3245 877 3270 26
901 3258 937 3264 -
962 3245 1092 3276 Sapientia
1119 3243 1246 3269 illuminat
1271 3246 1299 3268 ut
1328 3243 1371 3268 lux
1397 3242 1430 3267 25

791 3295 817 3314 ν.
841 3288 873 3314 14
893 3303 928 3307 ——
948 3289 1097 3314 illuminans
1121 3288 1240 3313 eflective
1259 3289 1297 3313 est
1315 3287 1357 3312 lux
1384 3293 1431 3318 per

791 3333 939 3365 essentiam,
953 3340 1022 3366 quae
1034 3335 1073 3358 est
1092 3332 1162 3358 solus
1181 3331 1263 3363 Deus;
1283 3331 1431 3356 illuminans

2048 189 2111 221 7835

1764 231 1830 256 LUX

1476 270 1628 302 dispositive
1647 276 1686 297 est
1706 274 1747 298 lux
1762 280 1808 304 per
1827 275 2066 307 participationem,
2086 277 2114 302 il-

1476 315 1600 340 luminata
1621 323 1635 340 a
1656 317 1738 348 prima
1759 318 1816 343 luce
1833 318 1878 343 251
1904 320 1936 344 23

1529 373 1563 376 —
1584 360 1653 385 Deus
1671 364 1710 386 cst
1731 362 1773 386 lux
1797 369 1857 387 vcra
1879 363 1910 387 Vl
1932 363 1981 388 420
2002 364 2043 389 50.
2066 365 2113 389 158

1476 409 1501 427 ν.
1521 403 1555 428 25
1568 417 1602 422 ——
1617 404 1685 429 Deus
1698 408 1737 429 cst
1756 406 1842 430 lumen
1857 407 2002 433 illuminans
2016 409 2066 433 392
2083 409 2114 434 47

1475 460 1511 465 —-
1536 447 1605 472 Deus
1629 451 1668 473 est
1687 449 1728 474 lux
1749 449 1800 474 382
1818 450 1851 475 55
1871 457 1926 482 arg.
1949 452 1956 475 1
1986 466 2020 471 -
2048 453 2115 478 Deus

1476 494 1515 516 est
1527 498 1630 516 summa
1651 492 1692 517 lux
1713 493 1764 518 284
1783 493 1816 518 34
1835 508 1870 512 —
1890 495 1987 520 Nomen
2002 496 2065 521 lucis
2078 500 2116 522 est

1476 542 1616 561 commune
1637 536 1720 562 tribus
1739 538 1857 568 personis
1877 539 1927 563 253
1949 539 1981 564 33

1529 593 1564 598 -
1583 580 1701 606 Christus
1729 585 1768 606 est
1796 583 1838 607 lux
1866 583 1943 608 huius
1972 584 2062 609 mundi
2084 585 2115 610 Vt

1476 623 1528 648 373
1549 624 1574 649 5.
1593 624 1645 649 398
1666 625 1698 649 19
1718 639 1753 643 ——
1774 626 1865 651 mundi
1891 630 1929 652 est
1950 627 2066 653 Verbum
2081 629 2116 653 in-

1476 671 1611 693 carnatum
1633 668 1683 694 284
1704 670 1737 694 32
1756 683 1791 688 ——
1807 669 1924 695 Christus
1944 672 2015 696 venit
2035 676 2061 696 ut
2075 673 2115 697 lux

1477 711 1503 736 in
1523 713 1592 737 hunc
1612 713 1740 738 mundum
1755 714 1806 739 597
1828 721 1854 739 v.
1874 714 1906 740 46
1925 729 1961 733 -
1980 716 2057 741 Filius
2071 716 2114 741 Dei

1477 759 1586 781 vocatur
1602 756 1643 782 lux
1657 760 1764 789 propter
1776 758 1894 791 quinque
1907 759 1958 784 632
1971 766 1985 784 a
1999 774 2035 778 —
2048 759 2117 786 Chri-

1476 803 1532 826 stus
1550 803 1589 826 est
1608 801 1649 826 lux
1670 802 1761 827 mundi
1782 809 1829 834 per
1849 803 2043 829 instructionem
2064 805 2115 829 358

1478 844 1510 869 18
1530 858 1565 864 -
1582 846 1721 871 hominum
1742 847 1837 872 dIcitur·
1851 847 1968 873 Verbum
1989 852 2017 874 ut
2036 849 2116 874 homi-

1476 888 1554 915 nibus
1572 890 1750 922 cognitionem
1777 891 1919 923 praebens,
1945 893 2005 925 quia
2026 893 2118 918 illumi-

1476 936 1520 959 nat
1538 937 1564 959 et
1588 934 1680 960 videre
1704 935 1763 960 facit
1782 935 1833 961 249
1862 937 1891 961 12
1910 950 1946 955 -
1970 937 1995 962 1η
2015 937 2117 964 Christo

1476 984 1527 1003 non
1547 982 1586 1004 est
1605 979 1723 1005 desectus
1743 980 1808 1005 lucis
1828 981 1875 1006 251
1899 982 1927 1006 21

1530 1036 1564 1042 -
1584 1022 1701 1049 Christus
1720 1028 1759 1049 est
1778 1025 1819 1051 lux
1839 1028 1966 1057 quantum
1990 1026 2023 1051 ad
2044 1030 2116 1052 natu-

1476 1073 1532 1092 ram
1547 1067 1693 1094 Divinitatis
1712 1069 1841 1094 illustrans
1855 1070 1963 1095 interius
1982 1071 2115 1096 hominem

1476 1112 1518 1137 vel
1537 1112 1652 1137 animam
1671 1116 1696 1138 et
1720 1116 1848 1146 quantum
1872 1115 1905 1140 ad
1925 1117 2044 1140 naturam
2069 1117 2116 1140 hu-

1476 1156 1608 1181 manitatis
1628 1157 1772 1183 informans
1785 1158 1897 1184 exterius
1917 1159 1996 1184 vitam
2017 1159 2049 1184 Vl
2065 1160 2116 1185 535

1478 1200 1487 1224 1
1507 1214 1541 1218 -
1554 1200 1671 1227 Christus
1684 1202 1829 1227 secundum
1844 1203 1917 1235 quod
1931 1204 2010 1228 homo
2023 1207 2061 1229 est
2074 1204 2115 1229 lux

1476 1251 1591 1276 arguens
1615 1246 1711 1278 malos,
1731 1246 1849 1278 dirigens
1873 1247 1966 1278 iustos,
1985 1248 2117 1274 delectans

1476 1289 1570 1315 Beatos
1589 1289 1622 1316 ib.
1643 1291 1658 1315 2
1677 1304 1713 1310 -
1731 1290 1848 1316 Christus
1868 1295 1906 1317 est
1929 1292 1970 1317 lux
1983 1292 2116 1324 tripliciter

1477 1335 1566 1360 lucens
1579 1337 1633 1360 tum
1654 1335 1766 1361 exterius
1785 1336 1930 1361 secundum
1951 1337 2116 1367 operationes

1477 1380 1608 1407 humanae
1643 1383 1765 1412 naturae,
1797 1383 1852 1405 tum
1885 1380 1991 1406 interius
2024 1388 2117 1406 secun-

1476 1424 1540 1450 dum
1555 1425 1722 1456 operationes
1741 1424 1847 1450 divinae
1860 1429 1969 1451 naturae
1984 1426 2035 1451 536
2056 1426 2080 1456 3,
2100 1425 2116 1450 5

1475 1483 1510 1488 -
1528 1468 1648 1495 Christus
1666 1469 1812 1495 secundum
1833 1470 1905 1502 quod
1926 1470 1995 1495 Deus
2014 1474 2052 1495 est
2075 1471 2116 1496 lux

1474 1513 1612 1544 altissima,
1626 1513 1781 1545 purissima,
1794 1514 1986 1545 speciosissima
2000 1514 2034 1540 ib.
2054 1515 2068 1540 4
2082 1529 2116 1533 —-

1474 1556 1592 1583 Christus
1604 1558 1752 1583 seeundum
1772 1558 1937 1589 operationes
1956 1558 2062 1584 divinae
2075 1566 2117 1584 na·

1475 1604 1547 1627 turae
1558 1602 1651 1627 emittit
1662 1602 1771 1627 interius
1782 1602 1909 1634 triplicem
1921 1603 2005 1628 lucem
2017 1603 2116 1629 sivelu-

1473 1653 1533 1671 men
1543 1645 1578 1672 ib.
1589 1646 1605 1671 5
1615 1661 1650 1664 -
1660 1653 1793 1678 apparens
1804 1647 1829 1671 in
1841 1646 1973 1678 baptismo
1981 1647 2073 1673 Christi
2085 1648 2116 1673 si-

1474 1690 1579 1722 gnificat
1588 1690 1750 1722 apertionem
1762 1691 1856 1716 ianuae
1867 1691 1983 1716 caelestis
1991 1692 2031 1717 Vll
2040 1692 2073 1716 83
2082 1691 2115 1716 52

1526 1748 1561 1753 -
1582 1735 1689 1760 Divinae
1718 1735 1782 1760 luciS
1810 1735 1914 1760 radium
1944 1735 2031 1766 primo
2053 1736 2116 1760 reci-

1473 1779 1549 1810 piunt
1566 1779 1658 1811 Angeli
1678 1779 1712 1804 de
1726 1779 1811 1810 prima
1827 1779 1985 1810 hierarchia,
1998 1780 2114 1805 secundo

1473 1823 1508 1848 illi
1526 1823 1560 1848 de
1579 1823 1681 1856 media,
1701 1823 1794 1848 ultimo
1814 1823 1848 1848 illi
1867 1823 1901 1848 de
1925 1826 2057 1854 postrema
2081 1824 2114 1849 Vl

1476 1868 1524 1892 109
1544 1874 1570 1892 v.
1590 1868 1605 1892 9
1625 1881 1661 1886 —
1680 1867 1729 1900 Qui
1753 1867 1826 1893 vadit
1845 1871 1905 1899 post
1928 1867 2060 1893 Christum
2079 1869 2114 1894 lu-

1472 1918 1529 1937 cem
1550 1918 1602 1937 non
1629 1912 1736 1937 offendit
1762 1912 1812 1937 398
1835 1912 1866 1936 19
1885 1926 1920 1931 -
1941 1913 1965 1937 ln
1985 1913 2043 1938 luce
2061 1919 2114 1937 am·

1473 1955 1619 1981 bulandum
1644 1955 1677 1982 ib.
1701 1956 1734 1981 20
1753 1971 1788 1974 -
1808 1956 1857 1988 Qui
1878 1956 1960 1981 credit
1982 1956 2009 1981 in
2030 1956 2114 1982 Domi-

1473 2007 1552 2030 num,
1572 2000 1617 2033 qui
1637 2005 1676 2026 est
1704 2001 1745 2026 lux
1765 2000 1870 2031 mundi,
1899 2000 1928 2026 fit
1947 2004 1972 2026 et
1997 2001 2053 2032 ipse
2071 2001 2113 2026 lux

1474 2044 1524 2070 422
1545 2045 1579 2071 65
1595 2059 1630 2064 -
1642 2044 1852 2077 Ambulandum‚
1866 2045 1994 2078 quamdiu
2013 2046 2053 2070 lux
2067 2049 2114 2077 est,

1472 2090 1569 2115 scilicet
1588 2089 1704 2115 Christus
1723 2090 1774 2115 373
1795 2090 1810 2115 5

1526 2134 1637 2159 Luxunta
1651 2148 1687 2153 -
1699 2138 1738 2160 est
1757 2134 1866 2160 carnalis
1880 2135 2002 2165 voluptas
2015 2134 2047 2159 Vl
2061 2134 2112 2159 568

1471 2178 1485 2202 7
1503 2192 1535 2196 --
1550 2178 1687 2203 lntirmitas
1701 2178 1817 2203 luxuriae
1827 2181 1866 2203 est
1879 2178 2014 2203 immunda
2030 2178 2082 2203 587
2096 2179 2111 2203 6

1471 2236 1506 2241 —
1519 2226 1558 2248 est
1570 2222 1645 2248 cibus
1659 2223 1752 2254 culpae
1765 2222 1816 2248 556
1831 2223 1838 2247 1
1853 2237 1888 2240 -
1898 2226 1937 2247 est
1947 2223 2036 2247 vinum
2051 2221 2112 2248 abo-

1472 2266 1595 2292 minabile
1615 2266 1666 2292 547
1687 2267 1702 2292 3
1717 2281 1751 2285 —
1763 2267 1915 2298 designatur
1931 2267 2111 2298 restringenda

1471 2311 1662 2342 praecinctione
1681 2310 1832 2336 lumborum
1849 2311 1889 2336 Vll
1905 2310 1955 2335 324
1969 2311 2002 2336 50
2016 2325 2051 2329 -
2064 2311 2111 2336 Lu-

1471 2355 1591 2381 xuriosus
1616 2355 1698 2380 servit
1726 2355 1804 2380 tactui
1825 2355 1857 2380 Vl
1878 2355 1928 2380 558
1952 2356 1960 2379 1
1985 2369 2020 2374 -
2038 2356 2110 2380 Mun-

1470 2400 1520 2425 dus
1545 2399 1742 2431 praetendendo
1771 2399 1936 2425 dulcedinem
1967 2400 2111 2425 inflammat

1469 2444 1501 2469 ad
1516 2443 1643 2469 luxuriam
1658 2443 1673 2468 4
1688 2444 1720 2468 10
1740 2457 1775 2463 -
1788 2447 1827 2469 est
1840 2444 1961 2476 fugienda
1982 2444 2032 2469 626
2047 2445 2061 2469 2
2076 2458 2110 2463 -

1469 2491 1507 2513 est
1527 2494 1598 2513 mors
1623 2488 1716 2519 culpae
1742 2488 1792 2513 589
1813 2488 1829 2513 5
1850 2503 1883 2506 -—
1903 2489 2029 2514 Delectari
2049 2496 2106 2520 pro-

1469 2535 1527 2564 pter
1547 2532 1673 2557 internam
1695 2533 1857 2564 voluptatem
1878 2536 1903 2558 et
1922 2533 2056 2558 lasciviam
2072 2537 2110 2558 est

1470 2579 1607 2608 peccatum
1636 2583 1766 2602 annexum
1797 2577 1912 2602 luxuriae
1938 2577 1971 2603 de
1991 2577 2109 2609 proximo

1470 2621 1502 2646 23
1523 2628 1550 2653 q.
1570 2621 1579 2645 1
1599 2634 1633 2640 -
1647 2621 1773 2646 Delectari
1794 2625 1901 2653 propter
1920 2622 2053 2654 quandam
2068 2628 2109 2647 cu-

1469 2665 1611 2691 riositatem
1632 2668 1670 2691 est
1690 2668 1827 2697 peccatum
1848 2665 2006 2692 curiositatis
2033 2673 2110 2692 anne-

1470 2717 1530 2735 xum
1551 2710 1667 2736 luxuriae
1687 2710 1721 2736 de
1740 2713 1843 2735 remoto
1862 2709 1923 2736 ibid.

1522 2768 1558 2773 —
1583 2755 1691 2779 Vanitas
1719 2755 1836 2780 luxuriae
1864 2754 1950 2780 reddit
1975 2755 2108 2780 hominem

1469 2799 1581 2824 exterius
1609 2799 1784 2830 compositum
1804 2802 1829 2824 et
1848 2805 1916 2824 vane
1934 2802 2055 2824 ornatum
2076 2799 2109 2823 vt

1470 2843 1485 2868 5
1508 2843 1533 2868 11
1566 2856 1602 2861 -
1630 2843 1790 2868 lnssamrnata
1819 2843 1852 2868 ad
1882 2843 2009 2868 luxuriam
2035 2849 2109 2868 mens

1469 2887 1600 2913 evanescit
1621 2885 1653 2912 ib.
1676 2887 1708 2912 10
1726 2900 1760 2906 -
1773 2886 1861 2912 Oculis
1873 2885 2051 2918 spiritualibus
2063 2893 2109 2911 no-

1469 2934 1509 2957 cet
1527 2931 1634 2962 sanguis
1663 2931 1779 2956 luxuriae
1807 2930 1857 2955 579
1879 2931 1894 2956 5
1913 2944 1949 2949 —
1967 2931 2015 2956 Per
2035 2931 2109 2955 luxu-

1469 2976 1534 3001 riam
1555 2974 1715 3000 contrahitur
1729 2975 1840 3000 caecitas
1859 2974 1954 2999 mentis
1972 2974 2024 2999 580
2043 2974 2059 2999 7
2073 2987 2108 2993 —

1469 3020 1619 3046 Luxuriosis
1638 3026 1690 3044 non
1711 3022 1750 3043 est
1768 3019 1816 3043 alia
1836 3025 1913 3049 cura,
1933 3018 1982 3043 nisi
2002 3022 2029 3043 ut
2047 3025 2108 3043 ven-

1470 3068 1534 3090 trem
1554 3071 1631 3090 suum
1652 3063 1776 3094 impleant
1795 3062 1836 3088 Vll
1858 3062 1908 3087 392
1930 3062 1962 3088 27
1976 3076 2011 3081 -
2024 3063 2108 3088 Luxu·

1468 3110 1521 3134 riae
1540 3108 1653 3134 daemon
1673 3107 1773 3132 eiicitur
1793 3113 1839 3138 per
1859 3106 1986 3132 ieiunium
2007 3106 2059 3132 289
2073 3106 2107 3132 39

1468 3168 1503 3171 -
1521 3155 1560 3177 est
1578 3151 1652 3184 quasi
1672 3151 1754 3176 lutum
1775 3151 1907 3176 viscosum
1921 3151 1963 3175 vel
1976 3150 2106 3176 lubricum

1469 3198 1501 3222 Vl
1523 3197 1568 3222 581
1594 3196 1609 3220 5
1628 3209 1663 3214 -
1682 3196 1729 3220 Pet·
1748 3194 1844 3220 bestias
1858 3201 1984 3227 vaporem
1999 3195 2107 3226 igneum

1468 3241 1596 3273 spirantes
1625 3239 1775 3271 intelligitur
1800 3239 1894 3264 vitium
1913 3239 2030 3264 luxuriae
2057 3238 2101 3263 181

1469 3293 1493 3311 v.
1515 3285 1548 3310 20
1567 3299 1601 3302 -
1620 3283 1782 3315 significatur
1810 3290 1858 3315 per
1886 3283 1983 3309 fluxum
2004 3282 2107 3314 sangui-

1468 3330 1508 3354 nis
1521 3328 1572 3355 587
1586 3329 1601 3353 7
1615 3342 1650 3347 —·
1663 3328 1791 3360 figuratur
1809 3328 1834 3353 in
1848 3327 1937 3353 urticis
1951 3326 1994 3352 Vll
2008 3325 2058 3351 504
2075 3326 2106 3351 12

1967 3379 1999 3404 99
