2476 3921
178 746 286 773 Expositio

170 773 294 800 spiritualis.

151 1543 236 1565 Utilitas
250 1548 299 1563 con-

178 1575 269 1596 sequens

165 1598 250 1617 notatur
265 1598 288 1616 ut

181 1623 267 1650 duplex.

174 1915 204 1936 De
219 1921 295 1941 prima.

315 277 379 310 ⁶242

314 366 515 398 sanabunt».
542 383 583 388 -
609 365 644 397 Et
667 366 742 407 quia
767 366 825 398 1100
860 369 1021 398 meruerat
1056 366 1133 399 fides
1157 366 1272 408 patris,

315 418 384 451 ideo
407 418 550 450 additur:
577 419 615 450 Et
639 418 786 450 reddidit
808 418 904 451 illum
925 419 1023 461 patri
1044 429 1106 451 suo
1121 421 1143 458 ¹,
1168 419 1206 452 ad
1230 419 1273 452 le-

314 472 462 504 niendum
487 472 626 504 dolorem
652 481 765 511 suum,
791 475 826 504 ut
852 477 954 514 posset
977 473 1081 505 dicere
1106 473 1200 505 unico
1216 483 1274 506 suo

315 526 391 558 illud
417 526 519 564 iacob,
545 525 672 558 Genesis
689 525 932 567 quadragesimo
956 528 1064 558 sexto:
1095 538 1110 554 «
1125 526 1185 558 lam
1212 526 1273 557 lae-

315 582 367 611 tus
391 579 527 618 moriar,
552 579 626 621 quia
651 579 711 611 vidi
730 578 839 612 faciem
865 583 952 611 tuam
976 583 1007 611 et
1024 580 1225 621 superstitem
1244 582 1274 611 te

316 633 460 675 relinquo
476 647 505 665 ».

405 687 457 719 81.
484 687 544 719 Ηο0
560 690 664 719 autem
682 686 763 719 facto
778 686 1003 728 spiritualiter
1020 686 1167 719 eruditur
1185 695 1275 728 prae-

316 740 416 779 latus,
441 740 576 782 qualiter
592 740 753 772 subditum
778 749 797 772 a
820 740 943 772 diabolo
966 749 1023 781 per
1039 743 1203 782 peccatum
1220 740 1275 772 ob-

315 802 437 825 sessum
464 792 593 825 reddere
616 793 708 826 debet
725 793 797 835 Regi
822 793 1000 831 caelorum,
1025 792 1143 825 scilicet
1167 794 1275 824 inere-

313 847 425 889 pando
450 850 480 879 et
503 846 677 878 sanando:
704 847 906 888 increpando
924 856 979 888 per
998 846 1147 878 iustitiam
1166 850 1197 878 et
1219 855 1276 877 sa—

315 900 427 932 nando
452 909 507 941 per
532 900 738 932 clementiam.
773 899 870 932 Debet
894 902 999 932 autem
1025 908 1093 932 esse
1117 899 1203 941 rigor
1228 898 1277 931 iu-

315 953 416 986 stitiae
430 957 574 994 respectu
591 953 716 994 culpae,
734 952 787 985 sed
804 952 916 985 dulcor
932 953 1116 985 clementiae
1130 955 1277 993 respectu

315 1011 456 1039 naturae.
494 1007 579 1039 Unde
611 1006 803 1048 Augustinus
821 1007 851 1037 2:
889 1019 904 1033 «
923 1006 986 1038 Fiat
1017 1006 1172 1038 correctio
1203 1014 1276 1037 cum

315 1059 479 1092 dilectione
498 1059 658 1091 hominum
677 1059 708 1090 in
725 1059 795 1090 odio
812 1059 961 1090 vitiorum
971 1070 1002 1097 »3
1017 1061 1048 1090 et
1063 1057 1235 1100 Gregorius
1248 1057 1275 1089 ³:

320 1127 334 1141 «ι
354 1112 584 1145 Districtionetn
608 1112 761 1144 debemus
787 1111 868 1144 vitiis
891 1115 922 1144 et
951 1111 1196 1152 compassionem
1222 1120 1277 1143 na-

317 1169 405 1198 turae
419 1179 448 1197 ».
479 1178 493 1192 «
508 1165 588 1197 Vera
612 1174 747 1206 namque
764 1165 883 1197 iustitia
899 1164 1145 1206 compassionem
1172 1164 1276 1210 babet,

316 1219 392 1251 salsa
420 1218 538 1251 iustitia
574 1217 818 1260 indignationem
835 1231 864 1249 ».
890 1217 976 1250 Unde
1000 1217 1093 1250 etiam
1118 1217 1199 1249 infra
1227 1216 1278 1249 de-

315 1272 396 1303 cimo
430 1271 546 1303 dicitur
585 1270 623 1303 de
658 1271 852 1302 Samaritano
888 1274 1019 1302 curante
1055 1270 1276 1307 vulneratum,

316 1323 399 1365 quod
425 1323 522 1365 plagis
539 1323 606 1355 eius
624 1322 737 1354 infudit
753 1322 861 1354 vinum
879 1326 910 1354 et
925 1323 1046 1360 oleum,
1065 1322 1173 1354 vinum
1193 1330 1277 1353 mor-

315 1376 484 1409 dicativurn
509 1379 540 1408 et
563 1375 668 1408 oleum
693 1375 873 1413 lenitivum,
899 1375 1073 1408 secundum
1098 1375 1171 1414 duo,
1196 1384 1277 1417 quae

316 1429 398 1462 dicta
422 1434 505 1462 sunt.

405 1483 584 1524 82111015.
618 1482 695 1522 [14).
727 1482 906 1524 Stupebant
941 1486 1051 1514 autem
1084 1492 1194 1515 omnes
1218 1484 1276 1514 etc.

316 1536 386 1569 Post
409 1536 676 1577 opportunitatem
707 1535 924 1577 disponentem
957 1540 988 1568 et
1025 1539 1209 1577 potestatem
1233 1535 1277 1568 ef-

315 1589 470 1622 ficientem
489 1588 594 1621 subdit
611 1588 661 1621 liic
680 1588 874 1630 Evangelista
890 1588 1065 1621 utilitatem
1082 1598 1277 1632 consequen—

316 1646 387 1674 tem.
415 1642 449 1674 Et
484 1643 560 1674 haec
595 1641 654 1674 suit
690 1642 826 1684 duplex:
861 1642 962 1683 prima
986 1642 1208 1680 universatis,
1233 1651 1278 1674 se—

315 1696 418 1728 cunda
426 1695 660 1738 particularis.
680 1696 783 1728 Prima
799 1696 859 1728 luit
874 1696 1028 1729 excitatio
1042 1696 1278 1728 universorum

315 1750 360 1782 acl
376 1750 594 1782 reuerentiam
619 1750 821 1788 maiestatis,
847 1749 985 1782 secunda
1007 1749 1068 1782 suit
1090 1749 1277 1782 sollicitatio

314 1803 558 1845 discipulorum
583 1803 628 1835 cut
652 1803 901 1845 intelliyenlium
924 1803 1085 1835 veritatis.

405 1857 506 1889 Primo
531 1857 627 1899 igitur
652 1861 806 1899 quantum
831 1857 868 1889 ad
893 1857 1122 1889 excitationem
1144 1857 1277 1889 univer-

314 1920 430 1943 sorum
447 1912 493 1943 ad
508 1911 692 1943 maiestatis
709 1911 927 1943 reuerentiam
943 1911 1075 1943 dicitur:
1097 1911 1279 1953 Stupebant

316 1968 427 1996 autem
452 1974 561 1996 omnes
584 1964 620 1996 in
644 1965 876 2007 magnitudine
895 1965 971 2003 Dei,
990 1965 1064 2007 quia
1080 1974 1193 2007 magna
1210 1969 1278 1997 erat

315 2018 471 2059 potentia,
496 2027 577 2060 quae
602 2022 662 2050 tam
690 2027 838 2060 magnum
864 2018 1010 2051 morbum
1036 2019 1067 2051 in
1093 2022 1155 2051 tam
1180 2028 1278 2060 parvo

316 2074 474 2112 tempore,
501 2074 562 2103 tam
588 2080 685 2112 parvo
720 2071 817 2104 verbo
853 2072 989 2113 perfecte
1025 2073 1158 2105 curavit.
1193 2072 1278 2104 Unde

316 2124 522 2157 decantabant
553 2125 630 2157 illud
663 2125 815 2158 Psalmi4:
846 2127 1003 2168 «Magnus
1039 2127 1191 2159 Dominus
1222 2136 1277 2158 no-

317 2181 380 2210 ster
412 2182 443 2211 et
472 2188 584 2221 magna
616 2179 718 2211 virtus
749 2179 865 2218 01115>>ς
894 2183 925 2212 et
947 2180 1025 2212 illud
1054 2180 1201 2213 Ieremiae
1224 2180 1277 2212 de—

317 2231 416 2263 cimo:
447 2245 461 2259 «
478 2233 607 2274 Magnus
631 2242 664 2265 es
688 2237 740 2271 tu,
765 2233 911 2272 Domine,
937 2238 967 2266 et
989 2243 1140 2276 magnum
1162 2243 1278 2267 nomen

318 2286 419 2322 tuum,
441 2285 518 2316 etin
544 2285 700 2318 universis
724 2286 828 2327 regnis
852 2291 1010 2319 terrarum
1035 2287 1143 2319 nullus
1167 2291 1213 2320 est
1238 2287 1278 2320 si-

318 2336 399 2369 milis
415 2349 446 2375 »;
471 2341 502 2369 et
527 2337 623 2369 Exodi
658 2338 778 2370 decimo
802 2339 927 2381 quinto:
959 2353 973 2368 <1
992 2340 1068 2381 Quis
1098 2341 1208 2373 similis
1231 2341 1278 2373 tui

319 2389 349 2421 in
373 2389 523 2428 fortibus,
541 2390 670 2423 Domine
680 2395 692 2422 ¹!
709 2391 871 2424 Terribilis
887 2396 981 2434 atque
999 2393 1163 2425 laudabilis
1180 2396 1211 2426 et
1234 2393 1277 2425 sa—

319 2443 404 2475 ciens
428 2442 625 2475 mirabilia».

391 2642 398 2657 ¹
421 2644 453 2668 lta
473 2644 550 2668 etiam
573 2644 597 2668 ll.
619 2644 723 2675 ‚ilbert.;
755 2645 873 2677 Vulgata,
898 2653 977 2678 quani
1003 2642 1150 2679 sequuntur
1172 2648 1229 2673 Vnt.
1255 2651 1280 2673 et

318 2688 433 2713 nonnulli
454 2688 540 2718 codd„
560 2687 624 2713 eius.
645 2702 680 2707 -
700 2689 823 2721 Sequitur
842 2690 905 2714 Gen.
927 2690 973 2721 46,
995 2691 1035 2715 30.

390 2730 400 2745 ²
421 2731 497 2757 Card.
518 2733 593 2763 Ilugo
626 2733 651 2757 in
676 2734 736 2758 Luc.
767 2734 797 2764 9,
827 2733 872 2758 43:
903 2735 1078 2766 Augustinus:
1099 2736 1171 2760 Unus
1199 2736 1278 2760 alium

321 2776 435 2806 corrigat
454 2780 478 2800 et
498 2776 594 2801 iudicet
613 2780 638 2802 ct
657 2781 762 2802 accuset
781 2785 840 2803 cum
862 2778 998 2803 dilectione
1019 2779 1154 2804 bominum
1174 2782 1199 2804 et
1218 2779 1280 2804 odio

321 2819 452 2844 vitiorum.
475 2821 531 2851 lpse
546 2821 670 2852 August,
692 2822 791 2852 Regula
817 2823 851 2847 ad
870 2829 961 2848 servos
986 2823 1045 2853 Dei,
1065 2831 1090 2848 n.
1115 2823 1146 2854 7,
1171 2824 1280 2856 loquens

321 2863 353 2888 de
374 2865 483 2889 fraterna
504 2865 665 2891 correctione
691 2866 765 2891 dicit:
790 2877 801 2889 ιι
818 2867 956 2898 Diligenter
980 2870 1005 2893 et
1024 2868 1134 2893 mleliier
1159 2867 1281 2893 observe-

321 2911 360 2932 tur
380 2915 440 2933 cuni
461 2909 597 2934 dilectione
617 2904 753 2936 homin-um
774 2915 799 2936 et
817 2911 878 2936 odio
905 2911 1026 2937 vitiorum
1046 2922 1070 2936 11,
1095 2913 1184 2937 (1105511
1211 2911 1280 2937 ordi-

321 2950 402 2977 naria
422 2952 462 2983 (ex
483 2953 561 2983 Beda)
586 2954 611 2978 in
635 2955 697 2979 Luc.
723 2956 751 2987 9,
778 2955 823 2980 43:
848 2956 903 2981 Non
929 2963 995 2991 puer
1020 2956 1074 2981 vim
1094 2956 1209 2988 patiens,
1233 2956 1280 2982 sed

321 2995 441 3020 diabolus
461 2996 514 3021 vim
539 2997 649 3023 inserens
672 2998 836 3030 increpatur,
855 3000 917 3032 qnia
931 3000 975 3033 qui
997 3005 1149 3032 peccantem
1169 3001 1224 3026 vult
1243 3007 1280 3026 sa-

321 3045 382 3064 nare
402 3039 493 3064 vitium
513 3040 592 3066 debet
614 3048 725 3073 arguere
744 3045 769 3067 et
787 3042 931 3075 depellere,
951 3044 998 3069 sed
1013 3044 1146 3069 bominem
1165 3044 1280 3070 amando

321 3084 455 3113 refovere,
479 3084 563 3109 donec
586 3089 706 3111 sanatum
732 3087 913 3118 spiritualibus
940 3088 1034 3114 reddat
1059 3088 1177 3120 patribus
1196 3089 1279 3114 Eccle-

321 3127 382 3153 siae.
404 3142 435 3146 -
457 3128 504 3172 Pro
530 3130 659 3157 correctio
681 3132 737 3156 Vat.
757 3131 900 3165 correptio.

393 3170 403 3185 ¹³
423 3172 492 3198 Libr.
513 3174 538 3198 11.
559 3175 651 3200 11011111.
673 3176 698 3200 111
718 3177 819 3208 Evang.
838 3177 929 3203 homil.
952 3178 994 3203 33.
1013 3185 1039 3203 n.
1060 3178 1086 3203 3.
1107 3181 1133 3203 et
1146 3178 1190 3203 34.
1209 3185 1235 3203 n.
1255 3179 1279 3203 2.

322 3228 355 3233 —
375 3215 492 3241 Subinde
511 3218 637 3250 allegatur
656 3219 719 3245 Luc.
745 3220 793 3251 10,
813 3220 854 3246 34.
882 3235 914 3239 —
935 3221 1042 3247 inferius
1061 3229 1109 3254 pro
1129 3221 1281 3248 mor-dicati-

324 3265 386 3284 ωιτη
406 3260 425 3284 Β
438 3261 456 3285 11
477 3260 704 3296 mordificalivum
724 3263 843 3297 (propter
856 3264 1081 3291 abbreviationem
1095 3266 1184 3298 plures
1203 3266 1280 3291 codd.

322 3306 383 3328 sunt
401 3303 498 3330 dubiae
516 3305 653 3340 lectionis),
673 3308 730 3333 Vnt.
745 3308 880 3342 mordens,
896 3312 922 3335 et
935 3316 984 3341 pro
998 3308 1137 3336 lenitivum
1149 3309 1282 3350 substituit

323 3345 431 3373 leniens.

382 3382 404 3430 ,¹⁴
424 3392 516 3418 Psalm.
538 3393 602 3425 1¹46,
623 3394 653 3426 5,
673 3399 733 3427 post
758 3403 838 3429 quem
863 3397 911 3422 ier.
932 3398 973 3430 io,
1002 3398 1025 3423 6.
1047 3405 1101 3431 seq.
1123 3398 1181 3431 (cfr.
1200 3406 1280 3431 supra

322 3441 344 3459 c.
365 3435 390 3460 8.
409 3443 433 3461 n.
455 3437 496 3462 62.
517 3436 542 3462 in
562 3438 623 3471 ssne)
642 3439 765 3466 etExod.
786 3440 834 3471 ⁴5,
856 3441 896 3466 11.

919 276 1112 309 COMMENT.
1139 278 1175 309 IN
1201 277 1439 310 EVANGELIUM
1464 278 1580 311 LUCAE
1604 278 1635 310 C.
1662 279 1708 310 IX.

1427 366 1479 399 83.
1506 367 1648 399 Secundo
1672 377 1747 400 vero
1778 372 1934 410 quantum
1969 369 2008 401 ad
2038 369 2300 403 sollicitationem
2320 360 2464 408 neseeunaasss

1337 420 1583 461 discipulorum
1615 420 1661 452 ad
1692 421 1842 454 veritatis
1872 422 2121 465 intelliyentiam
2151 423 2300 456 additur:

1340 472 1501 505 Omnibus
1525 473 1728 506 mirantibus
1744 475 1780 507 in
1803 475 1972 514 omnibus,
1997 486 2082 519 quae
2096 475 2253 519 faciebat,
2270 481 2302 510 et

1337 526 1431 558 etiam
1454 526 1576 559 dicebat
1605 530 1636 559 et
1668 527 1900 569 loquebatur⁶;
1929 528 2016 560 dixit
2043 529 2090 561 act
2120 529 2301 572 discipulos

1337 588 1435 611 suos:
1456 580 1571 611 Ponite
1587 589 1644 612 vos
1660 580 1696 612 in
1712 580 1869 613 cordibus
1885 582 2003 614 vestris
2018 592 2185 615 sermones
2200 584 2280 616 istos
2289 596 2301 622 ;

1337 632 1426 674 quasi
1451 632 1534 665 dicat
1557 633 1616 665 eis:
1641 633 1710 665 aliis
1738 635 2035 676 recognoscentibus
2062 639 2094 668 et
2119 636 2302 675 admiranti-

1340 685 1399 717 bus
1422 686 1670 727 magnitudinem
1694 686 1938 726 miraculorum,
1962 697 2018 721 vos
2041 689 2174 731 cogitate
2197 690 2302 723 humi-

1339 739 1456 770 litatem
1481 738 1664 771 futurorum
1701 740 1946 781 opprobriorum
1970 747 2001 774 et
2034 755 2047 770 a
2066 743 2195 784 pretiosi
2231 753 2302 776 san—

1339 791 1460 833 guinis,
1485 801 1549 833 quo
1572 792 1710 824 mundus
1735 793 1936 826 redimendus
1952 798 2016 833 est,
2033 799 2180 828 eventum
2197 800 2302 830 mente

1340 845 1517 883 recondite,
1542 845 1618 877 dum
1643 846 1737 878 ceteri
1764 847 1922 880 mirantur
1943 852 2066 881 tantum
2082 849 2164 882 sacta
2179 850 2302 884 divinae

1339 898 1582 931 altitudinisssn.
1608 899 1694 931 Unde
1717 900 1845 941 ponite,
1870 900 1900 933 id
1924 905 1987 941 est,
2011 902 2042 934 in
2066 903 2218 936 memoria
2248 904 2302 937 ba-

1340 951 1412 984 bete
1426 978 1433 990 ‚
1459 952 1632 984 secundum
1650 952 1727 985 illud
1744 953 1944 987 Canticorum
1961 955 2091 988 ultimo:
2122 970 2137 985 «
2154 957 2235 990 Pone
2251 967 2302 991 me

1341 1008 1377 1037 ut
1401 1006 1597 1051 signaculum
1630 1015 1728 1048 supra
1758 1016 1813 1039 cor
1845 1010 1982 1040 tuum».
2010 1009 2079 1042 ldeo
2102 1014 2208 1043 autem
2233 1015 2303 1053 post

1340 1058 1549 1091 ostensionem
1575 1059 1718 1091 miraculi
1751 1060 1893 1102 adiungit
1928 1062 2171 1103 praedictionem
2201 1065 2302 1098 futuri

1341 1112 1505 1153 supplicii,
1528 1121 1567 1144 ne
1591 1112 1696 1145 subito
1720 1113 1848 1146 veniens
1872 1115 1974 1156 passio
1990 1115 2160 1158 discipulos
2175 1118 2303 1151 omnino
2326 1136 2329 1137 ν

1341 1165 1517 1204 concutiat3
1550 1165 1634 1198 unde
1667 1166 1872 1199 Ecclesiastici
1908 1168 2118 1202 undecimo⁷2
2159 1184 2174 1199 «
2189 1171 2222 1204 In
2253 1172 2303 1205 die

1341 1219 1497 1251 bonorum
1522 1227 1561 1251 ne
1586 1219 1753 1256 immemor
1777 1220 1819 1253 sis
1842 1222 1999 1254 malorum
2015 1236 2046 1262 »3
2071 1227 2102 1256 et
2127 1234 2165 1257 ne
2188 1225 2303 1268 aliquis

1341 1271 1558 1312 prosperitatis
1584 1275 1722 1314 tempore
1738 1273 1928 1313 extollatur,
1945 1276 2119 1309 secundum
2137 1277 2212 1310 illud
2231 1278 2304 1311 Pro-

1341 1324 1524 1357 verbiorum
1550 1325 1700 1367 vigesimo
1732 1326 1882 1367 septimo:
1912 1340 1927 1355 «
1945 1328 1987 1361 Ne
2011 1329 2156 1370 glorieris
2179 1331 2211 1363 in
2235 1340 2304 1364 cra-

1341 1378 1480 1417 stinum,
1505 1378 1670 1420 ignorans,
1695 1379 1771 1421 quid
1807 1385 2040 1422 superventura
2064 1384 2166 1425 pariat
2189 1384 2256 1418 dies
2271 1398 2302 1425 »;

1342 1437 1372 1464 et
1402 1431 1470 1464 ideo
1495 1432 1699 1465 Ecclesiastici
1727 1433 1906 1467 undecimo:
1936 1448 1952 1464 «
1970 1436 2001 1468 In
2025 1436 2075 1469 die
2103 1438 2233 1472 honoris
2257 1439 2304 1480 tui

1342 1492 1382 1517 ne·
1405 1485 1569 1517 extollaris
1586 1499 1615 1516 ι».
1640 1505 1683 1509 -
1700 1486 1733 1518 111
1758 1497 1940 1526 sermones,
1969 1499 2050 1531 quos
2081 1492 2149 1524 vult
2171 1492 2210 1525 ad
2238 1502 2304 1526 me·
2322 1500 2452 1531 Praedipitur

1343 1539 1474 1571 moriam
1500 1538 1624 1577 reduci,
1651 1544 1725 1572 sunt
1752 1540 1791 1573 de
1815 1542 1990 1583 passiona-
2014 1544 2098 1577 unde
2121 1545 2221 1578 addit:
2246 1547 2304 1579 Fi·
2349 1533 2428 1554 ¹³³⁸⁵¹⁰'

1342 1592 1407 1624 lius
1421 1591 1433 1610 Β
1458 1590 1602 1624 bominis
1625 1591 1785 1635 futurum
1808 1599 1855 1626 est
1878 1601 1915 1627 ut
1939 1597 2099 1629 tractatur
2123 1598 2159 1630 in
2180 1609 2304 1632 manus

1342 1644 1523 1678 bominum.
1558 1646 1746 1685 Tradatur,
1772 1647 1914 1689 inquam,
1939 1658 1981 1681 ex
2005 1650 2175 1684 clementia
2197 1662 2216 1685 a
2239 1653 2304 1686 Deo

1342 1699 1453 1738 Patre3
1478 1699 1516 1731 ad
1541 1700 1695 1732 Romanos
1719 1704 1845 1733 octavo:
1877 1715 1892 1730 «
1909 1702 1968 1743 Qui
1993 1705 2122 1745 proprio
2146 1706 2221 1738 Filio
2245 1715 2303 1740 suo

1342 1762 1403 1784 non
1429 1753 1582 1794 pepercit,
1619 1753 1672 1785 sed
1708 1763 1766 1795 pro
1797 1755 1886 1787 nobis
1921 1757 2068 1789 omnibus
2106 1758 2233 1791 tradidit
2267 1759 2304 1792 il—

1342 1806 1408 1837 lum
1426 1819 1440 1833 »
1469 1809 1527 1837 etc.
1553 1806 1709 1838 Tradetur
1733 1816 1773 1839 ex
1791 1807 1973 1841 obedientia
1997 1819 2015 1842 a
2039 1819 2072 1843 se
2097 1811 2183 1853 ipso;
2209 1812 2304 1846 isaiae

1341 1858 1604 1900 quinquagesimo
1629 1859 1766 1892 terti0⁰z
1796 1873 1812 1888 «
1829 1861 1887 1893 Pro
1919 1871 1973 1901 eo,
1999 1863 2083 1904 quod
2113 1864 2241 1897 tradidit
2271 1865 2303 1898 in

1342 1916 1476 1944 mortem
1499 1912 1633 1944 animam
1660 1922 1748 1946 suam
1763 1928 1792 1946 ».
1811 1915 1967 1948 Tradetur
1983 1925 2024 1949 ex
2041 1917 2174 1950 malitia
2189 1928 2208 1951 a
2231 1919 2304 1952 luda

1341 1965 1519 2007 proditore;
1553 1966 1698 1998 Matthaei
1735 1967 1884 2009 vigesimo
1917 1972 2026 2005 sexto:
2056 1971 2143 2012 «Qui
2179 1971 2304 2015 intingit

1341 2027 1465 2051 mecum
1491 2028 1619 2051 manum
1644 2019 1675 2051 in
1700 2021 1883 2062 paropside,
1908 2022 1960 2055 hic
1983 2032 2033 2056 me
2057 2024 2201 2058 tradet».
2221 2026 2255 2058 Et
2271 2026 2304 2059 in

1343 2072 1402 2104 hoc
1425 2072 1564 2114 implicat
1589 2075 1684 2105 totam
1710 2074 1895 2115 passionem.

1432 2126 1483 2158 84.
1510 2126 1611 2168 (Vers.
1637 2126 1715 2167 45).
1743 2127 1777 2159 Et
1801 2128 1950 2170 quoniam
1975 2130 2034 2163 hoc
2058 2134 2127 2163 erat
2142 2133 2302 2165 occultum
2320 2139 2328 2160 1
2344 2139 2440 2170 potantia

1343 2180 1548 2221 mysterium,
1573 2179 1642 2213 ideo
1664 2180 1808 2213 additur:
1841 2183 1884 2213 At
1916 2181 1964 2214 illi
1992 2183 2195 2225 iynorabant
2229 2195 2301 2218 ver-
2327 2167 2440 2214 nis-‘ilpm'

1343 2233 1420 2265 bum
1445 2233 1554 2273 istud,
1579 2239 1608 2266 et
1631 2238 1704 2267 erat
1727 2234 1870 2267 velatum
1895 2240 1970 2268 ante
1993 2246 2064 2275 e03,
2082 2242 2120 2269 ut
2142 2248 2208 2270 non
2230 2249 2303 2271 sen—

1319 2287 1441 2331 xtirent
1463 2286 1563 2325 illud,·
1591 2288 1666 2330 quia
1700 2288 1804 2321 adhuc
1838 2289 1940 2321 ructes
1971 2293 2061 2322 erant
2084 2293 2116 2322 et
2139 2291 2304 2324 animales

1342 2350 1400 2373 nec
1424 2341 1637 2383 intelligebant
1662 2342 1845 2384 praeterita,
1871 2343 1940 2376 ideo
1976 2352 2032 2376 nec
2068 2344 2194 2384 futura;
2219 2345 2304 2379 unde

1343 2394 1546 2428 Ecclesiastae
1581 2399 1692 2428 octavo
1707 2396 1749 2428 ¹⁰:
1780 2409 1795 2425 a
1812 2396 1871 2438 Qui
1897 2397 2019 2439 ignorat
2047 2398 2217 2440 praeterita
2245 2408 2304 2443 neo

1342 2447 1451 2480 futura
1475 2448 1540 2481 ullo
1564 2449 1644 2482 scire
1674 2453 1775 2491 potest
1806 2451 1917 2483 nuntio
1934 2465 1963 2483 n.
1989 2471 2031 2474 —
2057 2452 2153 2485 Immo
2176 2456 2207 2485 et
2230 2453 2305 2495 quia

1416 2648 1426 2662 ¹⁵
1447 2650 1480 2674 Ex
1500 2651 1519 2675 11
1540 2650 1692 2676 addidimus
1707 2651 1837 2677 Omnibus
1851 2652 1973 2685 [Vulgata
1990 2653 2186 2688 Omnibusque]
2200 2654 2304 2680 miran-

1345 2692 1441 2719 tibus...
1463 2693 1630 2727 loquebatur.
1652 2695 1769 2721 Subinde
1789 2700 1849 2727 post
1867 2696 1938 2722 dixit
1966 2697 2044 2723 codd.
2071 2698 2102 2729 (H
2122 2698 2241 2731 excepto)
2261 2699 2304 2724 ad-

1344 2737 1409 2762 dunt
1428 2739 1532 2769 utitem,
1547 2739 1619 2770 quod
1636 2739 1744 2770 Vulgata
1764 2740 1867 2770 omittit,
1881 2744 1906 2765 et
1919 2741 2025 2767 interius
2045 2749 2093 2773 pro
2112 2749 2304 2775 recognoscen-

1345 2780 1414 2806 tibus
1435 2781 1485 2806 (ΣΙ)
1505 2772 1667 2807 substituunt
1685 2782 1903 2816 recoyitantz'bus,
1924 2785 1945 2809 G
1957 2785 1977 2809 11
1996 2784 2183 2818 cogitantibus.

1417 2823 1427 2838 ⁰
1445 2826 1534 2851 Glossa
1559 2825 1701 2852 ordinaria
1721 2827 1762 2858 (ox
1788 2828 1867 2859 Beda)
1890 2828 1913 2853 in
1933 2829 1995 2854 Luc.
2016 2829 2045 2859 9,
2066 2829 2111 2854 44:
2132 2829 2223 2856 Ponite
2242 2837 2303 2861 vos,

1345 2876 1406 2900 vos,
1420 2870 1466 2902 qui
1480 2877 1539 2895 ineo
1563 2870 1729 2902 discipulatui
1749 2871 1911 2902 adhaeretis,
1924 2872 2021 2904 quibus
2044 2880 2137 2897 arcana
2153 2879 2210 2898 mea
2223 2873 2306 2898 mani-

1346 2915 1434 2941 festius
1452 2915 1556 2947 aperui,
1576 2915 1681 2946 pretiosi
1701 2919 1749 2941 etc.
1768 2930 1800 2933 —
1820 2917 1943 2949 Sequitur
1959 2917 2032 2943 Cain.
2052 2918 2081 2949 8,
2101 2917 2126 2942 6.

1417 2958 1426 2973 ⁷
1447 2960 1522 2985 Vers.
1542 2959 1584 2985 27.
1606 2973 1641 2978 —
1663 2960 1720 2985 Duo
1740 2968 1814 2994 seqq.
1834 2962 1882 2987 10(τί
1902 2965 1964 2987 sunt
1982 2962 2057 2987 l‘rov.
2078 2962 2120 2994 27,
2142 2962 2164 2987 sl.
2184 2965 2209 2987 et
2228 2962 2305 2988 Eccli.

1346 3005 1393 3037 11,
1415 3005 1439 3030 t.
1458 3018 1493 3023 -—
1512 3004 1600 3030 Glossa
1630 3004 1774 3031 ordinaria
1803 3006 1844 3037 (ex
1873 3007 1953 3039 Beda)
1984 3007 2008 3031 in
2037 3007 2098 3032 Luc.
2119 3007 2149 3038 9,
2169 3006 2217 3032 44:
2238 3007 2304 3032 inter

1345 3049 1473 3081 magnalia
1503 3049 1633 3081 potentiae
1661 3050 1766 3076 divinae
1791 3051 1896 3083 saepius
1924 3051 2032 3083 replicat
2056 3051 2156 3077 abiecta
2176 3051 2305 3084 passionis

1345 3095 1490 3124 numanae,
1510 3101 1543 3119 ne
1562 3093 1649 3120 subito
1669 3095 1779 3120 veniens
1807 3099 1914 3128 terreat,
1934 3096 1980 3121 sed
2010 3096 2093 3122 levius
2114 3098 2209 3122 seratur
2229 3103 2304 3128 prae-

1344 3139 1466 3170 cogitata.
2081 3175 2088 3178 -

1416 3181 1426 3195 ⁸
1449 3175 1572 3215 vulgata,
1591 3190 1671 3216 quam
1691 3188 1838 3217 sequuntur
1851 3185 1871 3210 Il
1886 3188 1911 3210 et
1925 3185 1991 3216 Vnt„
2005 3185 2078 3211 addit
2090 3184 2178 3218 emim,⁴
2191 3184 2304 3211 subinde

1346 3233 1393 3258 pro
1412 3226 1540 3260 futurum
1559 3226 1641 3253 ACD
1658 3227 1779 3261 futurus.
1801 3243 1833 3247 —
1854 3229 1977 3261 Sequitur
1996 3230 2071 3255 ltom.
2092 3230 2116 3260 8,
2136 3230 2179 3255 32.

1416 3268 1427 3283 ⁹
1447 3270 1522 3295 Vers.
1547 3271 1583 3295 12.
1603 3284 1638 3290 —
1658 3270 1775 3298 Subinde
1793 3272 1921 3304 allegatur
1941 3273 2028 3299 Matth.
2050 3273 2098 3304 26,
2119 3274 2161 3298 23.

1419 3312 1440 3327 ¹⁰
1462 3314 1534 3340 Vers.
1553 3314 1578 3339 7.
1598 3328 1632 3334 —
1652 3316 1779 3347 superius
1804 3320 1863 3348 post
1881 3323 1929 3343 nec
1948 3316 2130 3351 intelligebant
2153 3319 2173 3343 A
2185 3318 2207 3342 D
2231 3316 2304 3343 omit-

1346 3360 1402 3383 tunt
1419 3358 1583 3391 praeterita,
1605 3358 1662 3386 ideo
1682 3367 1743 3392 neo,
1764 3360 1782 3386 C
1803 3361 1898 3387 omittit
1912 3361 2077 3395 praeterita,
2100 3362 2157 3388 Vnt.
2175 3361 2237 3393 legit
2255 3368 2303 3388 nec

1346 3401 1529 3436 intelligebant
1543 3404 1693 3437 praeterita
1712 3412 1730 3431 a
1750 3405 1802 3431 Deo
1821 3405 1907 3439 sacta,
1929 3412 1977 3432 nec
1995 3405 2101 3439 sutura.
