2427 3872
404 241 469 267 EXE

122 284 240 317 exemplo
250 284 381 310 deducere
394 284 474 311 debet
483 286 611 318 populum
626 285 677 311 624
688 293 714 311 v.
729 285 762 311 44

121 341 155 347 —
175 327 275 354 bonum
294 328 412 355 dandum
431 336 447 355 a
473 330 596 362 praelatis
614 337 662 362 per
682 330 763 356 imita-

120 373 219 399 tionem
237 372 332 400 Christi
351 373 403 399 384
423 373 438 399 4
462 389 498 393 —
525 375 663 401 Generatio
691 378 762 401 casta

118 419 160 443 est
176 417 309 449 exemplar
328 418 535 450 pulcherrimum
556 419 588 445 ad
603 419 761 445 imitandum

121 461 172 487 432
191 468 218 487 v.
239 462 255 487 2
275 474 310 483 ·—
328 461 440 494 Flagella
468 462 564 489 Christi
592 465 653 489 sunt
678 469 763 489 exem-

119 506 194 537 plum
213 505 365 531 imitationis
384 505 437 532 647
457 506 472 532 4
487 520 523 526 -
535 506 622 533 bonae
634 507 762 539 operatio-

118 549 160 575 nis
178 549 356 582 intelliguntur
375 557 423 583 per
445 551 538 577 linteos
562 551 761 577 aromatizantes

118 594 170 619 649
190 601 216 620 ν.
237 593 265 619 44

171 652 208 656 -
225 645 272 670 per
285 639 396 664 modum
410 639 588 671 dispositionis
600 641 688 665 servat
699 646 762 671 pro-

118 682 218 708 ximum
240 683 272 709 Vl
292 682 344 708 474
370 683 403 709 32
422 696 458 702 -
481 683 529 709 Ρ61
552 682 622 716 hona
641 684 761 715 exempla

117 726 209 753 ssdeles
226 727 261 753 ad
287 727 369 758 vitam
394 727 576 759 perducuntur
600 728 647 753 521
673 728 706 753 42
725 742 760 746 --

114 771 186 797 mala
218 770 318 798 bonum
347 772 512 804 propositum
544 771 687 798 annihilant
717 772 760 798 Vll

118 815 170 841 532
191 816 223 841 36
243 830 277 834 -
297 816 397 842 1110111111
416 816 481 842 alios
505 816 660 849 praecipitat
679 816 705 842 111
725 817 761 842 in·

117 860 221 886 sernum
242 860 274 886 Vl
294 860 347 886 385
367 861 400 886 42

169 918 206 924 -
224 905 363 936 Templum
388 905 513 931 ecclesiae
540 907 648 931 ornatur
675 912 760 931 exem-

116 949 161 981 plo
179 949 386 976 conversationis
415 950 447 976 Vl
476 949 528 975 549
547 949 564 975 7
587 963 623 969 —
646 949 760 982 Quilibet

116 1001 174 1020 esse
192 993 272 1020 debet
291 1001 393 1020 memor
411 995 594 1028 exemplorum
613 994 707 1021 Christi
725 995 759 1021 ad

117 1038 275 1065 imitandum
294 1039 339 1065 Vll
357 1039 392 1065 37
413 1039 463 1065 444

170 1306 270 1332 Factus
288 1319 322 1325 --
341 1306 382 1332 llle
408 1306 482 1338 facit,
504 1306 580 1332 cuius
605 1302 771 1332 auctoritate*

116 1350 145 1376 nt
165 1350 197 1376 Vl
216 1350 268 1376 285
289 1350 322 1376 45
342 1364 376 1369 --
394 1353 434 1376 651
457 1351 624 1384 00010111016,
648 1351 690 1377 vel
713 1351 758 1377 mi-

116 1394 223 1420 nisterio
241 1394 303 1421 ibid.
315 1408 351 1414 —-
363 1397 403 1421 est
415 1394 478 1421 boni
497 1395 608 1421 ministri
628 1396 679 1421 269
694 1395 710 1420 5
722 1410 758 1414 —

115 1438 249 1465 Facientes
268 1439 391 1465 mandata
410 1440 455 1465 Dei
474 1442 551 1466 erunt
570 1439 638 1466 beati
653 1439 704 1465 428
724 1441 753 1466 24

169 1484 259 1510 Fames
278 1498 312 1502 —
331 1484 462 1516 siguificat
485 1491 567 1517 opera
586 1484 618 1510 Vl
644 1484 678 1510 64
696 1491 723 1510 v.
743 1484 753 1509 t

117 1542 151 1546 —
170 1528 274 1554 animae
293 1530 332 1554 est
350 1528 471 1561 superior
487 1535 549 1560 pars
567 1528 687 1560 rationis,
705 1535 758 1561 qua

115 1575 176 1598 nata
201 1575 240 1599 est
267 1573 358 1599 videre
386 1573 469 1599 Deum
499 1573 532 1599 65
560 1580 588 1599 v.
619 1573 628 1598 4
658 1586 695 1592 -
713 1573 759 1598 Fa-

114 1617 183 1643 ciem
202 1617 305 1643 animae
321 1620 466 1643 commutat
483 1617 554 1643 solus
574 1617 643 1642 Deus
661 1616 724 1643 ibid.

169 1675 205 1681 -
224 1662 370 1687 Peccatum
382 1661 445 1693 ligat
467 1662 559 1687 faciem
579 1661 758 1695 cogitationis,

115 1709 145 1731 ut
163 1712 218 1732 non
236 1706 323 1732 valeat
341 1706 375 1732 de
393 1706 448 1731 Deo
467 1709 589 1738 peccator
613 1706 759 1738 recogitare

117 1750 150 1776 Vl
170 1750 222 1776 593
240 1757 268 1776 v.
287 1749 320 1776 44
339 1764 375 1769 —
393 1751 472 1782 ligata
496 1750 560 1776 dicit.
579 1750 757 1776 difficultatem

117 1795 143 1820 in
162 1795 348 1827 cognoscendo
363 1794 413 1820 406
433 1795 467 1821 63
486 1808 522 1814 —
540 1795 601 1821 lusti
619 1795 709 1821 lavant
721 1795 758 1821 fa-

116 1839 184 1865 ciem
203 1839 291 1865 cordis
310 1839 362 1864 599
383 1839 392 1864 4

169 1883 288 1909 Ficum
307 1897 343 1903 —
361 1883 427 1909 dum
446 1883 566 1915 videtur,
579 1883 653 1910 ducit
665 1884 699 1910 ad
712 1884 759 1910 Fa-

117 1930 217 1954 ctorem
246 1928 290 1953 Vll
315 1928 366 1953 206
395 1928 423 1953 64
448 1942 483 1946 ——
501 1928 558 1954 Non
577 1931 616 1954 est
635 1928 758 1954 standum

117 1972 143 1998 in
162 1973 275 2004 factura,
300 1972 348 1998 sed
376 1972 585 2004 perveniendum
613 1979 698 2005 usque
722 1973 756 1999 ad

117 2017 203 2051 lesum
223 2015 284 2043 ibid.
304 2031 339 2036 —
356 2017 494 2043 Facturam
510 2024 586 2043 suam
600 2017 712 2043 adorare
725 2018 759 2043 in-

117 2061 205 2087 sanire
223 2064 263 2088 est
281 2061 314 2087 Vl
335 2061 386 2087 496
407 2068 431 2086 v.
453 2062 468 2087 2

171 2105 250 2131 Fama
268 2118 305 2125 —
323 2105 373 2138 Qui
392 2106 529 2138 cognoscit
546 2105 675 2138 principia
697 2112 760 2132 vera

118 2150 255 2182 cognoscit
272 2152 298 2176 et
317 2151 380 2176 falsa
400 2150 434 2176 Vl
452 2150 469 2176 7
489 2157 515 2184 q.
535 2151 551 2176 2

171 2195 242 2220 FAMA
261 2208 297 2214 —
315 2195 422 2227 respicit
434 2202 576 2227 personam
591 2196 623 2221 Vl
638 2195 689 2221 420
704 2203 729 2220 ν.
745 2195 759 2221 4

119 2251 154 2258 -
172 2245 226 2265 11011
253 2242 292 2265 651
314 2239 466 2272 quaerenda
494 2239 519 2265 in
547 2240 680 2272 praesenti
708 2240 760 2265 595

123 2283 139 2308 2
158 2296 193 2303 --
211 2283 276 2309 levis
295 2283 390 2316 impios
408 2283 547 2309 comitatur
566 2284 617 2310 440
637 2291 664 2310 v.
686 2284 714 2309 tt

172 2342 208 2346 —
227 2327 296 2353 bona
314 2331 354 2354 est
372 2335 468 2354 nomen
482 2327 583 2354 bonum
602 2328 635 2354 Vl
656 2328 689 2354 55
703 2335 729 2354 v.
743 2329 759 2354 2

119 2386 154 2390 -
167 2375 206 2398 651
224 2379 326 2398 merces
339 2372 364 2398 in
384 2373 512 2398 memoria
524 2372 636 2398 aliorum
655 2372 690 2398 74
704 2380 730 2398 v.
743 2373 759 2398 5

119 2430 155 2435 —
174 2416 243 2442 bona
262 2416 355 2442 excitat
374 2417 409 2443 ad
427 2416 527 2443 bonum
541 2436 548 2448 ,
567 2417 635 2442 mala
654 2417 689 2443 ad
707 2423 760 2442 ma-

120 2460 174 2486 lum
195 2461 228 2486 84
247 2468 274 2494 q.
293 2474 329 2480 —
347 2464 453 2487 accusat.
472 2464 625 2493 peccantem
645 2461 696 2487 573
717 2462 732 2487 2

173 2520 208 2524 -
228 2505 297 2531 Deus
310 2505 335 2531 in
348 2507 417 2531 fama
430 2506 523 2531 exaltat
536 2505 642 2537 iustum,
653 2505 760 2539 quando

119 2549 178 2575 eius
205 2549 316 2581 gloriam
347 2550 373 2575 in
405 2550 518 2576 Ecclesia
549 2550 697 2576 manifestat
726 2550 759 2576 Vl

121 2593 174 2619 595
194 2594 209 2619 2
229 2607 264 2612 -
282 2594 426 2620 claritatem
445 2594 490 2620 dat
509 2594 556 2620 611
582 2594 597 2620 4

174 2651 210 2656 -
225 2637 357 2664 bonorum
388 2638 518 2664 salutifera
549 2642 588 2665 est
619 2639 707 2665 electis
736 2642 763 2665 et

121 2682 268 2714 perniciosa
295 2682 416 2715 reprobis
441 2683 484 2709 Vll
514 2682 564 2708 479
593 2683 626 2709 54
651 2697 687 2703 -
712 2683 762 2716 Qui

122 2727 220 2752 famam
239 2727 349 2759 negligit
366 2727 479 2753 crudelis
497 2730 537 2754 est
556 2727 607 2753 404
626 2728 641 2754 3
661 2741 696 2747 —
715 2728 762 2754 Per

123 2771 219 2797 famam
247 2774 273 2797 et
296 2771 428 2797 infamiam
454 2774 558 2803 oportet
582 2772 691 2797 transire
717 2772 763 2805 qui

123 2815 180 2840 vult
210 2815 349 2847 pervenire
379 2815 414 2841 ad
445 2816 583 2841 lerusalem
619 2823 763 2847 supernam

124 2858 176 2885 495
196 2859 228 2885 62
247 2873 284 2879 -
303 2859 372 2885 bona
393 2860 509 2886 curanda
530 2860 562 2886 Vl
582 2860 634 2886 554
654 2862 669 2885 8

176 2903 261 2929 FAm-:s
283 2918 318 2923 —
341 2904 470 2936 significat
496 2904 613 2936 inopiam
641 2904 764 2936 spiritua-

123 2947 187 2973 lium
206 2946 336 2973 bonorum
351 2948 393 2973 Vll
413 2948 460 2973 391
485 2948 518 2973 26
537 2962 573 2966 --
591 2950 631 2973 est
645 2948 764 2980 indigen-

123 2991 159 3017 tia
186 2991 262 3018 verbi
281 2992 397 3018 veritatis
420 2992 445 3017 in
474 2991 608 3018 oblivione
636 2992 765 3018 Creatoris

124 3035 187 3063 ibid.

177 3081 354 3107 Fauuutmus
372 3094 407 3100 —
426 3080 495 3113 parit
521 3083 702 3113 contemptum
731 3081 764 3106 Vl

125 3124 177 3150 302
197 3124 231 3150 84
250 3124 307 3158 ,(83)

184 3169 280 3195 Fanum
309 3183 343 3188 -—
371 3169 452 3195 multa
479 3169 610 3201 significat
637 3169 681 3195 Vll
714 3168 764 3195 348

127 3212 176 3246 44,
195 3212 229 3239 45
578 3214 581 3216 “

180 3257 326 3284 ΡΑεειΝΛτιο
343 3271 378 3278 -
390 3260 430 3284 est
441 3257 584 3284 adulatoria
604 3257 718 3284 laudatio
732 3257 765 3284 Vl

127 3301 179 3327 435
197 3308 224 3327 ν.
245 3301 277 3328 42

180 3345 275 3372 Fas-rus
292 3359 328 3365 —
346 3346 465 3379 signatur
477 3345 561 3373 tribus
581 3346 622 3372 Vll
644 3345 695 3372 454
717 3346 749 3372 47

790 198 826 231 ΙΝ
850 198 1143 231 COMMENTARtOS
1167 199 1196 231 S.
1221 199 1448 232 SCRIPTURAE

853 286 988 312 Exencsue
1007 300 1043 306 —
1061 287 1147 313 Homo
1169 294 1198 312 se
1216 287 1334 319 disponit
1353 288 1386 313 ad
1407 288 1443 313 vi-

799 332 853 356 tam
872 330 1034 362 spiritualem
1054 331 1081 356 in
1106 330 1177 356 bono
1197 337 1225 356 se
1244 331 1390 357 exercendo
1411 332 1442 357 Vl

800 374 852 399 562
871 381 898 400 ν.
918 375 947 400 24

851 419 1007 444 Exeucurtuu
1017 433 1052 436 —
1062 418 1238 450 poenitentiae
1251 419 1292 444 vel
1303 420 1443 451 patientiae

799 461 878 488 habet
890 463 970 488 homo
983 469 1031 494 per
1045 462 1201 488 modestiam
1221 464 1383 494 paupertatis
1401 464 1441 489 vel

799 512 847 538 per
865 506 1030 538 largitionem
1049 507 1233 538 eleemosynae
1252 507 1285 533 Vl
1306 507 1358 533 554
1376 507 1394 532 7

852 564 887 570 --
906 550 986 577 Actus
1004 551 1132 577 exercitus
1152 551 1184 577 Vl
1205 551 1256 576 260
1276 551 1310 576 64

852 596 1017 620 Exnou'rnto
1035 609 1071 614 —
1089 595 1123 621 ad
1147 594 1249 620 bonum
1278 595 1358 622 debet
1383 603 1441 622 csse

798 639 918 664 ordinata
939 639 983 664 Vll
1002 639 1030 664 81
1056 638 1089 664 44
1108 653 1145 658 -
1169 640 1335 665 Exhortando
1355 643 1441 672 potest

798 683 858 716 quis
876 683 1006 715 populum
1025 684 1208 715 evangelizare
1227 682 1288 710 ibid.

852 728 1016 754 Exnsrmmo
1034 742 1069 747 —
1088 728 1181 754 Omnis
1199 729 1280 754 homo
1293 729 1440 755 secundum

798 779 827 798 se
844 772 973 798 existimat
992 772 1102 798 alterum
1123 773 1166 798 Vll
1185 773 1237 799 502
1257 773 1272 798 3

852 817 1019 843 ΕΧΡΕΜΕΝΉΑ
1045 831 1081 836 -
1105 817 1174 849 parit
1201 817 1379 849 cognitionem
1407 819 1440 844 Vl

798 861 827 887 54
852 868 879 887 v.
898 861 913 887 6
933 876 968 880 -
988 861 1047 887 fecit
1065 865 1149 888 artem
1169 861 1231 888 ibid.

851 907 991 932 Emmaus
1010 921 1046 924 —
1064 909 1104 932 est
1122 907 1231 932 latentes
1242 907 1358 933 rationes
1370 907 1441 933 intus

798 953 824 976 et
841 950 973 976 involutas
992 953 1063 976 extra
1092 951 1251 982 depromere
1271 951 1305 977 Vl
1326 952 1358 977 46
1378 959 1406 985 q.
1425 953 1434 978 4

797 1009 833 1013 -—-
850 1002 904 1021 11011
922 997 1008 1027 1101651
1026 995 1077 1021 nisi
1105 995 1150 1028 qui
1179 996 1297 1028 intelligit
1324 995 1386 1022 ibid.
1406 1010 1441 1016 —

797 1039 912 1066 arduum
931 1042 971 1066 est
989 1043 1015 1066 et
1033 1047 1180 1072 paucorum
1199 1039 1262 1067 ibid.

1100 1168 1144 1221 F

848 1306 946 1333 Fxruus
958 1320 994 1326 -
1006 1307 1137 1333 Sententia
1152 1307 1214 1333 fatui
1233 1315 1286 1333 non
1305 1310 1345 1334 est
1361 1310 1440 1334 atten-

795 1351 882 1377 denda
902 1352 935 1377 Vl
954 1350 971 1377 7
990 1358 1017 1384 q.
1036 1352 1051 1377 3
1067 1366 1100 1370 —
1117 1352 1143 1377 ln
1163 1359 1275 1384 persona
1297 1353 1360 1378 fatui
1380 1353 1440 1386 quis

796 1395 868 1429 loqui
881 1398 968 1427 potest
980 1399 1025 1422 aut
1037 1395 1219 1429 approbando,
1233 1399 1278 1422 aut
1294 1396 1440 1429 reproban-

796 1440 831 1466 do
852 1440 866 1465 8
886 1447 912 1473 q.
933 1440 948 1466 3
1176 1446 1180 1448 ’

849 1485 936 1510 ΡΑνο11
954 1499 989 1503 ——
1008 1485 1144 1517 popularis
1159 1485 1315 1518 prohibetur
1334 1486 1361 1511 in
1375 1486 1440 1512 Scri-

796 1531 874 1560 ptura
895 1529 926 1554 Vl
946 1528 993 1554 574
1018 1529 1033 1554 3

849 1573 932 1599 ΡΛνο5
953 1587 986 1592 ——
1000 1573 1140 1600 mellisest
1153 1574 1237 1606 figura
1256 1573 1364 1606 Christi,
1377 1582 1440 1608 qua-

796 1619 872 1643 tenus
890 1620 930 1643 est
948 1618 1018 1643 Deus
1037 1620 1063 1644 et
1084 1618 1245 1650 glorificatus
1265 1620 1307 1645 Vll
1334 1619 1385 1645 600
1405 1620 1439 1645 55

795 1676 831 1680 -
850 1662 933 1688 11161115
952 1662 978 1687 111
992 1669 1052 1688 0610
1064 1663 1195 1695 significat
1209 1663 1335 1689 Deitatem
1352 1664 1378 1689 in
1391 1665 1440 1690 hu-

796 1706 920 1732 manitate
939 1705 1002 1732 ibid.

848 1751 938 1776 Fennis
950 1766 985 1769 —
998 1754 1038 1777 est
1053 1751 1266 1784 concupiscentia
1284 1752 1316 1778 Vl
1330 1753 1376 1778 301
1396 1754 1438 1778 82.

796 1794 848 1820 302
868 1795 901 1820 83
918 1794 974 1829 (82)

849 1840 899 1866 Fet.
913 1836 953 1858 -”
960 1842 999 1866 651
1014 1840 1209 1866 amarissimum
1227 1841 1270 1867 Vll
1286 1840 1337 1866 578
1359 1841 1391 1867 44
1404 1856 1440 1860 ——

796 1884 870 1910 Fellis
897 1885 1047 1910 amaritudo
1079 1885 1209 1917 significat
1236 1886 1448 1912 amaritudinem

796 1928 888 1954 mortis
907 1929 941 1954 Vl
958 1928 1009 1954 580
1028 1928 1045 1954 7

849 1973 963 1999 Fauian:
982 1987 1017 1992 —
1036 1976 1164 2005 reguntur
1177 1980 1191 1999 a
1204 1974 1269 2000 viris
1284 1975 1325 2000 Vll
1341 1974 1391 2000 446
1406 1974 1439 2000 59

798 2031 830 2036 -
853 2018 875 2043 Α
893 2018 988 2043 femina
1001 2021 1041 2043 est
1054 2017 1156 2043 initium
1176 2018 1278 2050 peccati
1294 2018 1326 2052 Vl
1339 2019 1391 2045 510
1405 2020 1438 2044 28

850 2062 1030 2088 stsnnoaes
1047 2076 1083 2080 —
1101 2065 1162 2088 sunt
1185 2069 1357 2095 oppressores
1381 2063 1440 2088 alio-

797 2113 857 2132 rum
877 2109 903 2132 et
921 2106 987 2131 inter
1011 2108 1163 2138 peccatores
1188 2110 1373 2139 computantur
1395 2107 1439 2133 Vll

799 2150 850 2176 457
869 2151 903 2176 80
921 2165 957 2168 -
976 2151 1109 2176 Feneratio
1124 2151 1252 2183 permissa
1267 2151 1315 2177 fuit
1333 2154 1440 2184 propter

797 2195 949 2220 vitationem
969 2195 1076 2220 maioris
1094 2195 1169 2226 mali,
1187 2196 1233 2221 sed
1249 2203 1297 2228 per
1309 2202 1338 2221 se
1354 2196 1440 2228 prohi-

798 2238 851 2264 bita
877 2238 911 2265 ib.
931 2239 959 2264 81
984 2253 1019 2258 —-
1047 2239 1095 2265 Per
1123 2240 1295 2266 feneratorem
1324 2240 1441 2273 intelligi-

798 2290 857 2309 mus
876 2283 1007 2310 Christum
1029 2283 1080 2309 485
1098 2283 1132 2308 72

850 2328 1007 2354 Fanni-:amu
1025 2341 1061 2346 -—
1079 2330 1119 2354 est
1137 2330 1211 2360 pasta
1230 2332 1308 2354 vetus
1326 2329 1353 2354 in
1372 2335 1441 2354 acre-

797 2372 885 2398 dinem
906 2379 997 2404 versa,
1016 2380 1085 2405 quae
1103 2373 1232 2406 reliquam
1252 2380 1367 2399 massam
1386 2380 1442 2399 cor-

797 2416 897 2448 rumpit
915 2416 949 2442 Vl
968 2416 1020 2442 347
1041 2425 1067 2443 v.
1088 2417 1120 2443 43
1136 2431 1169 2436 —
1183 2417 1329 2449 corrumpit
1349 2417 1441 2449 imper-

797 2459 953 2492 ceptibiliter
977 2463 1003 2486 et
1024 2460 1206 2487 universaliter
1231 2461 1274 2486 Vll
1300 2461 1351 2486 310
1372 2462 1387 2487 3
1406 2475 1442 2480 -

797 2507 874 2530 116105
894 2504 1011 2530 consistit
1030 2505 1056 2530 in
1076 2505 1250 2531 fraudulentia
1270 2505 1404 2531 doctrinae
1417 2496 1442 2531 et

798 2548 894 2574 malitia
914 2549 983 2574 vitae
1001 2548 1064 2575 ibid.

851 2608 886 2612 —
907 2593 978 2619 inflat
996 2597 1022 2619 et
1040 2593 1155 2619 inflando
1168 2600 1268 2619 vanum
1288 2594 1347 2619 facit
1367 2594 1442 2619 etsie

799 2638 945 2670 corrumpit
965 2638 1009 2664 Vll
1029 2638 1081 2663 340
1102 2637 1118 2663 4
1131 2651 1166 2657 —
1180 2641 1289 2664 cavetur
1302 2645 1356 2671 per
1374 2638 1443 2663 veri-

799 2685 878 2708 tatem
892 2682 1078 2708 humiliationis
1096 2682 1268 2715 voluntariae,
1282 2683 1443 2715 gloriationis

800 2728 928 2759 internae,
948 2726 1102 2759 signationis
1120 2726 1281 2753 extrinsecae
1300 2726 1361 2753 ibid.

854 2785 889 2789 —
907 2770 987 2796 habet
1006 2771 1134 2803 triplicem
1154 2771 1305 2803 qualitatem
1329 2771 1371 2797 Vll
1391 2771 1443 2797 347

802 2815 850 2846 42,
870 2815 902 2840 43
916 2830 951 2833 -
965 2814 1044 2840 habet
1062 2815 1244 2841 similitudines
1257 2821 1319 2841 cum
1338 2815 1444 2841 caritate

801 2858 865 2885 ibid.
887 2859 938 2885 349
959 2858 992 2884 47
1008 2872 1043 2878 --
1062 2858 1192 2890 significat
1210 2858 1376 2885 dilectionem
1397 2859 1443 2885 Dei

802 2903 853 2930 348
874 2903 907 2929 44
927 2917 961 2922 --
983 2906 1085 2935 pastam
1112 2903 1229 2929 calefacit
1253 2906 1279 2929 et
1309 2903 1442 2936 quendam

802 2948 934 2973 fervorem
954 2947 1054 2973 inducit
1072 2947 1148 2980 quasi
1167 2946 1201 2973 ab
1220 2948 1322 2973 occulto
1340 2950 1366 2973 et
1379 2948 1442 2973 inte-

801 2992 863 3019 riori
882 2992 933 3018 347
955 2992 987 3018 43

855 3051 889 3055 -
908 3037 956 3062 Ρ61
981 3038 1138 3062 fermentum
1157 3036 1298 3069 aliquando
1324 3035 1443 3068 intelligi-

803 3083 845 3107 tur
864 3079 998 3113 corruptio
1016 3081 1089 3113 pacis
1108 3083 1133 3106 et
1152 3080 1257 3106 unitatis
1277 3081 1318 3106 Vll
1338 3080 1389 3106 347
1409 3080 1442 3106 43

855 3126 957 3152 Ft-iwon
975 3139 1011 3145 -—
1031 3125 1227 3157 Properandum
1244 3131 1291 3157 per
1312 3126 1442 3150 fervorem

802 3170 983 3196 aemulationis
1001 3170 1035 3196 Vl
1055 3169 1107 3196 544
1121 3170 1136 3195 2

856 3215 982 3240 Fssrivuu
999 3227 1036 3233 -—
1053 3214 1186 3246 Tempore
1204 3213 1296 3239 festivo
1316 3213 1444 3239 Dominus

803 3257 929 3284 beneficia
948 3258 1084 3285 consuevit
1103 3257 1256 3290 impendere
1274 3257 1318 3284 Vll
1338 3258 1390 3283 303
1410 3258 1425 3283 3

856 3303 969 3328 Fas-roca
998 3317 1033 3321 —
1061 3303 1109 3328 Per
1137 3303 1263 3328 festucam
1292 3301 1445 3333 designatur

805 3347 863 3372 leve
881 3349 1019 3379 peccatum
1040 3347 1082 3373 Vll
1103 3347 1148 3372 461
1175 3346 1207 3371 96

2057 204 2120 237 749

1771 247 1823 272 rio

1536 290 1704 316 Expost'som-:s
1713 304 1748 309 —
1758 291 1886 316 contraria
1897 292 1992 317 sentire
2004 296 2122 324 possunt,

1482 333 1594 358 maxime
1604 334 1629 358 in
1640 334 1791 360 nominibus
1803 342 1974 366 personarum
1988 336 2078 361 v1397
2089 337 2120 361 46

1535 378 1697 403 Εκ51>εετΛιιε
1710 392 1745 397 -
1758 380 1868 411 pertinet
1888 380 1919 405 ad
1935 381 2063 412 populum
2079 381 2122 406 Vll

1482 420 1515 445 49
1535 421 1568 446 33

1534 466 1657 491 Εκτεκειο
1676 481 1709 484 -
1730 467 1853 493 materiae
1873 468 1900 493 nt
1932 475 1978 500 pcr
1997 469 2120 494 virtutem

1480 509 1581 540 agentis
1599 511 1724 535 naturalis
1744 511 1775 536 Vl
1795 511 1847 536 322
1867 512 1900 537 20

1533 554 1680 580 Εκτοιιεηε
1699 569 1734 573 —
1753 562 1781 580 se
1801 556 1901 587 grande
1920 557 2017 582 malum
2038 561 2076 583 est
2094 561 2120 583 ct

1479 598 1641 623 horrendum
1662 599 1808 630 periculum
1829 600 1871 625 Vll
1891 600 1943 625 364
1962 602 1995 626 20

1532 642 1654 667 Exrnem
1666 656 1699 662 —
1712 644 1835 669 uniuntur
1846 644 1870 669 in
1882 645 1968 670 medio
1980 646 2011 670 Vl
2023 646 2073 670 259
2085 646 2118 671 50

1533 686 1674 712 Emi-nto
1692 701 1727 706 —-
1745 689 1912 714 exultandum
1927 690 2003 714 estin
2022 690 2119 721 gaudio

1478 730 1604 761 spirituali
1626 731 1668 756 Vll
1688 732 1739 757 264
1760 732 1793 757 36

1532 775 1654 801 Ezecums
1672 789 1707 794 —
1726 776 1880 802 ambulabat
1899 783 1987 803 coram
2009 778 2119 804 Domino

1479 818 1506 843 in
1524 819 1634 844 veritate
1653 823 1679 845 et
1707 820 1788 846 corde
1812 821 1927 852 perfecto
1948 822 1990 847 Vll
2013 822 2039 847 41
2066 822 2116 847 434

1478 876 1514 882 -
1532 863 1660 889 Dominus
1679 864 1802 896 precibus
1830 866 1953 891 Ezechiae
1981 867 2119 892 consilium

1479 908 1592 933 mutavit
1612 909 1643 933 Vl
1664 909 1693 933 64
1717 916 1742 942 q.
1763 909 1778 934 3
1798 924 1832 927 —
1852 914 1890 935 est
1914 910 1998 942 ssgura
2024 910 2119 936 Christi

1480 953 1521 978 Vll
1541 952 1592 978 596
1613 952 1647 978 34

1532 998 1654 1023 1321101010,
1673 1011 1709 1017 -
1727 998 1810 1023 sactus
1828 1001 1867 1024 est
1895 1001 1984 1024 mutus
2012 1003 2119 1032 propter

1478 1042 1687 1068 incredulitatem
1706 1042 1818 1068 alienam
1839 1043 1881 1068 Vll
1903 1043 1934 1067 48
1955 1044 1987 1068 32

1530 1309 1590 1334 FtAT
1608 1322 1644 1327 —
1662 1312 1701 1334 est
1719 1309 1825 1340 signum
1844 1309 1981 1341 desiderii,
2001 1309 2119 1335 assertio-

1476 1352 1516 1378 nis
1534 1355 1560 1378 et
1577 1352 1720 1378 affectionis
1733 1353 1776 1378 Vll
1798 1353 1831 1378 26
1851 1353 1883 1378 69
1904 1368 1939 1371 -
1958 1357 2043 1385 potest
2062 1360 2119 1379 esse

1476 1396 1589 1422 verbum
1609 1397 1828 1423 deslderatorium
1848 1404 1879 1423 ex
1898 1397 2016 1428 caritate,
2037 1402 2120 1423 orato-

1475 1441 1544 1467 rium
1564 1448 1594 1467 ex
1617 1442 1764 1467 humilitate
1783 1445 1808 1467 et
1829 1442 1997 1468 assertorium
2018 1450 2048 1468 ex
2067 1449 2120 1468 cre·

1475 1485 1583 1511 dulitatc
1601 1485 1664 1512 ibid.

1529 1543 1565 1548 —
1584 1530 1684 1555 dictum
1711 1537 1725 1555 a
1750 1530 1828 1556 Beata
1848 1530 1970 1562 Virgine,
1997 1531 2043 1556 fuit
2069 1538 2119 1556 vox

1476 1573 1625 1600 dulcissima
1636 1574 1795 1606 hominibus,
1806 1575 1910 1607 Angelis
1920 1577 1945 1600 et
1956 1575 2005 1607 ipsi
2016 1575 2119 1607 Sponso

1477 1619 1519 1644 Vll
1539 1619 1572 1644 26
1592 1619 1625 1644 69

1529 1663 1613 1689 FicTto
1633 1678 1667 1683 —-
1685 1666 1725 1689 est
1742 1664 1862 1689 simulata
1883 1664 2001 1697 aequitas
2020 1665 2051 1689 Vl
2067 1664 2118 1689 435

1477 1715 1504 1733 v.
1526 1708 1553 1732 44
1578 1722 1613 1725 -
1632 1708 1744 1733 excludit
1762 1708 1986 1740 perseverantiam
2007 1709 2057 1734 329
2084 1709 2117 1734 62

1477 1765 1511 1770 -—
1531 1752 1643 1784 Spiritus
1661 1755 1766 1778 sanctus
1785 1752 1851 1784 sugit
1869 1752 1959 1778 fictum
1981 1752 2030 1778 454
2044 1760 2070 1778 v.
2085 1754 2117 1781 43

1529 1797 1603 1822 Ficus
1622 1810 1656 1814 —
1676 1797 1723 1822 Per
1737 1797 1815 1823 ficum
1829 1797 1933 1822 dulcem
1950 1797 2118 1829 spiritualiter

1476 1841 1626 1873 intelligitur
1645 1841 1757 1867 dulcedo
1771 1841 1874 1873 pietatis
1889 1841 1933 1867 Vll
1948 1842 1997 1867 463
2020 1841 2070 1867 402
2083 1855 2119 1860 -

1476 1885 1598 1911 Ficulnea
1612 1885 1772 1911 infructuosa
1785 1886 1905 1918 designat
1915 1886 2039 1917 animam,
2050 1893 2119 1919 quae

1476 1930 1586 1962 negligit
1604 1930 1792 1962 poenitentiam
1812 1930 1864 1955 339
1882 1931 1925 1961 tt,
1947 1931 1978 1955 42
1997 1944 2032 1949 -
2051 1930 2118 1956 foliis

1477 1975 1554 2006 plena
1578 1975 1700 2007 designat
1718 1975 1852 2000 hominem
1874 1974 1964 2001 verbis
1983 1974 2119 2000 abundan-

1478 2022 1532 2045 tem
1541 2019 1575 2044 ad
1585 2019 1779 2045 excusassonem
1791 2026 1866 2045 suam
1878 2018 1910 2045 ib.
1924 2020 1933 2045 4
1945 2020 1966 2045 l.
1977 2019 2028 2045 340
2041 2020 2073 2045 47
2084 2033 2119 2038 —-

1477 2063 1524 2088 Per
1548 2063 1684 2088 ficulneam
1711 2063 1901 2089 infructuosam
1926 2064 2065 2095 allegorice
2084 2064 2120 2089 in-

1476 2107 1600 2139 telligitur
1625 2114 1761 2139 synagoga
1781 2107 1833 2133 340
1860 2108 1892 2133 46
1911 2122 1946 2127 -
1966 2108 2014 2133 Ρ61
2039 2108 2118 2133 sicum

1477 2151 1665 2177 infructuosam
1684 2152 1843 2183 negligentia
1866 2153 1979 2177 humana
2000 2153 2119 2183 arguitur

1477 2195 1561 2222 tribus
1580 2196 1614 2222 de
1638 2196 1725 2222 causis
1744 2195 1777 2222 ib.
1803 2196 1835 2221 47
1855 2210 1890 2215 -
1909 2196 2039 2228 significat
2057 2203 2119 2222 con—

1477 2240 1644 2266 suetudinem
1663 2241 1790 2272 peccandi
1816 2241 1849 2266 Vl
1870 2241 1920 2266 297
1944 2241 1977 2265 95
1995 2253 2031 2259 -
2050 2241 2117 2265 fatua

1477 2288 1517 2311 est
1535 2292 1690 2317 sycomorus
1710 2285 1752 2310 Vll
1773 2284 1824 2310 474
1843 2284 1858 2309 7

1536 2329 1642 2354 Flostes
1669 2342 1704 2348 —
1732 2329 1817 2354 solum
1843 2331 2006 2360 cognoscunt
2035 2328 2117 2353 Deum

1477 2373 1627 2405 cognitione
1655 2372 1818 2398 certitudinis
1846 2375 1871 2398 et
1898 2372 2053 2404 aenigmatis
2086 2372 2118 2397 vt

1480 2418 1530 2443 457
1550 2418 1564 2442 8
1592 2416 1621 2442 2*
1639 2430 1674 2436 -—
1694 2423 1744 2442 non
1770 2419 1855 2448 potest
1879 2423 1937 2442 esse
1962 2416 1987 2441 in
2008 2423 2116 2442 assensu

1478 2461 1527 2487 nisi
1546 2468 1594 2493 per
1613 2461 1816 2493 captivationem
1836 2461 1979 2486 intellectus
2003 2460 2046 2486 vu
2067 2460 2082 2486 4
2102 2461 2117 2485 8

1477 2520 1513 2525 —
1532 2512 1580 2538 per
1598 2505 1713 2531 rationes
1736 2505 1922 2537 congruentiae
1945 2505 2018 2538 quod
2036 2505 2119 2531 credit

1479 2550 1597 2582 intelligit
1616 2550 1647 2575 Vt
1669 2549 1720 2575 243
1743 2550 1774 2574 40

1531 2608 1567 2613 ——
1579 2594 1707 2620 Fidelium
1720 2597 1758 2620 est
1772 2594 1868 2620 divinis
1881 2593 1971 2620 verbis
1983 2594 2119 2620 intendere

1481 2639 1523 2665 Vll
1553 2638 1604 2664 257
1632 2639 1665 2664 45
1684 2638 1917 2664 —testimonium
1946 2637 2038 2664 Christi
2067 2642 2120 2663 tan-

1479 2690 1560 2716 quam
1579 2683 1693 2714 sigillum
1707 2683 1733 2708 in
1747 2682 1826 2708 corde
1846 2683 2058 2708 certitudinaliter
2072 2683 2119 2708 im-

1480 2728 1597 2760 primunt
1611 2727 1645 2752 Vl
1659 2727 1709 2752 288
1721 2727 1754 2752 56
1765 2741 1799 2745 »-
1811 2727 1962 2752 161101011101
1976 2727 2026 2752 328
2041 2727 2074 2752 57
2084 2740 2119 2745 -

1479 2775 1540 2801 sunt
1558 2771 1601 2797 sslii
1615 2771 1661 2797 Dei
1682 2771 1731 2796 468
1752 2778 1778 2797 ν.
1797 2771 1824 2797 7.
1845 2771 1894 2796 489
1914 2778 1940 2795 v.
1962 2771 2003 2802 49,
2023 2771 2051 2796 24
2076 2771 2119 2796 Vll

1480 2816 1531 2841 513
1551 2815 1585 2840 37
1604 2829 1639 2834 -
1657 2818 1853 2847 congregantur
1872 2815 1897 2840 in
1913 2815 2038 2840 unitatem
2058 2815 2119 2841 fidei

1480 2860 1511 2885 Vl
1534 2859 1584 2885 474
1609 2860 1642 2885 38
1662 2873 1697 2877 -
1714 2866 1807 2885 01111165
1825 2859 1897 2885 electi
1922 2862 1983 2885 sunt
2005 2859 2039 2885 ad
2064 2866 2120 2891 gra-

1480 2904 1541 2929 tiam
1561 2903 1613 2929 605
1632 2910 1659 2928 v.
1674 2903 1705 2929 46
1725 2918 1761 2922 —
1779 2903 1905 2935 Spiritum
1925 2907 2044 2929 sanctum
2058 2910 2119 2935 pos-

1479 2950 1540 2974 sunt
1569 2947 1688 2979 recipere
1717 2947 1762 2973 444
1797 2948 1830 2973 26
1854 2961 1890 2967 -
1914 2950 1975 2973 sunt
2001 2947 2120 2973 membra

1479 2992 1572 3018 Christi
1594 2991 1643 3016 408
1663 2991 1697 3016 72
1717 3006 1751 3010 —
1771 2992 1806 3017 Ex
1825 2992 1899 3024 puris
1923 2991 2043 3017 fidelibus
2062 2999 2121 3017 con·

1480 3037 1565 3062 ficitur
1584 3042 1681 3068 corpus
1700 3035 1793 3062 Christi
1814 3036 1954 3068 mysticum
1976 3036 2025 3062 449
2047 3035 2080 3061 44

1533 3094 1569 3099 -
1587 3079 1685 3106 debent
1698 3087 1805 3105 manere
1821 3081 1845 3105 in
1860 3080 1976 3111 Christo,
1989 3080 2055 3106 sicut
2068 3081 2120 3112 pal·

1481 3131 1537 3150 mes
1556 3126 1645 3149 manet
1663 3124 1688 3149 in
1714 3124 1767 3149 vite
1786 3124 1819 3150 Vl
1844 3124 1894 3149 446
1915 3124 1930 3149 3
1950 3138 1983 3142 -
2003 3123 2120 3150 Christus

1481 3171 1568 3194 manet
1586 3168 1611 3194 in
1626 3167 1760 3199 fidelibus,
1773 3171 1799 3193 et
1817 3168 1907 3194 fideles
1920 3169 1946 3193 in
1959 3167 2059 3194 Christo
2072 3175 2120 3200 per

1481 3212 1591 3245 gratiam
1621 3212 1667 3238 444
1701 3213 1734 3238 29
1761 3225 1797 3232 -
1824 3213 1941 3238 volentes
1966 3212 2120 3238 fructificare

1481 3263 1588 3283 manere
1607 3255 1704 3282 debent
1722 3257 1748 3282 in
1768 3255 1870 3283 Christo
1892 3257 1941 3282 447
1962 3256 1978 3281 5

1534 3315 1569 3321 -
1588 3307 1602 3326 a
1625 3300 1727 3327 Christo
1753 3301 1866 3333 separati
1892 3301 2026 3326 mittentur
2052 3301 2121 3326 foras

1482 3349 1510 3372 ut
1529 3346 1628 3378 palmes
1647 3345 1681 3371 Vl
1701 3344 1751 3371 447
1771 3345 1787 3371 7
1807 3359 1838 3364 —
1860 3352 1874 3370 11
1888 3344 1989 3371 Christo
2008 3345 2122 3377 separati
