2427 3872
306 254 372 287 728

600 296 652 323 cnr

305 341 452 374 amputatio
471 342 667 373 superfluorum
686 347 735 372 per
763 342 946 372 paupertatem

306 386 350 411 vel
368 392 416 418 per
439 386 619 416 eleemosynas
637 385 679 410 vel
698 391 746 417 per
767 383 948 410 sollicitudinis

307 429 480 456 abiectionem
499 429 533 456 ib.
546 430 563 455 7
576 444 611 448 —
624 428 790 455 Christianus
803 428 882 454 dehet
895 435 947 454 cre<

306 481 380 500 scere
400 475 426 499 in
454 474 550 506 gratia,
569 474 595 499 in
615 474 722 500 scientia
748 474 810 505 Dei,
829 473 855 498 in
880 473 947 505 vita,

306 519 370 544 alios
389 518 575 550 illuminando,
594 521 620 544 et
639 518 747 544 insama
760 518 802 547 vel
816 518 841 542 in
861 517 948 549 cogni-

306 563 376 589 tione
395 563 526 595 veritatis,
545 563 573 588 in
591 569 683 588 amore
696 561 828 594 bonitatis,
847 562 875 587 in
887 569 948 594 ope·

306 608 409 633 ratione
435 608 539 633 virtutis
566 610 592 633 et
621 607 648 633 in
676 606 819 633 constantia
843 606 948 632 virtutis

307 651 360 678 554
380 653 405 684 8,
424 652 440 677 9

360 695 468 722 ciuium
487 696 560 721 —in
576 694 720 721 maioribus
733 695 900 727 conspectius
912 694 948 720 vi-

306 740 402 767 dentur
420 741 454 766 vt
473 740 524 766 596
545 740 560 765 6

361 784 519 811 CRUDELlTAS
536 798 572 803 —
590 791 687 816 magna
706 786 746 810 est
763 784 880 816 affligere
908 790 948 809 ae·

307 833 398 862 grotos
417 829 459 855 Vll
480 829 530 855 427
551 829 566 854 6

360 873 448 900 Canna
462 874 535 899 —in
554 874 597 899 illo
616 873 673 899 loco
693 873 817 899 dicuntur
835 873 886 898 viri
901 874 948 898 for-

306 918 400 944 tissimi
419 918 452 944 Vl
471 918 504 943 93
524 925 549 943 v.
570 918 585 943 3
598 931 634 936 -
647 920 752 949 portant
770 917 875 949 pondus
894 924 948 943 cor-

307 963 381 995 poris
399 961 463 989 ibid

361 1006 432 1033 Cnux
450 1020 486 1025 ·-
497 1006 611 1038 Lignum
624 1012 702 1031 arcae
714 1004 880 1037 significabat
892 1012 948 1031 cru-

307 1058 366 1077 cem
385 1051 419 1085 Yl
440 1051 490 1076 472
509 1057 535 1075 v.
556 1049 580 1075 4.
601 1050 652 1074 497
666 1057 694 1075 v.
713 1049 730 1074 7
743 1063 779 1068 —-
792 1052 830 1074 est
843 1052 947 1080 statera,

306 1095 334 1121 in
352 1102 404 1128 que
423 1094 540 1120 Christus
559 1093 686 1126 appendit
704 1100 732 1119 se
750 1093 839 1125 ipsum
859 1092 911 1118 567
931 1093 947 1118 5

306 1152 341 1158 -
366 1142 405 1165 est
432 1141 511 1170 typus
539 1137 708 1163 monarchiae
734 1137 877 1169 singularis
905 1137 946 1162 Vll

306 1183 358 1208 -103
379 1183 412 1208 59
432 1196 467 1201 -
485 1182 576 1209 Crucis
601 1181 738 1207 cacumina
756 1182 843 1207 caelos
861 1184 949 1207 osten-

307 1228 380 1258 dunt,
399 1227 452 1252 ima
465 1230 558 1259 petunt
571 1227 675 1257 inferos,
690 1232 788 1251 cornua
803 1228 899 1251 terram
913 1230 948 1252 te-

305 1275 372 1304 gunt
390 1270 452 1297 ibid.

360 1329 395 1335 --
414 1315 528 1341 Gentiles
546 1314 703 1341 occidebant
716 1318 802 1340 morte
814 1315 900 1340 crucis
912 1315 947 1340 vt

307 1359 359 1386 487
379 1360 412 1385 56
424 1374 461 1378 -
473 1360 542 1386 Mors
555 1359 641 1385 crucis
654 1362 709 1385 erat
728 1359 880 1391 turpissima
895 1359 946 1385 424

305 1405 396 1432 ν.,49.
415 1405 465 1430 618
489 1405 496 1429 1
520 1418 556 1423 -
574 1405 643 1430 Mors
656 1404 742 1430 crucis
754 1404 880 1430 vilissima
895 1404 945 1430 420

304 1449 350 1475 47,
372 1448 423 1474 495
443 1449 486 1474 26,
507 1449 557 1474 496
578 1449 611 1474 30
630 1462 666 1468 -
685 1452 724 1474 ost
743 1447 947 1480 contemptibilis

305 1492 469 1524 infidelibus,
489 1492 611 1518 fidelibus
635 1492 794 1518 venerabilis
815 1493 864 1518 172
884 1500 911 1518 v.
931 1492 947 1518 4

303 1552 341 1556 —
368 1541 428 1569 post
452 1537 602 1569 passionem
631 1537 725 1563 Christi
753 1541 793 1563 est
820 1537 947 1563 victoriae

305 1585 444 1614 tropaeum
472 1585 497 1607 et
525 1582 607 1614 gloria
626 1581 756 1607 Ecclesiae
776 1581 827 1607 424
855 1589 893 1618 ν..
912 1582 945 1607 49

303 1641 340 1645 --
359 1627 427 1652 Mors
446 1627 530 1652 crucis
542 1629 602 1652 ante
615 1625 747 1652 Christum
759 1626 946 1659 vilipendenda

305 1674 375 1702 erat,
395 1671 441 1697 sed
460 1671 632 1703 postmodum
651 1671 766 1703 gloriosa
785 1671 837 1696 527
858 1670 890 1697 43
910 1685 946 1689 —

304 1715 435 1747 significat
453 1718 609 1747 potestatem
628 1715 723 1741 Christi
741 1715 794 1741 495
814 1716 846 1740 29

357 1773 393 1779 ——
412 1759 502 1786 Crucis
520 1760 605 1785 virtus
632 1763 734 1792 petram
763 1760 891 1785 convertit
919 1760 946 1785 in

305 1811 402 1837 aquam
422 1805 466 1830 Vll
487 1804 538 1829 495
558 1804 591 1829 62
610 1817 646 1823 -
664 1804 751 1830 Virtus
764 1804 850 1830 crucis
863 1806 947 1830 aufert

305 1849 430 1875 duritiam
455 1849 543 1875 cordis
566 1847 627 1874 ibid.
656 1863 691 1867 —
720 1849 830 1874 Stultitia
859 1849 946 1875 crucis

305 1894 389 1919 salvat
408 1893 545 1919 credentes
559 1894 592 1919 vt
612 1893 663 1919 495
677 1894 710 1919 26
723 1907 759 1913 -
771 1894 820 1919 Per
839 1900 945 1919 crucem

304 1939 372 1964 facta
391 1941 430 1964 est
448 1938 558 1969 iustitia,
571 1938 735 1964 destructum
747 1941 787 1964 est
799 1943 946 1970 peccatum,

305 1981 426 2008 diabolus
444 1982 543 2013 victus,
562 1983 643 2007 homo
662 1983 853 2012 reconciliatus,
872 1983 947 2008 infer-

304 2034 355 2052 nus
381 2027 517 2059 spoliatus,
541 2027 644 2052 caelum
666 2030 803 2059 apertum,
827 2026 946 2053 Christus

304 2071 430 2097 exaltatus
450 2071 501 2096 498
521 2078 546 2096 v.
559 2071 577 2096 7
589 2084 625 2090 —-
637 2070 728 2097 Crucis
740 2071 838 2096 virtute
850 2074 875 2096 et
887 2071 947 2096 imi-

301 2116 400 2141 tatione
428 2115 548 2141 homines
575 2116 710 2141 salvantur
733 2115 761 2141 in
779 2116 846 2141 mari
866 2115 945 2141 huius

301 2160 394 2185 mundi
413 2163 439 2185 et
457 2160 617 2192 pervenIunt
635 2160 669 2186 ad
682 2163 790 2192 portum
803 2160 892 2185 salutis
904 2167 945 2185 ae-

300 2207 392 2230 ternae
411 2204 461 2229 497
490 2212 516 2230 r.
537 2204 553 2229 5
580 2217 616 2223 -
640 2204 735 2231 Christi
759 2205 943 2230 renovativam

300 2248 381 2274 habet
399 2252 520 2274 naturam
539 2248 582 2274 Vll
603 2249 654 2274 228
676 2249 709 2274 38

355 2306 392 2312 -
409 2293 522 2324 Lignum
543 2293 628 2318 crucis
641 2293 777 2318 inventum
791 2300 850 2319 esse
862 2293 889 2319 in
903 2294 944 2326 pi-

300 2337 373 2363 scina
396 2336 546 2369 probatica,
564 2344 618 2362 non
637 2336 764 2369 probatur
783 2338 817 2363 Vt
838 2338 889 2363 305
909 2338 943 2363 45

356 2395 390 2399 -
408 2384 510 2413 portata
530 2381 578 2406 fuit
596 2388 611 2406 a
623 2381 726 2407 Christo
738 2382 806 2407 sicut
817 2383 942 2408 vexillum

301 2428 327 2451 et
345 2425 450 2457 signum
470 2426 559 2457 regale
578 2426 621 2451 Vll
642 2425 693 2451 376
714 2426 748 2452 55
766 2439 802 2445 —
827 2427 944 2452 volunta-

301 2470 341 2495 rie
359 2477 374 2495 a
392 2469 494 2496 Christo
522 2474 644 2502 suscepta
669 2474 694 2496 et
715 2471 863 2496 voluntarie
882 2478 943 2503 por-

301 2514 380 2540 tanda
399 2518 438 2540 est
457 2521 473 2539 a
490 2513 566 2540 nobis
586 2514 646 2540 ibid.
665 2529 700 2533 ——
719 2515 759 2540 Ad
785 2516 941 2547 portandam

302 2565 408 2584 crucem
437 2565 486 2584 nos
515 2558 605 2584 invitat
622 2558 748 2591 Christus,
769 2560 814 2592 qui
840 2561 942 2592 primus

301 2609 361 2628 eam
390 2603 504 2634 portavit
531 2601 593 2628 ibid.
624 2618 659 2621 —
687 2604 773 2635 primo
797 2608 900 2635 portata
927 2612 941 2630 a

301 2645 404 2672 Christo
412 2667 418 2678 ‚
432 2651 521 2678 postea
533 2647 593 2672 data
604 2647 704 2673 Simoni
717 2649 846 2680 portanda
858 2656 943 2682 usque

302 2690 338 2716 ad
356 2691 444 2716 locum
464 2691 495 2716 Vl
516 2691 566 2716 498
588 2690 621 2716 40

355 2749 391 2752 —
409 2734 503 2760 Christi
522 2738 608 2766 potest
627 2735 678 2761 dici
698 2735 823 2767 exiguum
842 2736 942 2767 iignum

301 2782 412 2810 propter
439 2779 496 2804 eius
524 2779 698 2805 abiectionem
719 2783 744 2805 et
763 2780 889 2805 vilitatem
909 2780 942 2806 Vl

304 2823 355 2848 497
374 2830 402 2849 v.
424 2824 440 2849 5
459 2837 495 2841 —
514 2824 540 2848 ln
553 2830 632 2849 cruce
645 2823 738 2849 Christi
753 2824 943 2850 consideranda

300 2871 363 2893 sunt
382 2868 467 2893 crucis
487 2868 632 2899 humilitas,
651 2868 785 2894 veneratio
811 2872 836 2894 et
859 2869 944 2900 digni-

303 2915 356 2944 tas,
376 2913 528 2944 necessitas,
549 2913 633 2938 virtus
650 2916 676 2938 et
694 2913 791 2938 utilitas
809 2912 872 2939 ibid.

356 2971 390 2975 —
409 2956 526 2988 Corpora
545 2957 730 2982 crucifixorum
749 2958 862 2983 tollenda
883 2961 943 2984 ante

303 3000 448 3026 Sabbatum
462 3001 495 3025 Vl
510 3002 561 3027 500
575 3001 608 3027 49
621 3015 658 3020 -
669 3001 860 3028 Cruciflxorum
874 3003 944 3028 fran-

301 3045 433 3077 gebantur
464 3052 540 3071 crura
553 3066 559 3078 ‚
591 3049 619 3071 ut
650 3047 840 3072 acceleraretur
871 3054 943 3072 mors

301 3088 364 3116 ibid
384 3090 413 3114 51

355 3147 391 3153 -
416 3135 502 3160 carnis
520 3139 560 3160 est
583 3135 655 3166 rigor
673 3135 842 3167 disciplinae,
867 3136 943 3162 cuius

301 3177 407 3204 brachia
427 3183 489 3204 sunt
507 3180 608 3211 vig-ilia,
628 3179 796 3212 abstinentia,
816 3180 943 3212 asperitas

300 3216 415 3248 &estium
441 3227 466 3249 et
493 3223 630 3255 disciplina
659 3223 803 3250 verberum
829 3225 869 3250 Vll
890 3225 941 3250 576

302 3267 335 3292 40
354 3281 390 3285 —-
409 3274 461 3300 qua
485 3268 603 3294 mundus
621 3269 792 3300 crucifigitur,
818 3273 858 3295 aet
880 3276 943 3301 pau·

302 3315 390 3343 pertas
408 3312 530 3344 spIritus,
544 3313 619 3338 cuius
633 3313 739 3339 brachia
752 3316 813 3339 sunt
826 3317 942 3339 contem-

299 3359 363 3387 ptus
382 3356 494 3388 gloriae,
514 3357 652 3389 pecuniae,
681 3358 782 3389 patriae
807 3361 833 3383 et
849 3365 942 3390 paren-

299 3401 368 3425 telae
389 3399 450 3426 ibid.
462 3414 498 3420 —
511 3401 618 3433 spiritus
631 3405 670 3427 est
683 3403 770 3428 fervor
783 3402 942 3433 devotionis,

1173 251 1289 283 INDEX
1313 250 1442 284 RERUM

985 339 1060 365 cuius
1079 338 1186 365 brachia
1205 342 1267 365 sunt
1284 345 1346 371 spes
1364 342 1390 364 et
1402 345 1490 370 amor,
1509 338 1588 364 timor
1601 341 1627 364 et

984 384 1060 410 dolor
1077 383 1140 410 ibid.

1038 441 1073 446 —
1092 428 1210 460 Quatuor
1229 434 1329 453 cornua
1354 427 1441 453 crucis
1463 427 1627 453 'adornantur

984 472 1098 504 gemmis
1116 476 1231 505 quatuor
1250 472 1376 498 virtutum
1396 471 1442 497 Vll
1461 471 1513 497 578
1539 471 1573 497 45
1590 483 1627 489 -

985 516 1011 541 ln
1042 522 1121 542 cruce
1155 519 1194 542 est
1225 516 1418 542 consummatio
1450 515 1625 547 discipulatus

984 559 1078 587 Christi
1098 560 1149 586 376
1176 560 1210 586 54
1228 573 1264 579 -
1289 563 1328 586 est
1346 567 1452 585 summa
1481 559 1625 589 humilitas,

984 608 1127 637 paupertas
1155 607 1180 630 et
1209 604 1346 630 austeritas
1372 602 1435 629 ibid.
1459 616 1495 622 —
1514 602 1625 629 Crucem

984 649 1102 675 baiulare
1120 652 1159 674 est
1187 649 1360 674 humilitatem
1380 648 1405 673 in
1425 647 1520 678 corde,
1543 650 1626 673 auste-

984 694 1087 719 ritatem
1106 693 1131 718 in
1160 700 1239 718 carne
1267 696 1293 718 et
1320 695 1504 724 paupertatem
1524 691 1549 717 in
1569 698 1626 724 pas-

984 738 1058 763 sione
1076 744 1211 763 assumere
1230 736 1264 763 ib.
1284 736 1317 762 55
1330 751 1366 755 —
1379 735 1490 762 Crucem
1509 735 1627 761 baiulare

984 782 1128 814 opponitur
1147 781 1242 813 triplici
1260 780 1490 813 concupiscentiae
1507 783 1534 806 et
1552 787 1627 806 excu-

984 826 1077 852 sationi
1095 825 1157 852 ibid.

1039 884 1074 895 —
1092 870 1201 896 Difficile
1226 872 1265 895 est
1289 871 1357 895 ferre
1385 876 1491 895 crucem
1510 869 1555 895 Vll
1574 869 1625 894 228

985 915 1020 941 37
1038 929 1074 932 -
1093 914 1200 940 ferenda
1219 918 1259 940 est
1277 913 1396 946 quotidie
1414 920 1462 945 per
1474 913 1625 939 continuam

985 959 1163 984 austeritatem
1176 959 1210 984 ad
1222 958 1389 991 sequendum
1404 957 1537 984 Christum
1551 956 1623 989 ibid„

985 1003 1018 1028 38
1032 1016 1068 1022 -
1079 1003 1174 1028 Gentes
1193 1005 1298 1034 portant
1315 1009 1436 1034 crucem,
1455 1008 1517 1027 cum
1549 1008 1628 1039 paga-

984 1047 1025 1072 nis
1036 1046 1131 1072 ritibus
1143 1046 1238 1072 relictis
1246 1066 1252 1078 ,
1265 1045 1419 1072 obedienter
1431 1046 1626 1077 amplectuntur

984 1091 1097 1123 vestigia
1115 1090 1265 1116 dominicae
1283 1090 1413 1122 passionis
1431 1090 1484 1115 572
1503 1090 1538 1115 30

1037 1149 1073 1153 --
1092 1137 1211 1167 portatur
1236 1133 1270 1160 ab
1299 1134 1445 1166 hypocritis
1473 1140 1522 1165 pro
1548 1133 1627 1159 laude

984 1181 1112 1211 humana,
1126 1185 1178 1204 non
1191 1179 1286 1204 timore
1304 1178 1351 1204 Dei
1369 1179 1412 1204 vel
1425 1178 1565 1204 dilectione
1582 1177 1626 1203 Vll

984 1223 1036 1250 572
1071 1223 1104 1248 30
1132 1237 1169 1241 ——-
1195 1222 1231 1248 ab
1264 1222 1386 1248 acidiosis
1413 1225 1534 1254 portatur
1564 1228 1625 1248 eum

984 1274 1130 1299 murmure,
1148 1274 1234 1300 poena
1253 1270 1279 1293 et
1296 1267 1421 1292 violentia
1438 1265 1500 1293 ibid.
1518 1280 1555 1286 —
1568 1273 1627 1298 por-

984 1312 1062 1338 tanda
1087 1315 1135 1343 est,
1153 1312 1222 1338 sicut
1248 1312 1367 1337 Salvator
1395 1318 1471 1337 suam
1496 1311 1625 1343 portavit,

983 1364 1037 1383 non
1055 1357 1122 1382 sicut
1141 1356 1291 1388 Cyrenaeus
1309 1356 1421 1381 alienam
1440 1354 1502 1382 ibid.

1036 1415 1071 1420 —-
1099 1401 1150 1433 Qui
1178 1401 1366 1432 contempserit
1392 1407 1498 1426 crucem
1530 1399 1625 1426 Christi

984 1450 1109 1479 tanquam
1118 1445 1333 1477 ignominiosam,
1344 1446 1414 1470 hunc
1424 1444 1624 1471 erubescentem

984 1491 1061 1517 faciet
1077 1491 1157 1516 Filius
1174 1490 1289 1516 hominis
1317 1489 1343 1515 in
1368 1489 1439 1515 finali
1463 1489 1561 1515 iudicio
1582 1489 1624 1515 Vll

984 1536 1035 1561 229
1056 1535 1084 1561 41
1108 1549 1144 1555 -
1163 1535 1212 1568 Qui
1225 1534 1320 1561 Christi
1335 1541 1441 1560 crucem
1455 1536 1626 1560 contemnunt

983 1579 1107 1613 peribunt
1124 1586 1186 1605 cum
1205 1579 1319 1612 peccatis
1338 1579 1393 1604 suis
1411 1579 1463 1604 338
1484 1579 1500 1604 9

1036 1638 1073 1643 —
1097 1623 1305 1650 circumferenda
1333 1626 1373 1650 est
1399 1626 1428 1649 ut
1455 1630 1553 1649 corona
1581 1623 1624 1648 Vll

983 1669 1034 1695 376
1053 1669 1087 1694 55
1100 1683 1134 1688 -—
1148 1669 1196 1694 Per
1215 1675 1321 1694 crucem
1335 1668 1508 1700 perficiuntur
1521 1668 1624 1699 omnia,

982 1720 1052 1747 quae
1069 1713 1217 1739 secundum
1230 1720 1278 1738 nos
1291 1715 1352 1739 sunt
1364 1712 1426 1739 ibid.
1437 1726 1474 1731 —
1485 1711 1625 1738 scribenda

983 1762 1022 1784 est
1040 1758 1069 1784 in
1093 1758 1165 1784 omni
1194 1758 1252 1784 loco
1280 1757 1342 1784 ibid.
1363 1771 1397 1776 —
1425 1756 1568 1783 baiulanda
1586 1760 1626 1783 est

982 1806 1107 1836 tanquam
1127 1803 1232 1835 sig-num
1253 1802 1299 1828 Dei
1324 1801 1381 1827 vixi
1399 1800 1462 1828 ibid.
1481 1816 1516 1820 —
1535 1804 1575 1827 est
1593 1801 1625 1827 si-

983 1854 1065 1879 gnum
1084 1847 1132 1873 Dei
1156 1847 1226 1878 vivi,
1245 1853 1299 1879 quo
1317 1853 1410 1872 omnes
1435 1846 1531 1871 electos
1549 1852 1625 1878 opor-

983 1896 1019 1918 tet
1038 1891 1187 1924 consignari
1208 1891 1259 1917 440
1280 1890 1314 1916 44

1038 1951 1072 1955 —
1091 1937 1119 1962 ln
1138 1942 1217 1962 cruce
1235 1943 1281 1961 sex
1299 1938 1360 1961 sunt
1379 1938 1562 1961 consummata
1581 1935 1624 1960 Vll

985 1981 1035 2006 468
1050 1981 1084 2007 54
1096 1994 1132 2000 -
1145 1981 1171 2006 ln
1185 1987 1264 2006 cruce
1277 1980 1414 2012 impletum
1429 1983 1468 2005 est
1486 1982 1624 2004 testamen-

984 2028 1040 2051 tum
1052 2028 1138 2056 vetus,
1151 2028 1176 2050 et
1189 2025 1277 2050 omnia
1290 2027 1353 2050 sunt
1364 2027 1547 2050 consummata
1561 2022 1624 2049 ibid.

1036 2069 1118 2096 Cum
1135 2083 1172 2089 —
1191 2069 1261 2095 cadit
1279 2069 1305 2094 in
1334 2069 1468 2094 hominem
1496 2068 1529 2093 Vl
1550 2068 1578 2093 44
1608 2075 1622 2093 a

981 2128 1017 2134 —
1035 2117 1188 2147 operantem
1208 2114 1352 2146 potentiam
1381 2113 1468 2139 reddit
1489 2112 1623 2138 infirmam

983 2159 1014 2184 49
1035 2166 1061 2192 q.
1082 2160 1097 2184 2
1115 2172 1152 2177 —
1170 2162 1291 2184 naturam
1320 2158 1454 2184 infirmam
1472 2157 1560 2183 reddit
1578 2157 1622 2183 Vll

981 2203 1032 2229 508
1053 2202 1088 2229 24
1106 2217 1142 2222 -
1160 2203 1270 2229 actualis
1297 2206 1380 2228 totum
1409 2201 1492 2228 robur
1520 2202 1623 2227 animae

981 2248 1077 2280 frangit
1097 2248 1130 2273 98
1149 2247 1184 2273 38
1203 2261 1240 2267 -
1257 2251 1362 2279 separat
1387 2247 1503 2273 animam
1528 2253 1544 2272 a
1569 2246 1622 2272 Deo

982 2293 1014 2318 Vl
1034 2293 1085 2318 -146
1105 2299 1132 2318 v.
1152 2293 1185 2318 42
1198 2306 1234 2311 -
1248 2292 1309 2318 facit
1321 2295 1440 2318 mortuos
1460 2292 1503 2317 Vll
1522 2291 1573 2317 398
1589 2290 1617 2317 41

980 2350 1015 2356 -
1032 2341 1073 2362 est
1091 2344 1164 2363 mors
1181 2340 1352 2369 peccatorum
1371 2337 1404 2362 Vl
1425 2336 1436 2361 4
1446 2337 1476 2362 48
1497 2342 1519 2361 a.
1535 2335 1587 2362 589
1604 2335 1621 2361 6

980 2396 1016 2399 -
1035 2382 1130 2407 occidit
1149 2382 1265 2407 animam
1284 2382 1336 2407 212
1356 2388 1383 2407 v.
1403 2381 1436 2406 14

1033 2440 1069 2444 --
1087 2426 1241 2452 Naturaliter
1259 2425 1410 2451 commissio
1438 2426 1532 2458 culpae
1550 2432 1623 2457 prae-

980 2470 1050 2496 cedit
1068 2470 1275 2496 subtractionem
1301 2470 1400 2501 gratiae
1425 2470 1460 2496 vt
1489 2470 1539 2495 443
1559 2477 1586 2495 v.
1606 2470 1621 2495 5

979 2530 1014 2533 -
1034 2515 1167 2547 Sapientia
1179 2515 1306 2540 amittitur
1319 2522 1366 2546 per
1378 2515 1484 2547 culpam
1499 2514 1533 2540 79
1546 2521 1574 2540 v.
1588 2514 1621 2539 48

979 2574 1015 2578 -
1033 2559 1118 2585 Causa
1137 2560 1272 2591 originalis
1290 2560 1384 2591 culpae
1402 2559 1538 2591 captivum
1557 2559 1623 2585 deti-

980 2603 1090 2629 nebatur
1109 2611 1194 2636 genus
1212 2605 1357 2629 humanum
1377 2611 1391 2629 a
1406 2602 1511 2629 diabolo
1531 2603 1621 2629 V1198

980 2648 1013 2673 39
1032 2662 1069 2667 -
1088 2648 1221 2674 Vertimus
1244 2649 1270 2674 in
1294 2649 1401 2680 culpam
1435 2647 1532 2679 omnia,
1552 2654 1622 2680 quae

979 2692 1014 2718 ad
1032 2699 1110 2718 usum
1129 2693 1199 2718 vitae
1212 2692 1364 2724 accepimus
1384 2692 1435 2717 526
1457 2692 1490 2717 47

1033 2750 1070 2756 -
1087 2739 1126 2762 est
1144 2737 1247 2762 vanitas
1265 2737 1381 2762 mortalis
1401 2741 1426 2763 et
1445 2737 1569 2769 pestifera
1589 2736 1622 2762 Vl

981 2780 1014 2806 42
1033 2787 1049 2805 a
1068 2794 1104 2800 —
1122 2784 1162 2806 est
1180 2781 1281 2806 vanitas
1300 2780 1334 2806 34
1354 2780 1371 2806 b
1384 2795 1420 2799 —-
1433 2784 1472 2807 est
1484 2781 1622 2807 infirmitas

982 2824 1106 2856 fugienda
1125 2824 1176 2850 586
1197 2825 1207 2849 4
1231 2839 1267 2843 -
1286 2824 1386 2856 Culpae
1405 2828 1445 2850 est
1465 2825 1621 2851 convivium

980 2869 1097 2900 nuptiale
1127 2869 1286 2894 matrimonii
1315 2869 1430 2895 hominis
1458 2870 1568 2895 carnalis
1594 2873 1622 2895 et

976 2914 1220 2945 concupiscentiae,
1234 2913 1308 2946 quod
1320 2913 1349 2939 fit
1362 2913 1387 2938 in
1401 2914 1547 2945 prostibulo
1560 2921 1622 2940 con—

977 2958 1156 2991 cupiscentiae
1169 2957 1221 2984 545
1235 2959 1250 2983 3
1263 2971 1299 2977 -
1312 2961 1351 2983 est
1369 2965 1478 2984 somnus
1497 2958 1622 2984 claudens

980 3003 1067 3028 visum
1086 3002 1258 3033 discretionis,
1277 3003 1361 3034 ligans
1374 3009 1482 3028 sensum
1502 3002 1621 3029 devotio-

980 3047 1037 3077 nis,
1068 3047 1161 3072 sistens
1192 3053 1314 3079 gressum
1345 3046 1432 3072 bonae
1462 3047 1621 3079 operationis

980 3091 1031 3117 587
1050 3099 1077 3117 v.
1098 3092 1125 3116 44
1149 3104 1185 3110 -
1204 3091 1330 3117 Dormitio
1349 3092 1443 3123 culpae
1462 3092 1513 3117 398
1533 3092 1566 3117 23
1585 3105 1622 3111 -

980 3136 1040 3162 Sitis
1058 3136 1152 3168 culpae
1172 3135 1223 3161 559
1242 3143 1269 3161 v.
1290 3136 1322 3161 43

1032 3193 1070 3200 -
1087 3180 1184 3206 dicitur
1202 3180 1285 3205 lutum
1306 3183 1415 3212 propter
1434 3181 1491 3206 eius
1516 3180 1621 3206 foedita-

980 3228 1047 3255 tem,
1066 3224 1247 3250 lubricitatem·
1259 3227 1285 3249 et
1303 3223 1508 3250 laboriositatem
1522 3225 1554 3250 vt
1568 3225 1620 3250 580

979 3270 996 3295 2
1014 3282 1051 3288 -
1070 3269 1206 3294 infirmitas
1224 3269 1318 3300 culpae
1337 3268 1468 3294 deformat
1486 3269 1621 3294 conscien-

980 3314 1056 3344 tiam,
1077 3313 1239 3345 depauperat
1258 3312 1386 3344 animam‚
1405 3312 1523 3338 debilitat
1542 3313 1621 3338 virtu-

979 3361 1031 3383 tem
1051 3360 1076 3383 et
1094 3358 1223 3390 inquietat
1241 3360 1356 3383 mentem
1377 3357 1428 3383 586
1449 3357 1465 3383 5
1477 3370 1513 3377 -
1526 3357 1620 3383 dicitur

978 3402 1130 3435 infirmitas,
1154 3402 1216 3435 quia
1244 3402 1374 3428 deformat
1403 3402 1543 3434 polluendo
1562 3408 1621 3427 con-

1949 293 2012 321 CUL

1662 337 1813 368 scientiam,
1837 337 1955 364 debilitat
1982 337 2144 363 vulnerando
2166 340 2303 369 naturam,

1663 382 1828 414 depauperat
1839 382 1992 417 expellendo
2007 382 2118 414 gratiam
2131 381 2182 408 558
2196 388 2222 407 v.
2237 381 2270 408 46
2286 382 2296 408 4

1716 439 1753 445 —
1770 425 1932 452 contrahitur
1950 432 1998 458 per
2017 426 2114 452 malam
2127 425 2304 457 occasionem,

1663 470 1759 496 malam
1778 469 1978 496 delectationem
2007 473 2033 496 et
2060 470 2157 496 malam
2175 470 2303 502 operatio-

1662 520 1724 539 nem
1743 514 1776 540 Vl
1796 514 1848 540 558
1866 521 1893 539 v.
1913 513 1947 539 46
1967 514 1982 540 3
2001 527 2038 534 -
2055 515 2120 540 solet
2135 514 2252 540 contrahi
2271 521 2303 540 ex

1663 558 1825 590 pinguedine
1843 561 1870 583 et
1887 558 2066 584 consolatione
2084 557 2146 585 ibid.
2159 572 2195 578 —
2207 558 2303 585 Malum

1663 602 1757 634 culpae
1775 601 1873 634 premit
1890 602 2052 628 voluntatem
2072 602 2124 628 602
2144 602 2155 628 4

1715 659 1752 665 -
1770 647 1858 672 Status
1876 646 1970 678 culpae
1988 646 2089 678 gradus
2106 646 2210 679 primus
2226 646 2304 673 estin

1663 690 1779 716 interiori
1797 690 1947 722 affectione,
1971 690 2105 717 secundus
2128 691 2155 716 in
2182 691 2304 717 exteriori

1663 734 1815 767 operatione
1840 738 1866 760 et
1885 735 1976 760 tertius
1995 735 2022 760 in
2040 735 2232 762 consuetudine
2246 735 2304 762 sive

1663 779 1838 806 obstinatione
1863 779 1907 805 Vll
1934 778 2053 810 472732.
2078 779 2132 805 215
2151 779 2183 804 96
2203 793 2240 799 -
2257 779 2304 806 Na-

1662 831 1739 850 scens
1756 823 1891 849 nativitate
1910 823 2004 855 culpae
2016 823 2042 849 in
2055 824 2201 856 ignominia
2219 824 2304 850 nasci-

1663 871 1714 899 tur,
1732 868 1759 894 in
1778 867 1962 894 maledictione
1980 868 2059 901 vivit,
2084 868 2110 894 in
2135 867 2305 895 damnatione

1663 913 1774 938 moritur
1794 913 1826 938 Vl
1846 912 1892 937 551
1918 913 1932 938 3

1715 970 1752 976 -
1769 956 1905 989 originalis
1923 956 2053 989 figuratur
2080 956 2107 982 in
2125 956 2241 989 paralysi
2259 957 2305 984 vu

1664 1001 1714 1026 428
1734 1001 1768 1026 60
1787 1014 1823 1020 -
1841 1001 1949 1027 actualis
1968 1001 2098 1033 figuratur
2117 1001 2144 1027 in
2155 1001 2228 1033 lepra
2241 1000 2304 1028 ibid.

1661 1059 1697 1065 --
1722 1044 1822 1077 Culpae
1844 1045 1963 1077 expulsio
1987 1045 2150 1077 significatur
2177 1045 2306 1072 eiectione

1663 1089 1825 1115 daemonum
1855 1089 1906 1114 447
1935 1088 1968 1115 48
1996 1103 2032 1108 -
2056 1089 2186 1116 Remissio
2210 1090 2305 1122 culpae

1663 1133 1800 1165 originalis
1828 1133 2022 1165 praefiguratur
2041 1133 2067 1159 in
2085 1133 2238 1161 dimissione
2265 1140 2306 1160 ca—

1663 1177 1790 1210 ptivitatis
1808 1177 1920 1204 filiorum
1946 1178 2023 1204 lsrael
2043 1178 2077 1204 98
2096 1178 2131 1204 39
2150 1192 2186 1197 -
2203 1179 2305 1205 Remis·

1663 1222 1702 1248 sio
1718 1222 1812 1254 culpae
1830 1222 1966 1254 originalis
1979 1222 2004 1248 in
2017 1223 2152 1250 sanatione
2169 1216 2306 1256 paralytici

1663 1267 1792 1299 figuratur
1812 1267 1863 1292 428
1884 1267 1917 1292 62

1715 1326 1751 1330 -
1761 1311 1890 1337 Remissio
1900 1312 1994 1344 culpae
2003 1312 2138 1344 originalis
2150 1312 2179 1338 fit
2190 1319 2239 1345 per
2251 1313 2307 1339 oill-

1662 1356 1733 1381 cium
1744 1356 1905 1382 sacramenti
1916 1356 1959 1382 Vll
1975 1357 2025 1382 428
2036 1357 2070 1382 62
2080 1370 2117 1376 -
2126 1357 2175 1382 Per
2187 1357 2303 1383 officium

1662 1400 1823 1426 sacramenti
1840 1404 1965 1426 curantur
1983 1401 2064 1426 etiam
2081 1401 2206 1434 sequelae
2223 1400 2286 1428 ibid.

1715 1459 1750 1463 —
1767 1448 1898 1477 purgatur
1915 1445 1942 1470 in
1961 1446 2032 1471 fonte
2053 1445 2251 1472 misericordiae
2268 1446 2304 1473 Vi

1663 1489 1715 1515 555
1735 1490 1750 1515 2
1768 1502 1805 1508 —-
1823 1489 1925 1516 deletur
1943 1496 1991 1522 per
2011 1490 2122 1521 gratiam
2141 1497 2157 1516 a
2175 1490 2230 1516 Deo
2248 1490 2305 1517 solo

1662 1534 1781 1559 effective
1800 1534 1852 1560 514
1867 1533 1898 1559 49
1919 1548 1953 1552 -
1972 1533 2102 1560 Liberatio
2121 1541 2136 1560 a
2155 1534 2232 1567 culpa
2245 1541 2306 1567 pro·

1663 1578 1772 1604 mittitur
1798 1577 1968 1604 credentibus
1986 1579 2038 1604 363
2059 1578 2093 1604 47
2111 1592 2147 1598 -
2165 1579 2305 1605 dimittitur

1663 1625 1716 1648 tam
1732 1623 1820 1649 electis
1835 1630 1916 1656 quam
1932 1623 2069 1655 praescitis
2085 1623 2131 1649 561
2150 1624 2166 1649 2
2183 1622 2201 1649 b
2215 1637 2252 1644 —
2266 1630 2306 1650 re-

1661 1668 1802 1694 cidivantis
1833 1668 1863 1693 flt
1892 1668 2022 1694 difficilior
2050 1668 2086 1694 ad
2116 1668 2305 1695 remittendum

1661 1712 1709 1738 561
1739 1712 1755 1738 4

1715 1771 1750 1776 -
1768 1757 1809 1782 Ad
1828 1757 1990 1783 curationem
2009 1757 2118 1783 actualis
2136 1757 2230 1789 culpae
2241 1764 2304 1783 cum

1662 1801 1786 1834 passione
1796 1801 1890 1828 Christi
1904 1802 2050 1827 necessaria
2061 1807 2100 1827 est
2110 1801 2230 1827 contritio
2243 1808 2306 1834 poe·

1662 1845 1784 1871 nitentiae
1808 1846 1851 1871 Vll
1880 1846 1914 1871 98
1941 1846 1974 1871 38
1994 1860 2028 1864 -
2047 1846 2121 1878 Opus
2144 1846 2304 1878 poenitentis

1661 1894 1701 1916 est
1718 1891 1842 1917 detestari
1861 1891 1967 1923 culpam
1987 1891 2039 1916 580
2060 1890 2093 1916 49

1708 1949 1743 1954 --
1750 1935 1848 1967 Culpae
1858 1935 1995 1961 detestatio
2002 1935 2122 1968 sequitur
2129 1935 2304 1967 cognitionem

1662 1979 1695 2005 Vi
1715 1980 1746 2005 49
1763 1987 1791 2005 v.
1806 1980 1847 2005 47.
1862 1980 1904 2005 Vll
1918 1980 1969 2006 562
1983 1979 2017 2005 73
2035 1994 2071 1998 -
2085 1980 2226 2005 commissa
2244 1986 2304 2005 con-

1661 2023 1801 2050 sideranda
1821 2024 1855 2050 ad
1875 2024 2086 2050 erubescendum
2099 2024 2134 2050 Vl
2147 2024 2199 2050 560
2213 2025 2238 2055 2,
2251 2024 2277 2056 3,
2287 2023 2304 2050 4

1713 2081 1750 2087 -
1767 2069 1796 2094 ln
1815 2068 1892 2100 culpa
1910 2071 1950 2094 est
1967 2068 2135 2094 considerare
2157 2068 2302 2100 maculam,

1660 2115 1762 2138 reatum
1782 2117 1807 2138 et
1826 2113 1952 2139 offensam
1972 2113 2006 2138 Vl
2025 2112 2076 2139 574
2095 2113 2111 2138 3
2124 2115 2213 2139 —est
2224 2119 2305 2138 causa

1661 2157 1749 2183 iudicii
1769 2157 1820 2183 552
1840 2164 1867 2182 v.
1888 2158 1920 2182 49

1713 2215 1750 2221 -
1767 2202 1848 2227 Maior
1867 2202 1943 2234 culpa
1961 2204 2000 2228 est
2013 2202 2130 2228 veritatis
2142 2201 2304 2234 contemptio

1659 2253 1742 2280 quam
1769 2245 1851 2272 libido
1879 2246 2038 2272 carnalitatis
2064 2246 2106 2273 Vll
2136 2246 2188 2272 250
2214 2246 2243 2272 24
2267 2260 2304 2264 -

1660 2291 1740 2317 Maior
1763 2291 1840 2323 culpa
1865 2294 1919 2322 est,
1944 2289 1990 2316 ubi
2018 2293 2059 2316 est
2083 2291 2169 2316 maius
2200 2291 2302 2317 donum

1660 2336 1784 2362 scientiae
1812 2336 1864 2361 329
1890 2335 1924 2361 67
1952 2349 1988 2354 -
2013 2335 2054 2361 Ad
2080 2335 2185 2367 lapsum
2208 2335 2304 2367 culpae

1660 2380 1789 2406 inducunt
1807 2383 1890 2405 status
1909 2379 2115 2405 conversationis
2137 2379 2302 2412 mundanae,

1660 2425 1829 2457 congregatio
1848 2424 1980 2450 societatis
1999 2424 2083 2450 malae
2101 2427 2127 2450 et
2145 2424 2224 2450 ardor
2242 2431 2303 2450 con-

1660 2470 1838 2501 cupiscentiae
1857 2469 1891 2495 Vt
1911 2469 1963 2495 613
1983 2468 1998 2494 4
2018 2483 2052 2487 -
2071 2468 2123 2501 Qui
2142 2469 2227 2500 magis
2240 2475 2304 2500 pon-

1659 2514 1735 2540 derat
1753 2514 1859 2545 culpam
1878 2514 1906 2539 in
1926 2514 1975 2539 alio
1995 2520 2076 2546 quam
2095 2513 2122 2539 in
2141 2520 2170 2539 se
2189 2513 2246 2545 ipso
2263 2516 2304 2539 est

1660 2557 1858 2589 abominabilis,
1887 2558 1950 2591 quia
1978 2557 2118 2589 dupliciter
2142 2560 2234 2590 peccat
2258 2557 2302 2584 Vtt

1660 2603 1706 2628 461
1732 2603 1765 2628 96

1712 2661 1748 2665 -
1766 2647 1893 2672 Dormitio
1912 2647 2006 2678 culpae
2019 2646 2119 2672 homini
2138 2646 2303 2672 interdicitur

1660 2691 1692 2723 Vl
1713 2690 1765 2727 587
1784 2698 1810 2716 v.
1841 2691 1868 2716 41
1892 2704 1928 2710 -τ
1946 2691 1984 2716 De
2013 2691 2091 2723 culpa
2115 2694 2154 2717 est
2181 2690 2302 2717 doctrina

1659 2735 1701 2761 vel
1720 2735 1826 2761 scientia
1855 2742 1904 2767 per
1929 2735 2052 2762 accidens
2078 2736 2180 2762 ratione
2199 2736 2303 2762 virtutis

1658 2780 1674 2805 7
1694 2778 1712 2805 b
1731 2793 1766 2799 —
1786 2780 1894 2805 vanitas
1913 2780 2006 2812 culpae
2024 2783 2064 2806 est
2082 2780 2195 2812 privatio
2213 2779 2249 2806 ib.
2267 2788 2283 2806 a

1713 2823 1810 2850 Cunus
1827 2838 1862 2842 —
1881 2824 1992 2857 requirit
2010 2824 2117 2857 hostias,
2136 2825 2258 2851 victimas
2276 2828 2303 2851 et

1659 2868 1787 2894 sacrificia
1815 2868 1848 2893 Ἠ
1866 2868 1900 2893 72
1928 2876 1954 2894 v.
1983 2869 1998 2894 2
2026 2883 2062 2887 -
2089 2869 2301 2895 Fundamentum

1658 2913 1741 2939 divini
1761 2914 1847 2939 cultus
1865 2916 1905 2939 est
1923 2913 1949 2938 in
1974 2914 2061 2939 futura
2079 2914 2198 2945 corporis
2216 2920 2302 2940 resur-

1658 2958 1775 2984 rectione
1795 2957 1839 2983 Vll
1858 2957 1910 2983 512
1930 2958 1964 2983 35
1983 2971 2018 2976 -
2037 2958 2064 2983 ln
2083 2958 2153 2984 cultu
2174 2958 2301 2984 Divinita-

1659 3003 1691 3028 tis
1709 3002 1773 3027 nihil
1791 3006 1831 3028 est
1849 3003 2015 3034 superfluum
2035 3002 2069 3027 Vl
2089 3001 2141 3028 504
2155 3002 2189 3027 68
2202 3016 2239 3021 -
2251 3002 2299 3029 Per

1658 3047 1757 3073 cultum
1771 3046 1910 3072 Maiestatis
1923 3047 2002 3072 homo
2017 3045 2154 3072 subiicitur
2163 3053 2213 3072 suo
2225 3045 2301 3073 Crea-

1659 3091 1708 3116 tori
1728 3091 1770 3116 Vll
1789 3091 1823 3116 65
1843 3091 1871 3115 91

1711 3148 1746 3154 -
1759 3134 1923 3161 exhibendus
1933 3137 1972 3161 est
1982 3135 2036 3160 Deo
2049 3135 2076 3160 in
2086 3135 2203 3161 oratione
2216 3142 2300 3161 exem-

1657 3180 1702 3211 plo
1721 3179 1816 3205 Christi
1836 3179 1879 3205 Vll
1899 3179 1951 3205 225
1979 3179 2013 3205 30
2032 3193 2068 3197 —
2086 3179 2135 3205 Dei
2162 3178 2300 3205 exhibetur

1658 3230 1705 3256 per
1724 3224 1900 3249 excellentiam
1920 3224 2024 3249 virtutis
2043 3223 2167 3256 propriae
2179 3226 2206 3249 et
2223 3230 2299 3249 reve-

1657 3268 1768 3294 rentiam
1788 3268 1929 3294 meiestatis
1955 3268 2062 3294 divinae
2086 3268 2120 3294 65
2140 3268 2168 3293 91
2192 3282 2228 3286 -
2251 3267 2299 3293 Dei

1657 3316 1697 3338 est
1714 3319 1793 3338 causa
1812 3312 1898 3338 omnis
1917 3311 1980 3338 boni
1999 3312 2031 3338 vt
2045 3312 2097 3338 203
2117 3319 2144 3338 v.
2157 3311 2191 3338 27
2203 3326 2240 3330 -
2251 3311 2299 3337 de·

1658 3357 1703 3383 bet
1721 3363 1812 3383 carere
1839 3356 1911 3385 omni
1936 3357 2111 3383 ostentatione
2129 3360 2155 3382 et
2173 3355 2298 3389 inquieta-

1658 3401 1728 3427 tione
1746 3401 1789 3427 Vll
1808 3401 1861 3427 225
1880 3401 1914 3427 30
