2476 3921
63 866 150 888 Divisio.

17 1079 86 1101 Pietas
99 1083 149 1104 erga

29 1105 134 1127 hominem

29 1132 132 1154 conditum
137 1147 142 1152 .

17 1769 142 1791 Nomadum.

767 242 961 276 COMMENT.
986 244 1022 276 ΙΝ
1048 243 1286 277 EVANGELIUM
1311 246 1429 278 LUCAE
1453 247 1485 279 C.
1510 248 1572 279 XV.

174 331 251 364 illud
275 331 369 364 Isaiae
400 333 526 364 nono¹:
555 344 571 360 «
593 331 806 364 Laetabuntur
834 340 940 365 coram
972 335 1020 371 te,
1053 333 1134 365 sicut

172 386 227 428 qui
248 385 404 418 laetantur
421 385 451 417 in
469 393 583 423 messe,
600 385 682 417 sicut
697 384 859 417 exsultant
880 384 1027 424 victores,
1044 389 1134 427 capta

173 438 313 481 praeda,
327 438 453 480 quando
475 437 620 471 dividunt
642 438 741 480 spolia
756 451 771 467 ι»
801 442 859 471 etc.

427 552 554 579 Pal-nbula
573 553 603 579 de
622 552 744 579 drachma.
761 552 873 587 perdita.

263 652 312 683 15.
338 651 439 692 (Vers.
464 651 519 691 8.).
546 652 614 683 Aac
636 660 722 694 quae
752 650 872 683 mulier
895 654 953 683 etc.
984 651 1054 683 Post
1079 660 1131 693 pa-

170 704 311 737 rabolam
335 704 374 737 de
398 707 522 746 pastore
545 707 576 737 et
599 704 712 736 ovibus
735 704 801 736 suis
825 703 972 736 subditur
1004 704 1054 737 hic
1077 713 1131 746 pa-

170 758 278 790 rabola
301 757 339 790 de
355 757 492 790 muliere
515 760 543 789 et
558 755 730 789 drachmis
743 757 773 795 2;
796 757 827 789 in
845 766 908 799 qua
927 756 1053 799 quidem
1071 757 1131 790 sub

171 811 355 853 metaphora
370 809 552 843 drachmae
575 809 792 842 manifestatur
806 809 913 851 pietas
941 810 999 842 Dei
1014 810 1059 842 ad
1076 809 1130 842 lio-

169 863 306 902 minem,
330 866 362 896 et
394 863 453 896 hoc
475 863 737 904 quadrupliciter,
761 862 878 895 scilicet
901 863 939 895 ad
971 863 1129 896 hominem

169 916 355 955 condicum,
379 916 419 949 ad
442 916 601 948 hominem
626 916 774 957 lapsum,
798 915 837 948 ad
854 916 1013 949 hominem
1038 926 1131 958 repa-

170 973 301 1008 ratum,
325 969 364 1004 ad
388 969 546 1001 hominem
571 968 801 1010 iustificatam.

258 1023 361 1056 Primo
385 1023 482 1065 igitur
498 1025 653 1065 quantum
676 1021 713 1054 ad
735 1022 888 1064 pietatem
908 1022 966 1054 Dei
984 1027 1129 1065 respectu

168 1075 312 1109 hominis
345 1075 470 1108 conditi
502 1075 594 1108 dicit:
632 1076 701 1107 Aut
735 1084 820 1117 quae
853 1074 974 1107 mulier
1008 1074 1130 1108 habens

168 1128 350 1162 drachmas
380 1129 497 1161 decem.
524 1128 642 1161 Mulier
666 1128 724 1161 ista
755 1130 803 1161 est
825 1127 931 1160 divina
961 1128 1129 1169 sapientia,

167 1192 249 1226 quae
282 1183 403 1215 mulier
436 1182 567 1220 dicitur,
600 1182 675 1224 quia
709 1181 865 1223 diligenda
899 1185 946 1214 est
981 1185 1129 1223 tanquam

166 1244 281 1279 sponsa
308 1235 549 1278 speciosissima3
574 1235 702 1277 Sapiens
726 1234 899 1277 Sapientiae
923 1235 1056 1267 octavo³
1086 1235 1129 1267 lo—

166 1299 267 1333 quens
298 1289 336 1322 de
360 1289 511 1331 sapientia
534 1288 623 1321 dicit:
653 1301 668 1316 «
686 1288 768 1320 Hanc
791 1288 892 1320 amavi
916 1291 947 1320 et
971 1288 1128 1330 exquisivi

165 1353 235 1377 eam
259 1353 278 1376 a
300 1343 463 1375 iuventute
488 1351 557 1374 mea
580 1345 611 1374 et
635 1341 775 1383 quaesivi
793 1350 937 1383 sponsam
963 1350 1030 1374 eam
1053 1342 1128 1374 milii

165 1404 327 1429 assumere
351 1398 382 1428 et
405 1399 527 1427 amator
550 1394 652 1427 factus
675 1403 745 1428 sum
770 1394 888 1426 formae
917 1394 1001 1426 illius
1021 1407 1052 1426 ι).
1078 1394 1129 1426 Di-

165 1450 249 1482 citur
272 1452 378 1481 autem
404 1448 526 1480 mulier
549 1457 611 1480 non
635 1447 675 1480 ab
691 1447 872 1480 infirmitate
896 1456 1012 1486 sexus,
1037 1448 1090 1481 sed
1111 1457 1129 1480 a

164 1504 279 1545 pietate
303 1502 398 1535 divini
423 1502 554 1534 affectus
577 1504 608 1534 et
625 1501 875 1540 misericordiae,
900 1501 1021 1534 ratione
1037 1502 1129 1534 cuius

164 1559 326 1598 comparat
348 1564 382 1588 se
413 1555 498 1587 Deus
521 1554 646 1586 affectui
678 1557 839 1593 materno;
866 1554 960 1586 lsaiae
992 1555 1128 1596 quadra-

164 1609 282 1652 gesimo
305 1608 429 1641 nono4:
452 1621 467 1636 «
484 1600 632 1649 Nunquid
655 1606 794 1639 oblivisci
820 1609 922 1648 potest
946 1607 1061 1640 mulier
1085 1608 1129 1640 in-

163 1663 280 1696 fantem
297 1670 409 1700 suum,
426 1664 463 1693 ut
483 1669 544 1692 non
561 1660 749 1692 misereatur
772 1659 836 1692 filio
861 1660 942 1692 uteri
968 1660 1016 1692 sui
1030 1674 1045 1689 »
1067 1664 1125 1693 etc.

165 1717 200 1749 Et
223 1716 293 1749 ideo
323 1714 479 1756 Sapientia
509 1713 547 1746 de
572 1722 605 1745 se
636 1712 711 1745 dicit
741 1712 945 1746 Ecclesiastici
978 1713 1127 1755 vigesimo

163 1773 295 1813 quarto:
326 1782 340 1798 «
359 1769 420 1810 Ego
444 1771 543 1800 mater
570 1767 700 1808 pulcrae
722 1766 896 1799 dilectionis
921 1780 937 1796 »
957 1771 1015 1800 etc.
1040 1767 1127 1800 Unde

162 1832 236 1856 cum
252 1821 404 1864 sapientia
426 1821 480 1853 Dei
505 1820 545 1853 sit
561 1819 792 1861 potentissima,
817 1820 857 1852 sit
880 1820 1125 1861 speciosissima,

162 1877 203 1909 sit
219 1875 451 1918 providissima,
476 1874 517 1907 sit
532 1873 626 1906 etiam
642 1873 900 1912 clementissima,
924 1873 1018 1906 datur
1035 1874 1126 1906 intel-

161 1930 214 1972 ligi
239 1939 295 1972 per
318 1928 489 1962 mulierem
519 1926 658 1970 fortem,
682 1926 856 1959 secundum
888 1927 973 1969 quod
1008 1927 1125 1960 dicitur

161 1983 404 2016 Proverbiorum
427 1981 538 2014 ultimo
551 1980 581 2012 ⁵:
603 1992 619 2008 α
636 1980 797 2013 Mulierem
821 1979 933 2012 fortem
950 1980 1023 2022 quis
1039 1980 1124 2014 inve-

161 2037 269 2075 niet»,
286 2036 318 2069 id
334 2038 381 2069 est
397 2034 595 2077 sapientiam,
612 2041 694 2075 quae
711 2046 726 2062 «ι
740 2033 864 2075 attingit
880 2032 1003 2066 sortiter
1015 2047 1031 2062 »
1049 2037 1122 2073 etc.;

162 2099 218 2132 per
234 2089 406 2122 mulierem
428 2087 548 2131 sortem
564 2091 592 2119 et
608 2086 728 2119 bonam
744 2091 772 2119 et
785 2087 996 2129 -speciosam,·
1021 2087 1124 2120 Eccle-

161 2143 276 2176 siastici
305 2142 455 2184 vigesimo
480 2144 593 2174 sexto:
624 2153 639 2169 r<
659 2140 746 2173 Sicut
769 2140 816 2173 sol
843 2140 948 2173 oriens
971 2141 1003 2173 in
1031 2150 1123 2180 mun—,

160 2196 200 2229 do
221 2208 251 2235 »3
277 2204 333 2237 per
364 2194 535 2227 mulierem
564 2193 766 2236 providam,·
799 2194 1042 2227 proverbiorum
1070 2194 1123 2227 de-

160 2250 243 2282 cimo
266 2252 398 2291 quarto:
420 2261 435 2276 α
454 2247 582 2289 Sapiens
597 2247 712 2279 mulier
728 2247 871 2280 aedificat
894 2247 1023 2280 domum
1038 2261 1068 2287 n,
1092 2248 1123 2291 id

160 2306 208 2336 est
231 2301 399 2344 sapientia;
426 2309 482 2343 per
506 2299 678 2332 mulierem
697 2300 814 2342 piam,
839 2300 920 2333 sicut
937 2300 968 2333 in
994 2301 1052 2333 hac-
1069 2310 1123 2343 pa-

161 2355 278 2388 rabola.
302 2354 389 2387 Unde
405 2353 554 2386 Glossa⁶x
583 2365 598 2381 «
616 2352 741 2392 Mulier,
766 2352 796 2385 id
812 2356 860 2386 est
884 2353 938 2386 Dei
957 2353 1122 2395 sapientia,

231 2523 240 2538 ¹
262 2525 335 2550 Vers.
356 2524 380 2549 3.
502 2547 505 2549 ,

230 2566 240 2581 ²
260 2568 312 2594 Csr.
337 2574 417 2599 supra
442 2574 469 2593 n.
493 2567 517 2592 6,
539 2581 572 2585 -
591 2568 699 2593 lnserius
724 2568 783 2593 Vat.
807 2568 902 2593 omittit
925 2567 963 2594 ad
986 2567 1121 2594 hominem

159 2611 309 2643 condilum,
332 2611 368 2638 ad
386 2611 522 2638 hominem
541 2611 657 2645 lapsum.

230 2655 240 2669 ³
260 2656 335 2681 Vers.
355 2657 379 2681 2.
397 2669 432 2675 -—
451 2655 502 2681 Cir.
527 2662 607 2686 supra
632 2662 693 2687 pag.
720 2656 786 2687 348,
813 2660 871 2682 nota
900 2656 923 2681 4.
949 2657 1073 2689 Gregor.,
1094 2657 1120 2682 11.

158 2700 253 2726 Homil.
272 2700 296 2725 in
316 2700 416 2731 Evang.
436 2699 524 2724 homil.
550 2699 594 2724 3⁴..
612 2706 637 2724 n.
656 2700 685 2724 6:
706 2699 755 2731 Qui
780 2700 899 2731 signatur
912 2707 960 2731 per
974 2704 1121 2732 pastorem,

158 2745 216 2776 ipse
235 2748 259 2769 et
278 2751 325 2776 per
344 2744 488 2769 mulierem.
510 2745 567 2775 lpse
586 2743 682 2769 etenim
702 2744 785 2774 Deus,
806 2744 861 2776 ipse
880 2748 906 2769 et
920 2744 964 2769 Dei
985 2745 1121 2776 sapientia.

158 2789 209 2815 Cl'r.
229 2790 297 2825 infra
316 2797 340 2814 n.
364 2789 403 2814 16.
423 2789 522 2814 Glossa.
537 2802 569 2806 --
583 2788 709 2820 Superius
734 2795 794 2813 cum
816 2789 872 2814 Vat.
899 2788 1055 2814 retinuimus
1075 2789 1122 2815 Sa-

155 2833 246 2866 piens,
266 2833 339 2865 quod
358 2833 437 2858 codd.
456 2833 585 2858 omittunt.

230 2876 241 2891 ⁴
261 2878 334 2903 Vers.
354 2878 401 2907 15,
421 2877 462 2902 cui
482 2876 650 2908 subiungitur
667 2877 742 2902 Eccli.
762 2877 810 2909 24,
830 2876 918 2902 24.—
932 2871 1059 2909 Superius
1072 2884 1121 2908 pro

159 2922 301 2954 comparat
318 2928 347 2947 se
365 2921 436 2947 Deus
458 2922 514 2947 Vat.
534 2923 678 2954 comparat
695 2922 766 2947 Deus
779 2921 907 2955 affectum
925 2928 1007 2947 suum
1026 2921 1062 2947 ad
1075 2921 1121 2947 1ιο-
1135 2948 1137 2951 ,

160 2973 270 2992 oizznem.
756 2978 759 2980 ·

230 3008 240 3023 ⁵
260 3010 333 3035 Vers.
355 3010 402 3040 10,
423 3013 481 3041 post
506 3017 585 3042 quem
613 3011 674 3042 Sap.
700 3010 730 3040 8,
752 3010 779 3035 l:
800 3009 913 3043 Attinqit
937 3016 1002 3043 erqo
1027 3017 1045 3035 a
1068 3009 1121 3044 fine

158 3062 242 3089 usqne
260 3054 297 3081 ud
314 3055 394 3089 finem
413 3054 520 3088 sortiter
536 3058 598 3085 etc-,3
619 3055 694 3080 Eccli.
708 3055 754 3086 26,
775 3055 818 3080 21.
837 3058 863 3080 et
882 3055 958 3080 Prov.
981 3054 1026 3085 lt,
1052 3055 1072 3080 1.
1087 3069 1120 3073 -

160 3100 217 3124 Vat.
235 3099 330 3124 omittit
349 3098 409 3132 quis
429 3098 568 3124 inveniet...
586 3105 635 3131 per
655 3098 797 3125 mulierem
816 3098 924 3132 fortem.

229 3141 240 3156 ⁰
260 3137 360 3168 Scilicet
373 3142 515 3169 ordinaria
529 3142 685 3174 (secundum
698 3143 821 3174 Gregor„
835 3143 862 3168 ll.
875 3143 970 3168 llomil.
984 3143 1009 3168 in
1021 3144 1118 3175 Evang.

159 3186 247 3212 homil.
267 3186 310 3212 34.
329 3194 356 3212 n.
374 3188 410 3219 6.)
431 3187 457 3212 in
475 3187 537 3212 Luc.
558 3186 604 3216 15,
624 3187 653 3217 8,
674 3186 698 3211 in
718 3187 793 3212 cuius
813 3187 864 3212 llnc
883 3190 966 3212 textus
985 3187 1120 3219 originalis

157 3230 194 3256 ad
212 3230 357 3264 imaqinem
375 3238 456 3257 suam
475 3230 592 3262 creacit‚·
612 3231 658 3256 cfr.
677 3231 742 3256 iufra
762 3238 788 3256 n.
809 3231 850 3256 16.

217 3272 239 3307 ,’
258 3275 358 3307 Nempe
377 3274 571 3306 interlineari&
597 3274 631 3300 de
655 3281 707 3307 qua
733 3275 795 3300 vide
819 3274 905 3307 Cyrill.
931 3275 1067 3301 Alexandr.
1093 3276 1118 3301 in

159 3320 228 3344 hunc
247 3320 309 3351 loc.,
322 3323 347 3345 et
360 3320 483 3351 August„
503 3320 619 3345 Enarrat.
638 3319 664 3344 in
678 3320 717 3344 Ps.
742 3320 843 3345 l38..n.
863 3319 905 3345 1¹4.
918 3333 953 3339 —
966 3321 1023 3346 Duo
1044 3327 1118 3353 seqq.

160 3363 209 3388 loci
227 3365 287 3388 sunt
306 3364 370 3388 Gen.
392 3364 401 3388 l
415 3382 422 3394 ‚
441 3364 484 3389 26.
503 3367 528 3389 et
547 3363 623 3389 Eccli.
644 3363 689 3395 v¹7,
711 3364 734 3388 1.

231 3404 242 3419 ⁵
263 3407 335 3432 vers.
360 3407 398 3432 12.
419 3410 444 3433 et
467 3408 505 3433 13.

2092 253 2153 285 387

1198 332 1304 366 decem
1335 334 1503 367 drachmas
1527 336 1655 375 habuit,
1687 346 1758 369 cum
1793 338 1933 372 homines
1964 344 1995 372 et
2027 341 2159 382 ¹angelos

1197 386 1362 418 creavit».
1385 387 1541 420 Drachma
1556 392 1660 421 autem
1685 394 1732 422 est
1748 394 1895 423 creatura
1919 392 2093 431 rationalis,
2110 394 2155 425 di·
2176 401 2243 427 imago
2260 402 2305 423 021-

1198 439 1270 471 vina
1294 439 1428 481 imagine
1444 441 1606 482 insignita;
1628 443 1711 475 unde
1726 443 1834 476 Glossa
1847 444 1874 476 ⁷:
1905 458 1919 472 ι
1939 445 2092 478 brachma
2109 451 2155 478 est

1198 500 1347 524 nummus
1370 496 1474 525 certae
1489 494 1686 534 quantitatis,
1706 495 1823 528 habens
1843 497 2007 538 imaginem
2026 499 2107 540 regis
2123 514 2153 530 υ.

1198 545 1280 577 Talis
1311 555 1461 578 nummus
1491 551 1539 579 est
1570 546 1680 586 homo,
1712 549 1750 581 de
1786 559 1850 591 quo
1880 550 1996 582 dicitur
2027 552 2154 584 Genesis

1197 598 1315 640 primo:
1347 612 1361 627 «
1378 600 1539 632 Faciamus
1564 601 1721 633 hominem
1746 602 1783 634 ad
1810 603 1974 644 imaginem
1992 608 2022 636 et
2047 605 2153 637 simili-

1197 651 1338 684 tudinem
1361 655 1500 684 nostram
1517 665 1552 691 »;
1578 653 1661 686 unde
1683 657 1714 686 et
1735 654 1938 687 Ecclesiastici
1963 656 2083 688 decimo
2108 666 2154 690 se—

1196 704 1311 745 ptimo:
1342 717 1357 732 «1
1375 704 1458 737 Deus
1481 704 1519 737 de
1549 709 1634 737 terra
1657 707 1775 738 creavit
1801 707 1957 740 hominem
1990 713 2021 740 et
2044 718 2154 741 secun-

1195 757 1271 789 dum
1303 757 1469 799 imaginem
1501 768 1592 790 suam
1623 758 1695 791 fecit
1727 759 1814 791 illum
1838 773 1867 791 n.
1901 761 1982 793 Talis
2006 771 2155 794 nummus

1195 814 1242 843 est
1276 810 1447 852 anyelz'cus
1480 807 1645 853 spz‘rc'tus.·
1683 812 1765 845 unde
1803 813 1971 846 Ezechielis
2008 815 2155 856 vigesimo

1195 864 1348 896 octavoss:
1379 877 1394 892 α
1411 864 1458 896 Tu
1482 865 1678 906 signaculum
1704 866 1916 898 similitudinis
1936 867 2019 906 eius,
2045 869 2155 909 plenus

1196 917 1347 958 sapientia
1369 921 1401 950 et
1425 918 1582 959 perfectus
1601 918 1728 957 decore,
1754 919 1783 951 in
1805 919 1924 952 deliciis
1941 921 2074 962 paradisi
2101 922 2152 954 Dei

1194 970 1328 1003 fuisti».
1353 971 1450 1012 lgitur
1473 971 1642 1004 drachmae
1670 972 1775 1004 decem
1797 976 1871 1004 sunt
1892 982 2003 1006 novem
2029 974 2154 1007 ordines

1194 1025 1382 1066 Angelorum
1415 1028 1445 1057 et
1475 1024 1595 1057 decima
1631 1025 1791 1058 hominum
1824 1026 1861 1058 ad
1888 1027 1982 1060 totius
2014 1028 2151 1061 universi

1194 1078 1477 1119 complementum,
1501 1078 1577 1120 quia
1600 1078 1682 1110 intra
1712 1078 1876 1111 denarium
1902 1080 2059 1113 clauditur
2084 1082 2150 1113 uni-

1195 1131 1326 1163 versitas
1350 1140 1575 1170 numerorum;
1603 1132 1684 1164 unde
1708 1135 1739 1164 et
1762 1133 1792 1164 in
1814 1142 1850 1165 eo
1874 1137 1920 1165 est
1944 1134 2070 1175 quidam
2096 1144 2154 1167 nu-

1195 1193 1357 1217 merorum
1390 1188 1499 1217 status.
1532 1185 1617 1217 Unde
1652 1185 1773 1220 Beda9:
1803 1199 1818 1214 «
1845 1186 1955 1219 Decem
1988 1187 2153 1220 drachmas

1194 1237 1308 1269 mulier
1345 1237 1473 1276 habuit,
1509 1246 1581 1270 cum
1618 1247 1730 1270 novem
1764 1239 1928 1271 ordinibus
1967 1241 2151 1281 Angelorum

1195 1289 1289 1322 homo
1312 1289 1437 1322 additus
1461 1293 1508 1322 est
1530 1290 1689 1329 decimus,
1714 1295 1750 1323 ut
1766 1292 1976 1333 compleretur
2001 1302 2153 1325 numerus

1193 1343 1365 1376 electorum
1383 1356 1412 1374 ».
1439 1344 1470 1375 ln
1496 1344 1555 1376 hoc
1578 1353 1654 1386 ergo
1677 1349 1806 1386 apparet
1831 1345 1928 1386 pietas
1952 1345 2004 1377 Dei
2034 1346 2070 1377 ad
2105 1356 2152 1378 ra-

1195 1395 1340 1428 tionalem
1364 1400 1541 1428 creaturam
1570 1397 1724 1429 conditam
1751 1397 1832 1429 sicut
1855 1398 1892 1429 ad
1910 1406 1975 1430 rem
1998 1408 2053 1430 sua
2079 1399 2154 1430 ima-

1193 1449 1264 1490 gine
1289 1449 1476 1491 insignitam.

1286 1502 1336 1533 16.
1358 1502 1500 1534 Secundo
1524 1506 1678 1544 quantum
1695 1503 1733 1535 ad
1754 1504 1909 1545 pietatem
1936 1504 1993 1536 Dei
2010 1508 2153 1546 respectu

1193 1553 1337 1586 hominis
1354 1554 1442 1597 lapsi
1457 1555 1580 1587 subdit:
1607 1556 1646 1587 Et
1660 1556 1685 1574 ¹⁰
1701 1556 1732 1588 si
1749 1556 1932 1597 perdiderit
1956 1556 2152 1590 drachmam

1193 1617 1314 1646 unam,
1340 1608 1456 1640 scilicet
1474 1608 1504 1640 in
1529 1608 1664 1641 hominis
1680 1609 1956 1650 praevaricatione.
1984 1610 2153 1643 Dracltma

1192 1662 1275 1694 enim
1294 1662 1360 1694 isca
1373 1662 1507 1703 perdita
1523 1665 1571 1694 est
1587 1662 1725 1695 humana
1741 1666 1869 1702 natura;
1887 1663 1970 1696 unde
1990 1664 2097 1697 Glossa
2112 1666 2152 1696 ¹²:

1197 1727 1212 1743 «
1229 1715 1355 1753 Mulier,
1380 1715 1410 1747 id
1434 1718 1482 1747 est
1505 1715 1558 1747 Dei
1585 1715 1752 1757 sapientia,
1776 1715 1884 1748 decem
1908 1716 2076 1749 drachmas
2100 1716 2154 1748 ha—

1192 1768 1275 1806 buit,
1299 1777 1372 1801 cum
1405 1768 1547 1801 homines
1574 1772 1605 1801 et
1636 1768 1767 1810 Angelos
1797 1769 1835 1801 ad
1868 1770 2033 1812 imaginem
2065 1779 2154 1803 suam

1191 1821 1324 1860 creavit;
1348 1821 1402 1854 sed
1424 1831 1520 1854 unam
1536 1821 1685 1863 perdidit,
1711 1832 1782 1856 cum
1800 1823 1894 1855 homo
1917 1833 1935 1855 a
1951 1823 2154 1856 similitudine

1190 1874 1348 1907 Creatoris
1379 1875 1554 1907 recessit».
1589 1875 1675 1908 Unde
1706 1876 1781 1918 quia
1812 1876 1906 1908 homo
1933 1876 2074 1909 decimus
2106 1881 2152 1909 est

1189 1930 1260 1969 post
1283 1936 1393 1972 novem
1410 1920 1536 1960 ordines
1559 1928 1762 1970 Angelorum,
1785 1933 1870 1961 recte
1893 1929 2078 1971 intelligitur
2095 1939 2150 1972 per

1189 1980 1352 2012 decimam
1368 1979 1577 2013 drachmam.
1595 1981 1669 2014 Hinc
1686 1985 1747 2020 est,
1772 1982 1856 2024 quod
1872 1982 1911 2014 ad
1935 1982 2149 2015 liberationem

1189 2033 1352 2066 hominum
1375 2034 1647 2076 praefigurandam
1669 2035 1752 2067 Deus
1772 2035 1945 2077 praecepit,
1969 2036 2028 2068 sibi
2045 2036 2149 2069 offerri

1188 2087 1352 2120 decimam
1370 2088 1405 2119 ¹².
1424 2088 1500 2120 Hinc
1515 2088 1609 2120 etiam
1627 2091 1692 2127 est,
1709 2088 1791 2130 quod
1809 2089 1915 2121 decem
1929 2094 2106 2132 praecepta
2123 2091 2150 2123 ei

1187 2140 1260 2173 data
1275 2143 1363 2179 sunt,
1381 2149 1437 2183 per
1461 2150 1542 2183 quae
1559 2141 1648 2183 quasi
1666 2150 1722 2183 per
1739 2141 1891 2184 quosdam
1914 2143 2031 2184 gradus
2049 2152 2149 2185 usque

1187 2195 1227 2227 ad
1251 2195 1350 2228 Deum
1375 2194 1571 2227 conscendat.
1596 2195 1671 2228 Hinc
1695 2199 1742 2228 est
1765 2196 1877 2237 etiam,
1903 2196 1987 2238 quod
2005 2196 2035 2228 in
2060 2206 2150 2238 prae-

1188 2247 1376 2289 figuratione
1401 2247 1623 2280 incarnationis
1645 2247 1761 2280 dicitur
1785 2248 1830 2280 sol
1855 2249 2073 2282 retrocessisse
2097 2250 2149 2281 de·

1188 2310 1256 2333 cem
1280 2300 1389 2345 Iipeis,
1422 2301 1503 2334 sicut
1526 2300 1642 2334 dicitur
1665 2301 1770 2344 quarti
1796 2302 1912 2344 Regum
1943 2302 2091 2344 vigesimo
2106 2303 2147 2341 ¹⁸;

1187 2354 1233 2386 sol
1260 2362 1398 2396 namque
1428 2362 1483 2396 per
1502 2354 1609 2387 decem
1638 2354 1735 2387 lineas
1758 2355 1952 2394 retrocessit,
1976 2364 2047 2388 cum
2065 2355 2149 2388 Deus

1256 2523 1267 2538 ⁹
1287 2524 1355 2550 Libr.
1377 2525 1417 2550 Ν.
1432 2525 1456 2549 in
1476 2525 1539 2550 Luc.
1563 2524 1606 2555 15,
1621 2524 1645 2550 9.
1658 2531 1687 2550 ex
1702 2525 1829 2555 Gregor,
1848 2525 1896 2550 loc.
1916 2525 1959 2550 cit.
1972 2524 2022 2551 Csr.
2038 2525 2065 2550 ΙΙ.
2079 2526 2148 2550 Seut.

1185 2569 1211 2594 d.
1231 2569 1257 2593 9.
1276 2576 1303 2601 q.
1323 2569 1347 2594 7.

1257 2611 1279 2626 ¹⁰
1300 2613 1410 2644 Vulgata
1430 2613 1524 2638 omittit
1549 2612 1597 2644 Et,
1617 2612 1690 2645 quod
1710 2612 1847 2638 exhibetur
1866 2613 1944 2638 etiam
1969 2620 1982 2638 a
2004 2613 2146 2644 Gregorio,

1185 2657 1233 2683 loc.
1252 2657 1309 2689 cit.;
1329 2658 1374 2682 cfr.
1395 2657 1422 2682 B.
1442 2656 1538 2682 Albert.
1558 2660 1583 2681 et
1602 2657 1744 2682 Gorranus.

1257 2701 1277 2715 ¹¹
1299 2702 1400 2727 Scilicet
1418 2701 1576 2733 ordiimria;
1596 2702 1641 2726 cfr.
1661 2708 1740 2732 supra
1761 2704 1819 2726 nota
1834 2702 1860 2726 6.
1877 2715 1910 2719 —
1924 2701 2030 2727 lnserius
2044 2708 2092 2733 pro
2106 2700 2151 2727 de-.

1186 2745 1272 2772 cimus
1292 2748 1330 2772 est
1351 2746 1409 2771 Vnt.
1428 2747 1536 2771 creatus
1555 2747 1603 2771 est.

1259 2789 1280 2804 ¹¹
1299 2790 1349 2816 Cfr.
1371 2790 1450 2815 Exod.
1470 2791 1517 2820 22,
1538 2790 1584 2821 29;
1606 2789 1669 2815 ibid.
1689 2791 1736 2820 20,
1756 2791 1780 2815 2.
1799 2796 1872 2822 seqq.
1893 2789 1926 2815 de
1954 2789 2046 2815 decem
2075 2796 2147 2821 prac-

1186 2835 1278 2867 ceptis.
1296 2848 1332 2854 —
1351 2834 1459 2860 inferius
1485 2841 1532 2866 pro
1555 2835 1699 2867 praecepta
1718 2833 1743 2859 ei
1765 2833 1796 2867 [11
1819 2834 1914 2859 omittit
1932 2833 1969 2867 et]
1983 2832 2045 2859 dala
2065 2833 2115 2859 AC
2127 2834 2146 2858 D

1184 2881 1329 2912 praecepta
1348 2878 1396 2905 Dei
1414 2877 1486 2904 data.

1258 2921 1280 2936 ¹⁸
1300 2924 1374 2948 Vers.
1394 2923 1403 2947 1
1416 2923 1435 2948 l.
1455 2921 1505 2948 Csr.
1532 2922 1704 2954 lsidor.‚'Qq.
1729 2923 1786 2948 sive
1805 2921 1953 2948 Comment.
1972 2922 1998 2947 iu
2019 2922 2059 2947 lV.
2082 2923 2145 2953 neg.

1185 2974 1209 2993 c.
1227 2968 1253 2992 6.
1272 2975 1298 2992 n.
1317 2967 1342 2992 4.
1361 2974 1434 2999 seqq.
1457 2968 1496 2996 (ex
1516 2973 1569 2998 quo
1589 2970 1628 2992 est
1641 2967 1731 2992 Glossa
1750 2965 1893 2992 ordinm-ia.
1913 2967 1937 2991 in
1957 2966 1999 2991 lV.
2013 2966 2076 2997 neg.
2098 2960 2144 2996 20,

1183 2999 1236 3045 a),
1255 3011 1300 3044 qui
1320 3017 1407 3036 tamen
1420 3018 1475 3036 rem
1490 3010 1562 3035 aliter
1575 3011 1695 3042 explicat.
1715 3011 1778 3036 Nam
1793 3011 1939 3036 secundum
1960 3010 2045 3042 ipsum
2066 3020 2077 3032 ι
2091 3010 2145 3041 pri-

1185 3063 1245 3082 mus
1264 3055 1362 3087 gradus
1380 3054 1558 3080 descensionis
1583 3054 1617 3079 de
1636 3055 1690 3080 Deo
1715 3055 1741 3080 in
1760 3055 1858 3086 Angelo
1880 3055 1938 3085 suit,
1963 3054 2025 3087 quia
2051 3054 2145 3087 maym'

1184 3099 1291 3126 consilii
1308 3098 1427 3133 Anqelus
1446 3098 1513 3132 [lsai.
1534 3099 1564 3129 9,
1583 3099 1609 3123 6.
1628 3099 1773 3124 secundum
1795 3097 1979 3131 Septuaginta]
1998 3101 2079 3123 erat...
2100 3099 2144 3122 Se-

1184 3144 1287 3170 cundus
1306 3143 1404 3175 gradus
1422 3142 1599 3168 descensionis
1612 3143 1645 3168 de
1666 3143 1764 3174 Angelo
1779 3143 1803 3168 in
1824 3142 1977 3168 Patriurchis
1996 3143 2068 3167 suit...
2084 3142 2143 3166 Ter-

1184 3189 1235 3214 tius
1254 3188 1278 3213 in
1298 3188 1374 3219 Legis
1393 3187 1524 3212 datione...
1544 3187 1657 3219 Quartus
1676 3187 1774 3218 gradus
1795 3187 1818 3211 in
1839 3188 1894 3212 lesu
1915 3186 2012 3211 Nave...
2032 3186 2142 3218 Quintus

1184 3233 1209 3258 in
1228 3232 1387 3258 iudicibus...
1400 3232 1491 3256 Sextus
1511 3231 1536 3256 in
1549 3231 1657 3262 regibus
1676 3231 1869 3256 ludaeoruin....
1888 3231 2020 3262 Septimus
2040 3230 2064 3256 in
2084 3231 2141 3255 Pro-

1183 3276 1295 3308 phetis...
1314 3275 1428 3301 Octavus
1447 3275 1473 3299 in
1487 3274 1680 3305 pontificibus...
1702 3274 1788 3298 Nonus
1809 3274 1832 3298 iu
1848 3274 1960 3298 homine.
1981 3273 2102 3299 Decimus
2116 3273 2140 3297 in

1183 3320 1304 3352 passione
1318 3329 1343 3344 n.
1372 3318 1438 3344 Vide
1465 3318 1492 3343 ll.
1512 3319 1582 3343 Sent.
1601 3318 1626 3343 d.
1641 3319 1666 3342 9.
1685 3325 1711 3350 q.
1729 3317 1753 3342 7.
1774 3317 1799 3342 in
1819 3324 1892 3349 corp.
1911 3331 1946 3336 —
1967 3317 2073 3342 {userius
2097 3323 2158 3341 vo·-

1182 3363 1257 3389 cibus
1275 3369 1360 3396 supra
1381 3361 1496 3395 Anqelos
1518 3362 1573 3387 Vnt.
1594 3361 1714 3393 praefigit
1732 3360 1779 3394 qm*
1797 3363 1843 3387 esc.

2176 981 2291 1004 [iracinnae

2192 1009 2274 1030 decem.

2175 1512 2245 1532 Pietas
2261 1519 2311 1539 erga

2188 1539 2293 1560 hominem

2201 1567 2291 1592 lapsum.

2174 1885 2240 1905 llomo
2258 1884 2304 1905 dra-

2172 1912 2233 1932 clima
2248 1912 2306 1932 deci-

2219 1944 2259 1958 ma.
