2427 3872
236 2976 238 2978 ,
275 2963 301 2981 ν.
322 2956 337 2981 8
350 2969 386 2975 -
404 2956 430 2980 in
449 2954 576 2986 operibus
589 2952 789 2985 procedendum
802 2954 841 2977 est
853 2957 914 2977 cum

249 258 314 291 768

542 299 594 324 lNT

1115 248 1230 283 INDEX
1253 247 1381 281 RERUM

251 348 451 373 consummatur
463 346 488 369 et
501 342 635 375 perficitur
649 342 675 368 in
686 340 834 373 cognitione
844 339 890 366 uti·
927 353 962 358 -—
981 338 1047 365 Cum
1067 338 1228 370 depravatur
1247 336 1367 367 intentio,
1386 342 1432 362 cor
1450 334 1539 361 deviat
1552 340 1566 359 a

249 391 324 421 lium,
344 388 568 420 absconditorum,
587 386 740 413 sublimium
755 384 806 410 240
826 384 841 409 3
855 398 890 403 —-

251 434 396 466 Intelligere
415 433 485 459 utilia
505 434 639 458 merentur
658 429 750 456 semoti
771 436 785 454 a
804 429 891 455 dulce-

252 480 313 506 dine
332 477 477 511 praesentis
495 475 680 503 consolationis
705 473 768 501 ibid.
789 487 824 493 -—
843 473 891 499 Per

253 523 469 550 illuminationem
500 521 652 547 interiorem
683 522 722 545 est
750 517 892 548 certitudo,

252 575 321 601 quae
341 567 420 592 iidem
440 565 542 598 perficit
560 568 586 590 et
604 565 771 590 consummat
790 562 842 588 243
858 561 890 586 ⁴0

308 625 342 631 --
362 611 441 636 modo
461 609 587 635 elevanda
613 612 652 634 est
679 607 713 633 ad
736 605 894 637 contempla-

254 656 353 682 tionem
373 658 553 684 aeternorum,
573 652 653 679 modo
673 650 846 683 deprimenda
860 649 893 675 ad

255 700 491 726 considerationem
511 699 661 724 defectuum
680 699 830 722 nostrorum
850 694 893 720 Vll

257 745 290 771 57
310 744 343 770 56
361 759 396 762 —
417 742 612 775 intelligentiam
632 741 749 767 divinam
764 739 895 765 occultare

257 788 444 814 inconveniens
463 790 502 812 est
522 786 572 812 ⁴96
591 786 624 811 23

311 846 346 852 -
365 836 453 864 aperta
475 831 558 856 estin
586 829 707 862 passione
735 827 829 854 Christi
855 827 895 852 Vii

258 877 311 903 545
330 876 363 902 24
383 890 417 895 --
437 875 587 907 Scripturae
610 875 757 905 praestatur
785 871 897 897 homini-

258 921 309 947 bus
328 928 343 946 a
362 921 460 952 Spiritu
480 922 569 945 sancto
588 919 621 944 Vl
649 911 698 943 ⁴i'4
719 924 744 942 v.
763 916 780 941 7
799 929 835 935 —
855 915 897 940 Sa-

259 966 356 997 pientia
375 965 420 990 dat
439 963 634 995 intelligentiam
654 967 788 987 sacrarum
807 965 896 985 rerum

261 1009 311 1035 ⁴74
331 1016 358 1035 v.
381 1009 412 1034 ⁴0
426 1022 461 1027 —
474 1008 551 1033 datur
569 1007 596 1032 in
615 1005 728 1037 Spiritus
741 1004 822 1030 sancti
836 1003 898 1028 mis-

259 1054 333 1079 sione
352 1053 403 1079 457
424 1053 456 1077 ⁴0

313 1113 347 1116 —
373 1096 494 1123 Doctrina
519 1095 640 1127 obscura⁷
660 1100 721 1120 cum
741 1092 898 1124 intelligitur,

261 1142 347 1173 magis
367 1142 452 1173 placet
471 1140 503 1166 Vl
524 1139 575 1165 466
595 1139 628 1165 49
648 1138 677 1164 3*

314 1199 347 1204 --
368 1185 418 1217 Qui
437 1191 490 1210 non
510 1184 593 1209 credit
605 1190 657 1209 non
670 1182 788 1214 intelligit
802 1181 835 1207 Vi
849 1180 899 1207 329

263 1230 294 1255 67
314 1244 349 1247 -
370 1229 419 1261 Qui
439 1229 496 1254 vult
514 1227 659 1259 intelligere
687 1228 790 1258 oportet
808 1232 837 1252 se
855 1226 901 1250 hu-

262 1274 363 1299 miliare
391 1276 416 1298 et
446 1272 553 1297 credere
581 1271 632 1296 280
653 1270 695 1301 15,
715 1270 748 1295 17
766 1284 802 1288 -
825 1269 902 1295 datur

264 1317 358 1343 merito
377 1317 438 1342 ndei
458 1315 509 1341 349
530 1316 564 1341 52
583 1330 618 1333 -
637 1314 822 1346 intelligentiae
841 1313 902 1338 ndei

264 1361 387 1388 succedet
405 1361 480 1393 quies
498 1360 525 1386 in
544 1360 598 1385 Deo
611 1366 659 1391 per
672 1358 837 1385 dilectionem
851 1357 902 1383 128

265 1413 291 1431 v.
311 1406 326 1430 9

318 1464 352 1469 —
371 1449 493 1475 Studiosa
512 1448 655 1481 sapientiae
673 1446 810 1480 acquisitio
829 1445 905 1478 perti-

265 1498 308 1521 net
327 1494 360 1520 ad
380 1493 573 1525 intelligentiam
593 1492 625 1518 Vi
647 1492 697 1517 ⁴07
717 1499 743 1516 v.
764 1491 774 1516 ⁴

319 1552 354 1559 —·
374 1538 488 1564 Carnaiis
513 1536 681 1568 intelligentia
701 1535 852 1567 Scripturae
870 1534 906 1559 ni·

266 1584 300 1609 hii
320 1583 427 1616 prodest
445 1583 478 1609 Vi
507 1582 559 1608 336
589 1582 622 1607 99
641 1595 677 1600 —
695 1579 784 1606 Verba
812 1579 905 1605 Christi

266 1636 319 1655 non
338 1631 398 1654 sunt
416 1627 552 1653 carnaliter
565 1625 747 1657 intelligenda,
765 1624 812 1650 sed
832 1623 908 1656 spiri-

267 1673 382 1703 tualiter,
401 1675 429 1697 ut
447 1672 547 1703 prosint
566 1669 627 1697 ibid.
641 1684 676 1688 —-
689 1669 800 1695 carnalis
818 1670 907 1700 necat,

269 1717 332 1743 dum
362 1716 508 1749 spirituales
534 1715 683 1747 Scripturas
707 1714 836 1746 depravat
865 1712 906 1738 Vll

268 1761 319 1787 5⁴4
339 1761 373 1786 39

321 1805 482 1831 luctuosus
500 1818 537 1823 —
555 1806 594 1830 est
607 1803 734 1829 intellectu
747 1808 908 1834 cognoscere

269 1850 302 1875 Vi
324 1850 373 1874 192
394 1856 420 1873 ν.
441 1849 450 1873 1
475 1863 510 1866 —
529 1851 568 1873 est
586 1848 678 1873 videre
697 1847 744 1873 331
766 1847 801 1872 78
821 1853 877 1878 arg.
892 1847 907 1871 2

270 1908 304 1912 -
324 1896 363 1919 est
382 1900 429 1925 per
448 1893 575 1919 rationem
596 1891 647 1917 424
666 1891 695 1916 71

322 1952 357 1956 -
387 1937 498 1963 arduum
525 1939 564 1961 est
591 1939 616 1961 et
643 1942 790 1967 paucorum
815 1935 848 1960 Vi
876 1934 908 1959 ⁴6

268 1990 295 2016 q.
316 1983 325 2007 1
348 1995 384 2001 —-
410 1981 485 2007 Solus
510 1980 658 2012 intelligens
685 1982 772 2011 potest
799 1979 906 2005 latentes

268 2027 381 2053 rationes
401 2027 470 2052 intus
489 2028 514 2051 et
528 2025 658 2051 involutas
669 2026 740 2049 extra
753 2023 909 2055 depromere

269 2071 330 2098 ibid.

322 2116 439 2142 INTEN'nO
458 2129 493 2133 -
511 2117 582 2140 recta
610 2114 780 2145 comparatur
807 2111 854 2137 soli
874 2111 908 2136 Vi

270 2161 303 2185 58
324 2167 350 2185 v.
374 2160 405 2185 12
425 2173 459 2177 -
477 2158 607 2191 significat
626 2160 706 2189 caput
726 2157 777 2182 598
798 2163 824 2181 v.
844 2155 859 2181 6
872 2168 908 2174 -

269 2211 365 2230 nomen
386 2204 495 2235 imponit
512 2203 587 2235 operi
615 2202 658 2228 Vll
679 2201 730 2227 367
750 2201 784 2226 29
802 2213 839 2219 -
857 2206 909 2225 ma-

269 2256 333 2275 nere
351 2247 430 2274 debet
449 2248 474 2273 in
493 2248 605 2278 occuito,
618 2250 643 2273 et
655 2246 702 2272 soli
716 2246 770 2271 Deo
784 2251 832 2277 per
850 2250 908 2269 eam

269 2294 374 2326 placere
393 2292 522 2318 debemus
550 2291 601 2317 594
629 2291 663 2316 25
681 2304 717 2310 --
736 2290 802 2315 Tota
822 2288 910 2315 cordis

270 2338 379 2364 intentio
405 2336 542 2368 dirigenda
570 2338 609 2361 est
637 2335 671 2361 ad
699 2335 784 2360 Deum
804 2334 836 2359 Vi
858 2333 904 2358 111

270 2390 297 2408 v.
321 2383 327 2407 l
352 2396 387 2400 —-
405 2381 456 2407 Cor
475 2380 643 2412 dirigendum
669 2382 708 2405 est
736 2385 783 2411 per
811 2381 909 2404 rectam

271 2427 441 2453 intentionem
461 2425 487 2450 in
507 2425 590 2450 Deum
612 2424 662 2449 ⁴67
682 2431 708 2449 v.
729 2424 744 2449 3

325 2485 357 2489 -
378 2470 472 2496 ‹ilcitur
486 2470 590 2501 oculus,
602 2469 628 2494 in
641 2470 769 2501 quantum
785 2467 911 2493 illumina—

272 2519 314 2541 tur
333 2522 347 2540 a
367 2515 421 2540 Deo
441 2514 474 2539 ad
494 2513 572 2539 totius
600 2512 714 2539 hominis
739 2512 910 2538 directionem
946 2521 948 2523 ·

272 2559 316 2584 Vll
336 2558 386 2583 300
406 2558 440 2583 72
459 2571 494 2577 -
506 2558 601 2583 dicitur
615 2558 729 2588 lucerna,
743 2557 768 2582 in
782 2558 910 2589 quantum

272 2609 380 2629 omnem
399 2602 530 2627 actionem
552 2601 641 2632 dirigit
659 2601 734 2633 quasi
748 2607 855 2632 gressus
868 2601 911 2626 ho-

273 2647 351 2673 minis
364 2639 432 2672 ibid.
454 2659 488 2665 —
507 2645 529 2670 si
549 2648 588 2670 est
606 2645 674 2676 fleta,
694 2645 800 2670 lucerna
820 2644 912 2670 exstin-

275 2692 364 2724 guitur
382 2689 443 2716 z'bz'd.
463 2703 495 2708 -—
516 2688 537 2714 si
556 2691 595 2713 est
614 2691 698 2720 recta,
718 2691 802 2713 totum
822 2688 912 2713 illumi-

274 2738 318 2761 nat
336 2735 467 2760 bonorum
487 2739 598 2764 operum
618 2738 715 2763 corpus
728 2731 789 2757 ibid.
803 2745 836 2750 -—
851 2732 913 2756 sim-

274 2781 333 2812 plex
352 2782 377 2804 et
389 2784 495 2804 sursum
508 2776 606 2802 directa
620 2778 660 2801 cst
672 2775 767 2806 lucida,
787 2775 912 2800 deorsum

275 2827 313 2849 est
332 2829 428 2853 curva,
447 2827 562 2854 nequam
579 2823 604 2846 et
623 2819 734 2845 obscura
755 2819 801 2844 301
825 2818 859 2844 74
879 2833 914 2837 -

275 2874 325 2893 non
346 2869 432 2898 potest
449 2872 507 2891 esse
527 2864 621 2896 lucida,
640 2863 689 2889 nisi
709 2862 778 2888 adsit
797 2862 914 2894 operatio

275 2911 344 2937 bona
364 2910 398 2937 ib.
415 2910 449 2935 76
470 2924 504 2928 -
524 2909 603 2935 debet
622 2915 679 2934 esse
697 2907 808 2939 simplex
829 2906 860 2932 Vl
881 2907 914 2932 22

276 2999 441 3031 simplicitate
459 2998 607 3025 intentionis
628 2997 669 3022 Vll
684 2996 730 3022 301
749 2995 783 3021 74
801 3008 838 3014 -
855 2995 914 3021 Uni-

275 3048 314 3070 tas
334 3047 359 3069 et
377 3042 528 3074 simplicitas
546 3041 696 3068 intentionis
715 3043 801 3066 rectae
830 3039 916 3071 piacet

276 3089 330 3113 Deo
343 3087 377 3113 ib.
396 3087 430 3112 73

330 3146 365 3150 -
384 3130 450 3157 Cum
470 3130 539 3156 bona
564 3130 706 3157 intentione
730 3128 800 3155 bona
826 3128 851 3154 in
872 3134 914 3159 ge-

276 3183 338 3202 nere
352 3178 462 3207 possunt
480 3174 547 3200 bene
560 3175 614 3201 tleri
634 3175 668 3200 Vi
683 3174 733 3200 457
754 3174 769 3199 9
789 3186 824 3193 —
835 3168 915 3198 Recta

278 3220 384 3246 intentio
399 3219 457 3245 tacit
476 3219 608 3244 hominem
623 3219 744 3245 incedere
757 3225 805 3250 per
818 3219 916 3243 rectam

277 3264 350 3289 viam
371 3264 414 3289 Vll
433 3263 466 3288 58
486 3263 529 3288 60.
547 3262 582 3288 72
598 3263 624 3288 11
648 3276 684 3282 -
703 3262 753 3296 Qui
772 3268 832 3288 cuin
846 3263 916 3287 recta

279 3308 418 3333 intentione
447 3307 543 3332 faciunt
570 3307 670 3339 aliquid
693 3314 724 3332 ex
752 3306 859 3332 caritate
884 3306 916 3330 sa-

277 3352 349 3378 ciunt
377 3352 422 3377 301
457 3351 491 3377 73
509 3364 545 3371 -
565 3351 602 3376 De
630 3351 710 3377 corde
737 3350 882 3376 illuminato
901 3355 916 3374 a

273 3399 347 3422 secta
368 3395 510 3422 intentione
522 3395 668 3428 procedunt
680 3401 760 3427 opera
778 3394 843 3421 lucis
855 3392 916 3420 ibid.

928 384 971 409 via
991 383 1055 409 lucis
1076 385 1101 408 et
1119 382 1216 408 incedit
1234 388 1282 414 per
1301 379 1423 407 tenebras
1448 378 1509 406 ibid.
1532 393 1567 398 —

928 427 995 454 Cum
1014 426 1201 453 obtenebratur
1220 426 1328 452 intentio
1347 428 1373 450 et
1397 419 1568 454 deformatur,

929 471 1116 498 obtenebratur
1128 474 1154 497 et
1172 471 1334 496 deformatur
1346 476 1414 501 opus
1433 467 1467 494 ib.
1486 467 1520 493 74
1533 480 1569 487 —

929 516 1088 542 Perversitas
1106 515 1254 541 intentionis
1273 513 1383 546 impedit
1397 518 1569 545 progressum

930 560 1072 586 affectionis
1091 560 1124 585 Vi
1146 559 1198 585 584
1217 567 1244 584 v.
1263 559 1296 584 27
1317 572 1350 577 -
1369 558 1454 583 Homo
1479 558 1570 588 peccat

931 605 1099 632 intentionem
1120 603 1296 636 pervertendo
1316 602 1366 627 410
1386 602 1434 632 75,
1451 601 1486 626 76

987 650 1151 674 INTERFlCl-:RE
1164 662 1198 666 —
1212 647 1277 673 Nulli
1297 647 1356 672 licet
1374 645 1520 671 interlicere
1542 650 1571 669 se

932 694 1019 726 ipsum
1039 693 1072 718 Vi
1093 692 1143 718 419
1165 692 1192 717 41

985 739 1218 763 1Ντε11111ΝΑΒιιιτΑε
1247 749 1280 753 -
1305 732 1571 760 interminabilitatem

933 789 986 808 non
1005 783 1090 813 potest
1103 781 1163 813 quis
1176 779 1273 805 habere
1286 779 1333 804 nisi
1348 785 1362 804 a
1383 780 1452 804 tonte
1468 778 1573 804 immor-

934 826 1035 852 talitatis
1048 826 1081 851 Vl
1096 825 1110 850 4
1130 825 1146 850 5

988 871 1162 895 lNTEnnooAne
1181 882 1217 888 —
1235 868 1319 900 lpsius
1337 870 1376 893 est
1400 867 1573 898 interrogare,

935 914 1010 940 cuius
1029 917 1068 939 est
1087 913 1204 939 iudicare
1222 912 1264 937 Vll
1285 912 1336 937 203
1359 911 1392 937 54
1411 925 1447 930 --
1466 911 1575 936 interro-

935 959 1006 991 gatio
1026 961 1065 984 est
1084 957 1200 989 curiosa,
1220 963 1289 989 quae
1314 958 1353 981 est
1370 955 1405 981 de
1422 962 1451 980 re
1475 956 1575 980 secreta

936 1003 987 1029 437
1005 1003 1039 1028 36

988 1048 1098 1073 luriunt:
1116 1060 1152 1065 —
1171 1052 1219 1077 per
1237 1044 1333 1070 ostium
1353 1046 1392 1070 est
1410 1044 1505 1069 intrare
1529 1050 1576 1076 per

936 1092 1073 1118 veritatem
1093 1091 1126 1116 Vi
1146 1090 1197 1116 383
1218 1090 1233 1115 3

990 1137 1106 1162 111011οτ111
1124 1148 1159 1154 -
1180 1134 1207 1159 111
1231 1133 1314 1159 veteri
1333 1134 1485 1158 testamento
1505 1132 1578 1157 inun-

939 1180 1070 1213 gebantur
1088 1180 1234 1211 Prophetae
1254 1178 1296 1203 Vli
1310 1177 1325 1203 3
1342 1178 1357 1203 3
1370 1191 1406 1196 -
1418 1179 1474 1202 erat
1492 1176 1577 1207 figura

938 1225 1051 1257 Spiritus
1069 1223 1150 1250 sancti
1172 1221 1234 1249 ibid.
1246 1236 1282 1242 -·
1295 1221 1393 1247 lnuncti
1414 1219 1578 1253 accipiebant

940 1269 1064 1302 Spiritum
1084 1267 1188 1294 Domini
1207 1266 1270 1294 ibid.

993 1315 1091 1339 iun-rus
1112 1327 1148 1330 —
1166 1311 1319 1344 simpliciter
1337 1313 1377 1336 est
1394 1309 1467 1343 quod
1486 1309 1579 1335 melius

940 1360 980 1383 est
1003 1357 1156 1389 simpliciter
1180 1356 1311 1382 dimittere
1329 1362 1411 1388 quarn
1429 1357 1518 1380 tenere
1546 1353 1579 1379 Vi

943 1402 975 1428 47
995 1409 1021 1434 q.
1042 1415 1075 1420 -
1095 1401 1196 1426 Tenere
1214 1400 1319 1426 divitias
1337 1402 1376 1425 est
1401 1399 1490 1424 inutile
1517 1397 1580 1424 ibid.

941 1460 977 1466 -
1007 1445 1085 1478 Quod
1115 1447 1230 1477 praestat
1258 1443 1476 1476 impedimentum
1503 1442 1581 1468 deve-

942 1490 1031 1516 niendi
1050 1489 1075 1515 in
1095 1489 1174 1514 finem
1194 1491 1233 1514 est
1251 1487 1341 1513 inutile
1358 1486 1422 1513 ibid.

997 1535 1116 1559 Iuvanum
1128 1547 1163 1551 -
1176 1535 1215 1558 est
1233 1531 1382 1565 quaerentis
1401 1531 1434 1556 Vi
1453 1530 1487 1556 78
1507 1538 1534 1556 v.
1549 1530 1581 1555 15

943 1593 978 1597 -
998 1577 1110 1605 Latentis
1130 1576 1306 1602 inventionem
1320 1574 1453 1607 praecedit
1470 1574 1583 1606 diligens

944 1622 1076 1656 inquisitio
1096 1622 1130 1647 62
1149 1628 1176 1646 v.
1195 1620 1229 1646 24
1247 1634 1284 1640 -
1301 1619 1422 1652 Cognitio
1437 1619 1466 1644 flt
1484 1625 1532 1651 per
1545 1618 1583 1643 in-

945 1667 1093 1693 ventionem
1124 1666 1156 1691 ⁴6
1184 1672 1211 1698 q.
1239 1665 1255 1690 2
1273 1678 1309 1683 -
1334 1664 1584 1696 Quantumcumque

945 1713 1025 1738 homo
1050 1710 1165 1741 laborat,
1184 1716 1235 1735 non
1260 1711 1345 1741 potest
1367 1707 1485 1733 invenire
1503 1707 1533 1732 71
1557 1714 1583 1732 ν.

945 1757 978 1782 16
991 1770 1027 1776 -
1038 1755 1171 1781 invenitur
1189 1753 1262 1787 quod
1275 1752 1407 1786 perditum
1427 1754 1467 1778 est
1485 1751 1537 1777 265
1551 1751 1583 1776 90

944 1815 980 1821 ——
998 1802 1046 1826 Per
1064 1801 1205 1826 humanam
1220 1798 1398 1824 inventionem
1418 1796 1506 1822 divina
1521 1795 1585 1822 iudi-

946 1846 986 1872 cia
1006 1852 1060 1871 non
1080 1843 1247 1876 intelligimus
1264 1842 1299 1868 72
1319 1849 1345 1875 q.
1365 1842 1375 1866 ⁴

998 1891 1093 1916 iuvnm
1113 1903 1148 1908 —
1167 1890 1206 1914 est
1219 1887 1269 1913 illia
1286 1886 1427 1919 superbiae
1446 1886 1488 1911 Vli
1503 1885 1549 1912 501
1568 1886 1584 1911 2

944 1948 980 1955 -
999 1937 1038 1960 est
1057 1940 1135 1960 causa
1157 1932 1231 1958 dubii
1255 1935 1280 1957 et
1298 1931 1445 1957 calumniae
1468 1929 1531 1956 ibid.
1552 1944 1585 1948 —

946 1979 993 2005 suit
1011 1985 1090 2004 causa
1114 1976 1302 2003 excaecationis
1327 1975 1477 2008 principum
1503 1980 1587 2000 sacer-

945 2023 1051 2055 dotum,
1070 2021 1217 2048 scribarum
1231 2024 1256 2046 et
1275 2020 1408 2046 seniorum
1421 2018 1483 2046 ibid.
1497 2033 1531 2038 —
1545 2021 1584 2044 est

946 2074 1040 2098 eausa,
1059 2073 1112 2099 qua
1131 2065 1193 2092 Cain
1213 2067 1301 2091 contra
1323 2066 1428 2090 fratrem
1447 2070 1525 2089 suum
1545 2070 1587 2088 ar-

947 2111 1076 2142 mabatur,
1095 2110 1139 2135 fllii
1164 2109 1241 2135 iacob
1265 2111 1353 2135 contra
1378 2108 1485 2140 ioseph,
1504 2107 1587 2139 Baby-

946 2155 1008 2181 lonii
1026 2157 1117 2181 contra
1137 2153 1284 2184 Danielem,
1303 2152 1390 2178 ludaei
1409 2154 1499 2178 contra
1517 2150 1587 2177 Chri-

947 2202 1017 2226 stum
1037 2199 1088 2224 569
1110 2199 1142 2224 12

1000 2257 1037 2264 -
1054 2243 1161 2269 invidus
1188 2249 1242 2268 non
1261 2241 1310 2268 erit
1334 2240 1465 2273 particeps
1483 2240 1587 2272 sapien-

948 2288 999 2313 tiae
1017 2287 1050 2312 Vi
1070 2286 1121 2312 150
1149 2293 1176 2312 v.
1202 2285 1236 2311 25
1254 2298 1290 2304 -
1308 2284 1423 2317 pessima
1452 2285 1490 2309 est
1516 2282 1587 2308 socia

948 2331 1009 2359 ibid.
1028 2345 1064 2351 —
1082 2331 1193 2357 devorat
1211 2329 1345 2356 hominem
1366 2328 1433 2354 sicut
1452 2329 1505 2353 sera
1524 2326 1587 2353 ibid.

1002 2391 1036 2394 —
1055 2378 1139 2401 armat
1157 2382 1203 2401 cor
1215 2374 1249 2400 ad
1268 2373 1417 2406 proximum
1433 2373 1589 2404 impugnan-

949 2421 1013 2447 dum
1037 2420 1080 2446 Vll
1109 2420 1161 2447 568
1190 2420 1223 2445 12
1243 2433 1277 2438 -
1300 2418 1422 2444 Naturale
1449 2419 1488 2443 est
1516 2416 1588 2442 cives

949 2464 1103 2492 concivibus
1122 2463 1239 2490 invidere
1259 2463 1304 2488 101
1329 2462 1359 2487 51

1003 2524 1035 2528 -
1055 2508 1198 2541 spiritualia
1215 2507 1367 2539 comprimit
1385 2506 1428 2532 Vll
1441 2505 1488 2531 361
1509 2505 1536 2530 11
1553 2518 1589 2524 -

950 2553 1130 2580 Aemulatione
1142 2559 1193 2578 non
1212 2555 1252 2577 est
1264 2551 1351 2584 aliqua
1365 2550 1460 2576 malitia
1474 2549 1589 2576 deterior

949 2599 1001 2624 289
1031 2597 1063 2623 40
1087 2611 1122 2617 -
1141 2597 1291 2622 Aemulator
1316 2601 1451 2628 nunquam
1478 2593 1590 2627 quiescit

950 2642 1012 2669 ibid.
1030 2655 1066 2662 —
1090 2642 1168 2667 etiam
1197 2643 1319 2672 superata
1347 2639 1452 2665 difficile
1479 2637 1590 2671 quiescit

951 2687 1002 2712 5⁴6
1023 2686 1055 2711 46
1068 2699 1104 2705 -
1117 2684 1252 2710 tabescere
1272 2684 1331 2709 tacit
1350 2683 1383 2708 Vl
1397 2683 1447 2708 150
1461 2689 1487 2707 v.
1507 2682 1541 2707 25
1555 2695 1589 2700 -

952 2729 1029 2755 Menti
1048 2729 1154 2754 invidae
1176 2735 1229 2753 non
1248 2727 1343 2753 sufficit
1361 2726 1427 2752 ratio
1440 2726 1497 2751 sine
1515 2725 1590 2757 puni-

952 2774 1020 2799 tione
1039 2773 1081 2798 Vii
1101 2772 1148 2798 571
1173 2772 1206 2796 26

1005 2830 1040 2836 -
1058 2816 1166 2842 vanitas
1187 2819 1226 2841 est
1250 2815 1349 2841 invidia
1372 2815 1398 2840 in
1423 2813 1538 2840 dolendo
1556 2813 1590 2839 de

953 2860 1022 2886 bono
1041 2863 1067 2886 et
1085 2859 1257 2892 prosperitate
1280 2859 1392 2891 proximi
1411 2858 1539 2884 malitiose
1557 2857 1589 2882 Vl

954 2906 986 2931 38
1006 2912 1031 2931 v.
1053 2905 1068 2930 4
1086 2918 1122 2924 —
1142 2904 1224 2930 invidi
1238 2903 1338 2929 bonum
1352 2902 1443 2928 videre
1458 2909 1513 2928 non
1531 2908 1590 2934 pos·

954 2952 1013 2975 sunt
1032 2949 1074 2975 Vll
1094 2949 1145 2975 529
1165 2948 1199 2974 25
1219 2962 1252 2966 -
1271 2947 1377 2973 invidus
1403 2946 1495 2972 videns
1521 2945 1589 2971 bona

953 2994 1039 3020 statim
1059 2994 1129 3020 dolet
1147 2993 1180 3018 Vl
1195 2993 1228 3018 38
1248 2999 1274 3018 ν.
1295 2991 1309 3017 4
1322 3006 1357 3010 -
1371 2998 1476 3023 semper
1495 2990 1592 3022 cogitat

954 3038 987 3064 de
1006 3037 1083 3064 bonis
1102 3037 1204 3068 alienis,
1223 3044 1276 3062 non
1295 3036 1330 3062 de
1348 3035 1402 3061 suis
1420 3034 1482 3061 ibid.
1501 3048 1537 3054 -
1556 3034 1592 3059 in-

954 3082 1033 3108 vidus
1050 3089 1102 3108 non
1121 3082 1176 3107 vuit
1190 3080 1287 3106 habere
1305 3082 1453 3106 consortem
1472 3078 1498 3104 in
1515 3077 1592 3104 bonis

956 3126 987 3152 40
1007 3134 1033 3159 q.
1052 3140 1087 3146 —
1106 3125 1212 3152 invidus
1237 3125 1307 3151 dolet
1331 3124 1364 3150 de
1388 3123 1487 3155 gaudio
1507 3122 1591 3148 alieno

955 3170 1007 3196 287
1027 3170 1060 3196 52
1080 3184 1114 3189 -
1133 3169 1248 3196 invidiae
1268 3168 1404 3194 infirmitas
1423 3173 1529 3193 causam
1553 3172 1593 3191 ac·

955 3214 1017 3247 cipit
1035 3221 1066 3240 ex
1094 3213 1165 3240 bono
1190 3216 1215 3240 et
1242 3213 1269 3238 in
1294 3211 1467 3237 amaritudine
1495 3209 1594 3236 habitat

955 3258 1007 3284 587
1027 3258 1042 3283 6
1062 3272 1097 3277 -
1117 3258 1222 3284 invidus
1245 3257 1328 3282 aliena
1353 3255 1472 3282 felicitate
1491 3257 1593 3287 torque·

955 3307 996 3330 tur
1016 3303 1058 3328 Vii
1080 3302 1129 3328 ⁴39
1151 3303 1183 3328 ⁴8

1009 3361 1043 3366 —
1063 3347 1147 3372 Homo
1166 3353 1214 3378 per
1233 3345 1359 3371 invidiam
1379 3344 1484 3370 eliditur
1503 3350 1517 3368 a
1538 3342 1594 3368 dia-

955 3391 1016 3418 bolo
1036 3389 1079 3416 Vii
1099 3388 1145 3415 241
1170 3388 1204 3414 76
1222 3401 1258 3408 -
1276 3387 1384 3414 invidus
1406 3393 1458 3412 non
1477 3384 1593 3418 quaerit,

1896 287 1950 314 iOA

1605 332 1670 365 quid
1689 332 1771 363 dicat,
1800 332 1847 358 sed
1867 333 1961 365 solum,
1989 334 2018 357 ut
2040 331 2110 358 dicat
2138 332 2189 358 289
2210 331 2242 357 40

1605 391 1639 396 -
1659 377 1686 402 ln
1700 376 1799 402 invidia
1813 375 1910 402 diaboli
1929 377 2002 402 virus
2015 383 2063 408 per
2076 379 2128 402 tota
2142 376 2243 402 viscera

1606 421 1687 453 serpit
1706 421 1757 446 569
1779 421 1812 447 12

1662 479 1697 484 -
1716 465 1851 497 Apparitio
1870 464 1965 491 Christi
1983 464 2075 491 liberat
2094 464 2128 490 ab
2146 464 2246 490 invidia

1608 509 1778 535 illuminando
1797 509 1831 535 ad
1844 509 1979 535 doctrinae
1997 509 2246 535 communicantiam

1608 554 1641 579 vl
1661 554 1712 579 302
1739 554 1771 579 83
1797 553 1852 587 (82)
1871 567 1907 573 -
1925 553 2031 586 Apertio
2048 553 2134 579 lateris
2152 553 2248 579 Christi

1608 601 1648 624 est
1665 599 1816 630 exemplum
1836 600 1924 624 contra
1945 598 2071 624 invidiam
2091 598 2142 623 6⁴8
2159 598 2174 622 3

1662 656 1698 662 -
1716 642 1824 668 invidus
1844 644 1937 668 frustra
1951 645 2084 674 exspectat
2101 648 2179 674 opem
2199 641 2248 667 mi-

1609 687 1766 713 sericordiae
1790 687 1907 713 caelestis
1925 687 1969 713 Vll
1995 687 2040 712 101
2072 686 2105 712 49
2124 700 2159 705 -
2181 686 2249 712 111νί-

1610 731 1705 757 dorum
1724 734 1877 763 aspernator
1895 734 1934 757 est
1953 731 2080 756 Dominus
2099 729 2162 756 ibid.

1663 791 1699 795 -
1717 779 1756 802 est
1775 776 1851 808 quasi
1863 777 1946 801 lutum
1966 776 2058 807 fragile
2071 778 2097 801 et
2113 775 2249 807 passivum

1611 822 1644 847 Vl
1664 821 1715 847 580
1736 821 1752 846 5
1770 835 1805 839 —
1824 823 1863 846 est
1881 820 1957 852 quasi
1976 820 2045 851 ignis
2063 820 2113 845 139
2133 827 2159 845 v.
2179 819 2195 844 6
2213 833 2249 837 —-

1611 869 1651 892 est
1669 872 1741 891 mors
1759 865 1852 896 culpae
1868 864 1919 889 589
1939 864 1955 889 5
1969 879 2004 882 -
2018 864 2116 890 Vitium
2135 863 2251 894 invidiae

1612 910 1764 942 intelligitur
1781 916 1830 941 per
1849 908 1946 935 bestias
1965 908 2085 935 scintillas
2109 908 2143 934 ab
2168 907 2252 934 oculis

1613 955 1760 981 emittentes
1780 954 1826 979 181
1851 961 1877 979 ν.
1897 953 1930 978 20
1944 953 2142 985 —intelligitur
2161 960 2207 986 per
2219 953 2252 979 le-

1614 1006 1689 1032 pram
1709 999 1761 1024 587
1781 998 1798 1023 7

1668 1044 1849 1069 imvirnoniun
1873 1054 1908 1060 ——
1933 1040 2031 1067 diaboii
2056 1041 2089 1067 ad
2115 1044 2253 1073 peccatum

1614 1091 1654 1114 est
1672 1088 1787 1120 vanitas,
1806 1086 1944 1119 iniquitas,
1958 1085 2075 1117 avaritia,
2087 1085 2207 1117 voluptas
2221 1085 2253 1111 Vi

1617 1133 1662 1159 121
1687 1140 1714 1158 ν.
1734 1132 1749 1157 6

1669 1177 1806 1203 luvrsunm
1818 1189 1854 1195 —
1866 1176 1915 1201 Per
1926 1173 2037 1200 visibilia
2056 1173 2208 1206 pervenitur
2221 1173 2255 1199 ad

1617 1221 1756 1248 invisibilia
1774 1220 1809 1246 Vl
1828 1220 1880 1246 318
1901 1220 1924 1245 ⁴.
1942 1219 1992 1245 326
2008 1218 2041 1244 46

1669 1267 1760 1292 1011111111
1788 1279 1823 1284 -
1852 1271 1917 1290 uxor
1935 1263 2050 1294 Chusae,
2079 1261 2256 1295 procuratoris

1616 1311 1742 1341 Herodis,
1762 1309 1809 1336 fuit
1827 1316 1842 1335 a
1867 1308 1971 1335 Christo
1993 1310 2083 1334 curata
2107 1310 2133 1333 et
2151 1309 2206 1332 erat
2230 1306 2256 1332 in

1617 1356 1674 1382 eius
1692 1355 1818 1381 comitatu
1837 1353 1936 1379 ratione
1955 1352 2056 1384 accepti
2074 1351 2193 1377 beneficii
2212 1350 2257 1376 Vll

1619 1400 1669 1426 189
1690 1399 1704 1425 4
2029 1417 2032 1420 ,

1672 1444 1776 1470 ionum-:S
1787 1457 1823 1462 —
1836 1443 2020 1474 interpretatur
2038 1442 2063 1467 in
2076 1448 2130 1474 quo
2149 1443 2189 1466 est
2201 1447 2259 1473 gra·

1619 1488 1661 1520 tia,
1672 1491 1698 1513 et
1711 1494 1758 1519 per
1771 1494 1832 1513 eum
1846 1486 1996 1518 intelligitur
2008 1486 2093 1511 virtus
2111 1488 2258 1517 temperan-

1619 1532 1670 1558 tiae
1688 1532 1745 1557 sive
1770 1530 1944 1557 continentiae
1963 1530 2007 1556 Vil
2033 1530 2083 1555 ⁴43
2104 1530 2137 1555 36
2157 1544 2192 1548 -
2211 1529 2260 1555 Per

1621 1577 1742 1602 loannem
1755 1575 1906 1606 intelligitur
1918 1574 2003 1600 virtus
2021 1578 2047 1600 et
2059 1574 2142 1606 gratia
2159 1573 2210 1599 543
2225 1573 2254 1598 11

1620 1634 1656 1640 ·-
1673 1619 1805 1651 significat
1822 1619 1848 1644 in
1867 1625 1921 1651 quo
1941 1621 1980 1644 est
1998 1618 2082 1650 gratia
2101 1617 2163 1644 ibid.
2176 1630 2211 1637 -—
2225 1617 2260 1643 in-

1620 1666 1778 1696 terpretatur
1796 1663 1823 1688 in
1847 1669 1901 1695 quo
1927 1665 1966 1688 est
1984 1662 2066 1694 gratia
2092 1665 2117 1688 et
2140 1662 2261 1694 designat

1622 1708 1755 1734 caritatem
1776 1707 1828 1733 214
1847 1707 1890 1732 91.
1911 1706 2016 1732 232-49
2036 1719 2071 1725 -
2090 1706 2199 1731 ioannes
2225 1706 2261 1731 in-

1621 1754 1777 1785 terpretatur
1796 1751 1901 1777 dextera
1921 1750 1954 1775 87
1977 1750 2010 1775 63

1674 1810 1710 1816 -
1736 1794 1874 1830 Baptistae
1900 1796 2043 1826 conceptus
2068 1796 2107 1819 est
2134 1793 2261 1819 mirificus

1621 1842 1665 1868 Vll
1688 1841 1718 1866 13
1744 1847 1759 1865 a
1785 1854 1819 1858 -
1846 1840 1989 1870 conceptus
2020 1838 2066 1863 suit
2090 1838 2115 1862 in
2140 1840 2262 1869 peccato,

1621 1886 1669 1913 sed
1687 1888 1764 1911 natus
1777 1884 1870 1917 plenus
1888 1883 1985 1915 Spiritu
1999 1884 2089 1908 sancto
2109 1881 2143 1907 34
2158 1881 2207 1907 104
2227 1895 2263 1900 -

1622 1938 1675 1957 non
1694 1932 1749 1956 erat
1777 1930 1920 1960 conceptus
1942 1927 2039 1953 virtute
2067 1928 2189 1957 naturae,
2214 1925 2262 1951 sed

1622 1982 1693 2002 novo
1712 1974 1792 2000 modo
1812 1974 1908 1999 virtute
1928 1972 2028 2004 gratiae
2047 1971 2145 1997 35109
2157 1970 2264 1996 —Fuit

1623 2021 1648 2046 in
1668 2027 1700 2045 eo
1719 2019 1826 2051 spiritus
1846 2017 1953 2050 gratiae,
1973 2023 2034 2043 cum
2054 2018 2123 2042 esset
2141 2015 2168 2040 in
2187 2017 2262 2041 utero

1624 2067 1742 2090 materno
1753 2063 1855 2089 sicutin
1866 2061 1974 2088 ieremia
1989 2061 2022 2087 ⁴7
2036 2060 2070 2086 26
2083 2074 2118 2080 -
2131 2061 2156 2086 111
2170 2066 2202 2085 eo
2217 2059 2264 2085 suit

1624 2108 1707 2140 gratia
1720 2109 1901 2133 consummata
1915 2106 2027 2138 Spiritus
2040 2105 2122 2131 sancti
2136 2105 2168 2130 16
2183 2104 2217 2129 25
2230 2117 2264 2122 -

1624 2153 1671 2178 suit
1689 2154 1793 2178 sanctus
1812 2158 1843 2177 ex
1862 2153 1936 2176 utero
1954 2150 2045 2176 matris
2059 2149 2092 2174 Vl
2107 2148 2158 2175 254
2178 2149 2212 2174 36
2229 2161 2265 2168 —

1624 2197 1652 2222 ln
1671 2203 1703 2222 eo
1721 2195 1768 2221 tuit
1780 2195 1863 2227 gratia
1883 2197 1942 2227 post
1960 2193 2147 2219 animationem
2167 2193 2211 2218 Vll
2230 2192 2264 2218 ⁴7

1625 2241 1658 2266 26
1672 2255 1707 2259 --
1720 2240 1747 2265 in
1760 2246 1793 2265 eo
1806 2239 1852 2265 ruit
1864 2241 2043 2265 consummata
2057 2238 2140 2270 gratia
2155 2236 2267 2269 Spiritus

1625 2285 1721 2317 sancti,
1740 2284 1801 2317 quia
1822 2283 1944 2315 impietus
1963 2283 2056 2315 spiritu
2078 2282 2222 2314 sapientiae
2240 2283 2266 2307 et

1625 2329 1769 2355 intellectus
1784 2328 1816 2353 ⁴6
1837 2327 1871 2352 25
1889 2341 1924 2345 -
1944 2326 2144 2352 commendatur
2164 2326 2191 2351 in
2209 2332 2266 2357 gra-

1625 2374 1659 2400 tia
1678 2375 1806 2407 quantum
1826 2371 1860 2397 ad
1873 2370 2127 2397 consummationem
2147 2373 2173 2396 et
2190 2376 2265 2395 acce-

1625 2418 1778 2445 lerationem
1797 2414 1872 2446 ibid„
1893 2415 1926 2441 26
1945 2429 1981 2434 -
1994 2415 2098 2441 Donum
2119 2414 2219 2447 gratiae
2238 2413 2265 2439 in

1626 2464 1720 2490 loanne
1739 2459 1952 2494 praerogativam
1971 2458 2062 2485 habuit
2080 2460 2108 2485 in
2130 2458 2215 2491 gradu
2241 2460 2267 2483 et

1626 2512 1776 2533 mensuram
1796 2503 1901 2530 finitatis
1920 2503 1945 2528 in
1958 2506 2026 2529 statu
2048 2504 2097 2529 179
2117 2503 2149 2528 52
2163 2516 2198 2522 —
2212 2508 2266 2527 non

1626 2554 1666 2578 est
1684 2551 1750 2576 inter
1769 2548 1888 2574 homines
1916 2547 1942 2572 in
1970 2547 2054 2579 gradu
2083 2547 2182 2579 gratiae
2210 2545 2265 2571 inti-

1627 2602 1671 2621 mo
1690 2595 1732 2620 vel
1752 2592 1855 2624 medio,
1881 2591 1928 2617 sed
1953 2591 1978 2616 in
2003 2598 2128 2623 supremo
2151 2589 2212 2617 ibid.
2232 2604 2267 2610 —

1628 2640 1675 2665 suit
1698 2636 1825 2663 mirabilis
1853 2635 2043 2667 praerogativis
2066 2635 2266 2667 privilegiorum

1628 2684 1661 2709 36
1683 2682 1733 2707 112

1680 2740 1715 2745 -
1735 2726 1791 2750 erat
1814 2723 1916 2749 amicus
1941 2723 2036 2754 Sponsi
2059 2722 2218 2758 praecipuus
2242 2725 2268 2748 et

1627 2769 1765 2797 exsultavit
1783 2770 1891 2800 propter
1910 2773 2003 2792 vocem
2022 2766 2116 2798 Sponsi
2130 2766 2172 2791 Vii
2187 2766 2220 2791 28
2233 2765 2268 2791 76

1627 2828 1662 2834 -
1682 2812 1820 2848 exsultavit
1845 2817 1909 2843 prae
1938 2810 2068 2836 desiderio
2091 2810 2158 2836 sicut
2181 2810 2269 2835 Patres

1628 2857 1692 2885 ibid.
1710 2870 1745 2877 -
1763 2855 1900 2882 exsultavit
1924 2854 1956 2881 ad
1971 2854 2145 2886 praesentiam
2163 2854 2267 2880 Domini

1629 2900 1783 2932 salvatoris,
1808 2899 1886 2932 quasi
1911 2899 2024 2930 gestiens
2048 2899 2160 2924 salutare
2178 2901 2204 2924 et
2226 2905 2267 2924 as-

1629 2952 1738 2978 surgere
1762 2944 1874 2970 Domino
1894 2950 1951 2975 suo,
1978 2943 2053 2969 cuius
2073 2946 2128 2969 erat
2146 2949 2267 2975 praecur-

1629 2997 1673 3017 sor
1692 2988 1755 3016 ibid.

1682 3048 1717 3052 —
1736 3031 1931 3064 confortabatur
1950 3031 2042 3064 spiritu
2062 3031 2168 3057 divinae
2190 3030 2270 3056 virtu-

1630 3078 1662 3104 tis
1680 3078 1723 3103 Vll
1745 3076 1777 3102 43
1798 3075 1848 3101 143
1863 3090 1896 3094 -
1909 3075 1974 3102 Cum
1995 3076 2089 3101 loanne
2108 3077 2163 3101 erat
2176 3080 2269 3100 manus

1630 3123 1719 3148 dextra
1739 3121 1785 3146 Dei
1804 3127 1964 3146 conservans
1988 3122 2014 3147 et
2033 3120 2182 3145 confortans
2207 3124 2268 3143 eum

1631 3167 1663 3192 38
1685 3165 1735 3191 118
1750 3179 1784 3183 ——
1798 3163 1912 3191 debebat
1928 3163 2111 3196 praenuntiare
2124 3162 2270 3193 Christum,

1630 3210 1676 3243 qui
1696 3212 1750 3235 erat
1777 3209 1855 3235 simul
1878 3215 1923 3235 rex
1951 3210 1976 3235 et
1995 3207 2119 3234 sacerdos
2147 3206 2179 3232 ⁴3
2201 3207 2215 3231 8
2234 3218 2270 3225 -

1631 3253 1799 3287 praeparavit
1822 3253 1893 3279 viam
1919 3252 2021 3279 Domini
2047 3250 2191 3281 nascendo,
2210 3256 2269 3276 con-

1632 3297 1774 3329 versando,
1789 3296 1959 3330 baptizando,
1973 3295 2150 3328 praedicando
2171 3294 2221 3319 179
2235 3293 2264 3318 51

1684 3356 1719 3360 -
1735 3341 1782 3368 fuit
1794 3342 1890 3367 missus
1904 3343 1964 3366 ante
1976 3339 2118 3366 Dominum
2132 3340 2160 3364 nt
2172 3342 2269 3369 praeco

1634 3386 1665 3412 ad
1686 3385 1904 3416 annuntiandum,
1928 3387 1957 3411 ut
1982 3389 2138 3417 praecursor
2164 3380 2196 3406 ad
2222 3379 2270 3405 iter
