2427 3872
306 266 370 298 846

590 304 652 330 τΕΝ

360 354 488 378 Teani-10
509 363 541 368 —
561 352 599 374 est
618 348 731 378 malum,
751 345 823 379 quod
842 348 881 371 est
899 351 943 370 oc-

305 398 375 423 casio
400 396 492 426 culpae
517 394 558 419 Vll
585 384 638 418 279
655 392 670 415 8
689 405 725 410 -
743 390 883 416 imminens
904 392 943 414 est

306 448 383 466 causa
404 439 480 464 taedii
500 438 569 463 vitae
588 437 620 461 Vl
640 436 674 461 25
693 442 718 460 v.
740 435 772 459 17

360 498 392 502 -—
413 485 438 508 ln
458 482 597 507 tentatione
616 481 663 506 tria
680 482 740 505 sunt
753 477 942 504 consideranda

308 529 347 553 Vll
363 529 395 553 89
413 529 433 558 1,
448 528 462 552 2
476 540 511 545 -
523 525 685 551 Tentationis
704 524 793 555 triplex
814 523 943 548 motivum

306 573 450 599 secundum
471 563 561 602 triplex
586 570 683 595 bonum
705 569 737 593 90
758 569 782 592 8.
803 567 837 592 95
856 567 890 592 23
910 580 943 584 --

307 618 340 643 ad
360 617 457 642 malum
477 615 602 640 inclinans
627 617 665 638 est
684 620 697 638 a
718 619 810 642 carne,
830 610 945 640 mundo,

307 660 427 690 diabolo,
448 667 498 685 non
517 666 531 684 a
552 659 605 684 Deo
626 658 658 683 Vl
678 656 777 682 32014
791 670 824 674 --
838 655 945 688 daemo-

307 706 346 731 nis
365 709 403 730 est
423 705 462 729 xel
481 703 591 729 exterior
604 705 629 727 et
641 701 765 731 risibilis,
781 700 821 725 vel
838 699 946 727 interior

307 754 332 775 et
352 748 488 774 invisibilis
510 748 558 773 175
578 754 602 771 V.
626 746 655 771 14

360 807 395 812 —-
408 794 492 818 Homo
506 795 584 817 tentat
598 790 744 823 probando⁷
758 792 786 814 ut
803 789 946 814 innotescat

308 837 443 870 probanti,
456 837 501 862 sed
516 837 585 861 Deus
598 838 691 865 tentat,
704 837 749 859 aut
763 836 790 859 ut
803 833 946 857 innotescat

307 882 377 912 assis,
397 885 440 906 aut
460 884 487 906 ut
506 879 633 912 probatus
658 879 800 904 innotescat
824 876 872 902 sibi
895 876 945 907 ipsi

307 927 339 951 vt
361 927 410 951 320
433 925 465 950 14
484 938 519 943 -
538 925 608 949 Deus
633 930 684 948 non
710 925 790 948 tentat
814 921 847 946 ad
872 919 945 945 addi-

308 971 434 996 scendum
455 976 503 994 nec
515 969 549 994 ad
562 967 758 999 decipiendum,
780 965 826 990 sed
843 964 876 989 ad
890 971 945 989 eru-

307 1014 448 1046 diendum,
464 1016 492 1038 ut
505 1013 628 1044 magister
647 1011 804 1042 discipulum
826 1008 875 1034 t27
888 1015 915 1033 v.
928 1008 945 1033 5

306 1072 341 1078 ——
361 1059 430 1084 Deus
448 1057 586 1090 probando
605 1056 685 1081 tentat
698 1055 783 1080 virum
799 1054 944 1086 perfectum

306 1103 340 1128 ad
359 1102 522 1134 exemplum,
542 1101 722 1132 imperfectum
740 1099 775 1124 ad
795 1097 945 1123 humilitatis

307 1147 429 1172 meritum
449 1146 501 1172 320
525 1145 554 1170 14
573 1158 608 1164 -
630 1144 762 1170 hominem
788 1142 882 1174 probat
900 1141 944 1166 Vll

307 1192 358 1217 282
380 1191 412 1216 16

359 1249 395 1254 —
412 1235 525 1261 Tentare
543 1237 582 1259 est
600 1232 668 1258 aliud
689 1232 800 1257 exterius
824 1234 946 1262 praeten-

306 1281 384 1310 dere,
403 1279 473 1305 aliud
492 1278 600 1304 interius
619 1277 752 1302 intendere
773 1276 804 1301 Vl
822 1275 867 1300 111
889 1283 914 1300 v.
928 1275 943 1300 2

305 1338 341 1343 -
360 1325 470 1349 Tentare
488 1325 526 1348 est
545 1322 613 1348 idem
631 1321 702 1354 quod
722 1320 815 1346 callide
832 1319 943 1351 experiri

305 1367 368 1394 ibid.

360 1426 394 1430 —
413 1411 592 1444 significantur
610 1417 657 1442 per
675 1409 764 1441 spinas
789 1411 815 1434 et
837 1407 945 1434 tribulos

307 1458 339 1482 Vl
361 1457 405 1482 141
430 1464 455 1481 v.
485 1455 518 1480 15
545 1469 580 1474 --
608 1454 748 1480 exteriores
775 1453 945 1485 designantur

307 1508 353 1533 per
373 1500 568 1526 inundationem
577 1520 583 1531 ,
597 1498 732 1524 interiores
744 1505 791 1530 per
807 1497 944 1523 illisionem

307 1545 421 1571 fluminis
439 1545 483 1570 Vll
503 1544 555 1569 164
576 1544 626 1568 108
645 1556 680 1562 -
699 1543 802 1568 animae
826 1542 945 1573 designa·

307 1594 348 1616 tur
367 1590 391 1614 in
411 1590 509 1621 impetu
528 1588 657 1620 procellae
676 1588 727 1612 200
747 1586 790 1617 43,
811 1586 843 1612 44

360 1647 394 1653 --
413 1636 452 1659 est
476 1633 551 1666 qnasi
575 1632 647 1658 canis
671 1632 805 1657 deducens
828 1638 892 1656 oves
911 1630 943 1656 Vl

308 1679 358 1703 583
377 1679 405 1703 12
419 1692 453 1696 ——
469 1680 530 1703 sunt
548 1677 624 1702 ssatus
642 1676 820 1701 concutientes
838 1675 943 1700 navicu-

306 1724 357 1748 lam
377 1722 550 1754 poenitentiae
568 1721 594 1746 in
614 1720 679 1746 mari
699 1720 749 1745 323
770 1720 803 1745 32

359 1780 394 1785 -
421 1767 552 1797 Tempore
580 1765 727 1790 tentationis
754 1764 943 1790 recurrendum

305 1814 344 1836 est
363 1811 395 1836 ad
415 1811 559 1835 orationem
588 1813 614 1835 et
641 1809 812 1841 postmodum
836 1808 945 1834 redeun-

305 1855 369 1880 dum
389 1858 428 1880 est
447 1854 480 1880 ad
495 1854 623 1879 actionem
638 1853 680 1879 vu
695 1853 728 1878 53
744 1852 771 1878 41
788 1866 824 1871 -
837 1852 944 1885 quando

304 1899 438 1931 imminet,
461 1902 564 1930 oportet
592 1898 731 1929 implorare
759 1897 882 1922 auxilium
911 1897 944 1922 de

304 1943 410 1968 excelsis
430 1943 480 1968 556
501 1942 534 1967 52
556 1956 588 1960 -—
608 1942 657 1974 Qui
684 1942 708 1966 in
733 1941 873 1967 tentatione
892 1948 943 1966 non

304 1987 394 2019 vigilat
413 1991 437 2012 et
456 1990 513 2012 orat
538 1987 625 2012 socius
649 1989 688 2011 est
711 1985 808 2011 diaboli
828 1985 890 2012 ibid.
907 1999 943 2004 —

304 2031 448 2058 Petendum
462 2034 501 2057 est
513 2038 527 2055 a
542 2031 680 2056 tentatione
697 2037 748 2056 non
762 2030 879 2062 superari
894 2036 942 2055 nec

304 2076 387 2108 vinci,
407 2075 453 2101 sed
473 2076 578 2100 vincere
603 2078 629 2100 et
654 2075 815 2106 triumphare
834 2074 867 2100 de
886 2074 941 2106 ipsa

305 2120 351 2145 281
378 2120 409 2145 16
428 2133 464 2138 -
482 2120 532 2151 Qui
552 2119 660 2151 eripitur
678 2118 712 2144 ab
725 2119 796 2144 omni
811 2119 879 2144 malo
892 2122 943 2144 ten-

304 2163 407 2189 tationis
425 2164 533 2195 eripitur
552 2171 598 2195 per
612 2170 776 2196 consequens
789 2170 803 2189 a
817 2164 886 2189 malo
900 2163 944 2188 tri-

304 2207 443 2233 bulationis
461 2207 495 2234 ib.
517 2208 548 2233 17
572 2207 635 2234 Vide
652 2215 678 2233 υ.
697 2207 876 2241 Ιτηρηρηαίίο.

356 2265 391 2271 -—
416 2252 485 2278 Deus
508 2259 559 2278 non
585 2252 711 2284 permittit
729 2252 864 2278 diabolum
890 2255 944 2278 ten-

304 2299 358 2322 tare
386 2303 433 2328 per
461 2296 609 2322 violentiam
639 2297 672 2322 Vl
703 2297 754 2322 393
779 2297 813 2322 55
838 2310 873 2316 —
892 2304 944 2322 non

303 2341 453 2372 praevalent
477 2344 566 2366 contra
588 2341 740 2367 divinorum
761 2341 943 2366 mandatorum

302 2384 486 2411 observatores
514 2385 557 2410 Vll
586 2385 636 2410 164
671 2383 719 2410 108
747 2399 782 2404 -
803 2385 944 2411 revincitur

303 2436 350 2461 per
376 2430 610 2457 manifestationem
634 2422 750 2455 veritatis
781 2430 832 2455 510
853 2430 885 2455 30
909 2443 945 2448 -

305 2474 404 2506 Aliquis
420 2480 451 2499 ex
473 2474 714 2506 quantulacumque
734 2474 838 2499 caritate
860 2477 944 2505 potest

304 2518 423 2544 resistere
436 2522 662 2551 quantaecumque
676 2518 816 2554 tentationi,
828 2519 887 2544 licet
900 2518 945 2544 dif-

305 2563 405 2588 ficulter
425 2563 456 2587 Vl
477 2563 527 2588 435
548 2562 589 2588 43.
610 2563 661 2587 474
681 2563 713 2588 34
733 2570 788 2595 arg.
809 2564 824 2588 2

357 2621 392 2624 —
413 2607 481 2632 Deus
500 2610 611 2632 tentatur
627 2607 832 2640 quadrupliciter
844 2607 877 2633 Vl
892 2608 942 2632 112

303 2658 329 2677 v.
351 2652 365 2676 2
385 2665 420 2679 ,-
439 2651 529 2676 Omnis
549 2651 654 2676 tentatio
678 2651 722 2676 Dei
748 2658 778 2677 ex
799 2652 942 2677 diffidentia

301 2696 371 2721 venit
390 2694 450 2721 ibid.
471 2709 504 2713 —-
523 2695 615 2720 Omnis
634 2695 739 2721 tentatio
758 2695 803 2720 Dei
828 2699 866 2721 est
885 2703 942 2727 pro-

303 2739 383 2765 hibita
402 2739 464 2766 ibid.
485 2753 517 2758 -—-
538 2740 649 2765 Tentare
668 2740 752 2765 Deum
775 2743 814 2765 est
833 2740 867 2766 de
885 2740 942 2766 eius

302 2785 416 2816 potentia
436 2784 643 2816 experimentum
664 2785 748 2809 facere
768 2785 810 2810 Vll
830 2785 863 2810 95
883 2786 916 2810 22

356 2842 390 2846 -
410 2828 551 2854 Tentantes
569 2828 714 2859 Christum,
733 2829 884 2861 quaerendo
907 2829 941 2854 de

303 2873 374 2898 caelo
399 2873 520 2904 signum,
545 2872 660 2898 indebite
683 2872 806 2898 volebant
829 2873 940 2905 experiri

303 2917 359 2942 eius
378 2917 519 2948 potentiam
541 2917 573 2942 Vl
594 2918 644 2942 112
664 2924 690 2942 v.
710 2918 724 2942 2

359 2961 444 2986 Teron
469 2974 503 2979 —-
529 2961 712 2986 Laborandum
739 2965 777 2987 est
802 2963 939 2994 continue,

304 3008 330 3030 ut
350 3007 428 3030 homo
447 3012 499 3030 non
519 3009 633 3037 tepescat
653 3006 686 3030 Vl
705 3005 739 3031 75
754 3014 780 3031 ν.
794 3007 809 3031 9
822 3020 858 3025 -
871 3014 941 3031 amo-

302 3050 338 3074 ris
357 3049 419 3077 facit
435 3050 526 3081 procul
551 3049 694 3075 abscedere
715 3050 756 3075 Vll
774 3050 819 3075 561
854 3051 886 3075 67
907 3065 940 3069 —-

304 3096 398 3127 Tepidi
417 3096 531 3127 perdunt
551 3097 638 3128 ignem
658 3096 755 3122 amoris
774 3097 805 3121 Vt
828 3096 877 3122 483
898 3097 931 3122 32

357 3140 443 3165 Tenuit
463 3154 497 3158 —
518 3141 564 3165 Per
583 3143 679 3165 terram
698 3141 847 3173 intelligitur
868 3143 941 3167 locus

304 3184 452 3209 inconstans
476 3188 501 3209 et
527 3185 600 3210 facile
625 3184 730 3211 mobilis
754 3186 796 3211 Vll
820 3187 868 3211 165
891 3187 939 3211 109

303 3241 337 3246 -
355 3228 527 3254 novissimum
556 3232 595 3254 est
623 3236 780 3261 corporum,
808 3230 879 3255 unde
907 3230 941 3255 ab

303 3271 426 3297 omnibus
451 3273 541 3298 teritur
566 3276 590 3298 et
615 3274 729 3299 calcatur
749 3274 782 3298 Vl
809 3274 859 3299 114
879 3281 906 3299 v.
925 3275 940 3299 7

301 3329 336 3334 -—
356 3319 394 3341 est
412 3317 486 3348 quasi
506 3318 628 3349 materia,
647 3318 680 3343 ad
699 3325 778 3350 quam
799 3318 827 3343 fit
846 3319 942 3344 resolu-

303 3360 337 3385 tio
360 3361 389 3384 12
410 3367 436 3385 v.
457 3361 471 3385 4
490 3375 526 3380 -—
544 3362 617 3393 Quae
636 3362 670 3387 de
696 3366 762 3387 terra
788 3363 851 3388 facta
881 3366 942 3389 sunt

303 3404 329 3428 in
350 3407 443 3429 terram
464 3406 631 3430 conformiter
649 3409 814 3432 revertuntur
834 3410 941 3439 propter

1169 256 1283 289 INDEX
1308 255 1436 288 RERUM

980 344 1175 373 similitudinem
1196 344 1320 369 materiae
1339 343 1373 368 35
1392 350 1418 368 v.
1433 344 1467 368 20
1481 357 1514 361 -
1529 343 1621 368 Poten-

980 388 1012 413 tia
1033 387 1121 413 divina
1141 388 1238 413 nullam
1263 387 1331 412 sinet
1355 387 1441 418 perire
1465 386 1620 422 particulam

979 432 1013 457 de
1033 435 1132 457 terrena
1153 431 1260 457 materia
1281 431 1323 456 Vll
1343 431 1395 456 529
1415 431 1448 455 26

1034 489 1069 495 -—
1087 475 1183 501 dicitur
1201 475 1277 508 quasi
1296 475 1321 500 in
1340 478 1475 500 aeternum
1499 477 1567 500 stare
1587 474 1620 499 Vl

986 521 1014 545 12
1034 527 1060 546 v.
1081 520 1096 545 4
1116 534 1150 538 -—
1169 523 1296 552 quantum
1316 520 1349 545 ad
1369 519 1542 545 substantiam
1555 525 1622 544 nun-

980 572 1061 598 quam
1081 565 1170 590 finitur
1189 564 1222 589 14
1241 572 1268 596 q.
1287 565 1302 589 2
1324 577 1353 582 --
1374 563 1495 589 transibit
1508 571 1522 588 a
1537 564 1623 588 forma

982 609 1100 635 mutabili
1120 609 1153 634 ad
1173 608 1362 634 immutabilem
1383 608 1416 633 29
1435 608 1490 640 (1.2
1503 622 1539 626 -
1552 614 1621 632 nova

981 657 1020 679 est
1045 657 1112 679 terra
1139 653 1259 678 innovata
1285 651 1347 678 ibid.
1365 665 1402 671 -
1420 652 1490 683 ignis
1513 651 1622 683 superfi-

982 699 1048 723 ciem
1069 701 1167 728 terrae,
1187 697 1211 722 in
1230 703 1282 730 qua
1304 698 1385 721 factae
1400 699 1462 721 sunt
1474 696 1622 728 iniquitates

983 743 1139 774 impiorum,
1165 744 1255 767 exuret
1279 744 1304 766 et
1329 741 1430 766 aridam
1455 740 1547 766 reddet
1571 739 1622 765 144

982 795 1007 812 ν.
1028 786 1061 812 24

1034 845 1069 850 -
1083 833 1151 856 mota
1166 833 1205 855 est
1217 830 1244 855 in
1261 832 1346 855 morte
1358 829 1452 855 Christi
1467 829 1509 854 Vll
1522 829 1569 854 581
1588 828 1622 854 55

1036 889 1068 893 -
1093 874 1181 900 sitiens
1207 873 1329 899 absorbet
1355 880 1451 906 aquam
1476 873 1621 905 indigentia

983 919 1014 944 Vl
1033 918 1085 944 524
1106 919 1139 944 28

1028 977 1069 1000 7-
1094 963 1131 988 De
1156 966 1224 988 terra
1253 965 1377 994 generata
1406 962 1501 987 dicitur
1529 964 1620 987 natura

981 1010 1105 1039 corrupta
1124 1010 1149 1032 et
1168 1009 1291 1039 generata
1312 1013 1360 1038 per
1373 1006 1570 1038 corruptionem
1584 1006 1623 1031 vi-

981 1052 1090 1082 tiosam,
1109 1051 1151 1077 vel
1171 1054 1262 1077 natura
1283 1050 1414 1083 passibilis
1426 1051 1459 1076 Vl
1473 1051 1525 1076 289
1540 1051 1574 1075 62
1586 1064 1623 1068 -

980 1096 1110 1128 significat
1135 1099 1236 1121 terrena
1260 1096 1400 1127 diligentes
1426 1096 1471 1120 111
1496 1102 1510 1120 a
1530 1109 1564 1113 —-
1583 1097 1623 1120 est

981 1140 1148 1166 obscuritatis
1167 1140 1332 1172 profunditas
1350 1140 1384 1165 97
1403 1147 1430 1165 V.
1447 1139 1473 1165 7.

1033 1198 1070 1204 -
1087 1188 1128 1210 est
1145 1185 1310 1218 quadruplex
1335 1185 1369 1210 Vl
1398 1185 1444 1209 111
1477 1191 1491 1209 a
1520 1198 1556 1202 -
1583 1186 1622 1209 est

982 1236 1043 1255 caro
1063 1229 1179 1261 Virginis
1199 1230 1249 1254 373
1271 1229 1285 1254 8

1036 1288 1069 1292 -
1087 1272 1263 1307 promissionis
1281 1273 1378 1299 dlcitur
1397 1279 1470 1299 sacra
1484 1273 1525 1298 vel
1538 1279 1622 1298 sacra-

982 1321 1100 1349 mentum
1114 1321 1222 1350 propter
1234 1318 1271 1343 rei
1285 1324 1375 1343 sacrae
1390 1317 1622 1349 significationem,

981 1366 1090 1394 propter
1108 1365 1332 1388 sacramentorum
1357 1362 1446 1387 salutis
1470 1364 1575 1387 nostrae
1595 1360 1622 1386 in

981 1414 1012 1432 ea
1032 1407 1249 1438 completionem,
1269 1409 1377 1438 propter
1392 1407 1622 1432 sacramentorum

982 1451 1110 1477 Ecclesiae
1129 1451 1155 1476 in
1180 1458 1209 1476 ea
1235 1450 1437 1481 institutionem,
1456 1453 1564 1482 propter
1584 1456 1622 1475 sa-

982 1502 1087 1521 crorum
1108 1495 1244 1521 hominum
1265 1495 1290 1520 in
1310 1502 1340 1520 ea
1360 1496 1474 1520 futuram
1488 1493 1635 1519 habitatio-·

981 1547 1057 1571 nem,
1077 1543 1185 1572 propter
1204 1539 1339 1571 sangulnis
1351 1539 1443 1565 Christi
1463 1539 1490 1563 in
1509 1545 1539 1564 ea
1558 1539 1622 1564 effu-

981 1585 1081 1610 sionem
1100 1587 1125 1610 et
1143 1584 1336 1616 irrigatIOnem,
1355 1587 1463 1615 propter
1486 1590 1620 1609 sacrorum

981 1636 1122 1661 corporum
1143 1632 1168 1654 et
1183 1629 1323 1660 pulverum
1339 1628 1364 1654 in
1377 1634 1407 1653 ea
1420 1628 1621 1658 resolutionem,

981 1677 1088 1706 propter
1116 1674 1183 1699 sacri
1210 1673 1258 1698 loci
1287 1673 1313 1698 in
1341 1679 1372 1698 ea
1395 1672 1620 1704 aedificationem,

983 1721 1090 1750 propter
1116 1718 1202 1743 Sancti
1229 1718 1384 1743 Sanctorum
1410 1717 1571 1742 nativitatem
1596 1719 1622 1742 et

981 1763 1204 1788 conversationem
1227 1763 1257 1787 Vl
1279 1762 1330 1788 185
1348 1769 1374 1787 v.
1395 1762 1410 1786 6
1426 1776 1459 1779 -
1474 1761 1622 1793 peregrina·

981 1807 1058 1832 tionis
1077 1807 1195 1832 lsraelitis
1220 1807 1267 1832 fuit
1291 1806 1375 1832 carior
1400 1805 1524 1831 omnibus
1546 1805 1622 1831 terris

981 1855 1088 1884 propter
1107 1852 1215 1877 salutem
1236 1851 1340 1883 generis
1359 1850 1466 1875 humani
1481 1849 1516 1875 ibi
1530 1857 1622 1882 procu-

980 1897 1089 1922 randam
1110 1895 1143 1921 ib.
1163 1903 1190 1920 v.
1209 1895 1224 1920 7
1243 1909 1279 1914 —
1299 1896 1324 1921 ln
1346 1898 1413 1920 terra
1439 1894 1621 1926 promissionis

980 1943 1035 1965 erat
1053 1947 1138 1973 aquae
1157 1940 1265 1971 penuria
1287 1940 1314 1964 21
1339 1946 1365 1964 v.
1385 1940 1400 1963 6

1032 1999 1068 2004 -
1087 1985 1126 2011 Ad
1151 1988 1247 2010 terram
1273 1984 1455 2015 promissionis
1478 1982 1621 2015 spiritualis

980 2029 1132 2061 pervenitur
1151 2029 1310 2054 transeundo
1329 2035 1377 2060 pet·
1401 2035 1475 2053 mare
1493 2027 1622 2053 contritio-

980 2074 1031 2105 nis,
1051 2081 1098 2105 per
1112 2074 1245 2099 desertum
1263 2073 1409 2104 religionis,
1423 2079 1471 2104 per
1484 2072 1619 2097 lordanern

981 2119 1073 2144 mortis
1093 2118 1124 2143 Vl
1145 2118 1196 2143 597
1217 2119 1231 2143 2
1251 2131 1286 2137 -
1306 2117 1452 2143 viventium
1472 2123 1525 2142 non
1542 2119 1582 2142 est
1595 2116 1621 2141 in

980 2166 1067 2188 nostra
1086 2165 1214 2195 potestate
1235 2162 1279 2187 111
1304 2169 1318 2186 a

1034 2221 1069 2226 —
1089 2208 1206 2240 Quatuor
1228 2206 1388 2232 differentiae
1410 2209 1538 2232 terrarum
1561 2208 1621 2230 sunt

982 2253 1082 2284 figurae
1095 2255 1209 2285 quatuor
1224 2258 1350 2283 generum
1365 2251 1502 2276 hominurn
1516 2250 1622 2275 audien-

982 2297 1045 2322 tium
1059 2296 1133 2322 verbi
1148 2296 1193 2321 Dei
1209 2297 1250 2321 Vll
1267 2296 1316 2321 190
1333 2295 1358 2327 7,
1379 2295 1394 2320 8
1414 2308 1448 2313 --
1464 2295 1512 2320 Per
1525 2297 1620 2320 terram

982 2341 1078 2367 bonam
1098 2340 1250 2372 intelligitur
1265 2347 1339 2365 mens
1355 2339 1445 2365 docilis
1463 2343 1489 2365 et
1508 2338 1621 2370 benigna

983 2386 1028 2411 191
1055 2386 1082 2411 11
1107 2400 1142 2403 -
1155 2384 1229 2410 vbona
1249 2385 1323 2410 affert
1341 2386 1453 2410 fructum
1476 2384 1620 2415 perfectum

981 2430 1126 2456 secundum
1147 2433 1199 2455 tres
1217 2429 1316 2461 gradus
1334 2428 1447 2455 iustitiae
1466 2428 1516 2453 192
1537 2428 1565 2452 11
1585 2441 1621 2445 -

981 2476 1076 2500 Semen
1102 2473 1177 2500 verbi
1203 2474 1248 2499 Dei
1273 2475 1387 2499 fructum
1406 2473 1493 2503 affert,
1512 2471 1620 2505 quando

975 2519 1106 2550 ‘recipitur
1125 2519 1151 2544 in
1170 2523 1266 2544 terram
1287 2517 1388 2543 bonam
1409 2517 1441 2543 Vl
1462 2517 1507 2542 451
1533 2517 1565 2542 23
1584 2529 1619 2535 -

980 2564 1045 2589 Tres
1064 2566 1125 2589 sunt
1143 2566 1228 2588 terrae
1247 2563 1422 2588 infructuosae
1447 2564 1473 2587 et
1496 2567 1547 2587 una
1567 2564 1619 2586 tan-

980 2612 1034 2634 tum
1055 2608 1123 2633 bona
1142 2608 1186 2633 Vll
1207 2608 1257 2632 192
1278 2607 1310 2632 12

1032 2652 1152 2678 Teanam
1172 2666 1207 2670 —
1226 2654 1286 2677 sunt
1304 2657 1385 2683 parva
1405 2653 1526 2682 respectu
1541 2650 1620 2675 caele-

978 2697 1056 2722 stium
1078 2697 1109 2721 Vl
1129 2697 1181 2722 282
1201 2697 1234 2721 22
1255 2710 1287 2714 —-
1307 2696 1439 2728 Quaerere
1451 2699 1553 2721 terrena
1566 2701 1619 2720 non

978 2744 1017 2766 est
1036 2741 1172 2766 hominum
1191 2741 1355 2771 caelestium,
1380 2740 1428 2765 sed
1455 2742 1618 2765 terrenorum

979 2786 1086 2811 V11322
1101 2785 1129 2811 41
1154 2798 1189 2803 -
1208 2786 1384 2810 Terrenorum
1403 2784 1560 2815 cupiditates
1570 2783 1619 2808 dif-

979 2830 1045 2855 flcile
1064 2833 1103 2855 ost
1122 2830 1254 2861 deponere
1264 2829 1310 2854 351
1328 2828 1361 2853 54
1375 2842 1410 2846 —
1424 2827 1557 2853 Desideria
1571 2830 1619 2852 ter-

978 2881 1039 2900 rena
1059 2877 1119 2899 sunt
1138 2874 1263 2899 calcanda
1283 2872 1344 2899 ibid.

1030 2919 1198 2944 Tsssrmen'm
1211 2933 1246 2936 -—
1259 2918 1313 2943 duo
1333 2917 1479 2948 figurantur
1492 2923 1538 2948 per
1551 2916 1618 2942 duos

980 2964 1081 2995 gladios
1095 2963 1138 2988 Yll
1153 2962 1204 2988 555
1219 2962 1252 2987 50
1266 2976 1299 2980 -
1313 2962 1537 2987 Duo-testamenta
1555 2961 1618 2992 figu-

980 3012 1070 3033 rantur
1089 3008 1115 3032 in
1135 3006 1240 3032 duobus
1253 3006 1368 3031 denariis
1387 3006 1438 3030 272
1458 3005 1491 3032 64
1511 3019 1545 3024 -
1564 3005 1617 3030 duo

979 3053 1089 3084 figurata
1110 3054 1170 3077 sunt
1189 3058 1236 3083 per
1260 3051 1374 3082 Seraph,
1404 3050 1450 3082 qui
1477 3050 1534 3075 tulit
1557 3057 1616 3075 cum

979 3097 1077 3129 forcipe
1097 3097 1129 3122 de
1149 3096 1221 3121 altari
1241 3096 1369 3121 calculum
1390 3095 1441 3120 555
1461 3094 1494 3120 50

1032 3155 1066 3160 --
1086 3141 1179 3166 Totius
1198 3141 1333 3172 utriusque
1352 3139 1498 3165 testamenti
1511 3139 1618 3165 intentio

979 3185 1157 3218 principaliter
1176 3188 1295 3210 versatur
1315 3184 1382 3209 circa
1402 3183 1495 3209 Christi
1522 3186 1618 3209 utram-

979 3237 1032 3262 que
1051 3233 1169 3255 naturam
1189 3229 1232 3254 Vll
1252 3228 1302 3253 517
1328 3229 1356 3254 51
1381 3242 1414 3247 —
1435 3229 1461 3253 ln
1487 3228 1524 3253 eis
1548 3228 1617 3254 suffi-

979 3274 1051 3300 ciens
1069 3273 1214 3299 continetur
1233 3272 1350 3298 doctrina
1372 3272 1406 3297 ad
1425 3272 1627 3298 defendendam-

980 3318 1155 3344 universalem
1176 3317 1316 3342 Ecclesiam
1336 3316 1387 3342 555
1407 3316 1440 3341 50

1637 3197 1652 3221 ι’

1951 298 2013 323 TES

1658 345 1696 368 est
1714 342 1789 374 quasi
1810 342 1967 374 tripartitum
1994 343 2027 368 ad
2057 342 2205 368 firmitatem
2229 344 2296 369 testi-

1657 386 1739 412 monii
1765 389 1792 412 et
1818 387 1846 412 in
1875 387 2140 419 repraesentationem
2165 387 2298 413 Trinitatis

1658 431 1704 455 601
1729 430 1763 457 57
1782 444 1818 450 ——
1835 434 1912 456 vetus
1930 431 1977 457 fuit
1994 432 2137 463 temporale
2150 431 2201 457 548
2215 432 2248 457 29
2261 446 2296 452 -

1657 478 1734 500 vetus
1753 478 1965 501 consummatum
1984 478 2024 501 est
2042 476 2066 501 in
2086 476 2214 507 sanguine
2227 475 2299 502 Chri-

1657 519 1689 544 su
1709 519 1760 544 468
1780 519 1813 545 54
2195 510 2198 515 ⁴

1716 577 1746 582 —-
1764 571 1863 589 novum
1883 564 1999 589 dedicari
2018 571 2070 589 non
2090 564 2174 596 potuit
2191 570 2240 590 nec
2251 564 2298 591 de·

1659 607 1715 634 buit
1739 608 1787 633 nisi
1814 608 1838 634 in
1861 609 1989 640 sanguine
2012 608 2106 634 Christi
2126 609 2169 634 Vll
2192 609 2243 634 548
2263 609 2296 634 29

1658 666 1693 671 -
1711 659 1811 678 novum
1831 653 1966 678 inchoatur
1986 659 2033 685 per
2046 653 2219 684 Evangelium
2239 660 2299 685 gra-

1658 696 1709 722 tiae
1729 696 1778 722 413
1799 697 1827 722 31

1711 755 1746 760 -
1765 744 1841 767 vetus
1854 741 1901 766 fuit
1913 743 2030 767 sanctum
2046 748 2093 773 per
2113 741 2297 773 figurationem

1659 788 1684 810 et
1709 792 1809 811 novum
1836 792 1883 817 per
1910 785 2095 811 continentiam
2122 789 2148 811 et
2173 786 2297 819 impletio-

1658 836 1719 855 nem
1740 830 1781 855 Vll
1802 829 1835 855 40
1857 830 1907 855 129
1922 844 1954 848 -
1970 830 2093 855 Sanctum
2107 833 2146 855 est
2162 832 2298 855 testamen-

1659 877 1714 899 tum
1735 880 1848 905 novum,
1874 874 1936 906 quia
1954 874 2145 899 sanctificatum
2171 874 2217 899 fuit
2242 881 2298 900 san-

1659 918 1738 950 guine
1757 917 1851 944 Christi
1870 917 1931 944 ibid.
1954 932 1986 936 —
2009 925 2108 943 novum
2134 925 2298 944 consumma-

1658 966 1714 988 tum
1745 962 1791 988 fuit
1812 969 1892 994 super
1911 963 2021 988 domum
2041 963 2117 988 lsrael
2136 966 2162 988 et
2186 963 2296 988 domum

1659 1007 1721 1033 luda
1737 1006 1798 1033 ibid.

1698 1065 1747 1070 ⁷—
1765 1051 1973 1082 Partes-septem
1994 1050 2134 1082 designant
2151 1050 2297 1077 doctrinam

1658 1095 1751 1122 Christi
1771 1095 1866 1121 veteris
1891 1095 2037 1121 testamenti
2057 1095 2089 1120 Vl
2117 1095 2151 1120 90
2177 1102 2203 1120 v.
2227 1095 2298 1120 6>—

1659 1141 1706 1166 Per
1725 1142 1784 1165 octo
1797 1139 1965 1171 intelligimus
1978 1139 2124 1166 doctrinam
2144 1139 2207 1165 novi
2221 1141 2299 1165 testa-

1659 1184 1737 1210 menti
1756 1183 1818 1210 ibid.
2159 1209 2165 1211 ⁷

1712 1229 1888 1254 Tesrfflomum
1907 1242 1940 1246 —
1952 1228 2024 1254 -sotet
2042 1227 2174 1260 perhiberi
2200 1234 2249 1260 per
2266 1228 2298 1254 si-

1659 1274 1725 1305 gna,
1744 1273 1881 1303 nuntium,
1900 1272 2009 1303 litteras,
2028 1272 2090 1297 viva
2110 1279 2177 1298 voce
2196 1273 2228 1298 Vl
2246 1272 2298 1298 562

1659 1325 1686 1343 ν.
1714 1318 1747 1343 32
1776 1331 1811 1337 -
1838 1320 2019 1349 opportunum
2047 1320 2087 1342 est
2114 1316 2214 1343 ratione
2241 1317 2299 1343 eius

1659 1362 1702 1387 cui
1720 1361 1886 1394 perhibetur,
1911 1361 2017 1394 quando
2046 1361 2145 1387 veritas
2168 1364 2208 1387 est
2231 1359 2300 1387 infir-

1659 1413 1715 1437 ma,
1738 1406 1838 1431 ratione
1861 1405 1930 1436 eius,
1952 1408 2060 1439 propter
2079 1412 2159 1438 quem
2179 1405 2300 1438 perhibe-

1659 1454 1714 1482 tur,
1725 1450 1834 1483 quaudo
1847 1453 1887 1476 est.
1905 1450 1931 1475 in
1944 1450 1997 1476 fide
2012 1449 2111 1476 dubius
2123 1451 2165 1476 vel
2179 1450 2299 1476 infirmus

1659 1495 1706 1520 251
1728 1496 1757 1520 21

1711 1553 1747 1558 -
1766 1546 1860 1565 verum
1874 1542 1913 1564 est
1931 1539 1988 1564 eius
2001 1539 2047 1572 qui
2067 1542 2191 1572 tanquam
2211 1542 2299 1565 certus

1658 1583 1810 1609 testificatur
1823 1583 1855 1608 Vl
1870 1583 1922 1609 314
1942 1584 1975 1608 60
1988 1598 2024 1601 -
2036 1590 2130 1609 verum
2144 1586 2170 1609 et
2182 1586 2299 1616 accepta-

1659 1628 1709 1654 bile
1737 1632 1777 1654 est
1798 1628 1871 1661 quod
1890 1631 1929 1653 est
1948 1630 2048 1653 certum
2067 1628 2118 1654 358
2139 1628 2172 1653 20
2193 1642 2226 1646 -—
2244 1635 2298 1654 cer-

1658 1676 1713 1699 tum
1732 1677 1785 1704 est,
1804 1673 1911 1706 quando
1930 1674 2011 1699 homo
2030 1673 2181 1698 testificatur
2202 1673 2236 1699 de
2249 1673 2299 1699 hoc

1657 1717 1729 1750 quod
1749 1717 1816 1742 vidit
1844 1717 1895 1742 260
1922 1717 1955 1742 68
1975 1731 2011 1736 -
2029 1717 2086 1742 eius
2114 1717 2159 1750 qui
2182 1717 2248 1743 vidit
2265 1719 2298 1743 -et

1658 1768 1782 1794 praesens
1802 1762 1857 1792 fuit,
1877 1762 1962 1793 magis
1989 1762 2105 1787 creditur
2132 1762 2178 1787 50i
2210 1761 2243 1787 53
2263 1776 2299 1780 ——

1659 1806 1819 1832 Testimonio
1844 1809 1915 1832 certo
1944 1806 2105 1831 credendum
2135 1809 2173 1831 est
2192 1806 2244 1831 529
2264 1806 2298 1831 55

1657 1865 1693 1870 -
1712 1851 1762 1883 Qui
1781 1853 1868 1876 certus
1895 1853 1934 1876 est
1953 1850 2130 1875 testimonium
2153 1856 2204 1875 non
2233 1850 2299 1875 solet

1659 1895 1791 1926 denegare
1807 1893 1868 1920 ibid.

1711 1954 1746 1957 —
1765 1938 1943 1964 authenticum
1969 1941 2008 1964 est
2031 1938 2098 1963 ratio
2120 1938 2298 1969 cognoscendi

1659 1984 1691 2009 Vl
1711 1983 1762 2009 254
1783 1984 1815 2009 36
1829 1997 1865 2002 -
1878 1983 1929 2009 fide
1947 1983 2057 2015 dignum
2072 1983 2101 2008 flt
2112 1989 2160 2014 per
2174 1982 2297 2008 meritum

1658 2028 1801 2054 sanctitatis
1819 2028 1862 2053 Vll
1882 2027 1915 2053 58
1935 2028 1979 2053 58.
2005 2028 2039 2052 89
2059 2027 2092 2052 52
2111 2041 2147 2045 -
2165 2026 2298 2059 propheti-

1658 2080 1718 2098 cum
1739 2075 1778 2098 est
1796 2072 1974 2098 authenticum
1993 2070 2054 2097 ibid.

1675 2143 1679 2146 ,
1711 2132 1746 2135 -
1765 2118 1819 2142 Lux
1841 2117 1898 2148 ipsa
1917 2119 2003 2148 potest
2020 2116 2054 2141 de
2073 2122 2101 2141 se
2120 2115 2297 2141 testimonium

1660 2161 1811 2194 perhibere,
1830 2161 1877 2186 sed
1891 2164 2022 2190 creatura,
2042 2167 2111 2193 quae
2123 2163 2163 2186 est
2181 2159 2302 2191 tenebra,

1659 2206 1708 2231 alio
1738 2206 1918 2231 manifestante
1944 2205 2043 2237 indiget
2072 2205 2105 2230 Vl
2134 2205 2184 2230 360
2210 2204 2242 2229 27
2261 2218 2297 2222 -

1659 2251 1740 2276 Nemo
1765 2253 1851 2282 potest
1870 2250 1947 2275 simul
1973 2249 2088 2275 iudicare
2107 2252 2133 2275 et
2150 2249 2297 2279 testificari,

1654 2295 1703 2328 'qui
1727 2298 1813 2327 potest
1832 2294 1967 2320 obscurari
1987 2297 2013 2319 et
2031 2293 2161 2326 obliquari
2181 2292 2243 2319 ibid.

1711 2354 1747 2358 —-
1766 2340 1855 2365 Nullus
1879 2341 1965 2371 potest
1990 2338 2122 2364 testificari
2141 2345 2190 2370 pro
2215 2344 2244 2363 se
2262 2337 2296 2362 Vl

1659 2384 1710 2410 360
1730 2384 1764 2409 27
1777 2398 1812 2403 -
1825 2390 1877 2409 non
1891 2383 2016 2415 recipitur
2032 2390 2046 2408 a
2061 2389 2173 2415 persona
2192 2381 2297 2407 coniun-

1658 2432 1711 2459 cta,
1730 2435 1800 2461 quae
1827 2431 1912 2460 potest
1939 2427 2070 2453 declinare
2097 2427 2131 2453 ad
2161 2426 2296 2452 falsitatem

1657 2472 1692 2499 ib.
1712 2473 1740 2498 2*
1759 2487 1794 2492 —-
1820 2473 1853 2498 de
1871 2479 1900 2498 se
1925 2473 1982 2504 ipso
2006 2479 2058 2498 non
2087 2475 2126 2497 est
2154 2474 2182 2497 ut
2201 2477 2294 2496 verum

1655 2517 1847 2550 acceptandum
1867 2517 1917 2543 358
1945 2518 1988 2543 19.
2016 2517 2067 2542 359
2087 2516 2121 2541 27
2149 2523 2205 2548 arg.
2227 2516 2236 2540 1
2260 2528 2296 2534 -

1657 2562 1768 2595 Quando
1787 2561 1881 2594 aliquis
1900 2564 2007 2587 testatur
2026 2561 2061 2587 de
2079 2568 2121 2592 se,
2140 2563 2166 2586 et
2184 2559 2249 2585 alius
2261 2559 2296 2585 de

1657 2614 1701 2637 eo,
1721 2613 1774 2632 non
1793 2609 1948 2638 reputantur
1967 2606 2015 2631 nisi
2040 2612 2089 2638 pro
2109 2612 2161 2631 uno
2184 2604 2296 2630 testimo-

1657 2652 1699 2676 nio
1719 2651 1770 2676 359
1791 2650 1824 2676 27
1844 2657 1900 2682 arg.
1924 2651 1932 2675 1

1710 2709 1745 2714 -
1755 2695 1789 2720 ad
1803 2696 1860 2726 hoc,
1873 2695 1946 2727 quod
1962 2695 1994 2720 sit
2008 2695 2128 2727 firmum,
2145 2693 2224 2720 debet
2237 2699 2295 2725 pro-

1657 2740 1751 2765 cedere
1769 2746 1800 2764 ex
1819 2746 1864 2765 ore
1885 2739 2001 2771 plurium
2020 2739 2064 2764 Vll
2084 2739 2117 2764 58
2138 2738 2181 2764 58.
2207 2739 2240 2764 82
2260 2737 2293 2763 52

1657 2798 1692 2803 -
1710 2783 1825 2809 duorum
1851 2783 1987 2809 hominum
2016 2783 2176 2816 acceptabile
2195 2786 2233 2809 est
2261 2783 2294 2808 Vl

1657 2828 1708 2853 358
1737 2828 1769 2853 23
1789 2842 1823 2845 -
1843 2827 1959 2859 plurium
1988 2828 2091 2853 testium
2120 2831 2159 2853 est
2186 2827 2293 2853 firmum

1657 2872 1707 2897 314
1727 2872 1756 2897 61
1781 2885 1816 2891 -
1833 2872 1910 2898 unius
1931 2879 1983 2897 non
2009 2876 2048 2898 est
2066 2873 2155 2898 efficax
2183 2872 2216 2898 ad
2240 2879 2294 2898 cre-

1657 2916 1775 2942 dendum
1802 2916 1836 2942 ib.
1862 2917 1904 2942 59.
1935 2917 1985 2942 316
2013 2917 2045 2942 68
2064 2930 2101 2936 -
2121 2917 2236 2942 veritatis
2255 2919 2294 2942 est

1656 2962 1735 2986 fixum
1756 2961 1781 2986 in
1810 2968 1855 2987 ore
1882 2961 1995 2987 duorum
2024 2961 2064 2987 vel
2090 2961 2168 2987 trInm
2189 2961 2293 2987 testium

1656 3006 1696 3031 Vll
1718 3005 1769 3031 214
1788 3006 1822 3030 90
1841 3019 1877 3024 -
1893 3006 2046 3031 Testimonii
2071 3005 2200 3031 idoneitas
2219 3006 2293 3031 desu-

1655 3050 1734 3075 mitur
1753 3054 1778 3075 et
1797 3057 1811 3075 a
1831 3050 1951 3082 personis
1970 3053 1995 3076 et
2014 3057 2028 3075 a
2048 3057 2158 3076 nurnero
2177 3049 2238 3076 ibid.
2257 3063 2293 3068 —

1655 3095 1692 3120 Ad
1713 3101 1793 3120 omne
1815 3101 1898 3127 genus
1923 3090 2064 3120 testimonii
2084 3095 2243 3120 conveniens
2268 3097 2293 3120 et

1654 3140 1785 3165 sufficiens
1798 3142 1837 3165 est
1849 3146 1975 3165 numerus
1988 3139 2150 3171 septenarius
2163 3139 2196 3164 Vl
2210 3139 2261 3164 519
2275 3139 2291 3164 3

1707 3198 1742 3203 -
1761 3185 1905 3209 humanum
1919 3184 1982 3209 nihil
1996 3184 2064 3208 valet
2083 3184 2122 3209 his
2141 3184 2186 3216 qui
2205 3189 2293 3215 repro-

1655 3228 1733 3254 bandi
1753 3232 1812 3254 sunt
1831 3228 1927 3254 iudicio
1946 3228 1992 3253 Dei
2013 3228 2054 3253 Vll
2075 3228 2125 3253 412
2146 3228 2179 3253 27

1708 3287 1742 3291 -
1762 3273 1812 3305 Qui
1840 3279 1890 3298 non
1919 3272 2002 3298 credit
2029 3266 2178 3297 testimonio
2207 3271 2292 3303 magis

1655 3317 1787 3348 credibili,
1811 3324 1858 3342 nec
1886 3316 1964 3341 etiarn
1994 3316 2081 3341 minus
2109 3315 2226 3341 credibili
2247 3314 2291 3340 Vll

1032 3376 1067 3382 -—
1086 3361 1173 3388 Verba
1188 3362 1283 3387 veteris
1302 3361 1448 3387 testamenti
1468 3361 1537 3387 utilia
1558 3365 1619 3387 sunt
1656 3361 1707 3387 425
1726 3361 1754 3386 61
1772 3375 1808 3380 -
1820 3360 1886 3387 Cum
1906 3361 2059 3386 sufficientia
2080 3360 2226 3385 testimonia
2240 3359 2291 3384 sint

980 3407 1012 3433 ad
1042 3406 1263 3439 praedicationem
1285 3406 1327 3431 Vll
1353 3406 1404 3432 555
1431 3406 1464 3431 50
1487 3421 1521 3425 —
1542 3409 1618 3432 vetus
1655 3406 1682 3431 in
1701 3406 1788 3438 terris,
1807 3413 1860 3431 non
1885 3409 1989 3438 oportet
2012 3411 2139 3437 quaerere
2158 3404 2232 3435 signa
2257 3403 2291 3428 de
