2476 3921
309 284 369 314 150

305 379 426 401 merces
452 373 559 400 vestra
585 366 690 399 multa
714 365 811 398 estin
827 364 916 397 caelo
929 376 940 401 ;
962 363 1121 406 quadem,
1146 363 1263 395 scilicet

305 433 345 455 ex
371 421 594 458 retributione;
619 419 657 451 ad
682 419 834 451 Romanos
850 417 1051 450 duodecimo:
1076 429 1091 444 «
1108 417 1167 457 Spe
1187 425 1263 457 gau-

304 476 429 512 dentes,
455 474 484 504 in
514 472 714 505 tribulatione
747 471 898 512 patientes
923 483 952 501 ι).
977 469 1066 510 Quod
1100 469 1263 510 impletum

305 532 350 560 est
385 529 516 559 Δ1011111111
553 525 684 567 quinto:
714 537 728 552 «
748 524 834 556 ibant
869 522 1003 564 Apostoli
1040 522 1211 564 gaudentes
1245 531 1264 554 a

305 583 472 622 conspectu
504 578 643 616 concilii,
676 576 823 619 quoniam
855 575 938 617 digni
972 575 1068 607 habiti
1101 578 1174 625 sunt
1205 584 1263 616 pro

307 634 430 666 nomine
455 633 521 665 lesu
546 630 767 664 contumeliam
794 630 903 671 pati».
930 629 991 661 Hoc
1014 632 1119 662 autem
1145 627 1265 660 inducit

305 686 457 720 mercedis
491 684 715 722 considerat&
753 683 900 715 Ieremiae
924 682 1094 722 trigesimo·
1114 681 1215 722 primo
1234 682 1263 712 ¹:

311 739 486 780 «Quiescat
515 747 576 769 vox
611 741 664 769 tua
693 745 712 768 a
743 735 886 777 planctu,
917 738 949 767 et
979 733 1060 766 oculi
1094 733 1139 765 tui
1172 742 1190 764 a
1222 733 1264 765 la-

306 792 437 833 crymis,
462 791 537 832 quia
566 798 685 822 merces
717 792 764 821 est
795 788 882 829 operi
915 791 1016 819 tuo».
1050 786 1184 823 illerces,
1218 786 1263 818 111-

305 853 413 887 quam,
437 843 562 881 multa,
586 843 661 884 quia
694 855 709 870 «
726 850 789 883 pax
814 841 914 873 multa
937 839 1139 881 diligentibus
1164 839 1263 881 legem

306 903 390 930 tuam
404 911 418 925 »
440 900 515 934 etc¹7
540 899 575 927 ut
598 896 628 927 in
648 895 766 927 Psalmo
789 893 919 931 dicitur;
945 897 975 926 et
996 896 1173 934 perpetua,
1190 892 1265 934 quia

307 951 340 982 tn
364 948 668 990 metm-Sapientiae
692 947 820 989 quinto:
850 960 864 975 «
884 946 956 990 lusti
973 950 1078 978 autem
1104 946 1135 978 in
1153 954 1264 987 perpe-

307 1008 395 1035 tuum
421 1003 546 1040 vivent‚.
560 1005 591 1034 et
606 1001 689 1043 apud
714 1001 881 1033 Dominum
899 1003 946 1033 est
969 1008 1091 1032 merces
1107 1008 1217 1031 eorum
1232 1012 1261 1031 n.

306 1056 340 1088 Et
365 1056 423 1087 hoc
447 1058 493 1087 est
516 1054 599 1096 quod
623 1054 698 1086 dicit
722 1053 800 1086 Beda
815 1053 841 1085 2;
872 1067 887 1081 «
906 1053 987 1085 [nter
1010 1052 1081 1085 odia
1104 1051 1262 1090 cordium,

305 1109 386 1141 inter
411 1108 526 1149 probra
550 1108 745 1149 linguarum,
771 1107 852 1139 inter
869 1115 981 1139 manus
1006 1105 1262 1148 persequentium

306 1161 424 1193 laetiori
450 1160 543 1193 corde
567 1160 734 1192 versamini
760 1160 876 1192 intuitu
894 1158 1046 1192 mercedis
1063 1167 1262 1200 supernae».

304 1233 346 1238 —
361 1214 395 1246 Et
411 1214 486 1256 quia
503 1214 561 1246 hoc
577 1222 658 1255 opus
673 1216 720 1245 est
733 1212 957 1245 arduissimum
968 1238 975 1250 ,
993 1211 1111 1244 scilicet
1126 1211 1264 1253 gaudere

306 1269 334 1300 in
354 1267 624 1305 tribulationibus;
642 1266 711 1299 ideo
728 1275 788 1298 non
807 1265 907 1298 solum
925 1265 1057 1307 spondet
1072 1265 1263 1306 praemium,

305 1321 357 1354 sed
382 1320 522 1362 adiungit
544 1320 746 1361 exemplum,
771 1327 844 1351 cum
868 1318 995 1351 subdit:

395 1375 446 1406 56.
473 1374 661 1406 Secundum
683 1372 741 1405 hoc
756 1372 768 1391 ³
793 1372 880 1404 enim
897 1370 1066 1414 faciebant
1090 1370 1265 1414 Prophetis

149 1433 290 1454 Conssrmatur
302 1433 415 1471 patres
438 1437 570 1464 eorum,·
598 1426 771 1459 secundum
800 1425 885 1468 quod
908 1425 1024 1458 dicitur
1048 1425 1193 1457 Matthaei
1219 1425 1264 1457 vi-

172 1460 268 1487 exemplo

163 1486 278 1513 Propheta·
303 1482 421 1524 gesimo
443 1480 553 1513 tertio:
583 1493 598 1508 «
616 1479 804 1512 Testimonio
825 1479 900 1512 estis
924 1479 1166 1520 vobismetipsis,
1190 1478 1266 1520 quia

194 1519 247 1534 rum.

305 1534 359 1567 filii
394 1534 469 1567 estis
503 1542 613 1566 eorum
654 1532 707 1574 qui
744 1532 927 1565 occiderunt
962 1532 1134 1574 Prophetas
1162 1544 1197 1570 »;
1234 1535 1266 1564 et

306 1589 439 1620 Actuum
471 1587 624 1628 septimo:
662 1598 677 1613 a
703 1586 790 1617 Dura
826 1585 948 1617 cervice
976 1589 1007 1617 et
1038 1585 1266 1617 incircumcisis

307 1640 454 1672 cordibus
477 1642 509 1671 et
531 1638 681 1677 auribus,
707 1647 761 1670 vos
785 1646 909 1679 semper
932 1637 1060 1678 Spiritui
1086 1641 1193 1670 sancto
1217 1646 1267 1670 re-

309 1692 439 1725 stitistis.
464 1692 563 1733 Quem
589 1691 815 1732 Prophetarum
840 1700 901 1723 non
926 1694 1000 1723 sunt
1031 1691 1187 1732 persecuti
1212 1700 1266 1732 pa-

308 1749 372 1777 tres
405 1744 524 1776 vestri?
549 1744 585 1775 Et
611 1743 793 1776 occiderunt
817 1751 870 1775 eos
893 1742 948 1785 qui
973 1742 1202 1784 prophetabant
1228 1742 1267 1775 de

307 1797 443 1830 adventu
468 1796 541 1829 111511
559 1810 588 1828 n.
615 1797 673 1829 Hos
697 1796 844 1838 proponit
875 1796 905 1828 in
929 1795 1111 1837 exemplum
1137 1799 1270 1844 propter¹

307 1860 395 1883 suam
420 1850 642 1889 constantiam;
670 1849 767 1882 lacobi
792 1849 946 1882 ultimo4:
977 1862 992 1878 «
1009 1849 1195 1891 Exemplum
1216 1857 1267 1881 ac—

307 1904 413 1946 cipite,
438 1903 566 1942 fratres,
603 1903 783 1945 patientiae,
816 1902 931 1935 laboris
962 1906 993 1936 et
1025 1902 1267 1945 longanimitatis

308 1957 520 1999 Prophetas»;
545 1956 599 1999 qui
623 1965 640 1988 a
665 1956 795 1989 veritate
820 1960 948 1998 propter
972 1956 1094 1998 flagella
1118 1965 1179 1988 non
1201 1965 1266 1989 mo-

306 2010 471 2042 vebantur.
496 2009 581 2042 Unde
612 2009 650 2042 de
672 2009 770 2042 Eliseo
796 2009 999 2042 Ecclesiastici
1027 2009 1267 2051 quadragesimo

299 2062 432 2095 octavo:
462 2063 526 2094 «In
550 2062 661 2095 diebus
693 2063 759 2095 suis
782 2071 842 2094 non
879 2062 1042 2104 pertimuit
1074 2062 1266 2104 principem,

306 2118 336 2147 et
361 2115 498 2156 potentia
528 2114 620 2147 n'emo
653 2115 726 2147 vicit
756 2115 863 2154 illum,
895 2124 952 2148 nec
984 2115 1145 2157 superavit
1177 2115 1266 2147 illum

308 2168 400 2199 homo
424 2181 454 2199 n.
487 2168 566 2200 Haec
603 2168 708 2200 onmia
745 2169 826 2200 mala
862 2168 1059 2201 sustinebant
1092 2168 1265 2210 Prophetae

308 2225 436 2263 propter
460 2219 652 2260 mercedem,
669 2231 763 2263 quam
789 2222 858 2254 aliis
888 2221 1095 2263 promittunt;
1118 2221 1267 2254 Ecclesia-

307 2273 373 2306 stici
399 2274 560 2316 trigesimo
575 2274 706 2307 sexto⁵:
730 2287 745 2302 «
762 2274 807 2306 Da
822 2273 1016 2312 mercedem,
1041 2273 1189 2311 Domine,
1214 2282 1266 2306 su-

307 2326 494 2359 stinentibus
518 2330 562 2365 te,
588 2330 624 2359 ut
640 2327 812 2369 Prophetae
828 2326 874 2359 tui
892 2326 998 2359 fideles
1022 2326 1265 2359 inveniantur».

308 2380 391 2412 Unde
416 2380 466 2427 ille
490 2379 627 2412 eximius
651 2380 806 2421 Propheta
830 2379 958 2412 loannes
982 2383 1051 2421 post
1074 2388 1183 2412 omnes
1210 2380 1266 2413 tri-

307 2433 482 2465 bulationes
514 2432 666 2465 Ecclesiae
698 2432 860 2475 subiungit
891 2433 1089 2475 Apocalypsis
1117 2433 1267 2476 vigesimo

307 2485 444 2518 secundo
468 2486 498 2517 in
524 2485 603 2518 line:
633 2498 648 2514 <t
668 2485 758 2524 Ecce,
783 2486 874 2518 venio
897 2486 973 2525 cito,
998 2490 1029 2519 et
1053 2495 1174 2519 merces
1199 2496 1267 2520 mea

308 2547 429 2571 mecum
454 2543 518 2577 est,
542 2538 617 2572 dare
641 2539 813 2582 unicuique
837 2539 1011 2573 secundum
1035 2549 1131 2582 opera
1154 2549 1212 2573 sua
1236 2554 1265 2572 n.

397 2593 447 2624 57.
473 2592 558 2624 Unde
582 2595 669 2631 nota,
694 2592 779 2634 quod
802 2592 907 2625 divina
938 2593 1101 2635 Scriptura
1128 2593 1267 2626 insinuat

307 2645 396 2677 nobis
419 2645 625 2678 differentiam
647 2646 880 2687 praemiorum
904 2646 1077 2678 secundum
1102 2646 1266 2679 diversita-

903 275 1096 307 COlllMENT.
1122 275 1158 307 ΙΝ
1181 274 1419 307 EVANGELIUM
1444 273 1560 306 LUCAE
1585 273 1616 305 C.
1642 273 1690 304 Vl.

1327 366 1373 395 tes
1396 361 1602 394 meritorum.
1628 361 1713 394 Unde
1736 361 1895 393 invenitur
1919 370 2039 394 merces
2062 362 2177 402 salva,
2203 373 2285 397 mer·
2305 367 2384 399 upum
2400 373 2461 398 ⁸1³⁶-

1327 424 1378 448 ces
1410 424 1550 457 mayna,
1582 414 1702 457 (liqna,
1732 414 1846 456 plena,
1881 414 2110 456 opportuuu'⁶‚
2142 415 2284 458 festina,

1326 468 1449 510 fidelia,
1474 468 1626 510 copiosa,
1648 472 1817 510 perpetua.
1836 487 1879 491 —
1896 468 2013 500 Merces
2037 468 2133 501 salva
2157 474 2203 502 est
2226 471 2285 503 An-

1327 522 1403 564 gelis
1434 521 1524 554 nobis
1555 520 1823 559 ministrantibus;
1856 530 1983 562 mayna
2013 520 2107 553 datur
2139 522 2286 563 praelatis

1327 575 1392 607 sive
1409 573 1677 616 praesidentibus;
1694 573 1814 615 (liqna,
1830 572 2065 612 obedientibus;
2080 573 2195 615 plena,
2214 583 2287 606 con-

1328 631 1389 660 tem
1396 627 1567 669 plantibus3
1585 631 1798 668 temporanea
1813 626 1908 658 datur
1920 626 2138 667 operantibus;
2151 625 2286 668 festina,

1329 679 1582 722 proficientibus;
1606 678 1727 719 fidelia,
1748 678 2001 720 perficientibus:
2026 679 2132 712 multa
2148 679 2213 712 sive
2236 688 2288 712 co-

1328 733 1433 774 piosa,
1458 732 1664 774 patientibus,
1688 731 1740 764 sed
1764 736 1943 774 perpetua,
1970 733 2253 774 perseverantibus.

1418 785 1503 818 Unde
1525 785 1564 817 de
1586 785 1683 817 salva
1707 785 1852 817 mercede
1877 784 2093 827 Anqelorum,
2125 786 2199 827 quia
2231 786 2288 819 mi-

1329 838 1509 876 nisterium,
1534 838 1618 879 quod
1644 837 1759 870 habent
1775 846 1850 879 erga
1865 847 1937 876 nos,
1954 847 1973 870 a
1989 847 2046 871 5110
2072 839 2288 880 praemionon

1328 891 1508 929 fraudatur,
1532 891 1649 923 dicitur
1671 891 1784 923 Tobiae
1801 891 1912 933 quinto
1925 891 1951 923 ⁷:
1982 904 1997 920 «
2013 892 2135 933 Quaere
2151 892 2289 935 aliquem

1331 945 1432 977 virum
1454 944 1592 982 fidelem,
1608 944 1663 986 qui
1682 948 1784 976 tecum
1801 948 1866 983 eat,
1884 944 1969 977 salva
1992 945 2134 978 mercede
2159 959 2174 974 n
2187 972 2194 984 ‚
2215 946 2290 979 dicit

1327 998 1449 1030 Tobias.
1468 1017 1508 1020 —
1527 998 1570 1030 De
1593 998 1737 1030 mercede
1752 1007 1879 1040 mayna
1892 998 2153 1040 praesidentium
2174 999 2290 1033 dicitur

1327 1051 1454 1084 Genesis
1469 1051 1590 1084 decimo
1606 1051 1716 1093 quinto
1736 1051 1773 1083 ad
1802 1051 1973 1090 Abraham,
1997 1052 2051 1093 qui
2069 1056 2178 1094 typum
2210 1052 2291 1094 gerit

1327 1105 1554 1146 praelatorum:
1578 1117 1593 1132 «
1607 1104 1668 1146 Ego
1684 1107 1844 1145 protector
1861 1107 1950 1143 tuus,
1966 1108 1997 1137 et
2014 1114 2134 1138 merces
2155 1109 2210 1138 tua
2226 1115 2291 1138 ma-

1328 1167 1388 1200 gna
1404 1158 1496 1190 nimis
1513 1171 1543 1189 ».
1562 1176 1603 1181 -
1627 1157 1672 1190 De
1695 1157 1840 1190 mercede
1855 1157 1960 1199 diyna
1983 1157 2199 1190 obedientium
2215 1158 2291 1192 dici-

1328 1216 1381 1244 1111
1400 1211 1510 1243 Esther
1526 1210 1648 1243 decimo
1671 1214 1776 1243 sexto:
1807 1224 1821 1238 «
1838 1210 1942 1242 Sciant
1965 1220 2087 1250 omnes,
2111 1212 2164 1253 qui
2190 1211 2291 1245 Persis

1328 1264 1479 1297 obediunt
1502 1263 1651 1302 fideliter,
1675 1262 1799 1305 dignam
1833 1272 1891 1305 pro
1916 1263 1976 1296 fide
2007 1264 2148 1306 recipere
2172 1274 2292 1298 merce-

1328 1317 1399 1351 dem
1418 1331 1447 1348 ».
1473 1335 1514 1340 —
1539 1317 1583 1349 De
1606 1316 1751 1349 mercede
1770 1316 1870 1358 plena
1893 1317 2185 1359 contemplantium
2215 1317 2292 1351 dici-

1329 1375 1382 1403 tur
1414 1370 1453 1403 ad
1486 1370 1585 1407 Ruth,
1609 1362 1771 1408 ‘secundm
1800 1379 1881 1412 quae
1906 1373 2015 1412 typum
2045 1370 2127 1412 gerit
2154 1374 2291 1404 contem-

1329 1424 1535 1466 plativorum,
1571 1423 1624 1465 qui
1657 1426 1771 1456 cuncta
1805 1423 1990 1465 relinquunt
2013 1427 2143 1466 propter
2174 1424 2292 1463 Deum,

1329 1481 1360 1510 et
1383 1477 1477 1510 etiam
1502 1477 1731 1518 interpretatur
1755 1476 1841 1515 ovis,
1866 1476 1915 1509 vel
1931 1476 2045 1509 videns
2057 1476 2081 1516 ⁸,
2105 1480 2142 1509 ut
2161 1477 2231 1510 ovis
2246 1476 2293 1509 di-

1330 1535 1420 1564 catur
1452 1534 1582 1572 propter
1613 1530 1777 1562 mititatem
1810 1530 1940 1563 affectus
1968 1530 2073 1562 anima
2103 1531 2294 1573 contempla-

1331 1584 1408 1622 tiva,
1433 1583 1486 1616 sed
1511 1583 1625 1615 videns
1649 1587 1779 1625 propter
1807 1583 2066 1616 illuminationem
2099 1584 2292 1624 intellectus;

1330 1636 1414 1669 unde
1436 1635 1512 1668 dicit
1534 1636 1562 1668 ei
1595 1636 1691 1668 Booz:
1721 1649 1736 1664 «
1759 1636 1881 1668 Plenam
1908 1636 2084 1669 mercedem
2113 1636 2246 1679 recipies
2276 1646 2295 1669 a

1332 1689 1463 1721 Domino
1486 1688 1551 1720 Deo
1583 1688 1692 1727 lsrael,
1716 1688 1754 1721 ad
1786 1697 1881 1730 quem
1913 1688 2024 1721 venisti
2049 1692 2081 1721 et
2112 1689 2172 1721 sub
2202 1689 2294 1722 cuius

1331 1741 1496 1783 confugisti
1514 1741 1580 1774 alas
1596 1755 1626 1773 ι).
1644 1761 1683 1765 -
1704 1742 1748 1774 De
1762 1741 1909 1774 mercede
1925 1746 2138 1784 temporanea
2154 1751 2294 1784 operan-

1332 1796 1416 1828 tium
1439 1795 1555 1828 dicitur
1579 1795 1783 1828 Ecclesiastici
1800 1795 1956 1828 ultim02:
1985 1808 2000 1823 (ι
2017 1795 2196 1837 Operamini
2214 1804 2294 1837 opus

1332 1852 1489 1888 vestrum,
1513 1848 1639 1891 quando
1663 1852 1788 1890 tempus
1812 1853 1876 1887 est,
1900 1853 1932 1881 et
1954 1848 2040 1881 dabit
2063 1848 2151 1881 vobis
2174 1857 2294 1881 merce-

1331 1901 1402 1934 dem
1426 1905 1562 1934 vestram
1587 1901 1619 1934 in
1641 1905 1783 1944 tempore
1807 1911 1865 1935 5110
1882 1915 1912 1934 ».
1938 1920 1979 1925 -
2005 1902 2049 1934 De
2073 1901 2218 1934 mercede
2246 1900 2293 1944 fe-

1330 1954 1418 1987 stina
1452 1954 1700 1997 proficientium
1736 1955 1852 1988 dicitur
1876 1955 2080 1988 Ecclesiastici
2112 1955 2293 1988 undecimo:

1336 2022 1351 2037 «
1370 2008 1546 2042 Benedictio
1569 2009 1624 2041 Dei
1649 2009 1679 2041 in
1706 2009 1881 2042 mercedem
1906 2009 1978 2042 iusti
2003 2009 2174 2042 festinat».
2192 2027 2233 2033 —
2252 2009 2296 2043 De

1330 2061 1476 2094 mercede
1505 2061 1595 2103 fideli
1622 2060 1867 2104 perfectorum,
1900 2066 1937 2095 ut
1967 2062 2214 2104 praedicantium
2245 2063 2294 2096 vel

1332 2115 1459 2153 talium,
1483 2114 1599 2147 dicitur
1625 2115 1868 2148 Proverbiorum
1893 2115 2061 2148 undecimo
2075 2116 2125 2148 ¹⁰:
2155 2129 2170 2144 α
2196 2116 2293 2149 801111-

1331 2168 1417 2200 nanti
1442 2167 1591 2200 iustitiam
1615 2177 1737 2201 merces
1760 2168 1860 2201 fidelis
1877 2182 1907 2201 υ.
1932 2188 1976 2193 -
1999 2170 2044 2202 Βο
2067 2170 2212 2203 mercede
2242 2180 2294 2203 co-

1328 2221 1427 2264 piosa
1458 2221 1660 2263 patientium
1696 2221 1761 2255 sive
1796 2222 1998 2256 militantium
2029 2223 2145 2256 dicitur
2181 2223 2232 2256 hic
2262 2227 2294 2257 et

1331 2274 1477 2307 Matthaei
1494 2274 1621 2316 quinto:
1652 2288 1667 2303 α
1686 2275 1761 2308 Ecce
1777 2275 1875 2315 enim,
1900 2285 2020 2309 merces
2041 2280 2146 2309 vestra
2169 2276 2294 2318 copiosa

1331 2331 1379 2360 est
1402 2328 1433 2360 in
1459 2328 1552 2361 caelis
1569 2342 1599 2361 n.
1617 2347 1659 2352 —
1676 2329 1720 2362 De
1744 2329 1891 2362 mercede
1909 2333 2071 2372 perpetua
2096 2338 2187 2368 vero,
2211 2339 2293 2373 quae

1331 2382 1477 2424 congruit
1500 2382 1802 2424 perseverantibus,
1832 2383 2036 2416 Ecclesiastici
2060 2382 2182 2416 decimo
2208 2387 2292 2416 octa—

1332 2444 1370 2468 vo
1388 2436 1431 2467 ¹¹:
1461 2448 1476 2464 «
1493 2436 1558 2468 Non
1590 2436 1729 2469 verearis
1760 2444 1862 2478 usque
1885 2435 1924 2468 ad
1948 2439 2081 2469 mortem
2110 2436 2291 2477 iustificari,

1331 2488 1478 2530 quoniam
1510 2497 1632 2522 merces
1655 2489 1710 2522 Dei
1742 2492 1847 2522 manet
1870 2489 1901 2521 in
1924 2493 2088 2522 aeternum
2114 2503 2144 2522 n.
2174 2509 2215 2514 —
2244 2490 2293 2524 Sic

1331 2550 1406 2583 ergo
1422 2541 1594 2574 secundum
1619 2541 1816 2575 diversitates
1837 2542 2022 2575 meritorum
2047 2543 2292 2586 appropriantur

1329 2593 1522 2627 differentiae
1546 2595 1777 2636 praemiorum3
1802 2600 1833 2628 et
1857 2595 1901 2629 sic
1930 2609 1946 2625 «
1962 2596 2071 2630 reddet
2094 2596 2178 2630 Deus
2201 2597 2293 2630 iustis

1330 2646 1506 2679 mercedem
1532 2646 1676 2679 laborum
1701 2656 1832 2681 suorum
1850 2661 1882 2688 »‚
1906 2649 2081 2691 Sapientiae
2104 2649 2235 2683 decimo.

380 2864 387 2878 ¹
410 2865 483 2890 Vers.
505 2865 545 2890 16.
565 2878 599 2883 -
618 2866 770 2898 Sequuntur
790 2866 909 2899 Ρ5.118,
930 2867 989 2893 165.
1002 2872 1028 2894 01
1047 2869 1108 2900 Sap.
1128 2869 1157 2901 5,
1180 2869 1219 2894 16.
1233 2882 1269 2888 -·

310 2909 436 2940 Superius
455 2916 503 2941 pro
522 2908 577 2935 Hoc
595 2911 686 2936 aulem
705 2909 807 2937 inducit
828 2911 883 2936 vat.
904 2911 946 2938 Ad
963 2911 1028 2939 haec
1047 2908 1138 2939 autem
1158 2912 1268 2941 inducit.

379 2951 389 2966 ²
409 2952 478 2978 Libr.
499 2953 524 2978 ll.
545 2954 570 2978 in
584 2953 646 2979 Luc.
666 2955 696 2985 6,
711 2955 753 2980 23.
774 2954 860 2980 Verba
875 2956 1017 2982 afferuntur
1036 2957 1184 2983 secundum
1198 2957 1268 2983 Glos-

309 3003 363 3021 sam
384 2996 554 3023 ordinariam
573 2997 598 3023 in
618 2998 732 3023 eundem
752 2998 847 3024 locum.
996 3021 998 3023 ,

310 3036 312 3038 ’
379 3038 389 3053 ³
410 3040 519 3072 Vulgata
533 3040 688 3067 Secundum
707 3042 780 3069 haec.
795 3056 829 3062 —
843 3043 993 3076 Sequuntur
1012 3045 1100 3071 lllatth.
1119 3046 1167 3077 23,
1186 3046 1229 3072 31.
1243 3049 1266 3072 01

310 3085 364 3109 Act.
384 3084 415 3115 7,
436 3085 476 3110 51.
497 3092 552 3118 seq.

380 3127 390 3142 ¹
412 3129 485 3154 vers.
506 3130 551 3160 10,
570 3133 630 3162 post
648 3138 728 3163 quem
751 3132 826 3158 Eccli.
848 3131 893 3164 48,
915 3133 923 3157 l
932 3133 957 3159 3.
975 3140 1043 3167 seq„
1074 3134 1101 3159 in
1121 3134 1197 3160 cuius
1216 3134 1267 3160 fine

310 3179 357 3204 pro
377 3172 455 3199 homo
476 3174 586 3206 Vulgata
608 3174 717 3201 verbum
735 3175 854 3210 aliquod.

380 3217 391 3231 ¹⁵
412 3219 484 3244 vers.
505 3219 546 3243 18.
567 3234 599 3238 —-
620 3219 736 3246 Subinde
759 3221 886 3252 allegatur
901 3223 983 3254 Apoc:
1003 3224 1050 3254 22,
1071 3223 1112 3248 l2.
1131 3237 1166 3243 —
1186 3224 1266 3256 Supe-

310 3261 364 3286 rius
382 3268 430 3293 pro
449 3269 531 3295 quam
550 3262 610 3288 aliis
626 3262 792 3296 promittunt
811 3264 854 3297 (ita
874 3265 951 3291 etiam
969 3266 993 3294 D
1012 3273 1026 3291 a
1045 3266 1160 3292 secunda
1174 3266 1264 3300 manu)

310 3312 361 3330 non
381 3306 456 3337 pauci
476 3306 554 3331 codd.
574 3313 655 3340 quam
681 3306 742 3333 aliie
760 3308 909 3342 premium
934 3310 1019 3336 minus
1048 3309 1129 3342 bene,
1158 3313 1266 3343 propter

311 3347 434 3374 subnexa.
453 3350 560 3375 lnserius
579 3357 628 3381 pro
647 3350 675 3376 in
693 3350 745 3385 fine
765 3352 823 3378 Vat.
841 3352 869 3378 in
884 3360 1004 3386 persona
1023 3353 1131 3380 Christi.

381 3390 391 3406 ⁸
411 3393 467 3418 Vat.
488 3395 673 3427 temporanea,
693 3395 765 3428 quod
786 3396 893 3422 inferius
911 3398 989 3423 etiam
1008 3398 1086 3424 codd.
1105 3397 1236 3425 exhibent.

381 3435 391 3450 ⁷
414 3437 487 3463 Vers.
511 3437 535 3463 t.
555 3452 590 3457 ——
612 3438 669 3465 Duo
689 3446 763 3473 seqq.
785 3440 833 3466 loci
857 3444 918 3467 sunt
939 3442 1004 3467 Gen.
1027 3442 1066 3475 15,
1087 3443 1108 3468 l.
1129 3447 1154 3469 et
1175 3444 1265 3470 Esther

1334 2868 1382 2901 16,
1403 2869 1444 2894 22.
1459 2875 1515 2901 seq.
1528 2882 1563 2887 —
1584 2869 1711 2901 Superius
1736 2870 1875 2902 posuimus
1892 2869 2051 2903 fraudatur,
2071 2877 2120 2902 pro
2139 2878 2193 2904 quo
2212 2872 2290 2898 codd.

1331 2912 1476 2945 incongrue
1494 2912 1677 2946 ffaudantur,
1696 2913 1746 2940 nisi
1759 2914 1818 2939 voci
1838 2913 2019 2941 ministerium
2045 2915 2086 2940 vel
2107 2921 2167 2940 cum
2183 2916 2203 2941 D
2222 2923 2236 2941 a
2255 2923 2292 2942 se-

1331 2958 1418 2984 cunda
1438 2965 1517 2984 manu
1537 2958 1698 2991 praefigatur
1713 2965 1778 2993 per,
1801 2959 1842 2985 vel
1859 2966 1921 2985 cum
1942 2959 1999 2985 Vat.
2019 2958 2060 2985 ob.
2218 2962 2221 2963 ’

1401 3000 1412 3016 ⁸
1431 3002 1550 3035 Hieron,
1578 3003 1613 3029 de
1640 3002 1771 3029 Nominib.
1800 3003 1922 3030 Hebraic.
1940 3007 1993 3029 vet.
2018 3006 2118 3029 testam.
2147 3004 2181 3031 de
2208 3005 2291 3032 Ruth:

1334 3057 1346 3069 α
1361 3046 1444 3079 Ruth,
1464 3047 1569 3080 videns,
1589 3048 1630 3073 vel
1645 3047 1782 3081 festinans,
1801 3047 1857 3074 sive
1869 3048 1994 3074 deficiens
2007 3057 2032 3074 n.
2052 3049 2079 3074 ln
2098 3049 2245 3081 appendice
2257 3051 2291 3077 ad

1318 3091 1369 3117 111.
1388 3094 1450 3117 tom.
1465 3091 1581 3124 Operum
1602 3093 1628 3118 S.
1642 3091 1745 3118 Hieron.
1759 3091 1870 3118 habetur
1883 3092 1978 3124 duplex
1992 3091 2178 3124 Origenianum
2192 3094 2291 3120 lexicon

1330 3135 1468 3161 nominum
1482 3135 1685 3169 Hebraicorum3
1699 3136 1724 3162 in
1737 3136 1855 3163 secundo
1866 3136 1985 3169 ponitur:
2000 3135 2079 3168 Ruth,
2093 3144 2156 3170 grex
2168 3136 2272 3172 [ποίμνη
2282 3159 2288 3171 ,

1329 3186 1398 3212 quae
1417 3186 1467 3206 vox
1480 3178 1621 3206 adhibetur
1633 3181 1776 3213 praecipue
1794 3181 1827 3207 ad
1841 3180 2035 3212 designandum
2055 3188 2165 3214 gregem
2178 3181 2290 3216 oviumJ.

1331 3236 1363 3241 -
1383 3222 1501 3249 Subinde
1519 3223 1648 3255 allegatur
1666 3225 1735 3250 Ruth
1755 3225 1786 3256 2,
1810 3225 1849 3250 ¹2.

1399 3264 1411 3280 ⁹
1430 3267 1505 3293 Vers.
1524 3267 1567 3292 38.
1585 3280 1621 3286 —
1642 3268 1764 3301 Sequitur
1782 3268 1859 3295 Eccli.
1884 3268 1921 3300 ll,
1941 3268 1983 3295 24.

1400 3309 1422 3325 ¹⁰
1441 3311 1516 3337 Vers.
1537 3312 1578 3337 18.
1597 3326 1633 3331 -
1652 3311 1769 3339 Subinde
1788 3312 1913 3344 allegatur
1932 3313 2018 3340 Matth.
2034 3313 2058 3346 ὅ,
2080 3314 2122 3340 12.
2134 3327 2170 3334 -
2183 3315 2290 3341 inferius

1329 3362 1378 3387 pro
1397 3354 1453 3382 sive
1472 3355 1648 3383 militantium
1667 3357 1725 3383 νει.
1743 3356 1798 3383 sive
1817 3356 1913 3384 multa.

1400 3398 1421 3414 ¹¹
1442 3399 1524 3436 vers..
1537 3401 1578 3426 22.
1598 3414 1633 3420 —
1653 3401 1776 3434 Sequitur
1796 3401 1856 3433 Sap.
1878 3401 1923 3433 10,
1946 3402 1986 3428 17.

2310 400 2354 416 0188
2368 401 2445 418 meru-

2319 421 2353 443 dis
2367 427 2409 444 aec.
2425 423 2439 444 9

2338 449 2419 471 merita.

2306 790 2387 812 Merces
2403 791 2441 812 sal-
2466 815 2467 823 ἵ

2354 823 2388 838 va.

2308 1002 2381 1029 Magna
2385 1018 2390 1023 .

2310 1161 2387 1188 Digna.

2310 1321 2383 1343 Plena.

2312 1747 2443 1774 Opportuna.

2311 1907 2405 1929 Festina.

2313 2014 2400 2036 Fidelis.

2312 2175 2409 2202 copiosa.

2312 2334 2426 2362 Perpetua.

2460 450 2463 478 l

2461 484 2462 512 l
