2427 3872
465 248 517 275 VlC

169 295 317 326 sequuntur
333 292 465 319 Christum
480 300 527 325 per
540 293 610 318 viam
624 292 809 319 mandatorum

169 338 246 363 5831
276 351 312 356 -
337 337 435 363 Stultus
454 337 536 363 nescit
560 338 632 364 viam
658 340 756 363 rectam
776 336 809 362 ad

168 381 285 407 eundum
306 382 332 407 in
351 382 452 408 caelum
472 382 506 407 85
526 389 552 408 v.
574 382 606 407 15

222 440 257 444 -
285 426 429 458 peccatoris
460 425 566 459 obliqua
598 428 651 456 est,
680 425 808 458 quamdiu

169 473 273 502 peccat,
293 471 416 502 dirigitur
443 477 507 496 vero
529 470 563 496 ad
591 470 732 496 Dominum
762 475 810 501 per

168 514 356 546 poeniteutiam
375 517 401 540 et
414 515 599 540 mandatorum
612 513 808 540 observantiam

169 559 201 585 Vl
221 559 272 585 257
293 559 326 584 49
345 574 380 577 -
399 559 464 585 Cum
484 559 606 590 dirigitur
629 558 672 584 via
692 560 810 590 peccato-

167 603 204 628 ris
222 603 255 629 ad
275 603 431 636 Dominum,
449 602 573 635 dirigitur
591 603 634 628 via
655 602 759 628 Domini
775 602 809 628 ad

168 654 214 673 cor
233 646 295 673 ibid.

221 705 256 710 —
275 692 323 717 Per
342 691 399 717 vias
418 694 540 724 etsepes
559 691 737 723 intelliguntur
751 697 809 723 pec-

168 738 269 761 catores
293 738 364 762 extra
387 736 591 762 ecclesiasticam
617 735 744 761 unitatem
765 736 807 761 Vll

169 779 221 805 374
239 779 271 805 49

223 824 330 850 Vic‘rnnt
349 839 384 843 —
403 825 542 851 stultorum
563 825 616 850 Deo
635 824 755 857 displicet
775 824 809 850 Vl

169 867 202 894 42
222 876 247 894 v.
269 869 302 895 17

223 913 366 939 VtC'rontAM
384 928 419 932 -—
443 913 476 939 de
502 913 602 939 mundo
628 913 809 946 adipiscuntur

167 957 303 983 credentes
321 958 347 984 in
366 957 498 984 Christum
519 958 552 983 Vl
574 957 625 983 465
646 957 679 983 47

221 1001 317 1028 Vicrus
334 1016 370 1022 —
398 1002 548 1028 Necessaria
573 1002 654 1027 victui
680 1002 810 1034 Apostolis

168 1045 296 1077 permissa
319 1049 379 1073 sunt
404 1049 524 1078 tempore
550 1046 740 1078 persecutionis
765 1046 808 1073 Vll

168 1089 220 1116 554
241 1090 273 1116 48

221 1135 305 1161 Vinux
325 1149 360 1153 —
379 1137 419 1160 est
437 1134 559 1160 destituta
580 1134 678 1160 solatio
694 1134 744 1159 viri
765 1134 807 1160 Vll

167 1178 219 1204 450
240 1179 256 1205 5
274 1193 310 1198 -
329 1179 450 1211 designat
468 1178 584 1204 animam
604 1185 618 1203 a
632 1178 686 1203 Deo
705 1184 808 1210 separa-

167 1225 219 1249 tam
241 1223 292 1249 419
310 1222 342 1248 47

219 1281 255 1286 -
276 1266 368 1293 Viduis
386 1265 600 1292 subveniendum
617 1268 656 1291 est
670 1265 712 1291 Vll
727 1265 778 1291 450
791 1265 808 1292 5

166 1325 202 1330 —
222 1311 316 1337 Viduis
335 1310 414 1336 debet
433 1310 489 1335 tleri
509 1309 617 1341 iustitia,
636 1310 699 1343 quia
720 1310 807 1336 minus

166 1362 195 1381 se
222 1357 332 1387 possunt
357 1354 497 1380 defendere
522 1352 583 1380 ibid.
603 1368 638 1373 —-
657 1354 809 1388 trequentis-

167 1399 234 1425 sime
257 1398 443 1431 opprimuntur
466 1397 530 1424 ibid.
549 1412 584 1416 -—
602 1399 747 1431 Lacrymae
773 1399 808 1424 vi-

166 1443 236 1469 duae
248 1449 299 1468 non
313 1442 471 1474 perveniunt
480 1442 513 1468 ad
526 1449 571 1468 cor
582 1442 733 1470 induratum
746 1442 809 1470 ibid.

219 1500 253 1506 —
274 1487 371 1512 Luctus
389 1487 487 1512 viduae
506 1494 554 1519 pro
573 1490 657 1513 morte
677 1488 805 1520 unigeniti

167 1530 225 1556 eius
244 1531 291 1556 suit
309 1531 440 1557 maximus
459 1531 502 1557 Vll
527 1532 574 1557 170
592 1533 625 1557 22
646 1546 679 1550 -—
698 1531 810 1565 Compa-

166 1574 279 1601 tiebatur
297 1575 320 1601 ei
340 1575 417 1602 turba
436 1579 462 1602 et
480 1576 678 1608 consolabatur,
691 1577 753 1610 quia
767 1577 810 1603 de-

166 1620 245 1646 solata
260 1623 316 1646 erat
331 1620 374 1646 171
400 1621 434 1646 22
447 1634 482 1640 -
495 1622 629 1647 consolata
648 1621 695 1648 suit
710 1629 725 1647 a
738 1621 808 1648 Chri-

165 1667 205 1691 sto
224 1664 338 1697 benigno
358 1672 481 1691 sermone
500 1664 533 1692 ib.
554 1667 587 1693 23

219 1724 253 1728 --
266 1709 360 1736 obtulit
373 1710 427 1736 duo
440 1717 500 1736 aera
515 1710 612 1737 minuta
627 1713 736 1743 propter
746 1718 807 1744 pau-

164 1757 292 1786 pertatem
313 1757 339 1780 et
353 1754 535 1781 liberalitatem
550 1755 593 1781 Vll
613 1756 659 1781 521
685 1756 701 1781 3
713 1769 749 1775 —
762 1755 807 1782 ob-

165 1799 222 1825 tulit
240 1800 300 1831 plus
311 1806 391 1832 quam
405 1806 499 1825 omnes
508 1798 541 1826 ib.
557 1799 572 1825 4
585 1814 621 1818 -
634 1800 710 1826 offert
723 1802 805 1826 totum

165 1842 263 1868 victum
283 1851 362 1870 suum
383 1843 433 1869 523
455 1844 470 1868 8

218 1901 253 1906 -
272 1888 384 1914 offerens
404 1890 487 1914 totum
507 1887 606 1913 victum
626 1895 721 1921 suum,
736 1896 807 1921 prae-

166 1932 247 1957 fertur
265 1932 314 1958 illis
332 1932 379 1965 qui
392 1934 493 1964 partem
512 1932 643 1958 dederunt
663 1933 704 1958 Vll
725 1933 776 1958 520
792 1933 801 1958 1

163 1990 199 1994 --
218 1976 309 2002 divino
338 1983 383 2002 ore
412 1976 533 2002 laudatur
561 1976 612 2002 522
641 1977 657 2002 6
676 1991 711 1995 —
730 1983 806 2009 spem

164 2020 252 2052 posuit
270 2021 295 2046 in
323 2020 427 2047 Christo
455 2023 480 2046 et
505 2020 627 2047 divinum
657 2020 807 2052 imploravit

164 2065 302 2091 consilium
322 2064 384 2091 ibid.
396 2078 432 2084 —
445 2065 566 2091 divinum
584 2065 684 2090 eultum
704 2067 806 2097 praetu-

164 2108 192 2136 lit
211 2116 275 2135 suae
294 2109 413 2141 privatae
432 2109 533 2135 utilitati
552 2108 614 2135 ibid.

218 2167 252 2171 —
271 2153 327 2178 eius
345 2153 512 2185 eleemosyna
531 2159 582 2178 non
601 2153 706 2178 videtur
725 2153 805 2178 fuisse

163 2197 273 2223 discreta
306 2197 453 2223 secundum
479 2197 613 2222 hominem
633 2196 677 2222 Vll
706 2197 758 2222 522
789 2197 805 2223 6

164 2255 198 2260 -—
212 2241 270 2267 eius
287 2241 436 2273 elemosyna
453 2240 657 2272 prudentissima
678 2240 725 2266 suit
744 2239 805 2267 ibid.

164 2300 199 2305 —
212 2286 301 2312 dando
321 2288 404 2312 totum
425 2286 490 2311 sacta
510 2288 549 2311 est
567 2285 689 2310 imitatrix
711 2284 805 2311 Christi

164 2329 225 2357 ibid.

217 2388 254 2394 —
272 2377 312 2401 est
331 2375 416 2407 figura
435 2374 551 2404 animae,
571 2380 640 2407 quae
658 2373 756 2399 recedit
770 2372 805 2399 ab

164 2426 254 2445 amore
273 2419 468 2451 temporalium,
487 2421 513 2444 et
532 2418 565 2444 ad
593 2425 674 2451 quam
700 2417 806 2450 respicit

163 2463 292 2489 Dominus
312 2464 353 2488 Vll
376 2464 427 2489 522
446 2463 462 2488 7
476 2478 512 2481 —
525 2466 564 2489 est
578 2463 663 2495 ssgura
678 2462 805 2488 Ecclesiae

164 2514 195 2534 ex
214 2507 337 2540 gentibus
357 2511 533 2540 congregatae
552 2506 585 2534 ib.
605 2507 620 2532 8
635 2507 710 2532 —ln
724 2506 804 2532 vidua

165 2552 367 2578 commendatur
380 2555 468 2577 sancta
483 2552 609 2583 Ecclesia,
622 2551 739 2582 castitas,
760 2552 805 2576 hu-

165 2596 259 2621 militas
278 2598 304 2622 et
322 2598 464 2628 paupertas
483 2596 535 2622 523
556 2597 571 2622 8

218 2640 368 2666 VthtANTut
389 2654 423 2659 -
436 2640 582 2666 necessaria
596 2643 636 2666 est
651 2641 692 2666 Vll
705 2640 756 2666 538
771 2639 805 2666 55

163 2697 199 2703 —
218 2684 257 2710 Ad
276 2684 496 2716 perscrutandum
511 2684 590 2710 verba
604 2685 694 2711 divina
713 2687 752 2710 est
764 2691 806 2710 nc-

164 2728 275 2754 cessaria
296 2728 478 2760 promptitudo
506 2732 532 2754 et
560 2729 694 2761 vigilantia
715 2728 748 2754 97
768 2729 800 2754 33

163 2785 198 2791 -
218 2772 257 2797 Ad
277 2770 487 2798 benedictionem
507 2773 607 2805 gratiae
631 2772 802 2799 obtinendam

164 2817 267 2847 oportet
286 2815 440 2847 praevenire
468 2816 549 2842 solem
575 2824 651 2842 mane
671 2817 804 2849 vigilando

163 2859 197 2885 Vl
217 2859 269 2884 216
289 2866 314 2883 ν.
334 2859 367 2884 28
387 2873 422 2878 —
443 2860 496 2886 Deo
521 2861 691 2887 serviendum
710 2864 749 2886 est
768 2861 805 2886 vi-

164 2904 273 2936 gilanter
292 2905 420 2936 quantum
433 2903 465 2929 ad
480 2904 680 2930 sollicitudinem
699 2904 805 2930 rationis

165 2948 216 2974 576
237 2948 252 2973 6

216 3005 252 3011 -
271 2991 387 3023 Vigilare
406 2994 509 3023 oportet
527 2995 616 3017 contra
645 2993 746 3017 hostem
766 2999 806 3018 ex-

164 3036 319 3067 trinsecum,
348 3035 445 3060 scilicet
469 3035 618 3066 diabolum,
644 3039 733 3061 contra
762 3037 805 3062 ho-

164 3082 231 3105 stem
251 3079 439 3112 domesticum,
453 3079 551 3105 scilicet
563 3086 683 3110 carnem,
696 3079 730 3105 ad
744 3087 805 3112 pro-

165 3124 259 3149 fectum
279 3122 385 3149 virtutis
403 3129 451 3154 per
470 3122 631 3149 desiderium
645 3124 805 3156 contemplu-

163 3167 240 3193 tionis
253 3166 296 3193 Vll
308 3167 358 3192 539
370 3167 403 3193 58
414 3180 449 3186 -
460 3166 574 3199 Vigilare
584 3169 688 3199 oportet
697 3171 805 3199 propter

165 3209 364 3236 declinationem
380 3210 440 3236 mali
452 3213 477 3236 et
490 3210 656 3243 adeptionem
668 3209 729 3236 boni
742 3209 804 3237 ibid.

203 3267 252 3279 ,—
271 3254 408 3286 invigilare
427 3255 500 3286 prius
525 3254 655 3281 debemus
674 3254 743 3280 circa
761 3262 804 3281 no-

837 203 874 236 lN
897 202 1193 235 COMMENTARIOS
1216 203 1245 235 S.
1271 202 1498 235 SCRIPTURAE

900 305 935 309 —
954 297 1002 322 per
1020 290 1182 316 desiderium
1201 294 1226 316 et
1239 297 1358 317 amorem
1377 291 1490 323 Spiritus

848 335 929 361 sancti
949 335 1085 367 potissime
1105 335 1250 361 necessaria
1270 339 1310 361 est
1328 335 1353 360 in
1373 335 1490 360 oratione

848 379 891 405 Vll
910 379 962 405 235
982 379 1016 405 58
1031 393 1064 397 ——
1077 379 1116 405 Ad
1137 381 1204 405 hanc
1222 379 1339 411 vigiliam
1354 380 1490 412 potissime

848 423 937 449 invitat
968 430 1017 449 nos
1045 424 1172 449 Dominus
1197 427 1305 456 propter
1329 424 1488 456 promissum

847 467 995 500 praemium
1022 470 1048 493 et
1075 468 1228 499 praevisum
1257 468 1403 500 periculum
1428 467 1489 494 ibid.

846 527 882 530 —
901 512 1014 537 maxime
1042 512 1254 544 contemplationi
1283 512 1428 537 necessaria
1452 514 1491 537 est

847 555 881 582 ib.
900 556 933 582 59
953 570 989 575 —
1013 557 1039 581 ln
1067 556 1236 588 evigilatione
1263 556 1491 588 contemplationis

848 598 959 626 videtur'
980 600 1069 626 divina
1097 600 1218 625 maiestas
1243 600 1267 625 in
1293 600 1434 633 creaturis,
1454 600 1490 625 di-

848 645 910 670 vina
931 644 1062 670 humilitas
1075 645 1101 669 in
1122 644 1264 676 Scripturis
1282 643 1346 670 ibid.

899 703 934 707 —-
944 691 1046 721 spectat
1059 688 1093 714 ad
1108 688 1246 714 universos
1259 688 1443 721 communiter,
1457 688 1491 714 ad

848 734 977 765 praelatos
995 733 1142 765 specialiter
1162 733 1203 759 Vll
1232 733 1284 758 327
1305 733 1333 758 61
1358 747 1393 751 -
1411 732 1492 759 debet

847 784 905 803 esse
924 777 949 803 in
969 777 1091 810 praelatis
1111 777 1143 803 48
1166 778 1198 802 19
1217 791 1253 796 -
1277 778 1393 809 vigilare
1412 776 1492 803 debet

847 821 956 855 quilibet
975 825 1065 848 contra
1086 823 1188 848 hostem
1202 822 1366 854 spiritualem
1381 821 1442 848 ibid.
1455 835 1491 841 —

849 866 962 899 Vigilare
981 866 1061 892 debet
1078 867 1139 900 quis
1153 867 1179 892 in
1196 867 1415 899 contemplatione
1428 865 1490 892 ibid.

900 926 935 929 —
955 911 1071 943 Vigilare
1088 910 1168 937 debet
1186 911 1386 943 paterfamilias,
1406 914 1435 936 ut
1452 918 1490 936 sa-

847 956 947 988 pienter
975 960 1000 981 et
1027 963 1079 981 non
1108 956 1184 981 stulte
1203 962 1294 981 curam
1314 955 1427 981 familiae
1449 956 1491 980 ha-

847 999 908 1026 beat
926 1000 969 1026 vu
990 1000 1041 1025 326
1061 1000 1094 1026 58
1114 1014 1150 1019 -
1168 1000 1219 1032 Qui
1248 993 1358 1032 negligit
1377 1000 1489 1026 domum

846 1051 921 1070 suam
942 1044 1103 1076 spiritualem
1124 1044 1263 1076 vigilanter
1282 1043 1422 1076 custodire,
1443 1044 1490 1070 iter

846 1088 938 1120 pandit
948 1088 1069 1120 malignis
1081 1088 1217 1120 spiritibus
1230 1089 1264 1114 ad
1278 1088 1488 1114 interficiendum

845 1132 960 1157 animam
981 1131 1044 1158 ibid.

898 1188 934 1194 —-
959 1175 1104 1207 Vigilantes
1133 1176 1259 1202 Dominus
1287 1176 1418 1202 beatificat
1445 1176 1488 1202 Vll

846 1219 898 1244 325
917 1220 951 1245 56
970 1233 1006 1239 -—
1029 1220 1158 1246 Dominus
1182 1221 1239 1246 sine
1264 1220 1416 1253 exceptione
1443 1227 1489 1246 no-

845 1266 926 1291 stram
952 1267 1071 1296 acceptat
1098 1264 1233 1296 vigiliam,
1258 1265 1395 1296 potissime
1419 1272 1489 1298 quae

846 1307 936 1340 incipit
955 1315 968 1333 a
990 1308 1102 1340 pueritia
1121 1309 1173 1334 326
1193 1309 1227 1335 57
1247 1323 1281 1327 -
1295 1309 1412 1341 Vigilare
1423 1316 1488 1342 qua-

846 1352 908 1378 libet
936 1354 1000 1378 hora
1028 1360 1081 1379 non
1109 1356 1149 1379 cst
1172 1353 1277 1384 inutile,
1302 1353 1349 1379 sed
1375 1354 1488 1385 perutile

847 1396 909 1423 ibid.

902 1442 1016 1468 Victum
1039 1457 1073 1461 —
1105 1442 1252 1468 secundum
1281 1443 1398 1469 Marcum
1426 1450 1489 1476 qua-

847 1489 905 1512 tuor
924 1489 998 1518 sunt,
1017 1487 1163 1513 secundum
1184 1487 1295 1513 modum
1314 1487 1489 1513 distinctionis

847 1532 972 1557 horarum
992 1531 1063 1564 apud
1083 1531 1242 1558 excubantes
1262 1532 1306 1558 Vll
1327 1532 1378 1558 326
1399 1532 1433 1558 57
1453 1546 1489 1551 -

846 1576 894 1601 Per
912 1579 1026 1609 quatuor
1046 1576 1149 1608 vigilias
1177 1576 1356 1609 intelliguntur
1374 1580 1489 1610 quatuor

847 1623 937 1653 status,
957 1620 983 1646 in
1001 1620 1100 1654 quibus
1119 1622 1199 1647 homo
1213 1621 1294 1647 utitur
1313 1621 1432 1648 libertate
1451 1629 1489 1647 ar-

847 1664 917 1690 bitrii
936 1664 999 1691 ibid.
1019 1680 1054 1684 —-
1073 1666 1120 1691 Per
1140 1669 1192 1691 tres
1212 1666 1316 1698 vigilias
1344 1666 1490 1699 intelligun-

846 1713 887 1736 tur
906 1712 958 1736 tres
977 1713 1059 1736 status
1078 1710 1224 1742 praesentis
1243 1711 1312 1737 vitae
1331 1710 1394 1737 ibid.

898 1754 974 1780 Vitta
994 1768 1029 1773 —
1049 1754 1225 1786 pulcherrima
1245 1758 1284 1780 est
1308 1756 1426 1781 caelestis
1446 1762 1489 1787 pa·

845 1797 945 1824 tria‘Vl
965 1799 1017 1824 323
1037 1799 1070 1823 32
1090 1813 1125 1817 —-
1144 1798 1273 1824 Mundana
1299 1799 1400 1825 vanitas
1420 1806 1490 1825 com-

845 1845 952 1875 paratur
970 1842 1048 1868 villae
1067 1842 1118 1867 546
1140 1843 1173 1867 12

899 1887 1044 1913 νιιιιοᾼτιο
1063 1900 1098 1904 -
1111 1889 1136 1912 et
1154 1888 1308 1912 oeconomia
1320 1887 1361 1913 est
1373 1887 1487 1913 humana

845 1933 960 1963 potestas
979 1931 1022 1956 Vll
1043 1930 1093 1955 403
1114 1931 1129 1955 2

900 1976 1015 2000 Vitttcus
1033 1988 1068 1993 —
1087 1977 1126 2000 est
1145 1973 1254 2007 quilibet
1267 1976 1361 2006 homo,
1375 1975 1422 2008 qui
1442 1976 1487 2001 ha-

845 2018 889 2045 bet
907 2019 1014 2051 aliquod
1034 2025 1113 2050 posse
1132 2022 1266 2045 terrenum
1291 2019 1349 2045 sive
1374 2019 1488 2052 dignita-

844 2063 884 2093 tis,
903 2063 960 2089 sive
979 2063 1132 2088 divitiarum
1157 2064 1191 2089 ad
1211 2063 1421 2096 dispensandum
1442 2064 1485 2090 Vll

845 2107 895 2133 403
916 2108 930 2132 2

897 2165 931 2190 -ι-
950 2151 1100 2177 diss'amatur
1118 2152 1191 2184 apud
1211 2152 1366 2185 Dominum,
1379 2153 1487 2186 quando

842 2195 941 2221 clamor
951 2202 1098 2227 pauperum
1113 2197 1231 2223 ascendit
1243 2197 1275 2223 ad
1290 2198 1432 2224 Dominum
1445 2199 1486 2225 Vll

844 2239 894 2265 404
914 2240 929 2265 3
950 2254 984 2258 -
1003 2243 1126 2273 vocatur,
1145 2242 1253 2274 quando
1272 2242 1305 2268 ad
1318 2242 1486 2268 consideran-

842 2283 908 2309 dum
928 2285 1046 2310 futurum
1065 2285 1193 2311 iudicium
1217 2286 1343 2312 excitatur
1362 2286 1395 2313 ib.
1418 2287 1432 2313 4
1452 2301 1486 2306 -—

843 2328 877 2354 de
896 2331 1010 2361 quatuor
1029 2329 1121 2355 reddet
1140 2330 1269 2356 rationem
1289 2330 1352 2357 ibid.

896 2386 931 2391 —
951 2373 1060 2406 requirit
1083 2375 1231 2400 remedium
1252 2375 1361 2409 videns,
1381 2383 1409 2402 se
1429 2383 1486 2402 esse

843 2416 1013 2442 iudicandum
1035 2418 1077 2444 Vll
1097 2418 1149 2444 405
1168 2418 1185 2444 5
1203 2433 1239 2439 —-
1257 2420 1281 2445 'ei
1299 2423 1426 2453 tanquam
1440 2421 1487 2446 im·

844 2462 958 2492 persecto
979 2469 1030 2487 non
1049 2465 1105 2488 erat
1130 2463 1190 2489 data
1220 2464 1317 2496 gratia,
1337 2471 1385 2497 per
1404 2472 1485 2498 quam

844 2506 958 2537 perfecte
977 2507 1124 2533 etllceretur
1143 2509 1287 2535 conformis
1305 2508 1408 2535 Christo
1422 2509 1455 2536 ib.
1470 2510 1485 2534 6

843 2563 878 2569 -
897 2550 957 2581 scit,
977 2551 1042 2584 quid
1062 2552 1137 2584 facit,
1165 2552 1187 2578 si
1213 2553 1324 2579 intendit
1347 2554 1486 2587 acquirere

843 2594 954 2626 proximi
980 2595 1121 2622 amicitiam
1151 2596 1202 2623 405
1227 2597 1242 2622 7
1272 2611 1308 2617 —-
1336 2598 1396 2630 scit,
1420 2598 1484 2631 quid

843 2638 910 2669 facit,
921 2639 966 2672 qui
977 2640 1125 2667 secundum
1139 2640 1235 2667 Christi
1248 2641 1394 2668 doctrinam
1408 2649 1485 2675 quae-

843 2683 875 2708 rit
893 2684 1040 2710 remedium
1060 2688 1149 2711 contra
1168 2686 1314 2718 periculum
1335 2685 1398 2713 ibid.

895 2741 931 2747 —
950 2729 1096 2756 ostenditur
1115 2729 1229 2757 liberalis
1257 2731 1283 2757 in
1308 2731 1484 2757 munificentia

842 2775 868 2798 et
887 2772 1065 2800 misericordia
1086 2775 1128 2800 Vll
1150 2774 1200 2800 406
1214 2776 1229 2800 8
1243 2789 1279 2794 —-
1291 2775 1416 2808 elargitur
1429 2782 1483 2801 mo-

842 2816 932 2842 derate
951 2818 1097 2844 secundum
1117 2819 1276 2851 exigentiam
1295 2819 1378 2846 debiti
1397 2818 1430 2846 ib.
1452 2820 1484 2845 10

843 2875 877 2879 —
897 2868 1048 2888 mensuram
1077 2864 1192 2896 quaerit,
1222 2866 1250 2889 ut
1277 2867 1427 2889 mensurate
1446 2863 1485 2889 di-

843 2904 953 2931 stribuat
972 2905 1034 2932 ibid.
1053 2920 1088 2926 —
1107 2907 1131 2932 in
1146 2907 1302 2933 dimittendo
1320 2911 1408 2934 servat
1427 2915 1485 2939 pro·

843 2949 990 2981 portionem
1017 2951 1205 2982 geometricam
1236 2951 1298 2978 ibid.
1323 2965 1359 2971 —
1390 2951 1483 2977 libera-

843 2993 900 3019 liter
912 2994 1074 3020 condonavit
1087 3002 1138 3021 non
1151 2996 1237 3021 solum
1252 2996 1341 3021 multis
1354 2999 1379 3021 et
1393 2996 1484 3026 multa,

843 3044 936 3063 verum
956 3039 1034 3064 etiam
1055 3039 1190 3065 moderate
1209 3038 1271 3065 ibid.

895 3095 931 3101 —
950 3082 977 3107 ln
996 3082 1188 3108 condonatione
1201 3082 1391 3116 quinquaginta
1410 3086 1436 3108 et
1449 3083 1484 3108 vi-

844 3125 907 3156 ginti
938 3126 1052 3157 partium
1088 3126 1238 3158 intelligitur
1263 3127 1338 3158 plena
1364 3126 1483 3152 remissio

842 3168 1039 3195 liberalissimae
1058 3170 1161 3202 pietatis
1191 3170 1232 3195 Vll
1253 3170 1303 3195 406
1325 3170 1357 3195 10
1376 3183 1412 3189 —
1431 3177 1483 3196 non

842 3212 962 3240 laudatur
981 3213 1015 3239 de
1035 3214 1140 3244 trande,
1156 3213 1203 3239 sed
1223 3214 1256 3239 de
1274 3214 1412 3245 prudentia
1433 3213 1482 3239 407

844 3256 871 3281 11
895 3269 930 3276 —-
950 3260 1034 3288 potest
1053 3257 1078 3283 in
1097 3258 1246 3289 exemplum
1267 3257 1397 3283 bonorum
1418 3257 1482 3283 trahi

163 3300 244 3324 stram
271 3298 463 3331 correptionem
491 3305 572 3332 quam
601 3298 669 3324 circa
695 3301 802 3330 peccata
842 3306 872 3325 ex
892 3299 972 3325 modo
991 3300 1158 3332 providendi,
1171 3301 1295 3334 quamvis
1308 3300 1404 3326 habeat
1417 3300 1441 3326 in
1454 3307 1483 3326 se

163 3341 276 3374 proximi
294 3342 337 3368 Vll
357 3341 408 3368 427
428 3342 444 3368 7

843 3342 1026 3375 vituperabilia
1046 3342 1108 3370 ibid.
1120 3358 1154 3363 —
1168 3344 1338 3371 detestandus
1356 3347 1409 3376 est,
1420 3344 1482 3378 quia

1821 246 1876 272 VlO

1529 290 1647 316 fraudem
1668 291 1800 316 commisit
1818 290 1880 317 ibid.
1903 305 1936 309 —
1956 292 2104 318 laudandus
2123 296 2170 324 est,

1527 334 1588 367 quia
1609 335 1751 366 prudenter
1776 335 1825 360 sibi
1854 338 1944 361 contra
1965 337 2110 367 periculum
2131 344 2168 362 re-

1530 378 1646 404 medium
1667 379 1802 405 adinvenit
1820 379 1883 405 ibid.

1584 423 1706 449 Vmotcrx
1727 438 1760 442 —
1781 430 1831 449 non
1851 426 1890 449 est
1910 424 2025 450 facienda
2039 432 2052 449 a
2069 424 2169 450 viribus

1529 466 1710 498 spiritualibus
1730 468 1772 493 Vll
1793 467 1845 493 554
1867 467 1898 492 48
1918 483 1953 486 —
1982 468 2112 500 prohibita
2133 472 2172 494 cst

1529 510 1554 535 in
1575 511 1738 543 Evangelicis
1758 512 1887 537 mandatis
1905 512 1940 537 77
1960 513 2004 538 34.
2026 513 2074 538 154
2094 513 2128 538 70

1581 569 1617 573 -
1636 555 1777 587 Quomodo
1802 562 1815 580 a
1843 557 1978 588 praelatis,
2007 556 2170 589 principibus

1528 601 1554 624 et
1571 598 1728 625 officialibus
1756 600 1900 626 exercenda
1930 601 1970 625 Vll
2000 601 2034 626 78
2055 601 2096 626 34.
2121 601 2169 626 154

1528 642 1563 667 70
1583 657 1616 662 —
1637 643 1784 669 afflictionis
1813 644 1929 670 facientis
1957 645 1991 670 ad
2021 645 2103 670 Deum
2127 652 2167 670 re-

1529 687 1585 713 dire
1598 690 1638 713 est
1656 687 1775 713 absolute
1794 689 1907 720 petenda
1928 688 1978 714 452
2004 690 2032 714 11
2057 704 2089 707 -
2110 690 2171 714 atili-

1529 731 1622 757 ctionis
1642 732 1759 758 facientis
1784 739 1798 757 a
1818 733 1923 758 stultitia
1942 740 2046 759 cessare
2065 737 2104 759 est
2129 741 2170 765 pe-

1529 776 1621 808 tenda,
1641 776 1662 802 si
1682 777 1736 802 Deo
1760 777 1845 808 placet
1871 776 1934 803 ibid.
1965 792 1998 795 —
2024 778 2171 803 afflictionis

1528 827 1657 852 personae
1684 828 1736 846 non
1765 824 1804 847 est
1823 821 1951 853 petenda,
1971 822 2018 848 sed
2041 823 2170 848 horrenda

1528 864 1591 891 ibid.
1728 872 1740 874 '⁷

1582 923 1617 929 —
1636 909 1730 935 Contra
1756 910 1899 936 vindictam
1929 911 2105 937 damnationis
2132 918 2172 937 ae-

1528 957 1617 980 ternae
1636 957 1676 980 est
1704 954 1921 987 interpellandum
1948 955 1991 981 Vll
2013 955 2063 981 452
2088 957 2113 981 11

1583 999 1663 1024 Vim-:x
1683 1012 1718 1018 —
1737 999 1858 1031 designat
1876 1007 2041 1032 synagogam
2057 1001 2099 1026 Vll
2119 1000 2170 1026 503

1532 1043 1556 1068 11
1582 1057 1617 1061 -
1636 1043 1748 1075 plantata
1769 1047 1808 1070 est
1826 1051 1840 1069 a
1861 1044 1981 1076 Domino,
2000 1044 2106 1077 quaudo
2125 1045 2172 1070 Pa-

1528 1087 1654 1113 triarchas
1671 1088 1705 1113 ad
1730 1088 1859 1114 culturam
1890 1096 1965 1114 suam
1986 1089 2065 1121 elegit
2083 1092 2108 1115 ct
2128 1096 2170 1115 vo·

1526 1131 1597 1157 cavit
1615 1130 1677 1157 ibid.

1581 1189 1615 1193 —-
1635 1176 1682 1201 Per
1700 1183 1791 1208 sepem
1812 1177 1906 1202 vineae
1919 1177 2071 1209 intelligitur
2085 1179 2170 1210 Ange-

1527 1219 1612 1245 lorum
1632 1220 1756 1246 custodia
1777 1221 1819 1246 Vll
1834 1221 1885 1246 503
1907 1222 1934 1246 1Ι
1954 1236 1986 1240 —-
2003 1223 2049 1247 Per
2070 1222 2170 1254 lapides

1526 1263 1622 1289 electos
1653 1264 1746 1290 vineae
1777 1265 1929 1297 intelligitur
1960 1266 2169 1292 Patriareharum

1526 1307 1654 1334 stabilitas
1672 1307 1735 1335 ibid.
1755 1323 1790 1327 ——
1809 1310 1857 1334 Per
1876 1310 1968 1335 turrim
1989 1310 2081 1335 vineae
2100 1311 2170 1336 intel-

1527 1352 1615 1384 ligitur
1634 1359 1708 1379 sacra
1728 1353 1863 1385 Scriptura
1889 1353 1951 1380 ibid.
1970 1368 2005 1374 —
2024 1354 2115 1381 Coloni
2135 1355 2171 1380 vi-

1526 1403 1592 1422 neae
1620 1400 1680 1423 sunt
1708 1397 1791 1424 duces
1818 1401 1844 1423 et
1871 1405 1996 1430 proceres
2015 1406 2169 1432 synagogae

1527 1441 1579 1467 504
1599 1442 1642 1467 12.
1662 1441 1714 1467 505
1735 1442 1768 1468 15
1786 1456 1822 1461 -
1846 1443 1928 1468 locata
1948 1447 1995 1476 est,
2015 1444 2077 1477 quia
2096 1451 2110 1469 a
2131 1451 2171 1470 co-

1527 1486 1593 1511 lonis
1611 1486 1723 1518 exigitur
1743 1487 1835 1519 pensio
1854 1487 1905 1513 504
1928 1488 1959 1513 12

1581 1544 1615 1548 -
1633 1530 1671 1556 De
1690 1531 1766 1557 vinea
1787 1531 1942 1558 ludaeorum
1969 1540 2019 1558 non
2038 1533 2118 1558 exivit
2136 1533 2171 1558 vi·

1527 1581 1606 1607 num,
1626 1575 1673 1601 sed
1701 1576 1732 1601 tel
1758 1576 1801 1602 Vll
1830 1576 1882 1602 507
1903 1578 1936 1602 20
1956 1591 1990 1595 -
2010 1577 2112 1603 Domini
2133 1580 2171 1603 est

1527 1619 1640 1646 Ecclesia
1661 1619 1712 1646 504
1734 1621 1766 1646 12
1785 1635 1820 1639 -
1840 1621 2005 1647 Pervineam
2021 1622 2170 1654 intelligitur

1527 1665 1698 1697 congregatio
1717 1665 1890 1692 ecclesiastica
1912 1667 2005 1692 33911
2024 1681 2059 1685 -ῄ
2076 1667 2171 1692 Vineae

1527 1709 1639 1735 cultores
1649 1713 1712 1735 sunt
1724 1710 1920 1742 praedicatores
1932 1714 1958 1736 et
1971 1711 2084 1737 maxime
2098 1718 2171 1743 prae-

1527 1753 1568 1779 lati
1588 1752 1622 1780 ib.
1643 1754 1675 1779 12
1700 1768 1735 1772 -
1763 1754 1894 1786 significat
1918 1755 2069 1781 affectiones
2088 1755 2171 1781 devo-

1527 1797 1604 1823 tionis
1624 1799 1657 1823 22
1677 1805 1703 1823 v.
1724 1798 1738 1822 8

1582 1841 1667 1866 Vinum
1685 1855 1720 1860 —-
1740 1842 1787 1867 Per
1806 1842 1898 1868 vinum
1919 1843 2070 1875 intelligitur
2090 1850 2169 1869 omne

1526 1885 1599 1918 quod
1628 1888 1728 1917 spectat
1753 1886 1787 1911 ad
1813 1889 1905 1918 potum
1936 1888 1966 1912 Vl
1987 1887 2021 1913 74
2042 1895 2067 1913 v.
2096 1888 2112 1913 7
2133 1903 2167 1906 —

1526 1929 1662 1955 conficitur
1691 1937 1723 1955 ex
1750 1930 1831 1956 acinis
1851 1937 1919 1956 uvae
1949 1931 1999 1957 449
2020 1932 2053 1957 14
2072 1946 2107 1952 -
2127 1940 2168 1958 ve-

1525 1980 1585 1998 rum
1614 1977 1653 1999 est
1684 1974 1758 2007 quod
1790 1974 1869 2001 habet
1900 1976 2082 2008 operationem
2114 1977 2168 2002 vini

1526 2017 1577 2043 448
1599 2018 1630 2043 13

1578 2076 1614 2081 -
1634 2063 1701 2088 miro
1721 2063 1801 2089 modo
1822 2063 1926 2089 inclinat
1953 2064 1986 2090 ad
2008 2066 2169 2098 voluptatem

1526 2106 1558 2132 Vl
1578 2107 1611 2132 20
1640 2115 1668 2133 v.
1694 2107 1709 2132 3
1738 2122 1771 2126 —
1792 2109 1812 2134 A
1833 2108 1895 2134 vino
1924 2108 2108 2136 abstinendum
2129 2114 2167 2136 est

1524 2150 1586 2178 ibid.
1603 2166 1639 2171 —
1658 2153 1769 2178 refertur
1787 2153 1822 2178 ad
1841 2156 1948 2185 gustum
1970 2155 2015 2179 121
2041 2162 2067 2180 ν.
2085 2155 2101 2180 7

1577 2210 1612 2215 —
1632 2195 1732 2222 bonum
1747 2197 1821 2229 prius
1834 2197 1995 2230 ponebatur,
2009 2202 2099 2231 postea
2115 2206 2166 2225 ma-

1524 2241 1592 2272 lum,
1613 2248 1686 2267 more
1714 2242 1914 2273 reprehensibili
1938 2243 1971 2268 Vl
1998 2243 2049 2269 270
2071 2244 2102 2269 10
2131 2257 2167 2263 -

1523 2285 1646 2318 sapidum
1666 2288 1692 2311 et
1710 2285 1857 2312 iucundum
1885 2288 1980 2313 sactum
2000 2290 2040 2313 est
2057 2295 2071 2312 a
2092 2287 2165 2314 Chri-

1524 2333 1563 2356 sto
1582 2337 1611 2356 ex
1631 2337 1700 2363 aqua
1720 2330 1752 2357 ib.
1775 2331 1807 2356 12
1827 2345 1862 2350 -
1882 2332 2009 2357 Dominus
2028 2339 2124 2365 aquam
2139 2333 2164 2357 in

1524 2374 1615 2399 vinum
1636 2375 1837 2401 transmutando
1851 2376 1979 2407 optimam
1995 2377 2106 2402 sormam
2121 2376 2166 2402 de-

1523 2418 1561 2445 dit
1579 2419 1630 2443 322
1650 2419 1679 2444 21

1576 2477 1612 2480 -
1626 2463 1668 2488 Est
1681 2462 1773 2496 vinum
1787 2467 1903 2494 naturae,
1923 2464 2022 2495 gratiae
2035 2467 2060 2490 et
2073 2465 2166 2497 culpae

1525 2507 1555 2533 Vl
1570 2506 1622 2533 547
1642 2508 1657 2532 2
1677 2520 1712 2526 -—
1731 2510 1839 2533 naturae
1853 2510 1892 2533 est
1910 2508 2118 2540 moderandum,
2139 2512 2166 2534 ut

1524 2552 1604 2577 homo
1632 2551 1704 2576 vivat
1731 2551 1754 2576 in
1782 2551 1944 2577 iucunditate
1973 2556 2100 2584 quantum
2132 2553 2164 2577 ad

1523 2596 1653 2627 animam,
1674 2596 1698 2621 in
1718 2596 1828 2622 sanitate
1848 2601 1975 2629 quantum
2002 2598 2035 2623 ad
2055 2606 2165 2630 corium,

1523 2640 1548 2665 in
1568 2640 1743 2673 prosperitate
1761 2644 1890 2673 quantum
1917 2641 1950 2666 ad
1971 2643 2165 2673 possessionem

1523 2684 1584 2711 ibid.
1603 2699 1639 2703 —
1658 2685 1751 2717 culpae
1780 2689 1819 2710 est
1839 2684 2017 2712 abominabile
2036 2686 2070 2713 ib.
2097 2688 2111 2713 3
2131 2701 2165 2706 —-

1525 2730 1618 2762 culpae
1636 2732 1674 2755 est
1698 2730 1803 2762 triplex:
1823 2730 1953 2761 luxuriae,
1972 2731 2106 2762 avaritiae,
2125 2739 2165 2757 su·

1523 2773 1630 2805 perbiae
1658 2772 1720 2799 ibid.
1739 2787 1775 2793 —-
1803 2774 1896 2806 culpae
1925 2775 2043 2807 sequitur
2072 2776 2164 2802 vinum

1523 2818 1613 2850 triplex
1634 2824 1735 2849 poenae
1755 2817 1788 2843 ib.
1810 2818 1824 2843 4
1839 2831 1874 2837 -
1890 2819 1985 2850 culpae
1999 2820 2165 2851 fugiendum,

1522 2861 1583 2895 quia
1598 2862 1713 2892 infatuat,
1727 2862 1899 2894 depauperat,
1913 2863 2067 2888 exterminat
2081 2863 2131 2888 548
2147 2864 2162 2888 6

1575 2919 1611 2924 -
1631 2906 1730 2937 gratiae
1750 2910 1788 2932 est
1807 2907 1971 2939 quadruplex
1985 2908 2017 2932 Vl
2032 2907 2083 2932 547
2097 2907 2112 2932 5
2126 2921 2161 2926 -

1523 2950 1622 2982 gratiae
1650 2953 1690 2976 est
1713 2951 1909 2983 appetendum,
1929 2951 1990 2983 quia
2010 2955 2048 2976 est
2074 2952 2165 2976 sanati-

1523 3001 1600 3026 vum,
1619 2995 1836 3025 confortativum,
1857 2995 2057 3020 iucundativum
2074 2995 2124 3020 548
2146 2995 2161 3020 7

1522 3052 1557 3056 —
1575 3038 1716 3064 laetificans
1735 3042 1775 3064 est
1799 3039 1900 3064 interna
1926 3039 2031 3064 devotio
2058 3039 2103 3063 271
2132 3039 2162 3064 13

1522 3095 1557 3101 -
1575 3082 1723 3108 devotionis
1752 3082 1780 3107 tlt
1802 3089 1831 3109 ex
1858 3089 1926 3116 aqua
1945 3083 2157 3114 compunctionis

1522 3125 1585 3152 ibid.

1576 3170 1711 3196 Vintisurut
1731 3183 1766 3189 —
1785 3171 1890 3202 ponitur
1911 3171 1934 3196 in
1954 3171 2095 3203 coactione,
2110 3178 2162 3198 non

1523 3213 1548 3238 in
1568 3213 1715 3239 inductione
1734 3214 1767 3239 vt
1789 3215 1835 3239 331
1860 3214 1894 3239 79
1916 3214 1943 3239 l‘
1961 3228 1996 3234 —-
2016 3215 2095 3241 vincit
2114 3219 2163 3241 tor-

1522 3264 1613 3289 porem
1634 3257 1753 3289 pigritiae
1774 3258 1815 3283 Vll
1837 3258 1887 3283 414
1908 3259 1987 3284 31-
2006 3266 2100 3291 magna
2115 3263 2161 3291 est,

1522 3300 1586 3326 dum
1606 3307 1652 3333 per
1671 3301 1726 3326 vim
1747 3304 1771 3326 et
1784 3301 1899 3333 rigorem
1914 3302 2087 3334 poenitentiae
2101 3303 2161 3335 quis

1506 3372 1508 3375 ξ
1523 3344 1624 3376 mitigat
1643 3345 1809 3371 severitatem
1823 3345 1930 3371 divinae
1943 3346 2085 3371 sententiae
2099 3345 2159 3372 ibid.

2034 3412 2052 3428 :k
