2476 3921
135 631 264 654 Notandum.

121 1107 269 1130 Corollarium.

159 1691 270 1716 Secundo,

125 1720 200 1739 contra
209 1718 272 1743 legis-

127 1746 207 1772 peritos
224 1750 269 1770 pro·

127 1773 174 1797 pter
187 1770 228 1792 tria
243 1771 271 1791 vi-

126 1798 164 1818 tia.

142 2272 216 2300 Quoad
226 2272 281 2294 desi-

129 2300 187 2320 diam
193 2302 282 2326 tangun-

130 2328 165 2347 tur
179 2326 229 2347 duo.

153 2431 184 2453 De
199 2431 274 2458 primo.

285 219 348 252 306

284 307 407 349 primo:
448 304 572 346 «Nigra
606 311 700 341 sum,
736 301 789 334 sed
821 301 1012 339 formosa»,
1047 301 1098 333 isti
1133 304 1238 334 autem

283 359 344 392 albi
369 361 459 396 sunt,
483 357 536 390 sed
567 355 686 394 foetidi;
711 354 779 387 ideo
813 354 925 387 merito
948 353 1098 387 dicuntur
1121 363 1238 386 monu-

283 416 413 447 menta,-
436 409 520 442 unde
536 408 680 441 Matthaei
705 407 854 449 vigesimo
877 406 987 439 tertio:
1018 406 1108 439 «Vae
1132 406 1238 445 vobis,

283 464 404 497 scribae
438 466 469 495 et
503 461 658 494 Pharisaei
685 460 881 502 hypocritae!
912 460 987 502 quia
1021 459 1138 492 similes
1165 459 1240 492 estis

284 516 437 558 sepulcris
470 514 638 552 dealbatis,
662 522 743 555 quae
774 522 792 545 a
814 513 890 545 soris
924 515 1036 554 parent
1060 511 1240 544 hominibus

284 570 436 611 speciosa,
460 569 545 601 intus
560 571 665 600 autem
689 567 780 608 plena
803 570 876 599 sunt
899 566 1023 599 ossibus
1039 569 1238 598 mortuorum

284 628 315 656 et
337 622 420 655 omni
436 621 586 663 spurcitia
601 634 630 652 u.
647 619 732 652 Unde
748 619 988 660 Chrysostomus
1002 620 1031 651 ¹:
1054 631 1069 647 «
1083 618 1240 651 Iustorum

284 685 416 718 corpora
440 674 559 717 templa
582 673 749 711 dicuntur,
773 681 907 714 corpora
942 681 1016 704 vero
1039 674 1239 714 peccatorum

284 727 456 771 sepulcra,
481 727 555 769 quia
590 726 675 758 intus
706 729 754 758 est
784 725 888 757 anima
910 727 1050 762 mortua;
1075 732 1132 756 nec
1156 722 1240 755 enim

286 782 355 814 viva
377 779 515 822 putanda
531 782 578 812 est
593 787 674 820 quae
698 778 775 810 nihil
801 777 906 810 vivum
919 802 926 815 ,
943 776 974 809 id
990 779 1037 809 est
1060 775 1239 818 spirituale,

285 834 347 876 egit
364 834 393 865 in
410 841 541 874 corpore
557 845 587 863 n.
607 832 641 864 Et
658 835 744 873 post:
766 843 782 859 a
800 831 864 869 Dic,
883 829 1063 872 hypocrita,
1080 829 1105 861 si
1122 828 1239 861 bonum

284 891 332 920 est
355 887 471 919 bonum
488 894 570 924 esse,
588 894 646 918 cur
662 894 722 917 non
742 884 787 917 vis
803 893 869 916 esse
885 883 969 925 quod
986 883 1032 915 vis
1052 880 1239 924 apparere?

285 940 373 982 Quod
396 944 500 972 autem
538 943 629 981 turpe
660 942 707 971 est
738 947 902 980 apparere
930 936 1055 978 turpius
1085 939 1132 969 est
1162 944 1239 967 esse.

285 995 344 1026 Aut
367 1002 442 1035 ergo
464 986 530 1025 esto
553 992 637 1034 quod
661 1000 811 1033 appares,
835 993 890 1022 aut
913 998 1028 1031 appare
1052 988 1136 1031 quod
1159 997 1192 1021 es
1208 1001 1239 1019 x».

374 1047 419 1078 Ex
445 1047 492 1078 his
517 1045 639 1078 Domini
669 1044 773 1077 verbis
808 1046 910 1085 potest
933 1042 1049 1084 colligi,
1073 1042 1126 1084 qui
1152 1041 1240 1074 sint²

285 1100 327 1133 illi
352 1100 406 1142 qui
427 1099 541 1132 debent
562 1097 753 1141 hypocritae
775 1096 925 1134 iudicari,
942 1095 1059 1128 scilicet
1075 1095 1106 1127 in
1124 1094 1240 1136 quibus

286 1157 395 1196 regnat
430 1152 647 1195 acyliyentia,
683 1149 905 1192 arroqantia,
929 1147 1173 1191 fraudulentia..
1207 1147 1240 1180 lli

285 1211 390 1240 autem
415 1209 489 1239 sunt
511 1205 565 1247 qui
590 1204 718 1237 minima
741 1203 923 1245 praeferunt
946 1202 1103 1240 maximis,
1128 1202 1242 1234 transi-

286 1260 366 1293 toria
381 1259 532 1297 aeternis,
550 1257 732 1300 apparentia
747 1256 839 1289 veris.
858 1256 901 1288 De
918 1255 967 1288 his
982 1259 1085 1288 autem
1103 1255 1241 1288 iudicare

287 1322 347 1346 non
372 1317 418 1346 est
434 1312 569 1345 hominis
592 1310 776 1347 cuiuslibet,
793 1309 846 1342 sed
870 1309 1003 1348 Christi,
1019 1309 1072 1351 qui
1090 1318 1144 1341 cor
1161 1308 1242 1350 aspi-

287 1367 346 1405 cit,
371 1365 542 1399 secundum
568 1363 645 1396 illud
680 1363 799 1405 primae
822 1362 860 1394 ad
884 1362 1061 1395 Corinthios
1084 1362 1241 1404 quartoss:

293 1434 308 1449 «ι
326 1420 423 1452 Nolite
446 1422 517 1451 ante
541 1422 664 1459 tempus
688 1416 843 1454 iudicare,
868 1425 1033 1458 quousque
1057 1416 1160 1448 veniat
1184 1416 1243 1448 Do-

290 1473 411 1510 minus,
434 1472 487 1514 qui
513 1470 701 1503 illuminabit
724 1468 904 1501 abscondita
928 1468 1129 1500 tenebrarum
1147 1482 1162 1496 »
1183 1470 1241 1500 etc.

289 1526 364 1558 Nam
389 1525 540 1557 Dominus
555 1533 617 1555 non
635 1521 836 1564 reprehendit
853 1521 1020 1553 bonitatem
1041 1525 1242 1563 apparentem

289 1583 320 1610 et
343 1578 532 1615 evidentem,
557 1575 609 1608 sed
634 1574 833 1616 sophisticam
858 1579 889 1606 et
912 1583 972 1606 non
997 1575 1193 1607 existentem.

379 1631 431 1662 89.
459 1628 667 1670 Respondeas
701 1631 812 1659 autem
842 1627 980 1669 quidam
1011 1636 1050 1658 er
1078 1626 1244 1669 legisperi-

289 1684 357 1717 tis‘*
380 1687 438 1716 etc.
465 1683 629 1724 Postquam
661 1680 869 1712 comminatus
891 1684 939 1712 est
966 1689 1022 1712 vae
1054 1680 1243 1718 pharisaeis,

290 1738 341 1770 hic
364 1736 501 1770 secundo
524 1734 734 1767 comminatur
766 1732 977 1775 lcyismritiS,
1002 1737 1032 1764 et
1061 1733 1118 1765 hoc
1143 1733 1245 1765 tribus

289 1791 327 1824 de
351 1790 469 1823 causis:
494 1788 609 1830 primo,
628 1790 756 1829 propter
773 1785 934 1817 desidiam
950 1789 1058 1817 contra
1081 1785 1243 1818 veritatem

290 1844 388 1882 vitae;
413 1842 564 1879 secundo,
589 1845 718 1882 propter
747 1838 926 1881 perfidiam
950 1842 1058 1870 contra
1081 1839 1243 1871 veritatem

291 1897 436 1934 iustitiae,
450 1896 490 1928 ibi
501 1895 531 1926 ⁵:
552 1895 612 1926 Vae
624 1893 730 1925 vobis!
743 1892 802 1935 qai
816 1890 1001 1933 aedificatis
1017 1896 1227 1924 monumenta
1233 1903 1245 1930 ;

291 1950 401 1988 tertio,
425 1953 554 1991 propter
577 1946 752 1990 fallaciam
769 1949 878 1977 contra
894 1944 1055 1976 veritatem
1072 1944 1245 1983 doctrinae,

292 2004 350 2036 ibi:
383 2003 446 2035 Vae
468 2001 559 2034 vobis
583 1999 795 2043 leyispcritis!
812 1998 871 2042 qui
895 1997 1017 2030 tulistis
1041 1997 1163 2029 clavem
1186 2002 1244 2030 etc.

291 2057 369 2089 Haec
392 2056 473 2089 enim
499 2055 614 2097 triplex
640 2054 759 2087 veritas
779 2052 917 2085 maxime
940 2050 1032 2083 debet
1054 2059 1122 2083 esse
1145 2051 1175 2082 in
1192 2051 1246 2083 do-

292 2110 432 2143 ctoribus
456 2109 560 2150 Legis,
585 2107 638 2141 sed
663 2107 692 2139 in
719 2104 906 2148 legisperitis
930 2097 1007 2136 n'ihil
1031 2107 1098 2135 erat
1114 2103 1172 2136 nisi
1191 2104 1248 2144 hy-

292 2162 431 2204 pocrisis.

382 2215 413 2247 ln
437 2213 652 2247 comminando
676 2213 771 2255 igitur
802 2212 976 2254 geliennam
1002 2213 1130 2251 propter
1164 2209 1248 2241 desi-

294 2268 385 2310 diam
409 2268 511 2310 primo
535 2267 747 2309 praemittitur
763 2265 934 2298 ostentatio
951 2262 1182 2301 auctoritatis,
1200 2271 1248 2294 se-

293 2321 395 2354 cundo
418 2321 599 2362 adiungitur
623 2319 835 2353 comminatio
859 2317 1071 2350 calamitatis.

383 2375 434 2407 90.
460 2374 560 2416 (Vers.
585 2374 663 2414 aa).
682 2373 783 2405 Primo
807 2372 903 2414 igitur
919 2374 1073 2413 quantum
1090 2369 1128 2402 ad
1145 2373 1248 2402 osten-

294 2428 448 2460 tationem
482 2426 691 2459 auctoritatis
725 2435 766 2459 ex
792 2429 880 2467 parte
916 2424 1084 2466 legisperiti
1113 2421 1247 2456 dicitur:

295 2481 500 2522 Respondeas
524 2485 632 2512 autem
651 2479 789 2523 quidam
801 2480 813 2498 ⁶
831 2488 870 2511 em
887 2478 1100 2521 legisperitis,
1118 2477 1171 2519 qui
1189 2476 1249 2509 sci-

295 2533 367 2566 licet
400 2533 457 2565 sibi
494 2533 612 2574 peritus
647 2542 714 2565 esse
747 2532 929 2570 videbatur,
962 2530 1134 2563 secundum
1170 2529 1248 2562 illud

297 2586 390 2618 lsaiae
421 2585 547 2627 quinto:
585 2598 599 2613 «
617 2585 699 2617 Vae!
725 2585 778 2627 qui
804 2584 878 2617 estis
902 2584 1057 2625 sapientes
1087 2583 1118 2615 in
1149 2582 1249 2615 oculis

296 2638 408 2671 vestris
430 2642 461 2670 et
485 2647 589 2670 coram
622 2638 849 2679 vobismetipsis
873 2636 1044 2679 prudentes
1060 2650 1090 2668 n.
1117 2636 1152 2668 Et
1174 2636 1249 2678 quia

297 2692 372 2724 tales
395 2691 540 2724 videntur
564 2691 621 2723 sibi
645 2691 725 2723 docti
750 2694 781 2723 et
805 2690 922 2732 magni,
947 2690 1018 2722 ideo
1045 2689 1248 2722 contumelio-

369 2879 377 2893 ¹
398 2879 491 2904 Homil.
513 2878 554 2904 45.
574 2879 597 2903 in
618 2879 703 2903 Manu.
729 2879 775 2908 23.
795 2879 836 2904 27.
864 2879 923 2910 (op.
943 2873 1108 2911 imper'scct).
1128 2878 1192 2904 ibid.
1212 2882 1251 2904 est

297 2924 375 2949 ctiam
394 2931 449 2956 seq.
468 2923 606 2955 sententia,
626 2924 651 2948 in
670 2930 737 2955 qua,
756 2923 822 2948 sicut
841 2926 865 2948 et
878 2923 903 2948 in
917 2923 1018 2954 prima,
1034 2926 1118 2949 textus
1136 2923 1251 2954 origina-

300 2968 329 2993 lis
348 2968 407 2993 hinc
427 2968 487 2993 inde
506 2968 579 2999 plura
601 2967 736 2992 interserit.

369 3010 380 3024 ²
399 3011 482 3037 Codd.
504 3011 522 3036 (ἶ
536 3011 555 3036 D
565 3012 585 3035 G
597 3011 616 3035 ll
635 3012 707 3041 sunl,
717 3010 774 3043 ‘qui
789 3010 866 3035 etiam
881 3010 987 3036 inferius
1001 3017 1049 3042 pro
1062 3010 1179 3036 aeternis
1192 3009 1252 3036 sub·

298 3056 407 3081 stituunt
421 3055 566 3089 perpetua.

369 3097 380 3113 ⁸
401 3100 473 3125 vers.
494 3099 519 3125 ὅ.

369 3143 381 3158 ⁴
399 3144 482 3171 Codd.
501 3144 581 3170 CDG
594 3145 613 3170 ll
634 3143 743 3177 quidam
764 3143 949 3177 leyisperitus;
969 3143 1015 3169 sed
1035 3143 1157 3176 superius
1170 3150 1196 3169 n.
1210 3143 1251 3168 825.

299 3191 326 3214 ct
344 3188 451 3214 interius
469 3196 494 3214 n.
514 3189 556 3214 90.
575 3189 733 3214 conveniunt
751 3195 811 3214 cum
833 3189 950 3220 Vulgata.

371 3232 382 3246 ⁶
402 3234 476 3259 Vera.
496 3232 546 3264 473
567 3233 669 3258 tertium
690 3232 800 3258 habetur
825 3240 851 3258 v.
871 3233 918 3263 52,
938 3232 984 3258 ubl
1014 3239 1061 3264 pro
1080 3231 1128 3266 qui
1154 3230 1253 3258 tulistis

301 3277 345 3309 (ita
364 3278 441 3303 eliam
460 3276 536 3303 Card.
557 3278 647 3308 nugo,
666 3279 692 3304 S.
711 3277 841 3308 Thomas,
860 3277 914 3303 Cat.
940 3283 1018 3303 nureo
1038 3277 1063 3302 in
1086 3276 1149 3302 Luc.
1168 3282 1191 3301 c.
1212 3275 1254 3301 Η.

301 3327 327 3346 n.
347 3321 395 3353 ⁴2,
414 3321 545 3346 Gorranus
563 3324 589 3346 et
607 3321 734 3353 Lyranus)
757 3322 866 3353 Vulgata
882 3320 952 3354 ¹quia
965 3320 1072 3347 tulistis.
1086 3320 1193 3346 interius
1205 3326 1254 3351 pro

301 3364 355 3393 nisi
372 3364 520 3398 hypocrisis
539 3364 558 3391 C
571 3365 621 3390 DG
640 3364 687 3391 sed
704 3364 864 3399 hypocrisis.

884 212 1076 245 COMMENT.
1102 212 1139 245 ΙΝ
1162 211 1401 246 EVANGELIUM
1426 212 1542 245 LUCAE
1567 212 1598 245 C.
1625 212 1671 245 xl.

1303 310 1373 334 sum
1398 304 1509 343 putant
1543 301 1583 334 ab
1614 300 1719 342 aliquo
1750 300 1852 342 argui.
1882 300 2012 342 Propter
2038 300 2129 343 quod
2159 301 2262 335 addit:

1304 354 1361 387 Ait
1384 354 1451 387 illi.-
1476 354 1653 397 Mayister,
1678 353 1758 386 haec
1792 354 1904 386 dicem·
1934 354 2035 387 eciam
2069 354 2164 386 nobis
2187 364 2262 387 con-

1304 406 1474 439 tumeliam
1496 405 1606 449 facian
1629 406 1714 448 quod
1737 415 1800 439 non
1816 406 1952 445 diceret,
1970 406 2028 439 nisi
2045 415 2087 439 ex
2104 406 2264 439 conscien-

1304 459 1347 491 tia
1370 460 1518 498 sentiret,
1543 468 1576 492 se
1599 459 1742 492 similiter
1778 459 1973 501 transgredi,
1996 462 2028 492 et
2050 468 2092 492 ex
2115 460 2264 501 superbia

1304 512 1399 545 nollet
1423 512 1629 554 reprehendi;
1655 512 1738 545 unde
1773 516 1895 554 poterat
1930 513 1989 545 sibi
2023 512 2082 545 dici
2119 512 2196 545 illud
2224 512 2264 545 ad

1304 565 1457 598 Romanos
1480 565 1656 599 secundm:
1686 579 1702 594 α
1718 566 1870 604 Confidis,
1888 569 1917 599 te
1940 566 2044 608 ipsum
2068 575 2136 599 esse
2151 566 2262 599 ducem

1304 627 1488 656 caecorum,
1514 619 1619 652 lumen
1643 628 1754 652 eorum
1778 619 1832 661 qui
1857 619 1888 651 in
1914 619 2052 652 tenebris
2075 623 2166 659 sunt,
2190 628 2264 652 eru-

1303 671 1437 704 ditorem
1461 671 1691 713 insipientium,
1715 672 1903 714 magistrum
1927 672 2092 706 infantium
2107 686 2138 705 n.
2172 685 2188 701 α
2204 673 2264 714 Qui

1305 733 1380 766 ergo
1403 725 1500 757 alium
1524 725 1617 758 doces
1640 729 1671 758 te
1698 725 1802 767 ipsum
1833 735 1894 758 non
1920 726 2012 759 doces
2029 739 2059 758 ».
2084 726 2263 759 Doctrinam

1304 786 1411 811 sanam
1436 781 1548 820 putant
1571 778 1820 817 contumeliam,
1838 779 1927 821 quia,
1944 782 1981 812 ut
1995 779 2112 812 dicitur
2134 779 2265 811 Prover-

1305 830 1429 863 biorum
1453 830 1575 864 decimo
1598 835 1707 864 octavo
1720 831 1743 870 ⁸,
1773 845 1788 860 α
1806 841 1868 865 non
1892 832 2004 874 recipit
2024 831 2141 864 stultus
2168 830 2265 872 verba

1305 884 1509 926 prudentiae,
1533 884 1591 917 nisi
1617 893 1653 917 ea
1668 884 1806 923 dixeris,
1831 893 1913 926 quae
1937 887 2106 917 versantur
2123 883 2153 915 in
2170 882 2264 915 corde

1305 946 1407 969 suo».
1433 937 1469 969 Et
1494 945 1568 969 vere
1600 937 1670 969 talis
1700 940 1769 969 erat
1799 938 1934 976 stultus,
1958 937 2011 979 qui
2041 936 2208 978 reputabat
2230 944 2264 968 se

1305 990 1482 1029 eruditum,
1516 990 1663 1032 quoniam
1702 990 1943 1023 proverbiorum
1974 990 2124 1032 vigesimo
2155 992 2263 1022 sexto:

1310 1056 1326 1073 a
1344 1043 1464 1077 Vidisti·
1478 1043 1637 1076 hominem
1662 1043 1832 1085 sapientem
1858 1043 1914 1076 sibi
1947 1044 2071 1077 videri?
2093 1043 2189 1085 Magis
2212 1042 2265 1075 illo

1305 1106 1392 1139 spem
1417 1096 1545 1129 habebit
1568 1096 1685 1129 stultus
1700 1109 1731 1128 ».

1396 1151 1448 1182 91.
1474 1149 1575 1191 (Vers.
1600 1149 1678 1188 46).
1703 1148 1845 1181 Secundo
1862 1158 1937 1182 vero
1953 1152 2108 1190 quantum
2124 1148 2162 1181 ad
2179 1158 2266 1181 com·
2281 1153 2312 1175 00
2325 1153 2426 1176 secundo-

1306 1203 1519 1236 minationem
1533 1202 1738 1234 calamitatis
1755 1206 1884 1244 propter
1895 1202 2044 1234 desidiam
2062 1202 2140 1235 bene
2156 1201 2264 1244 agendi

1306 1257 1438 1290 dicitur:
1464 1258 1508 1289 Ac
1532 1255 1583 1288 illc
1606 1255 1673 1288 ait.-
1701 1256 1739 1287 Et
1762 1255 1851 1287 vobis
1883 1254 2076 1298 lcyisperitis
2099 1254 2183 1287 vac!
2207 1255 2266 1287 sci-

1307 1310 1379 1343 licet
1401 1308 1609 1342 damnationis
1643 1311 1798 1340 aeternae.
1825 1307 1860 1339 Et
1884 1307 1963 1339 ratio
1988 1307 2084 1339 huius
2107 1311 2174 1348 est,¹
2192 1306 2267 1349 quia

1307 1363 1407 1395 multa
1430 1362 1574 1394 dicebant
1597 1364 1628 1393 et
1663 1369 1763 1402 pauca
1786 1360 1948 1393 faciebant.
1977 1379 2022 1383 ——
2050 1360 2119 1392 ldeo
2142 1359 2265 1392 subdit:

1310 1415 1398 1457 Quia
1421 1415 1568 1447 oneratis
1592 1413 1738 1446 homines
1762 1413 1932 1452 oneribus,
1949 1423 2035 1457 quac
2048 1418 2185 1455 portare
2200 1422 2268 1445 non

1306 1473 1465 1511 possunt,
1490 1468 1521 1501 id
1545 1471 1592 1501 est
1615 1467 1790 1509 praeceptis
1816 1471 1847 1499 et
1871 1467 2092 1499 traditionibus
2115 1465 2267 1508 supersti-

1308 1522 1394 1555 tiosis
1417 1526 1448 1555 et
1471 1521 1653 1559 inutilibus,
1679 1523 1715 1552 ut
1738 1520 1850 1552 merito
1873 1519 1996 1552 dicatur
2027 1519 2105 1552 illud
2133 1520 2267 1551 Actuum

1307 1576 1428 1609 decimo
1451 1575 1606 1617 quinto⁰:
1632 1574 1692 1606 Hoc
1723 1577 1770 1606 est
1801 1582 1899 1611 onus,
1929 1573 2045 1615 «quod
2077 1581 2179 1614 neque
2211 1580 2268 1605 nos

1308 1638 1411 1671 neque
1434 1632 1540 1670 patres
1563 1627 1661 1660 nostri
1687 1631 1813 1669 portare
1838 1626 1999 1668 potuimus
2015 1639 2046 1658 n.
2077 1626 2161 1658 Unde
2193 1626 2268 1658 Mat-

1310 1682 1391 1715 thaei
1414 1681 1563 1723 vigesimo
1588 1680 1697 1713 tertio:
1720 1680 1879 1722 «Alligant
1902 1688 1999 1712 onera
2022 1680 2130 1721 gravia
2153 1683 2184 1712 et
2212 1680 2268 1712 im-

1309 1735 1475 1778 portabilia
1498 1738 1529 1767 et
1557 1734 1722 1776 imponunt
1753 1733 1783 1766 in
1810 1734 1961 1766 humeros
1992 1732 2156 1765 hominum
2175 1745 2204 1771 ”3
2229 1732 2268 1765 ad

1309 1797 1390 1830 quae
1411 1787 1528 1820 scilicet
1556 1786 1670 1828 aliquis
1697 1796 1759 1818 non
1788 1789 1931 1823 tenetur,
1955 1788 1986 1818 et
2010 1785 2068 1826 ipsi
2092 1785 2202 1817 dicunt
2225 1788 2269 1817 te-

1310 1841 1388 1874 neri.
1409 1860 1453 1864 -
1474 1840 1508 1873 Et
1529 1840 1603 1882 quia
1624 1840 1700 1872 haec
1720 1848 1817 1872 onera
1833 1838 2044 1880 imponebant,
2061 1837 2216 1870 docebam
2230 1838 2268 1877 ¹⁰,

1310 1894 1364 1927 sed
1388 1904 1449 1929 non
1467 1893 1648 1935 portabant
1671 1893 1830 1931 faciendo;
1854 1892 1962 1925 additt-
1983 1892 2022 1923 Et
2039 1891 2106 1933 ipsi
2128 1887 2195 1923 ano
2218 1891 2269 1923 di-

1308 1947 1376 1990 yito
1400 1951 1506 1979 vestro
1529 1956 1595 1978 non
1619 1946 1756 1988 tanyitis
1779 1945 1947 1977 sarcinas.

1400 2000 1452 2032 92.
1477 1999 1553 2031 Nota
1577 1998 1736 2040 signanter
1760 1997 1842 2039 quod
1868 1997 1959 2029 dicit:
1987 1997 2056 2029 Uno
2078 1997 2180 2039 digito
2203 2006 2270 2029 non

1311 2052 1468 2095 tangitis,-
1492 2061 1553 2084 non
1578 2051 1670 2083 dicit:
1694 2060 1760 2082 non
1780 2050 1944 2091 portatis,
1969 2049 2044 2091 quia
2076 2053 2180 2091 posset
2202 2059 2270 2083 esse

1310 2105 1474 2139 excusatio
1489 2105 1527 2137 de
1544 2104 1734 2146 impotentia.
1753 2103 1944 2144 Frequenter
1957 2102 2065 2134 doctor
2080 2101 2171 2134 docet
2187 2102 2271 2143 quod

1311 2159 1413 2191 facere
1435 2168 1502 2191 ‘non
1522 2162 1643 2200 potest,·
1660 2160 1876 2190 verumtamen
1900 2165 1962 2187 non
1979 2160 2026 2188 est
2041 2155 2183 2188 doctrina
2203 2155 2272 2188 eius

1312 2211 1555 2250 contemnenda,
1573 2210 1597 2243 si
1626 2211 1727 2242 facere
1754 2209 1843 2247 vait,
1868 2208 1943 2251 quia
1969 2208 2113 2240 voluntas
2136 2208 2162 2241 ei
2188 2216 2272 2240 com-

1313 2268 1443 2305 putatur
1456 2264 1614 2306 profacto.
1629 2263 1714 2296 Unde
1726 2263 1818 2305 primi
1834 2263 1949 2304 Regum
1964 2261 2124 2303 trigesimo
2134 2263 2174 2294 ¹¹:
2193 2275 2209 2290 α
2221 2263 2273 2294 Ae-

1313 2326 1376 2358 qua
1399 2326 1472 2358 pars
1488 2317 1548 2349 erit
1563 2316 1780 2350 descendentis
1800 2316 1836 2348 ad
1862 2315 2016 2357 proelium
2034 2318 2065 2347 et
2082 2314 2272 2347 remanentis

1313 2369 1349 2401 ad
1368 2370 1515 2408 sarcinas,
1533 2373 1563 2402 et
1579 2370 1722 2402 similiter
1738 2369 1876 2402 divident
1889 2380 1920 2407 »;
1945 2372 1976 2400 et
2000 2368 2059 2400 hoc
2080 2367 2196 2400 dicitur
2213 2376 2271 2409 pro

1313 2422 1407 2460 viris,
1431 2422 1485 2463 qui
1511 2422 1580 2455 lassi
1606 2423 1826 2461 substiterant;
1851 2421 1904 2454 sed
1929 2421 1983 2463 qui
2009 2430 2070 2453 non
2099 2421 2167 2453 vult
2192 2420 2272 2462 digi-

1314 2480 1381 2507 tum
1405 2474 1442 2507 ad
1467 2475 1606 2507 sarcinas
1632 2484 1807 2517 apponere,
1836 2474 2046 2512 manifestum,
2078 2473 2161 2515 quod
2192 2473 2272 2505 nihil

1313 2528 1429 2561 laboris
1453 2528 1520 2560 vult
1542 2528 1706 2560 sustinere.
1733 2529 1767 2561 Et
1785 2528 1868 2566 talis,
1889 2528 1955 2560 sive
1972 2527 2110 2568 imponat
2134 2535 2190 2568 per
2206 2535 2272 2558 mo-

1312 2582 1387 2615 dum
1414 2581 1571 2623 magistri,
1595 2581 1660 2612 sive
1685 2590 1740 2622 per
1765 2581 1891 2614 modum
1919 2579 2065 2622 praelati,
2082 2579 2210 2611 omnino
2225 2581 2273 2611 est

1315 2633 1570 2677 reprehensibilis
1588 2642 1644 2665 nec
1665 2637 1711 2665 est
1727 2634 1864 2666 imitator
1879 2633 2006 2671 Christi,
2023 2632 2061 2665 de
2077 2641 2141 2674 quo
2156 2632 2272 2664 dicitur

1314 2689 1447 2721 Actuum
1473 2687 1632 2729 primo¹²z
1661 2686 1797 2728 «Coepit
1821 2687 1905 2719 lesus
1928 2686 2030 2719 facere
2058 2690 2089 2718 et
2111 2685 2224 2718 docere
2241 2698 2271 2716 ».

1385 2877 1397 2892 ⁶
1416 2877 1498 2904 Codd.
1517 2876 1536 2903 C
1549 2877 1600 2902 DG
1611 2876 1630 2901 ll
1652 2874 1686 2901 Et
1703 2873 1866 2907 respondens
1886 2873 2013 2907 quidam;
2026 2875 2074 2900 cfr.
2091 2876 2177 2899 tamen
2192 2879 2272 2904 supra

1315 2930 1341 2948 n.
1360 2923 1403 2948 89.
1423 2936 1457 2941 —
1475 2921 1592 2947 Subinde
1617 2920 1743 2951 allegatur
1763 2918 1817 2943 lsai.
1837 2918 1866 2950 5,
1887 2919 1930 2943 21.

1386 2964 1396 2980 '¹
1419 2967 1492 2991 Vers.
1517 2967 1556 2991 19.
1577 2972 1634 2997 seq.
1653 2968 1678 2989 et
1692 2963 1751 2989 dein
1771 2970 1798 2988 v.
1817 2964 1860 2988 2l.

1387 3008 1399 3024 ⁸
1417 3011 1492 3036 vers,
1515 3011 1545 3041 2,
1564 3009 1607 3035 cui
1625 3007 1793 3039 subiungitur
1813 3007 1859 3036 26,
1880 3006 1922 3031 ⁴2.

1387 3053 1399 3068 ⁹
1419 3054 1493 3079 Vel-s.
1514 3054 1561 3085 10,
1581 3056 1640 3085 post
1658 3058 1738 3084 quem
1759 3051 1846 3076 Matth.
1865 3050 1908 3080 23,
1928 3048 1952 3074 t.

1388 3096 1410 3112 ¹⁰
1429 3098 1494 3123 Cod.
1513 3097 1532 3122 ll
1553 3095 1685 3127 docendo,
1707 3095 1763 3120 vm.
1783 3092 1901 3120 dicendo.

1389 3141 1408 3156 ¹¹
1431 3142 1504 3167 Vers.
1525 3141 1571 3171 215,
1592 3141 1616 3166 in
1635 3147 1689 3173 quo
1704 3146 1753 3171 pro
1764 3138 1888 3165 similiter
1902 3138 1922 3162 A
1932 3136 1951 3163 C
1963 3137 1983 3162 D
1995 3135 2087 3163 simul.
2100 3149 2134 3155 —
2148 3136 2275 3167 Superius

1318 3186 1377 3212 Vat.
1396 3186 1490 3211 omittit
1509 3185 1574 3219 quia
1590 3185 1678 3218 potest
1698 3190 1755 3210 esse
1782 3181 1922 3209 caecitsatio
1950 3180 1982 3207 dc
2000 3179 2156 3214 impotentia
2175 3180 2207 3212 (ll
2229 3179 2275 3205 im-

1314 3229 1510 3264 possibilitate).
1530 3229 1581 3254 Csr.
1603 3229 1629 3254 ll.
1650 3228 1719 3253 Sem.
1738 3226 1765 3252 d.
1785 3226 1827 3252 150.
1847 3232 1870 3250 a.
1892 3225 1915 3250 l.
1929 3232 1955 3258 q.
1969 3225 1994 3249 3.
2007 3228 2031 3250 et
2044 3231 2068 3249 a.
2083 3225 2108 3249 2.
2122 3230 2169 3255 per
2183 3226 2275 3249 totum.

1390 3272 1412 3288 ¹¹
1432 3274 1506 3299 Vers.
1526 3273 1556 3303 4,
1575 3272 1618 3298 rui
1642 3271 1837 3302 subiunguntur
1856 3270 1930 3295 Deut.
1950 3268 1999 3300 25,
2026 3269 2068 3294 13.
2086 3271 2112 3293 et
2131 3268 2207 3293 Prov.
2226 3266 2276 3296 2⁰,

1321 3319 1367 3349 ⁴0,
1387 3317 1432 3344 ubi
1453 3324 1500 3350 pto
1519 3318 1667 3349 uerumque
1684 3312 1863 3341 abominabile
1881 3312 1963 3339 CDG
1981 3311 2155 3338 abominatio.
2174 3323 2210 3330 —-
2229 3311 2276 3335 Su·

1319 3362 1408 3394 perius
1427 3368 1476 3393 pro
1495 3358 1711 3394 ›·ept·elaensibilis
1730 3359 1749 3385 C
1760 3359 1781 3384 D
1800 3356 1909 3391 duplex.

2290 2001 2418 2024 Notandum.
