2476 3921
177 415 270 445 Devotio·

149 448 250 469 expressa
264 448 286 462 111

180 474 254 495 opere.

178 787 207 808 Ex
211 786 286 814 positio

183 814 279 841 mystica.

182 1475 290 1502 Expositio

186 1503 280 1524 moralis.

206 1848 290 1874 Figura.

185 2323 279 2353 Devotio¹

163 2355 263 2377 expressa
274 2357 295 2371 111

176 2383 281 2399 sermone.

308 266 373 298 492

396 353 446 384 54.
472 351 573 392 (Vers.
599 350 676 391 36.).
706 349 809 382 Primo
840 348 937 390 igitur
969 351 1125 390 quantum
1149 346 1187 379 ad
1210 356 1265 378 ex-

304 406 505 450 pressionem
529 403 708 437 deuotz'onis
732 403 768 435 in
791 412 887 444 opere
909 401 1001 434 dicit:
1033 401 1179 433 Eaffeunte
1202 409 1264 432 au-

306 465 367 493 tem
383 459 453 498 illo,
477 457 728 491 substernebant
742 456 934 489 vestimenta
949 464 1014 487 sua
1031 454 1066 486 in
1089 454 1162 493 via,
1180 453 1265 496 quod

305 514 428 555 signum
444 514 512 545 erat
535 519 665 553 magnae
680 509 863 542 devotionis.
888 509 955 541 Non
970 510 1075 540 autem
1097 506 1264 548 exprimit,

305 567 358 609 qui
383 569 473 599 erant
496 565 539 597 illi
565 564 619 606 qui
643 563 840 602 sternebant,
864 561 939 604 quia
962 560 1173 593 communiter
1205 559 1265 592 hoc

304 611 457 652 faciebant
490 626 598 651 omnes
626 620 657 650 et
689 616 827 649 maxime
852 615 973 647 turbae.
1002 613 1088 646 Unde
1119 612 1264 649 Matthaei

304 671 453 714 vigesimo
478 671 579 713 primo
593 672 622 702 ¹:
651 682 667 698 «κ
684 669 821 702 Plurima
845 668 940 701 turba
968 670 1149 700 straverunt
1171 666 1265 698 vesti-

305 729 409 759 menta
433 734 490 757 sua
513 724 544 756 in
562 723 626 761 via,
651 722 701 755 alii
723 725 828 755 autem
845 721 1013 754 caedebant
1033 728 1137 752 ramos
1160 719 1199 751 de
1214 727 1265 751 ar-

306 778 437 811 boribus
453 780 484 810 et
501 776 683 809 sternebant
698 775 729 808 in
746 775 796 808 via
813 788 842 806 ».
860 793 904 798 —
920 774 956 806 Et
972 776 1062 812 nota,
1079 772 1162 814 quod
1180 771 1231 804 hic
1247 780 1266 803 a

306 831 464 875 mysterio
488 839 549 862 non
583 832 685 867 vacat,
717 828 802 870 quod
825 827 968 869 discipuli
1002 826 1186 858 vestimenta
1205 833 1265 866 po-

306 889 447 918 suerunt
469 893 571 926 super
594 882 732 915 asellum
747 882 771 921 ²,
796 881 850 914 sed
868 881 961 913 turba
984 878 1148 912 sternebat
1170 878 1266 910 vesti-

307 942 416 971 menta
439 947 504 970 sua
527 936 587 977 sub
615 935 756 978 pestibus
779 935 855 968 asini
880 934 919 967 ad
950 933 1207 967 conculcandum.
1233 932 1264 964 In

308 1001 371 1034 quo
395 991 609 1032 intelligimus,
633 989 718 1031 quod
748 988 884 1031 populus
907 987 1048 1030 gentium
1080 989 1264 1019 converten-

307 1045 366 1077 dus
389 1036 575 1077 documenta
606 1042 823 1085 Apostolorum
855 1041 987 1074 debebat
1018 1039 1179 1078 venerari,
1212 1038 1265 1071 sed

308 1098 499 1131 eruditiones
533 1097 719 1134 Iudaeorum
758 1098 788 1128 et
827 1094 1038 1128 caeremonias
1070 1092 1263 1126 conculcare.

307 1151 392 1184 Unde
408 1151 649 1192 Chrysostomus
662 1150 689 1181 ³:
713 1162 728 1177 «
744 1149 845 1191 Super
861 1148 1035 1181 iumentum
1060 1146 1194 1188 Apostoli
1211 1154 1264 1187 po-

308 1208 442 1237 suerunt
473 1203 659 1236 vestimenta
689 1211 764 1240 sua;
797 1201 857 1234 sub
887 1200 1020 1242 pedibus
1051 1208 1126 1232 vero
1150 1197 1265 1236 ceteri,

308 1258 381 1301 quia
397 1256 550 1289 mandatis
573 1255 791 1297 Apostolorum
807 1253 993 1296 evangelicis
1017 1252 1266 1285 substernuntur

307 1310 489 1349 Christiani,
514 1309 602 1351 Legis
622 1312 727 1341 autem
752 1307 994 1341 consuetudines
1026 1305 1210 1339 conculcant
1234 1318 1264 1339 ³›,

308 1364 393 1397 Unde
416 1363 455 1396 ad
478 1363 691 1404 Philippenses
715 1361 808 1394 tertio
824 1361 855 1392 4:
886 1373 901 1388 <c
925 1360 1011 1401 Quae
1035 1359 1113 1391 inihi
1136 1358 1267 1391 fuerunt

310 1418 397 1450 lucra
427 1416 600 1449 arbitratus
635 1424 706 1448 sum
730 1418 766 1447 ut
790 1418 945 1452 stercora,
970 1417 1006 1445 ut
1033 1412 1194 1444 Christum
1219 1411 1267 1443 lu-

309 1470 490 1504 crifacerem
507 1483 536 1501 ».
564 1488 604 1492 -
629 1467 807 1501 Secundum
835 1466 1057 1499 moralitatem
1082 1468 1187 1497 autem
1212 1473 1267 1505 per

308 1523 502 1555 strationem
525 1521 791 1553 vestimentorum
816 1519 852 1551 in
875 1519 931 1551 vla
962 1518 1165 1559 intelligimus
1196 1525 1269 1549 con-

310 1576 514 1609 culcationem
548 1577 729 1606 nostrorum
757 1581 929 1614 corporum
963 1580 1019 1613 per
1050 1569 1268 1603 abstinentiam

310 1632 341 1661 et
357 1628 535 1670 patientiam
552 1627 590 1659 ad
607 1625 745 1659 dandum
761 1625 830 1657 aliis
845 1625 926 1657 bona
942 1623 1098 1665 exempla,
1115 1632 1172 1664 per
1188 1630 1269 1664 quae

310 1681 487 1723 dirigantur
511 1680 542 1712 in
561 1679 618 1712 via.
644 1678 729 1712 Unde
745 1678 852 1711 Glossa
865 1678 893 1709 ⁵:
915 1690 932 1715 ,α
950 1677 1070 1715 Turba,
1095 1677 1269 1717 Martyrum

310 1734 455 1775 exempla
479 1741 630 1775 sequens,
655 1741 781 1765 carnem
805 1740 861 1773 per
885 1730 1102 1763 abstinentiam
1127 1729 1268 1768 edomat,

311 1791 347 1820 nt
382 1786 513 1819 Domino
545 1786 604 1818 iter
639 1785 678 1817 ad
701 1787 837 1817 mentem
872 1787 962 1826 paret
996 1786 1027 1816 et
1063 1781 1269 1824 sequentibus

311 1840 458 1883 praebeat
481 1839 563 1872 bona
590 1838 737 1880 exempla
761 1852 791 1870 n.
817 1838 849 1870 In
881 1837 972 1870 cuius
995 1836 1087 1869 etiam
1120 1836 1165 1868 rei
1190 1836 1269 1878 figu-

312 1903 378 1926 ram
402 1893 517 1926 dicitur
541 1892 645 1934 quarti
671 1893 788 1933 Regum
812 1891 990 1929 secundo⁰,
1015 1889 1099 1932 quod
1123 1889 1203 1922 Elias
1220 1898 1269 1921 re-

311 1947 404 1989 liquit
427 1945 556 1988 pallium
581 1954 674 1978 suum
699 1944 807 1977 Eliseo.
836 1944 915 1985 Quia
937 1943 1055 1976 bonum
1087 1943 1269 1984 exemplum

312 1999 401 2041 quasi
419 1998 554 2041 quodam
577 1997 673 2030 odore
689 1997 786 2030 trahit
809 1997 847 2029 ad
864 1997 1065 2029 imitati0nem
1076 2022 1083 2035 ‚
1108 1996 1176 2029 ideo
1192 1995 1269 2028 Can—

312 2053 446 2085 ticorum
482 2051 640 2094 quarto⁷z
680 2063 696 2079 <t
724 2050 808 2083 Odor
844 2050 1102 2083 vestimentorum
1139 2053 1268 2082 tuorum

313 2114 408 2148 super
431 2104 535 2137 omnia
558 2108 698 2137 aromata
715 2117 744 2135 n.
770 2103 806 2135 Et
834 2103 911 2136 11300
935 2103 966 2135 in
992 2103 1039 2136 via
1063 2106 1162 2136 strata
1185 2102 1270 2135 vide—

312 2168 400 2198 mus;
425 2158 508 2191 unde
531 2158 570 2191 ad
594 2157 749 2190 Hebraeos
771 2156 972 2189 duodecimo:
1003 2171 1016 2185 «ι
1034 2156 1186 2189 Habentes
1203 2159 1270 2189 tan-

313 2215 376 2244 tam
400 2212 516 2244 nubem
540 2211 667 2244 testium
684 2224 700 2239 »
728 2214 786 2243 etc.

402 2264 579 2304 55.,(Vers.
609 2263 685 2305 37.).
718 2263 862 2296 Secundo>
886 2266 1039 2305 quantum
1071 2262 1110 2294 ad
1140 2271 1271 2304 cmpres-

314 2318 439 2351 sionem
461 2316 640 2349 devotionis
656 2316 692 2349 in
714 2325 862 2348 sermone
878 2315 1039 2348 subditur:
1061 2315 1099 2347 Et
1122 2324 1198 2347 eum
1215 2324 1271 2356 ap-

312 2370 554 2414 propinquaret
588 2370 658 2416 iam
694 2370 739 2402 ad
774 2369 962 2401 descensum
987 2369 1108 2401 montis
1138 2367 1268 2407 Oliveti,

314 2426 442 2466 propter
478 2423 715 2465 congruentiam
752 2422 830 2461 loci,
854 2422 929 2464 quia
964 2430 1062 2464 prope
1091 2421 1270 2454 Ierusalem.

314 2476 400 2509 Unde
423 2480 454 2509 et
477 2476 518 2508 de·
539 2475 592 2508 1110
609 2475 676 2508 1000
692 2474 847 2513 ascendit3
866 2476 997 2507 Actuum
1015 2474 1117 2516 primo
1129 2473 1159 2506 8:
1182 2487 1197 2502 α
1215 2474 1271 2507 Re-

387 2710 395 2725 ¹
416 2711 490 2736 Vers.
511 2712 534 2735 8.
548 2710 633 2741 Beda,
648 2710 680 2735 V.
701 2710 726 2735 in
746 2710 807 2735 Luc.
829 2710 874 2740 19,
894 2710 936 2734 36.
957 2710 1008 2735 ait:
1028 2711 1096 2735 quta
1112 2711 1174 2736 alios
1191 2712 1272 2736 Evan-

315 2756 419 2787 gelistas
438 2754 554 2788 [praeter
573 2755 660 2780 Matth.
689 2754 745 2780 loc:
763 2754 804 2779 cit.
828 2755 874 2779 cfr.
901 2754 977 2779 Marc.
1002 2755 1039 2786 ll,
1060 2753 1098 2787 8.]
1124 2762 1175 2780 non
1197 2755 1271 2780 disci·

314 2800 367 2831 puli
388 2802 501 2831 tantum,
515 2799 562 2824 sed
580 2802 605 2824 et
618 2798 723 2830 plurimi
742 2798 864 2824 deturba
883 2797 1032 2824 sternebant
1051 2799 1205 2824 vestimenta
1224 2806 1271 2824 sua

315 2850 338 2868 ῐΓΙ
359 2850 410 2868 vla.

385 2886 395 2901 ²
415 2886 499 2913 Codd.
517 2886 568 2912 CD
587 2886 708 2918 asellam,
728 2890 753 2911 et
772 2885 883 2912 subinde
903 2893 951 2918 pro
970 2885 1043 2912 asini
1060 2886 1081 2911 A
1099 2885 1200 2912 asinae.

385 2929 395 2945 ³
415 2932 510 2956 llomil.
528 2931 571 2956 37.
591 2931 615 2957 in
634 2932 722 2956 Matth.
741 2932 789 2962 21,
809 2932 834 2957 8.
854 2931 914 2963 (Op.
932 2931 1098 2963 imperfect).

384 2975 395 2989 ⁴
416 2976 490 3001 Vere.
509 2975 534 3000 7.
554 2979 579 3001 et
599 2976 622 3001 8.
643 2976 691 3001 Pro
705 2966 893 3009 lucrifacerem
914 2976 971 3001 Vat.
985 2982 1045 3001 cum
1060 2976 1173 3008 Vulgata
1193 2974 1272 3002 lucri-

312 3019 421 3054 facium.

385 3063 396 3077 ⁶
416 3063 518 3089 Scilicet
536 3062 678 3093 ardinor-ia
698 3063 738 3096 (ex
758 3062 839 3096 Beda)
858 3063 931 3095 apud
950 3064 1082 3095 Lyranum
1103 3063 1129 3089 in
1141 3064 1204 3089 Luc.
1224 3063 1271 3095 19,

315 3109 362 3134 36;
382 3109 452 3134 quta
472 3108 536 3134 alios
555 3108 733 3140 Evangelistas
758 3115 809 3133 non
837 3107 973 3140 discipuli,
991 3108 1038 3134 sed
1064 3107 1140 3134 turba
1159 3107 1273 3133 subster-

314 3151 407 3184 nebat,
427 3158 496 3185 quae
516 3152 656 3183 Martyrum
676 3152 793 3183 exempla
813 3158 926 3184 sequens
944 3155 994 3177 etc.

384 3195 395 3210 ⁰
416 3196 489 3222 Vers.
510 3196 555 3228 13,
575 3203 655 3229 quem
674 3195 752 3222 Card.
771 3196 847 3231 Hugo
868 3195 904 3228 (in
924 3197 986 3222 Luc.
1007 3196 1052 3228 19,
1067 3196 1120 3228 36.)
1141 3196 1272 3228 explicans

313 3240 390 3266 dicit:
410 3240 476 3266 Elias
495 3240 600 3272 pallium
620 3247 698 3266 suum
717 3240 821 3273 reliquit
840 3240 935 3271 Eliseo,
954 3239 981 3266 id
1000 3243 1038 3265 est
1057 3240 1151 3265 caritas
1170 3238 1272 3273 [carita-

313 3283 374 3318 tis?]
394 3285 553 3316 exemplum.

385 3327 395 3343 ⁷
415 3329 491 3355 Vers.
511 3329 560 3362 ti,
580 3328 625 3355 ubi
645 3336 693 3361 pro
712 3336 793 3363 super
813 3328 905 3355 omnia
929 3330 1057 3355 aromata
1083 3327 1141 3360 (cfr.
1166 3335 1192 3354 v.
1218 3327 1270 3360 10.)

315 3373 371 3399 vat.
391 3380 451 3399 cum
481 3373 593 3405 Vulgata
621 3372 693 3400 sieut
717 3372 792 3399 odorv
810 3372 908 3400 thuris.
936 3387 972 3392 —
1000 3372 1119 3399 Subinde
1144 3372 1272 3404 allegatur

314 3416 392 3442 nebia
413 3418 459 3449 ⁴2,
483 3418 503 3443 ι.

888 259 1082 292 COMMENT.
1108 259 1145 291 IN
1169 257 1407 290 EVANGELIUM
1432 256 1549 289 LUCAE
1573 256 1605 288 C.
1632 255 1705 287 XIX.

1331 345 1413 378 versi
1438 348 1513 377 sunt
1536 344 1568 377 in
1593 343 1814 385 lerosolymam
1838 352 1857 375 a
1880 346 1986 375 monte
2010 342 2141 382 Oliveti,
2166 343 2219 385 qui
2244 347 2292 376 est

1330 399 1421 431 iuxta
1445 398 1632 436 Ierusalem,
1655 386 1781 429 Sabbati
1806 395 1926 429 habens
1949 395 2010 428 iter
2027 408 2058 428 22.
2082 396 2139 429 Per
2162 396 2292 429 deseen-

1328 462 1405 484 sum
1429 450 1535 484 autem
1570 451 1660 483 illum
1691 448 1878 491 intelligitur
1909 448 2081 482 descensus
2104 449 2292 491 dignationis

1329 504 1562 538 misericordiae
1585 503 1659 542 Dei,
1683 505 1814 545 propter
1831 510 1926 544 quem
1947 501 2061 534 merito
2084 511 2102 534 a
2125 502 2216 535 nobis
2238 502 2292 535 de-

1329 557 1381 590 bet
1417 557 1557 596 laudari,
1593 555 1769 589 secundum
1806 554 1885 588 illud
1920 555 2033 588 Psalmi
2051 555 2084 587 ⁹:
2122 568 2137 584 ι(
2154 555 2292 589 Laudate

1329 610 1497 643 Dominum
1529 618 1639 643 omnes
1673 612 1796 652 gentes,
1832 608 1958 641 laudate
1990 617 2064 641 eum
2096 617 2205 642 omnes
2237 618 2293 651 po-

1330 664 1411 706 puli;
1436 663 1585 706 quoniam
1610 656 1795 696 confirmata
1818 665 1866 695 est
1890 670 1986 704 super
2003 670 2060 694 nos
2076 661 2293 695 misericordia

1329 717 1398 750 0105
1414 730 1430 745 »
1458 720 1516 749 etc.
1536 735 1576 740 —-
1594 716 1630 748 Et
1654 716 1723 748 ideo
1747 715 1871 748 subdit:
1892 715 2076 757 Coeperunt
2092 720 2204 747 omnes
2220 719 2292 748 tur-

1330 770 1389 802 bae
1412 770 1676 802 descendentium
1691 769 1716 788 ¹⁰
1737 768 1919 811 9audentes
1937 768 2080 801 laudare
2098 768 2201 801 Deum
2217 778 2292 801 voce

1329 833 1474 866 magna,
1499 832 1556 865 per
1579 822 1817 865 congruentiam
1841 821 1949 859 moth,-
1974 821 2180 854 Ecclesiastici
2197 821 2292 863 trige-

1329 877 1407 910 simo
1438 886 1538 909 nono:
1569 876 1677 908 «Date
1712 874 1830 908 nomini
1866 874 1935 907 eius
1967 873 2233 916 magnificentiam
2260 876 2292 907 et

1329 929 1519 963 confitemini
1555 929 1598 961 illi
1633 929 1664 961 in
1698 937 1773 961 voce
1808 928 1964 960 labiorum
2001 930 2182 960 vestrorum
2199 939 2231 966 ¹¹3
2260 930 2306 960 etv

1330 983 1488 1016 Psalmus:
1518 996 1533 1011 «
1550 983 1631 1015 Bene
1654 982 1778 1024 psallite
1794 982 1821 1014 ei
1840 981 1871 1013 in
1888 981 2112 1014 vociferatione
2126 994 2155 1012 n.
2173 998 2217 1003 —
2233 980 2291 1013 Ra-

1329 1037 1372 1069 tio
1396 1039 1502 1068 autem
1526 1036 1623 1068 huius
1656 1035 1757 1068 laudis
1791 1034 1975 1077 magnificae
1999 1034 2059 1067 suit
2082 1033 2292 1067 consideratio

1330 1089 1522 1132 mirabilium
1546 1089 1679 1128 Christi;
1705 1092 1736 1121 et
1763 1088 1833 1121 ideo
1863 1087 1965 1121 addit:
1999 1086 2108 1130 Super
2140 1086 2304 1120 omnibus

1329 1153 1414 1190 quas
1453 1143 1608 1175 viderant
1643 1142 1824 1175 virtutibus
1838 1168 1848 1181 ,
1884 1151 1941 1184 per
1977 1141 2216 1184 congruentiam
2253 1150 2293 1173 ea:

1325 1201 1425 1239 parte
1449 1196 1571 1229 motivi.
1597 1196 1672 1228 Nam
1698 1195 1777 1228 visio
1794 1195 1988 1228 mirabilium
2005 1195 2126 1228 inducit
2142 1198 2174 1228 et
2188 1197 2293 1227 movet

1329 1249 1367 1282 ad
1393 1249 1602 1288 laudandum
1628 1249 1828 1282 Psalmus11:
1858 1248 2019 1281 «Cantate
2035 1247 2168 1280 Domino
2195 1247 2293 1281 canti-

1330 1312 1402 1336 cum
1427 1312 1563 1341 novum,
1587 1302 1661 1345 quia
1685 1301 1842 1335 mirabilia
1864 1302 1936 1335 fecit
1952 1315 1983 1334 ».
2001 1302 2085 1334 Inter
2108 1301 2214 1334 omnia
2237 1311 2293 1334 au-

1331 1360 1393 1388 tem
1419 1355 1588 1394 mirabilia,
1613 1364 1695 1397 quae
1718 1355 1808 1394 fecit,
1835 1355 2011 1387 maximum
2043 1354 2103 1387 suit
2126 1354 2165 1387 de
2194 1354 2294 1387 susci—

1331 1409 1447 1441 tatione
1470 1408 1588 1440 mortui
1613 1408 1834 1450 quatriduani3
1861 1408 1982 1440 ratione
2006 1407 2099 1451 001115
2122 1408 2293 1450 praecipue

1333 1462 1426 1494 turba
1450 1462 1574 1494 obviam
1609 1461 1734 1494 Christo
1766 1462 1868 1501 venit;
1895 1461 2018 1494 loannis
2049 1461 2234 1494 duodecimo
2247 1461 2292 1494 ¹2:

1337 1528 1352 1543 «
1370 1514 1595 1547 Testimonium
1621 1515 1807 1557 perhibebat
1831 1515 1943 1555 turba,
1961 1524 2043 1557 quae
2060 1518 2129 1548 erat
2145 1524 2219 1548 cum
2240 1524 2292 1555 eo,

1332 1567 1458 1610 quando
1482 1568 1633 1600 Lazarum
1659 1569 1781 1601 vocavit
1812 1568 1850 1601 de
1878 1572 2083 1601 monumento
2107 1571 2139 1601 et
2162 1568 2294 1602 suscita-

1333 1620 1377 1652 vit
1399 1629 1473 1653 eum
1496 1630 1514 1652 a
1538 1621 1681 1654 mortuis.
1719 1622 1888 1663 Propterea
1922 1625 1954 1654 et
1984 1621 2109 1655 obviam
2145 1621 2231 1655 venit
2266 1621 2293 1654 ei

1333 1673 1445 1713 turba,
1481 1673 1556 1715 quia
1590 1674 1751 1714 audierat,
1780 1666 1853 1708 eum
1881 1675 1992 1708 secisse
2024 1675 2083 1708 hoc
2119 1675 2244 1717 signum
2263 1687 2293 1707 ».

1333 1727 1457 1760 Turbae
1480 1732 1585 1760 autem
1610 1728 1819 1761 movebantur
1855 1728 1894 1761 ad
1922 1729 2028 1770 signa,
2054 1732 2090 1762 ut
2114 1728 2293 1767 crederent,

1332 1780 1436 1822 ipsum
1460 1790 1527 1813 esse
1544 1781 1705 1813 Christum
1722 1790 1828 1823 regem
1846 1782 2036 1823 promissum
2053 1782 2085 1815 in
2102 1783 2190 1824 Lege.
2209 1781 2294 1815 Unde

1333 1834 1454 1867 loannis
1478 1838 1569 1867 sexto
1583 1834 1628 1864 1³:
1659 1847 1675 1863 «
1692 1834 1735 1867 1111
1760 1835 1922 1874 1101111005,
1940 1844 2014 1867 cum
2031 1835 2192 1875 vidissent,
2210 1835 2295 1878 quod

1332 1888 1448 1921 fecerat
1473 1888 1558 1921 lesus
1592 1888 1736 1930 signum,
1772 1888 1935 1927 dicebant,
1959 1888 2035 1930 quia
2070 1889 2122 1922 hic
2145 1892 2194 1922 est
2220 1897 2295 1935 vere

1333 1942 1506 1983 Propheta,
1531 1941 1586 1984 qui
1611 1946 1768 1974 venturus
1791 1945 1839 1974 est
1862 1941 1893 1973 in
1919 1941 2074 1974 mundum
2092 1955 2123 1974 ».

1424 1995 1475 2027 56.
1501 1995 1602 2036 (Vers.
1628 1995 1705 2035 38.).
1732 1994 2120 2027 DicentesrBeneclz'ctus
2144 1997 2203 2028 etc.
2225 1995 2296 2027 Post
2310 2003 2417 2029 Secundo,
2432 2003 2458 2025 ‹10

2327 2030 2453 2052 celsitudine

2310 989 2381 1011 natio.

1333 2048 1528 2081 devotionem
1543 2048 1737 2081 laudantium
1750 2048 1940 2081 describitur
1954 2048 2005 2081 hic
2018 2047 2156 2081 secundo
2166 2049 2192 2067 ¹4
2205 2048 2295 2081 celsi·
2327 2057 2447 2079 divinarum

1334 2101 1413 2134 tudo
1430 2101 1628 2133 diuinarum
1644 2101 1796 2134 laudum.
1814 2101 2012 2135 Describitur
2029 2105 2105 2144 ergo
2121 2101 2190 2134 13115
2205 2101 2295 2134 Chri-

1334 2155 1372 2188 sti
1397 2155 1556 2187 excellens
1591 2164 1632 2187 ex
1663 2163 1718 2187 ore
1754 2154 1924 2188 turbarum
1947 2155 2142 2188 excellenter
2166 2154 2295 2187 laudan-

1334 2209 1412 2241 tium
1438 2217 1542 2250 regem
1567 2208 1730 2240 Christum
1759 2211 1790 2240 et
1817 2212 1973 2250 quantum
1997 2204 2036 2241 ad
2060 2208 2219 2241 venientis
2242 2218 2296 2241 ex-

1334 2261 1493 2294 cellentem
1514 2270 1695 2303 personam
1719 2264 1751 2294 et
1774 2264 1930 2303 quantum
1953 2262 1993 2295 ad
2017 2262 2117 2305 ipsius
2134 2262 2296 2295 adventus

1335 2314 1537 2347 excellentem
1561 2313 1754 2357 efficaciam.

1424 2367 1526 2400 Primo
1551 2367 1647 2409 igitur
1671 2371 1827 2410 quantum
1850 2367 1889 2400 ad
1913 2368 2070 2401 venientis
2093 2368 2296 2401 excellentem
2315 2377 2428 2400 venientis

1331 2429 1513 2464 personam
1536 2420 1672 2453 dicitur:
1708 2420 1870 2453 Dicentes:
1908 2420 2103 2453 Benedictus
2138 2425 2185 2454 est
2215 2431 2294 2460 rex,
2319 2405 2426 2458 ῗέἷέἒῗιὲῗ

1335 2473 1394 2517 qui
1417 2473 1504 2506 venit
1534 2473 1570 2506 in
1593 2473 1725 2506 nomine
1751 2473 1885 2506 Domini
1898 2474 1933 2505 1⁵.
1967 2473 2165 2506 Benedicitur
2189 2477 2295 2506 autem

1406 2709 1416 2724 Β
1438 2711 1511 2736 Vers.
1535 2711 1572 2735 12.
1592 2724 1628 2729 —
1646 2711 1736 2736 Glossa
1758 2710 1902 2737 ordinaria
1928 2710 1969 2743 (ex
1998 2710 2094 2743 Beda):
2115 2709 2295 2736 Descendente

1336 2754 1447 2779 Domino
1466 2754 1501 2779 de
1515 2757 1608 2779 -montc
1628 2753 1734 2784 Oliveti,
1754 2754 1780 2779 id
1800 2758 1839 2779 est
1858 2755 2012 2780 humiliante
2025 2762 2053 2780 50
2070 2755 2102 2780 ad
2118 2754 2294 2779 infirmitatem

1336 2801 1439 2823 nostrae
1460 2798 1544 2823 earnis
1563 2798 1606 2823 1110
1626 2798 1670 2830 qui
1691 2801 1746 2823 erat
1771 2798 1797 2823 in
1820 2800 1903 2824 forma
1918 2799 1963 2824 Dei
1977 2798 2038 2832 [cfr.
2052 2799 2117 2824 Phil.
2133 2799 2162 2829 2,
2178 2799 2202 2824 6.
2216 2797 2295 2831 seq.]‚

1336 2849 1396 2867 cum
1417 2849 1448 2867 eo
1467 2842 1630 2867 descendunt
1650 2841 1756 2873 turbae,
1777 2842 1803 2868 id
1817 2846 1863 2870 est.
1878 2843 2049 2869 humiliantur
2068 2842 2119 2869 sub
2138 2850 2219 2868 manu
2239 2842 2296 2868 eius

1336 2887 1381 2919 qui
1401 2886 1578 2912 misericordia
1598 2886 1731 2918 indigent,
1753 2890 1780 2912 ut
1799 2886 1833 2912 ab
1852 2893 1883 2912 eo
1903 2888 2057 2913 exaltentur.

1406 2929 1417 2944 ⁰
1438 2930 1529 2956 [35111111.
1550 2930 1616 2961 1116,
1638 2930 1660 2955 1.
1678 2937 1735 2963 seq.
1749 2944 1781 2949 --
1795 2931 1922 2963 Superius
1940 2931 1998 2957 Vat.
2014 2933 2128 2966 propter
2149 2930 2220 2965 quod
2238 2931 2295 2957 loco

1332 2976 1446 3008 propter
1465 2981 1551 3008 quem.

1408 3018 1430 3032 ¹⁰
1450 3019 1483 3044 lta
1502 3019 1579 3044 etiam
1600 3018 1684 3049 Beda„
1704 3018 1781 3045 Card.
1801 3020 1886 3051 Hugo,
1906 3020 1934 3045 B.
1954 3019 2060 3051 Albert„
2074 3020 2100 3045 S.
2114 3020 2209 3046 Thom.
2229 3019 2295 3051 (Cat.

1336 3069 1415 3088 aurea
1436 3062 1460 3088 in
1481 3063 1543 3088 Luc.
1559 3064 1606 3089 ⁴19.
1625 3070 1649 3088 n.
1671 3063 1716 3095 4.),
1735 3064 1870 3089 Gorranus
1888 3066 1914 3089 et
1932 3064 2066 3095 Lyranus;
2086 3064 2198 3096 Vulgata
2217 3063 2296 3090 disci-

1332 3106 1474 3140 pulorum.
1495 3121 1528 3124 —
1548 3107 1605 3132 Duo
1625 3114 1699 3140 seqq.
1718 3107 1768 3133 loci
1786 3111 1847 3133 sunt
1866 3108 1942 3134 Eccli.
1962 3108 2010 3139 39,
2030 3109 2073 3134 20.
2093 3111 2119 3134 et
2137 3108 2178 3134 Ps.
2198 3108 2249 3139 32,
2270 3108 2294 3133 3.

1408 3150 1428 3165 ¹¹
1449 3151 1543 3176 Psalm.
1561 3151 1610 3182 97,
1631 3152 1654 3176 1.

1408 3194 1429 3209 ¹²
1451 3196 1525 3221 vers.
1546 3195 1588 3221 17.
1607 3198 1632 3221 et
1653 3196 1695 3221 18.
1714 3196 1804 3222 Glossa
1824 3195 1968 3223 ordinaria
1987 3197 2028 3229 (ex
2041 3196 2122 3231 Beda)
2137 3196 2162 3222 in
2176 3197 2238 3222 Luc.
2254 3188 2294 3227 19,

1337 3239 1385 3265 37:
1406 3239 1556 3266 Gaudentes
1569 3243 1633 3270 010,
1652 3240 1764 3266 maxime
1784 3240 1817 3266 <le
1836 3241 2028 3267 resurrectione
2040 3241 2144 3274 Lazari,
2163 3247 2231 3274 quae
2250 3248 2295 3266 nu-

1336 3290 1383 3316 per
1403 3284 1551 3312 saciasti-at,
1571 3284 1635 3309 Nam
1655 3287 1680 3309 et
1699 3288 1838 3317 propterea
1858 3284 1965 3311 obviam
1985 3285 2057 3311 venit
2076 3285 2100 3311 ei
2119 3284 2196 3311 turba
2215 3288 2265 3311 etc.

1408 3326 1429 3341 ¹⁸
1449 3327 1524 3353 Vers.
1547 3327 1586 3353 111.
1606 3341 1641 3347 -
1660 3329 1787 3360 Superius
1813 3336 1861 3361 pro
1886 3328 2064 3358 movebantur
2083 3328 2120 3356 acl
2137 3328 2216 3363 siyna
2236 3329 2294 3354 vat.

1335 3370 1550 3398 admonebantur
1569 3378 1584 3397 α
1605 3370 1698 3405 signis.
1992 3372 2014 3388 ²⁴
2033 3372 2085 3399 Csr.
2106 3380 2186 3405 supra
2206 3379 2232 3398 n.
2251 3373 2294 3399 53.

1408 3415 1430 3429 ¹⁵
1450 3415 1517 3442 Vide
1536 3422 1616 3448 snpra
1636 3423 1697 3448 pag.
1717 3416 1777 3448 491,
1797 3420 1887 3443 notam
1910 3417 1950 3443 15.

2308 2084 2396 2105 laudum
2410 2083 2459 2105 duo.
