2476 3921
20 812 122 837 Tertium.
137 811 165 834 de

39 845 81 867 quo
95 839 143 860 tria.

57 1130 160 1152 Primum.

28 1661 157 1684 Notandum.

24 2457 152 2481 secuudum.

756 239 950 272 COMMENT.
976 240 1012 272 IN
1037 240 1275 275 EVANGELIUM
1299 242 1415 276 LUCAE
1440 244 1471 276 C.
1497 244 1596 277 XVlll.

184 327 336 369 parvulos
358 326 506 359 occidunt
528 329 560 359 et
583 326 767 369 sanguinem
792 330 927 369 sugunt,
951 336 987 360 ac
1011 337 1068 370 per
1085 329 1144 361 hoc

184 380 339 414 suffocant
361 383 393 413 et
416 380 641 422 strangulando
663 380 819 413 occidunt.
838 381 960 414 Dicitur
977 381 1074 424 igitur
1089 392 1146 414 su-

182 433 302 476 yillari
324 433 378 475 qui
403 432 510 466 verbis
533 437 564 466 et
588 433 788 466 rationibusl
812 436 900 466 tanto
924 434 1025 467 taedio
1048 434 1146 468 affici-

185 490 258 525 tur,
281 486 367 529 quod
392 495 467 528 prae
492 486 594 519 taedio
610 487 739 528 sanguis
756 486 882 528 sugitur
899 490 930 519 et
946 487 1144 521 diminuitur.

184 539 270 572 Unde
301 547 412 572 sensus
443 541 512 571 est:
544 539 670 581 sugillet
701 547 769 577 me,
801 538 832 572 id
863 543 928 578 est,
961 541 1144 582 sanguinem

182 601 290 625 meum
314 596 422 635 sugat,
455 592 538 625 sicut
568 592 696 631 lamiae,
727 592 767 625 de
799 592 916 635 quibus
944 594 1145 626 Threnorum

183 646 344 688 quartoss:
385 657 401 674 α
426 642 548 678 Lamiae
577 645 778 678 nudaverunt
811 655 978 686 mammas,
1011 647 1145 680 lactave—

183 702 260 732 runt
281 699 404 745 catulos
427 708 502 732 suos
517 713 548 732 ».
839 732 840 735 ,

273 754 302 786 9.
328 753 429 792 (Vers.
456 753 510 793 6.).
529 752 585 785 Ait
609 756 720 785 autem
746 753 909 785 Dominus
932 756 990 786 etc.
1010 754 1079 786 Post
1095 763 1146 786 ra-

183 807 300 840 tionem
336 806 503 848 parabolae
538 806 784 839 introducendae
818 809 850 839 et
881 806 1145 840 introductionem

181 859 281 902 ipsius
297 859 464 902 parabolae
480 859 626 901 sequitur
639 860 690 892 hic
702 859 878 901 adaptatio
890 860 1100 893 introductae
1112 861 1143 900 ³;

180 913 265 946 circa
287 922 382 955 quam
407 913 468 945 tria
491 912 748 946 introducuntur.
775 914 952 946 Ezccz'tatur
976 914 1059 946 enim
1082 913 1144 946 hu-

180 976 285 1000 mana
310 966 504 1005 audientia,
530 966 675 1009 erz‘yuur
689 965 819 1008 fiducia
843 969 874 1000 et
897 967 1060 1010 arquitur
1076 966 1143 1010 clif-

178 1019 328 1062 fidentia.

270 1072 373 1105 Primo
396 1072 494 1114 igitur
518 1075 672 1114 quantum
690 1072 729 1105 ad
749 1072 979 1105 excitationem
1003 1073 1142 1106 audien-

181 1125 246 1159 tiae
260 1125 377 1158 dicitur
391 1131 404 1158 z·
417 1126 474 1158 Ait
490 1130 600 1158 autem
626 1126 808 1158 Dominus:
835 1126 975 1166 Audite,
992 1127 1074 1170 quid
1089 1127 1142 1159 iu-

179 1179 242 1212 dex
258 1179 448 1223 iniquitatis
463 1179 554 1218 dicit,
572 1179 602 1212 id
619 1183 682 1218 est,
699 1180 894 1213 considerate
911 1180 1007 1213 huius
1030 1180 1142 1213 iudicis

179 1232 433 1274 responsionem;
466 1232 497 1264 in
530 1241 594 1274 qua
625 1232 887 1266 considerandum
918 1237 966 1266 est
993 1234 1140 1276 quidem,

179 1289 316 1329 quantae
340 1286 380 1319 sit
403 1286 560 1319 efficaciae
583 1286 734 1319 orationis
751 1286 916 1326 instantia,
932 1287 1007 1329 quia
1023 1287 1141 1321 instan-

178 1339 221 1372 tia
243 1339 367 1381 peperit
392 1339 584 1378 molestiam,
605 1343 636 1372 et
652 1340 794 1372 molestia
817 1341 953 1373 extorsit
976 1340 1137 1374 iustitiam.

178 1391 264 1425 Unde
288 1392 360 1424 licet
391 1391 522 1425 haberet
546 1401 600 1424 cor
624 1392 801 1434 lapideum,
825 1397 931 1426 motus
956 1397 1059 1426 tamen
1091 1396 1140 1426 est

177 1447 308 1487 propter
330 1445 539 1488 frequentiam
564 1454 713 1488 precum,
730 1450 766 1478 ut
783 1447 966 1480 verificetur
987 1447 1018 1479 in
1035 1447 1087 1479 illo
1104 1447 1139 1479 il-

177 1498 232 1532 lud
255 1498 461 1540 poeticum⁴:

241 1568 265 1610 ἀ
278 1587 355 1613 Gutta
373 1589 451 1613 cavat
468 1587 597 1619 lapidem,
617 1595 669 1613 non
689 1588 730 1619 vi,
749 1588 795 1614 scd
815 1595 895 1621 saepe
914 1588 1034 1614 cadendo
1047 1599 1072 1614 ιι.

176 1658 260 1691 Licet
282 1661 365 1692 esset
387 1658 419 1691 in
442 1654 479 1691 eo
503 1658 669 1701 iniquitas,
694 1659 879 1701 compulsus
901 1663 949 1692 est
973 1663 1076 1692 tamen
1093 1659 1132 1692 ad

175 1711 365 1745 reddendam
389 1711 540 1745 iustitiam
566 1721 622 1754 per
646 1711 759 1745 viduae
783 1712 996 1754 importunam
1020 1712 1139 1746 instan-

176 1764 273 1804 tiam;
297 1773 339 1797 ex
371 1773 435 1807 quo
462 1764 684 1807 intelligimus,
716 1765 836 1807 quodsi,
858 1764 1005 1798 instantia
1036 1765 1139 1807 precis

175 1817 327 1851 emollivit
350 1817 487 1851 iudicem
511 1817 719 1851 durissimum
750 1821 782 1851 et
813 1818 974 1851 inclinavit
998 1818 1138 1851 iniustis-

174 1870 291 1904 simum
314 1870 353 1903 ad
377 1871 554 1904 faciendum
585 1871 756 1910 iudicium;
789 1871 873 1914 quod
898 1872 998 1904 multo
1022 1871 1136 1905 fortius

174 1923 337 1957 inclinabit
362 1924 461 1957 Deum
493 1924 580 1966 pium
612 1927 644 1957 et
674 1924 804 1957 iustum.
835 1925 920 1958 Unde
951 1925 1137 1966 Chrysosto-

176 1977 290 2010 mus⁶:
320 1989 336 2005 α
360 1977 426 2010 Non
457 1977 555 2010 iudex
588 1977 676 2017 talis,
708 1977 770 2010 fide
800 1977 977 2010 dilectionis
1007 1986 1135 2016 carens,

173 2029 277 2062 taedio
299 2030 499 2072 compulsus,
523 2039 581 2063 nec
604 2030 687 2069 actio
709 2030 778 2063 eius
802 2030 853 2062 hic
877 2029 998 2062 laudari
1015 2033 1134 2072 potest;

173 2082 246 2121 sed,
270 2082 296 2115 si
327 2082 386 2115 iste
417 2091 621 2125 quocumque
652 2083 758 2116 animo
789 2079 877 2119 ultus
907 2086 955 2115 est
986 2082 1134 2122 viduam,

172 2135 259 2168 Deus
281 2135 379 2168 iudex
404 2135 542 2168 maxime
569 2135 742 2168 ulciscetur
773 2144 906 2168 suorum
937 2135 1085 2168 iniuriam
1103 2148 1133 2168 n.

173 2188 221 2221 Ex
244 2198 308 2231 quo
331 2189 412 2221 miro
437 2188 529 2221 modo
552 2188 697 2222 instantis
719 2188 869 2222 orationis
892 2188 1069 2221 ostenditur
1091 2188 1136 2221 ef-

173 2241 299 2281 ficacia,
323 2242 398 2284 quia
422 2242 473 2274 ille
497 2242 551 2284 qui
576 2251 634 2275 nec
657 2242 757 2275 Deum
781 2241 910 2274 timebat
920 2250 983 2274 -nec
1000 2241 1135 2274 hominis

173 2295 306 2328 curabat
339 2295 561 2328 verecundiam
592 2304 650 2328 nec
681 2294 807 2327 amabat
837 2294 1007 2333 iustitiam,
1032 2294 1134 2327 victus

172 2352 221 2382 est
243 2358 262 2381 a
285 2348 380 2381 vidua
403 2357 459 2391 per
484 2357 613 2390 precum
639 2347 817 2381 instantiam
843 2347 1065 2390 importunam.

265 2403 315 2434 10.
341 2402 442 2444 (Vers.
468 2403 523 2442 7.).
549 2401 691 2435 Secundo
714 2404 868 2443 quantum
884 2400 923 2433 ad
939 2399 1131 2433 erectionem

172 2453 343 2488 humanae
364 2454 511 2498 fiduciae
534 2454 661 2487 subdit:
687 2454 775 2487 Deus
798 2458 910 2486 autem
937 2463 1004 2486 non
1031 2452 1135 2496 faciet

244 2606 252 2622 ¹
273 2607 333 2633 Vat.
351 2614 412 2633 cum
431 2607 453 2633 G
471 2603 657 2640 prosequitur:
676 2606 739 2633 hinc
757 2605 818 2633 inde
836 2605 902 2633 adeo
921 2608 1087 2638 coarctatur,
1101 2609 1133 2632 ut

171 2651 220 2678 vix
235 2651 323 2685 possit
340 2651 416 2685 loqui
441 2651 526 2685 neqtte
544 2650 682 2684 respirare
697 2650 884 2684 permittatur.
907 2650 954 2677 Vel
971 2650 1070 2677 dicitur
1089 2657 1133 2677 su-

170 2696 278 2730 qiuari,
298 2696 346 2730 qui
363 2697 438 2723 tanto
455 2695 543 2722 taedio
561 2695 678 2730 afficitur
697 2699 747 2722 etc.
766 2696 815 2721 Pro
834 2695 943 2729 suffitur
962 2695 981 2721 C
994 2696 1014 2721 D
1032 2695 1111 2729 fuqit.

243 2740 254 2755 ²
272 2738 383 2772 Vers.-'3‚
393 2741 419 2766 in
432 2747 487 2773 quo
498 2747 546 2772 pro
557 2747 707 2770 mammam
722 2740 766 2773 (ita
780 2740 903 2773 Vulgata)
918 2740 1057 2772 posuimus
1070 2746 1131 2765 cum

170 2785 284 2811 ACDH
303 2789 329 2810 et
347 2784 516 2816 Septuaginta
536 2791 671 2811 mammas
691 2784 736 2816 (ita
756 2784 798 2810 hic
817 2784 894 2809 etiam
914 2784 990 2810 Card.
1010 2784 1088 2816 Hugo
1106 2787 1132 2810 et

170 2829 200 2855 B.
212 2828 331 2861 Albert.>.
340 2842 376 2847 —
389 2828 540 2854 Secundum
553 2828 680 2860 August„
691 2829 719 2854 ll.
729 2829 778 2861 Qq.
792 2828 956 2859 Evangelior.
970 2835 997 2861 q.
1011 2827 1052 2854 45.
1068 2835 1092 2853 n.
1108 2828 1131 2860 1,

172 2873 237 2898 haec
250 2872 395 2904 propositio
407 2879 441 2898 ne
452 2872 560 2898 veniens
578 2871 688 2906 sugillet
704 2879 747 2898 mc
766 2872 914 2905 aequivalet
932 2872 965 2897 illi
983 2879 1017 2898 ne
1035 2871 1087 2898 sibi
1097 2871 1131 2898 ab

170 2916 218 2943 itta
237 2915 356 2943 taedium
374 2917 458 2951 fieret.
476 2916 528 2943 Cir.
547 2916 628 2949 Epist.
650 2917 707 2942 130.
728 2917 801 2950 (alias
821 2917 891 2949 121.)
912 2924 935 2942 c.
949 2918 972 2942 8.
987 2924 1013 2942 n.
1028 2916 1069 2949 15,
1085 2916 1130 2942 ubi

170 2961 221 2987 ait:
237 2961 349 2987 ludicem
370 2960 489 2994 iniquum
508 2967 588 2993 saepe
606 2961 794 2993 interpellando
813 2961 882 2986 flexit
900 2961 934 2986 ad
953 2961 1130 2993 audiendum,

169 3012 223 3031 non
242 3005 336 3031 iustitia
355 3006 396 3031 vel
416 3006 594 3033 misericordia
613 3010 778 3039 permotum,
796 3006 843 3032 sed
862 3005 948 3033 taedio
968 3010 1129 3038 superatum.

242 3049 252 3064 ³
271 3049 324 3076 Csr.
342 3057 422 3082 supra
443 3058 469 3076 n.
490 3051 514 3076 1.

240 3092 252 3108 ⁴
271 3094 362 3125 Ovid.‚
382 3094 424 3120 lV.
443 3101 474 3120 ex
493 3095 588 3128 Ponto,
608 3095 683 3127 epist.
705 3095 747 3121 10.
767 3103 791 3120 v.
813 3095 845 3120 5:

263 3154 265 3156 '
311 3155 387 3189 Gutta
407 3158 483 3181 cavat
500 3155 630 3188 lapidem,
649 3156 811 3182 consumitur
830 3157 923 3182 anulus
943 3164 1001 3182 usu.

169 3223 234 3250 lbid.
253 3225 281 3250 ll.
300 3225 376 3257 epist.
394 3225 421 3251 7.
439 3232 466 3251 ν.
486 3225 534 3251 4οε

310 3287 436 3313 Percussu
456 3286 549 3313 crebro
568 3295 628 3314 saxa
648 3291 773 3314 cavantur
791 3289 875 3321 aquis.

168 3356 218 3383 Cir.
239 3358 256 3383 l.
275 3357 342 3383 ArtIs,
360 3360 470 3384 amator.
488 3366 514 3384 v.
529 3358 589 3384 475.
601 3365 674 3392 seq.;
694 3360 807 3390 Lucret.‚
828 3360 844 3384 l.
859 3359 892 3385 de
906 3360 1003 3385 Rerum
1017 3362 1107 3385 natura
1118 3379 1124 3391 ,

168 3408 195 3426 v.
214 3400 273 3426 314.
293 3404 319 3427 et
337 3402 379 3427 lV.
397 3409 424 3428 v.
445 3402 601 3428 twa-¹282.
623 3403 671 3428 Pro
690 3410 744 3429 non
763 3402 790 3429 vi
807 3402 857 3429 Cll
877 3409 931 3429 non
952 3402 999 3429 bis.

2099 249 2158 282 45¹

1208 330 1388 363 vindictam
1421 332 1593 365 electorum
1625 343 1784 374 suorum,
1817 344 1858 368 ex
1890 336 2084 370 districtione
2115 338 2163 370 sni

1209 382 1336 423 iudicii;
1361 384 1398 417 ad
1424 385 1576 418 Romanos
1591 386 1822 420 duodecimo⁶:
1852 401 1868 417 ι
1885 389 1956 422 Mihi
1982 390 2163 428 vindictam,

1209 439 1240 468 et
1263 445 1321 480 ego
1345 438 1518 471 retribuam
1536 451 1567 477 »;
1599 443 1630 472 et
1661 440 1892 474 Deuteronomii
1927 443 2086 485 trigesimo
2117 453 2165 476 se-

1209 489 1332 522 cundo:
1361 491 1459 523 «Mea
1482 493 1529 524 est
1560 493 1654 531 ultio,
1686 497 1716 526 et
1747 503 1804 535 ego
1836 496 2008 528 retribuam
2043 496 2103 529 illis
2134 497 2163 529 in

1211 545 1370 584 tempore,
1394 547 1430 576 ut
1461 544 1585 578 labatur
1609 555 1663 588 pes
1686 556 1795 580 eorum
1814 562 1843 580 ».
1867 567 1911 571 —
1936 549 2162 582 Clamancium

1209 596 1256 628 ad
1277 606 1311 628 se
1334 596 1386 629 die
1416 606 1457 629 ac
1487 603 1596 637 nocte,
1628 600 1746 633 scilicet
1777 609 1818 633 ex
1850 602 2016 635 afflictione
2046 603 2163 641 animi;

1209 649 1406 691 Apocalypsis
1429 651 1566 683 sexto⁷:
1597 665 1612 680 α
1629 652 1696 685 Vidi
1721 654 1834 687 subtus
1856 655 1954 688 altare
1976 656 2027 688 Dei
2045 657 2164 689 animas

1210 701 1446 736 interfectorum
1465 708 1594 745 propter
1611 705 1748 738 Verbum
1766 707 1831 745 Dei,
1848 712 1878 740 et
1895 709 2071 741 clamabant
2086 719 2161 742 voce

1209 763 1321 797 magna
1344 755 1502 789 dicentes:
1527 757 1709 800 Usquequo,
1735 759 1882 799 Domine,
1906 765 2033 794 sanctus
2056 766 2087 795 et
2112 772 2163 795 ve-

1209 817 1282 847 rus,
1307 818 1368 841 non
1395 806 1513 843 iudicas
1535 814 1567 843 et
1587 821 1647 844 non
1666 812 1803 845 vindicas
1819 814 2001 856 sanguinem
2019 819 2161 848 nostruin

1207 860 1246 894 de
1271 861 1320 894 his
1343 862 1396 904 qui
1423 863 1563 896 habitant
1586 864 1616 898 in
1644 868 1727 898 terra
1743 880 1758 895 n
1788 870 1868 905 etc.;
1887 867 1999 906 immo,
2018 868 2092 910 ipsis
2107 878 2162 902 orc

1209 915 1394 955 tacentibus,
1408 917 1625 951 tribulationes
1637 928 1746 951 eorum
1760 920 1911 959 clamant;
1928 921 2055 954 Genesis
2067 932 2162 964 quar—

1208 968 1286 1000 to⁸:
1316 982 1331 997 α
1349 969 1417 1015 Vox
1442 971 1603 1012 sanguinis
1627 971 1733 1004 fratris
1758 973 1801 1005 tui
1831 973 1944 1006 clamat
1975 974 2012 1007 ad
2045 984 2093 1008 me
2124 976 2162 1008 de

1207 1026 1293 1054 terra
1308 1036 1339 1055 n.
1365 1041 1406 1048 —
1433 1024 1473 1056 Et
1494 1025 1689 1066 pacientiam
1713 1024 1843 1059 habebit
1864 1027 1900 1059 z'n
1924 1027 2017 1060 iltis?
2043 1038 2097 1070 per
2114 1039 2163 1062 re-

1206 1075 1384 1109 missionem
1409 1077 1483 1116 zeli;
1508 1078 1596 1119 quasi
1621 1078 1724 1111 dicat:
1749 1089 1831 1119 non;
1856 1080 1931 1122 quia
1961 1081 2160 1116 Ecclesiastici

1206 1128 1366 1170 trigesimo
1389 1129 1546 1171 quinto⁹:
1569 1144 1584 1159 α
1601 1131 1752 1165 Dominus
1776 1132 1925 1166 iudicabit
1949 1134 2047 1167 iustos
2071 1139 2101 1168 et
2118 1136 2161 1168 sa-

1205 1181 1265 1213 ciet
1288 1181 1456 1220 iudicium,
1478 1186 1509 1215 et
1525 1183 1722 1216 Fortissimus
1746 1194 1806 1217 non
1826 1185 1952 1218 babebit
1975 1186 2007 1218 in
2031 1187 2092 1227 illis
2109 1197 2161 1229 pa-

1205 1233 1362 1273 tientiam,
1380 1238 1415 1267 ut
1432 1236 1622 1269 contribulet
1636 1236 1765 1269 dorsum
1785 1238 1909 1270 illorum
1930 1252 1959 1271 n.
1978 1240 2039 1272 Hoc
2054 1244 2158 1273 autem

1204 1287 1337 1326 dicitur,
1362 1297 1424 1321 non
1448 1289 1523 1330 quia
1545 1289 1698 1322 Dominus
1714 1299 1775 1323 non
1793 1296 1956 1333 exspectat
1980 1298 2159 1335 peccantes,

1205 1340 1258 1373 sed
1282 1341 1373 1383 quia,
1398 1341 1513 1374 iudicio
1536 1342 1734 1381 imminente,
1760 1344 1820 1376 iam
1844 1345 1980 1386 amplius
2004 1347 2080 1379 nolit
2104 1356 2160 1380 ex-

1204 1398 1363 1435 spectare;
1395 1395 1433 1427 ad
1466 1395 1618 1428 Romanos
1641 1396 1798 1429 secundo:
1827 1410 1843 1426 <1
1861 1398 1903 1430 An
1927 1398 2050 1432 divitias
2074 1400 2161 1433 boni-

1205 1446 1277 1479 tatis
1300 1447 1369 1480 eius
1392 1451 1423 1480 et
1446 1448 1613 1489 patientiae
1629 1453 1660 1481 et
1676 1449 1919 1491 longanimitatis
1935 1453 2107 1486 contemnis
2124 1459 2160 1484 »γ

1211 1512 1226 1528 α
1243 1499 1422 1532 Secundum
1446 1500 1595 1533 duritiam
1612 1506 1716 1534 autem
1736 1506 1820 1535 tuam
1837 1507 1867 1536 et
1884 1512 1938 1536 cor
1955 1504 2160 1546 impoenitens

1204 1552 1400 1585 thesaurizas
1425 1553 1478 1586 tibi
1503 1553 1582 1587 iram
1608 1554 1638 1586 in
1663 1555 1713 1587 die
1737 1555 1802 1588 irae
1825 1560 1856 1589 et
1873 1558 2070 1591 revelationis
2088 1559 2159 1592 iusti

1204 1605 1308 1638 iudicii
1333 1606 1407 1645 Dei,
1431 1606 1486 1648 qui
1510 1607 1619 1640 reddet
1642 1608 1816 1650 unicuique
1837 1604 1931 1642 'iuxta
1958 1620 2054 1652 opera
2085 1621 2160 1650 sua,

1203 1658 1253 1692 his
1275 1659 1330 1701 qui
1355 1659 1528 1692 secundum
1559 1661 1738 1702 patientiam
1771 1662 1843 1695 boni
1875 1663 1996 1705 operis,
2028 1665 2159 1707 gloriam

1202 1715 1234 1745 et
1258 1712 1416 1745 honorem
1435 1716 1466 1746 et
1489 1713 1779 1756 incorruptionem
1805 1716 1853 1749 his
1876 1720 2000 1755 autem,
2016 1718 2069 1760 qui
2087 1724 2161 1751 sunt

1202 1774 1244 1798 ex
1267 1766 1484 1806 contentione,
1508 1767 1562 1809 qui
1588 1777 1648 1800 non
1681 1769 1888 1811 acquiescunt
1919 1771 2060 1810 veritati,
2092 1780 2160 1805 cre-

1201 1818 1281 1852 dunt
1304 1824 1410 1852 autem
1435 1820 1610 1862 iniquitati,
1639 1821 1686 1853 ira
1716 1825 1748 1854 et
1779 1821 1966 1864 indignatio,
2001 1824 2160 1857 tribulatio

1202 1876 1233 1905 et
1255 1873 1401 1915 angustia
1425 1873 1455 1905 in
1479 1882 1602 1906 omnem
1626 1875 1762 1907 animam
1786 1876 1947 1917 operantis
1969 1877 2085 1909 malum
2103 1891 2133 1909 n.

1294 1927 1343 1958 11.
1368 1926 1469 1966 (Vers.
1495 1926 1549 1966 8.).
1577 1926 1656 1959 Dico
1685 1925 1794 1966 vobis,
1826 1929 1908 1971 quia
1931 1928 1993 1961 cito
2015 1928 2157 1971 saciet¹⁰

1203 1978 1385 2010 vindictam
1417 1978 1576 2017 illorum
1607 1983 1638 2012 et
1668 1979 1727 2012 hoc
1756 1989 1812 2021 per
1844 1981 1993 2014 ultionem
2019 1982 2156 2023 peccati;

1199 2030 1434 2063 Deuteronomii
1464 2030 1626 2072 trigesimo
1650 2032 1808 2064 secundo:
1838 2045 1854 2061 α
1871 2033 2057 2075 Sanguinem
2090 2043 2156 2067 ser-

1200 2092 1311 2115 vorum
1338 2092 1468 2116 suorum
1492 2084 1706 2123 ulciscetur»,
1729 2089 1788 2117 «et
1812 2085 1978 2118 vindictam
2002 2087 2156 2120 retribuet

1198 2136 1229 2168 in
1248 2136 1354 2169 hostes
1377 2145 1486 2169 eorum
1498 2163 1506 2175 ,
1523 2140 1554 2169 et
1570 2137 1724 2179 propitius
1740 2138 1800 2171 erit
1817 2142 1920 2172 terrae
1936 2140 2042 2181 populi
2059 2141 2107 2173 sui
2125 2154 2154 2178 »ς

1198 2192 1229 2222 et
1254 2188 1456 2222 Ecclesiastici
1489 2189 1649 2232 trigesimo
1671 2191 1803 2233 quinto:
1833 2204 1848 2220 α
1865 2192 2016 2226 Gentibus
2048 2193 2156 2227 reddet

1198 2236 1385 2281 vindictam,
1416 2242 1514 2276 donec
1547 2243 1633 2276 tollat
1664 2244 1888 2286 plenitudinem
1920 2246 2152 2288 superborum;

1198 2298 1229 2327 et
1253 2299 1376 2336 sceptra
1399 2295 1581 2338 iniquorum
1613 2297 1821 2337 contribulet,
1844 2298 1942 2331 donec
1967 2299 2075 2332 reddat
2099 2300 2154 2332 ho-

1198 2348 1336 2381 minibus
1366 2348 1539 2381 secundum
1571 2354 1661 2383 actus
1692 2359 1765 2383 suos
1796 2355 1827 2384 et
1855 2351 2027 2384 secundum
2059 2361 2154 2394 opera

1198 2400 1278 2433 Adae
1317 2403 1348 2434 et
1383 2402 1557 2434 secundum
1595 2404 1878 2444 praesumtionem,
1910 2404 2007 2437 donec
2038 2405 2154 2438 iudicet

1197 2453 1348 2486 iudicium
1373 2454 1472 2496 plebis
1495 2464 1571 2488 suae
1587 2469 1617 2487 ».
1641 2475 1686 2480 —
1708 2456 1767 2489 Sed
1798 2457 1941 2499 nunquid
1966 2458 2148 2490 Sanctorum

1266 2604 1277 2620 ⁵
1297 2607 1426 2632 Sententia
1447 2609 1511 2633 haec
1531 2607 1675 2633 insinuatur
1702 2608 1770 2634 Orat.
1801 2610 1825 2634 2.
1853 2609 1886 2635 de
1906 2609 2055 2636 precatione
2076 2611 2152 2642 (inter

1196 2657 1276 2682 opera
1294 2650 1441 2682 Chrysost.;
1461 2651 1523 2677 alias
1543 2653 1568 2677 ll.
1587 2652 1621 2677 de
1641 2652 1744 2678 Orando
1766 2653 1867 2686 Deum).
1888 2654 1936 2679 Pro
1956 2654 2017 2680 Non
2030 2654 2112 2681 iudex
2131 2657 2150 2680 t*-

1196 2694 1229 2721 Si
1245 2694 1347 2727 iudea·;
1367 2696 1386 2720 Α
1398 2695 1416 2721 C
1429 2696 1449 2720 D
1467 2690 1590 2722 omittunt
1608 2696 1694 2723 taedio
1708 2697 1891 2730 compulsus...
1904 2697 2014 2724 viduam
2019 2708 2030 2731 ;
2049 2700 2070 2724 11
2090 2707 2151 2725 cuni

1195 2739 1272 2765 Card.
1291 2740 1358 2772 Hug.
1379 2743 1439 2772 post
1457 2739 1542 2766 taedio
1562 2740 1718 2774 compulsus
1737 2742 1905 2774 prosequitur
1928 2741 1976 2768 sed
1999 2743 2069 2769 actio
2094 2743 2150 2770 esti..-

1196 2783 1238 2810 hio
1257 2783 1369 2810 laudari
1382 2786 1470 2818 potest
1478 2794 1489 2816 ,·
1509 2784 1572 2818 quia
1590 2784 1617 2811 si
1633 2784 1681 2811 iste
1698 2788 1748 2810 etc.

1266 2827 1277 2842 ⁸
1297 2828 1371 2854 Vei-s.
1392 2829 1439 2859 19,
1467 2827 1511 2853 ubi
1541 2828 1650 2860 Vulgata
1679 2828 1797 2855 vindicta
1825 2837 1874 2863 pro
1899 2829 2058 2863 vindictam,
2078 2833 2148 2864 quod

1195 2872 1317 2898 exhibent
1335 2873 1412 2898 etiam
1432 2872 1576 2898 comment.
1597 2872 1622 2897 in
1641 2873 1716 2898 Rom.
1736 2873 1803 2899 inter
1827 2881 1907 2905 opera
1936 2874 2080 2907 Ambrosii,
2104 2876 2152 2901 Ra-

1195 2916 1293 2947 banus,
1312 2918 1426 2949 Haymo,
1447 2917 1512 2942 Petr.
1531 2913 1686 2950 Lombarfl„
1705 2916 1782 2943 Card.
1802 2919 1878 2950 Hugo
1892 2923 1917 2945 et
1930 2919 2061 2951 Lyranus;
2082 2921 2150 2945 Petr.

1194 2961 1350 2987 Lombard.:
1376 2960 1443 2987 Mihi
1466 2959 1625 2993 vindictam,
1650 2962 1799 2993 reservavi,
1821 2963 1862 2988 vel
1884 2970 1930 2988 vos
1949 2968 2080 2989 reservate
2099 2963 2147 2998 [ita

1193 3004 1323 3038 Haymo],
1341 3006 1366 3031 et
1383 3011 1431 3037 eqo
1450 3008 1497 3030 etc.
1517 3018 1552 3023 —
1572 3005 1694 3038 Sequitur
1713 3006 1787 3031 Deut.
1807 3007 1856 3039 32,
1876 3007 1919 3033 35.

1263 3046 1273 3062 ⁷
1293 3049 1367 3074 Vers.
1388 3049 1413 3074 9.
1431 3052 1457 3074 et
1478 3049 1518 3074 10.
1536 3063 1571 3067 —-
1590 3049 1669 3075 Paulo
1688 3050 1810 3082 superius
1824 3050 1934 3076 vocibus
1952 3057 1987 3077 ea·
2005 3051 2149 3084 afflictione

1193 3094 1213 3119 A
1233 3093 1299 3119 bene
1318 3093 1447 3118 interserit
1466 3092 1550 3118 illata.

1262 3135 1273 3151 ⁸
1293 3137 1368 3162 vers.
1387 3137 1429 3162 10.
1447 3150 1483 3156 --
1502 3137 1550 3162 Pro
1569 3136 1754 3164 tribulationes
1772 3138 1822 3164 AC
1834 3138 1885 3164 DH
1905 3138 2101 3165 retributiones.

1261 3180 1272 3195 ⁹
1294 3181 1365 3207 Vers.
1385 3182 1474 3206 22—
1489 3181 1605 3207 Subinde
1624 3182 1750 3213 allegatur
1769 3183 1843 3207 Rom.
1864 3184 1888 3214 2,
1910 3182 1966 3213 4-9,
1986 3182 2030 3208 ubi
2050 3185 2146 3214 postet

1190 3224 1419 3258 incorruptionem
1439 3225 1496 3250 Yat.
1516 3232 1576 3251 cum
1602 3225 1712 3257 Vulgata
1736 3226 1810 3251 addit
1831 3228 1981 3259 quaerunt,
2002 3225 2084 3252 citam
2103 3234 2143 3253 ae-

1190 3271 1311 3301 ternam,
1333 3272 1358 3294 et
1376 3272 1435 3301 post
1450 3269 1571 3295 animam
1589 3269 1723 3302 subiungit
1741 3269 1867 3295 hominis.

1261 3313 1283 3328 ¹⁰
1302 3313 1385 3339 Codd.
1403 3313 1422 3339 C
1434 3314 1454 3339 D
1472 3314 1545 3347 facti.
1563 3328 1599 3333 —
1617 3314 1674 3340 Duo
1699 3311 1773 3347 seqq'.
1792 3314 1840 3340 loci
1859 3317 1918 3340 sunt
1937 3315 2012 3340 Deut.
2031 3315 2079 3345 32,
2100 3314 2142 3340 63.

1190 3358 1264 3384 Eccti.
1284 3357 1330 3388 35,
1351 3357 1440 3383 23-25.

2182 1246 2310 1268 Notandum.

2174 2466 2301 2489 Difficultas.
