2476 3921
173 618 300 640 Notandum.

210 1498 300 1520 Divisio.

168 2265 247 2290 Primo,
262 2270 301 2292 per

154 2291 304 2313 documentum

178 2319 289 2342 rationale.

165 2344 192 2366 de
203 2350 244 2375 qno
255 2345 302 2369 tria,

324 258 387 291 316
910 249 1104 282 COMMENT.
1129 248 1166 281 ΙΝ
1190 247 1428 282 EVANGELIUM
1452 247 1569 280 LUCAE
1594 247 1626 280 C.
1650 247 1710 279 ΧΠ.

323 346 412 378 docet
435 352 489 376 vos
512 343 550 375 de
573 341 718 374 omnibus
738 353 768 372 ».
795 338 880 371 Unde
904 337 1082 370 Bernardus
1096 337 1130 368 ¹:
1157 348 1173 365 α
1193 336 1277 368 Bona

323 402 369 430 est
393 397 482 429 lectio
493 422 500 434 ,
516 395 569 428 sed
585 394 695 426 melior
710 397 757 426 est
773 391 879 424 unctio
890 416 897 429 ,
914 399 996 432 quae
1011 389 1100 422 docet
1116 389 1156 421 de
1171 388 1276 421 omni-

324 450 383 482 bus
399 463 429 481 ».
454 449 528 480 Nam
552 447 659 480 unctio
681 445 770 478 docet
793 443 989 476 dilectionem
1007 441 1061 474 Dei
1078 445 1109 474 et
1125 441 1275 483 proximi,

322 507 353 535 et
375 503 406 534 in
431 502 489 534 hoc
517 514 532 529 «ι
549 500 698 532 universa
731 498 794 530 Lat
829 495 943 538 pendet
974 499 1005 527 et
1041 492 1274 536 Prophetae»,

322 554 492 588 secundum
517 552 601 595 quod
624 552 739 584 dicitur
763 549 907 583 Matthaei
933 548 1082 590 vigesimo
1102 545 1275 579 secundo².

322 609 397 641 Tota
419 607 511 640 etiam
534 604 701 647 sapientia
725 600 969 646 philosophiae,
994 601 1077 633 sicut
1106 599 1181 632 dicit
1216 600 1275 631 Au-

321 661 482 703 gustinus,
506 673 520 688 a
534 659 583 691 hic
600 661 647 690 est
663 657 802 699 physica,
818 655 921 688 ethica
938 658 969 687 et
985 654 1084 686 civilis
1097 667 1126 685 n.
1141 653 1277 695 Spiritus

321 715 412 748 etiam
436 716 579 750 sanctus,
604 710 743 743 faciendo
767 709 901 741 animam
918 708 982 740 Deo
998 706 1180 744 adhaerere,
1204 705 1277 738 facit

321 768 377 800 sibi
402 766 583 799 familiarem
601 768 631 797 et
648 773 703 805 per
720 763 779 795 hoc
796 762 867 794 facit
884 760 1015 793 revelari
1033 763 1172 798 secreta;
1190 759 1277 791 loan-

320 821 368 853 nis
391 820 509 853 decimo
533 818 642 860 quinto
655 817 685 848 ⁵:
715 829 730 844 ιι
749 816 809 847 Vos
824 818 928 847 autem
945 813 1011 846 dixi
1028 813 1145 845 amicos
1157 826 1186 844 ι».
1206 812 1278 844 Fer-

321 883 377 905 vor
412 876 516 905 autem
552 870 682 912 spiritus
715 869 815 901 elevat
838 867 974 900 animam
1010 875 1107 908 supra
1142 874 1193 904 se,
1221 865 1275 897 ubl

319 927 406 959 audit
428 929 459 958 et
483 924 565 957 videt
588 932 719 961 arcana,
736 922 816 954 sicut
833 920 963 958 Paulus,
987 918 1141 952 secundae
1165 918 1204 951 ad
1220 918 1276 950 Co-

320 980 453 1012 rinthios
487 977 715 1012 duodecimo4;
740 975 821 1008 sicut
856 973 1016 1011 Ezechiel,
1049 972 1161 1006 tertio:
1190 972 1276 1004 «As-

320 1033 431 1066 sumsit
455 1041 504 1064 me
528 1030 684 1072 spiritus»
714 1033 791 1067 etc.;
817 1027 898 1060 sicut
915 1027 1060 1064 Ioannes,
1078 1024 1276 1067 Apocalypsis

319 1086 437 1128 primo:
468 1098 483 1113 «
499 1084 552 1116 Fui
577 1084 608 1115 in
633 1082 746 1124 spiritu
763 1094 779 1110 n
808 1085 865 1113 etc.

355 1190 468 1218 Secundo
487 1190 519 1217 ad
538 1188 676 1217 cavendam
695 1187 865 1222 cupiditatem
884 1185 1029 1217 venientem
1048 1192 1078 1212 ox
1098 1183 1245 1211 timiditate

667 1233 751 1259 mouet
770 1231 918 1266 dupliciter.

408 1326 460 1357 211.
487 1324 543 1356 Ait
565 1326 673 1355 autem
699 1322 753 1354 ei⁵
776 1320 913 1364 quidam
938 1323 996 1353 ete.
1023 1320 1189 1362 Postquam
1210 1319 1273 1351 dis-

319 1378 417 1411 suasit
439 1377 633 1410 dolositatem
670 1375 844 1408 venientem
876 1383 917 1406 ex
949 1373 1087 1405 humana
1112 1371 1275 1404 timiditate

319 1435 350 1464 et
373 1431 470 1473 ipsam
496 1430 710 1467 timiditatem,
735 1428 765 1460 in
787 1428 846 1460 hac
863 1430 951 1468 parte
967 1425 1127 1458 dissuadet
1149 1425 1276 1467 cupidi-

320 1487 427 1515 tatem.
454 1483 488 1515 Et
512 1482 605 1515 habet
630 1482 706 1514 haec
734 1489 808 1522 pars
838 1480 916 1512 duas
942 1483 1054 1521 partes.
1081 1478 1111 1510 In
1137 1487 1273 1520 quarum

320 1537 421 1578 prima
445 1541 573 1572 reuocat
598 1545 619 1567 a
643 1534 861 1566 sollicitudine
877 1532 1043 1565 avaritiae
1052 1544 1064 1570 ;
1081 1532 1112 1563 in
1137 1531 1274 1564 secunda

320 1600 394 1623 vero
418 1590 537 1623 invitat
569 1589 616 1621 ad
639 1587 893 1620 sollicitudinem
920 1585 1168 1628 providentiae,
1193 1584 1275 1617 infra

320 1644 470 1676 eodemG:
496 1643 569 1676 Sint
592 1641 696 1674 lumbi
717 1641 819 1673 vestri
837 1639 1022 1683 praecineti
1044 1643 1101 1671 etc.

419 1742 440 1768 A
459 1740 637 1768 sollicitudine
656 1739 787 1766 avaritiae
805 1738 942 1765 revocatur
961 1735 1176 1772 quadrupliciter.

408 1832 429 1863 Α
445 1825 663 1863 sollicitudine
679 1832 783 1861 autem
801 1827 968 1860 avaritiae
985 1830 1111 1860 revocat
1134 1826 1275 1868 quadru-

320 1884 460 1927 pliciter:
477 1884 580 1925 primo
596 1883 713 1915 scilieet
729 1882 920 1913 documento
936 1879 1116 1916 rationali,-
1138 1879 1275 1912 secundo

320 1946 411 1975 vero,
435 1935 578 1977 exemplo
603 1934 762 1972 terribili,
787 1934 827 1966 ibi
842 1934 872 1965 ⁷:
899 1933 991 1965 Dioeit
1014 1937 1123 1965 autem
1141 1933 1188 1965 aa'
1203 1932 1275 1965 illos

317 1989 567 2021 similitudinem
593 1992 670 2026 etc.;
689 1987 798 2025 tertio,
815 1989 1011 2028 aryumenlo
1029 1984 1274 2028 irrefrayabili,

318 2042 377 2074 ibi:
404 2042 558 2084 Dixitque
581 2041 626 2073 atl
649 2039 830 2082 discipulos
853 2049 931 2071 suos
954 2042 1028 2077 etc.;
1053 2042 1181 2080 quarto,
1196 2047 1275 2080 pro-

317 2095 419 2127 misso
450 2093 679 2132 desiderabili,
714 2093 774 2125 ibi:
814 2094 851 2124 Et
881 2102 939 2125 vos
972 2091 1070 2124 nolite
1098 2101 1274 2135 quaerere,

318 2148 399 2191 quid
423 2147 629 2180 manducetis
653 2151 711 2179 etc.

408 2201 496 2234 Circa
519 2201 749 2233 documentum
780 2198 963 2237 rationale,
989 2207 1045 2239 per
1077 2197 1161 2240 quod
1186 2206 1276 2230 revo-

319 2250 409 2294 catia
432 2254 639 2288 sollicitudine
663 2253 829 2291 avaritiae,
854 2252 915 2284 tria
931 2252 1194 2284 introducuntur:
1212 2251 1276 2293 pri-

318 2318 404 2342 mum
422 2313 471 2342 est
485 2307 668 2351 confutatio
678 2306 846 2349 petitionis
862 2315 990 2338 avarae
999 2305 1023 2344 ⁸,
1041 2304 1215 2337 secundum
1229 2307 1277 2336 est

318 2363 487 2400 dissuasio
509 2361 692 2399 avaritiae,
718 2360 845 2392 tertium
870 2363 916 2392 est
940 2358 1126 2400 assiynatio
1143 2367 1275 2390 causae.

392 2565 400 2579 ¹
421 2565 605 2591 Declamation.
628 2564 684 2595 (cfr.
703 2570 781 2594 supra
803 2569 863 2594 pag.
878 2562 943 2592 228,
963 2564 1024 2587 nota
1048 2561 1086 2589 8.)
1107 2561 1164 2586 XV.
1183 2568 1209 2586 n.
1232 2560 1277 2585 17:

321 2611 393 2637 Utilis
412 2610 522 2642 proinde
542 2609 630 2639 lectio,
649 2608 717 2633 utilis
745 2607 857 2632 eruditio
886 2610 938 2637 est,
958 2606 1004 2631 sed
1025 2606 1106 2631 multo
1127 2605 1213 2637 magis
1232 2612 1278 2630 un-

320 2656 370 2681 ctio
390 2655 550 2685 necessuiia,
569 2654 668 2686 quippe
686 2659 754 2685 quae
773 2652 827 2676 sola
847 2650 923 2677 docel
940 2650 971 2676 de
990 2649 1123 2676 omnibus.

392 2698 402 2713 ²
425 2699 496 2724 Vers.
517 2698 559 2723 40.
577 2711 612 2716 --
631 2698 749 2728 August.5
770 2695 848 2727 Epist.
871 2694 930 2719 137.
950 2694 1022 2724 (alias
1042 2694 1077 2725 3.)
1098 2701 1122 2719 c.
1141 2694 1165 2719 5.
1186 2701 1210 2718 n.
1232 2693 1278 2718 t7:

322 2743 367 2767 Hie
388 2742 422 2775 [in
443 2742 547 2767 duobus
568 2741 713 2773 praeceptis
732 2738 890 2772 dilectionis]
906 2737 1034 2771 physica,
1048 2737 1173 2770 quoniam
1187 2743 1280 2762 omncs

322 2788 440 2812 omnium
460 2790 610 2811 naturarum
631 2791 730 2810 causae
759 2784 783 2809 in
810 2784 863 2809 Deo
882 2786 1000 2809 creatore
1023 2785 1092 2807 sunt.
1114 2781 1161 2807 Hic
1179 2780 1278 2812 ethica,

323 2831 447 2863 quonium
473 2831 525 2855 vita
555 2828 621 2855 bona
646 2834 672 2856 et
698 2831 805 2855 honesta
830 2835 884 2854 non
912 2828 1016 2853 aliunde
1036 2828 1178 2856 formatur,
1198 2832 1278 2858 quam

323 2882 383 2899 eum
403 2882 431 2899 ca
452 2881 521 2907 quae
539 2874 669 2906 diligenda
697 2877 770 2903 sunt,
799 2872 1026 2906 quemadmodum
1052 2870 1185 2902 diligenda
1205 2873 1277 2902 sunt,

325 2920 481 2950 diliguntur,
502 2920 550 2944 hoc
569 2921 608 2944 est
629 2919 694 2944 Deus
714 2923 737 2943 et
758 2918 900 2949 proximuS.
920 2917 966 2942 Hic
980 2916 1080 2950 logica,
1094 2915 1219 2949 quoniam
1234 2921 1281 2939 ve-

326 2964 385 2987 ritas
405 2964 546 2995 lumenque
565 2963 666 2988 animae
695 2963 826 2988 rationalis
850 2961 961 2987 nonnisi
982 2961 1051 2986 Deus
1070 2963 1117 2986 est.
1136 2959 1182 2985 Hic
1201 2959 1280 2984 etiam

325 3006 469 3034 laudabilis
486 3002 647 3040 reipublicae
666 3007 742 3032 salus
750 3015 760 3038 ‚⁴
780 3014 865 3039 neque
893 3006 970 3031 enims
982 3006 1104 3031 conditur
1123 3007 1149 3030 et
1168 3003 1280 3030 custodi-

326 3056 366 3076 tur
385 3052 483 3082 optime
502 3051 594 3076 civitas
617 3051 667 3076 nisi
697 3051 865 3076 fundamento
884 3053 909 3076 et
932 3044 1035 3075 vinculo
1055 3049 1114 3075 fldei
1135 3049 1280 3081 firmaeque

325 3095 492 3127 concordiae,
512 3102 572 3120 cum
593 3094 691 3121 bonum
711 3101 850 3121 commune
865 3094 982 3126 diligitur
1009 3094 1080 3127 quod
1101 3099 1236 3119 summum
1250 3098 1280 3117 ac

325 3139 491 3164 verissimum
511 3139 580 3165 Deus
598 3143 650 3170 est,
670 3142 748 3171 atque
767 3137 791 3164 in
812 3139 854 3164 illo
874 3139 985 3164 invicem
998 3137 1175 3164 sincerissime
1194 3143 1223 3162 se
1241 3136 1281 3161 di—

326 3184 408 3214 ligunt
428 3184 559 3213 homines,
577 3191 636 3208 cum
659 3188 763 3215 propter
784 3184 854 3208 illum
874 3190 902 3208 se
915 3183 1042 3214 diligunt,
1055 3182 1111 3213 cni,
1124 3188 1179 3214 quo
1192 3180 1281 3206 animo

324 3225 445 3259 diligant,
464 3228 593 3252 occultare
614 3235 662 3252 non
684 3232 800 3259 possunt.
818 3228 821 3230 '

397 3269 407 3284 ⁸
429 3271 501 3296 Vers.
521 3271 563 3296 15.
583 3285 616 3290 -
636 3271 768 3304 Pro-facit
794 3271 846 3297 sihi
871 3270 1036 3305 familiarem
1058 3271 1115 3297 Vat.
1134 3269 1201 3304 facit
1219 3275 1281 3296 eum

326 3314 433 3341 animae
450 3314 623 3348 familiarem.
907 3328 910 3332 -

395 3357 406 3372 ‘³
428 3359 501 3384 Vers.
521 3359 545 3384 4.
616 3360 878 3392 Sequuntur.Ezech.
898 3360 927 3390 3,
948 3359 981 3386 12
1009 3361 1034 3385 et
1052 3359 1133 3390 Apoc.
1155 3358 1185 3390 t,
1204 3357 1248 3383 10.

397 3401 408 3416 ⁶
426 3402 509 3429 Codd.
528 3403 579 3429 CD
597 3407 622 3429 et
642 3404 668 3428 B.
688 3403 784 3429 Albert.
804 3403 857 3435 illi,
877 3404 897 3428 Η
917 3410 978 3429 cum
1007 3404 1110 3435 Lyrano
1129 3402 1224 3428 omittit
1242 3400 1282 3434 ei‚·
1302 3401 1307 3404 ”

1430 337 1483 368 2⁹2.
1505 336 1606 377 (Vers.
1637 335 1712 376 ta).
1731 335 1843 368 'Primo
1864 334 1961 377 igitur
1984 337 2138 377 quantum
2162 335 2202 368 ad
2224 345 2301 369 con·
2322 343 2422 367 Primum.
2456 352 2457 359 κ

1339 386 1537 431 fucationem
1556 388 1723 431 petitionis
1746 397 1898 420 avarae.-
1919 388 1977 420 Ait
1992 392 2102 421 autem
2118 389 2148 421 ei
2162 388 2301 433 quidam
2456 385 2457 389 ’

1339 441 1379 473 de
1402 441 1521 473 turba:
1546 441 1714 483 Mayisler,
1738 441 1792 473 (lie
1814 440 1923 484 fratri
1936 451 2022 480 meo,
2039 445 2077 474 ut
2091 442 2220 475 dividat
2236 452 2301 475 me-

1340 503 1416 526 eum
1439 493 1662 527 hereditatem.
1686 494 1766 526 Vere
1789 494 1847 527 iste
1870 494 1909 527 de
1932 494 2032 527 turba
2055 498 2151 534 erat,·
2165 495 2240 537 quia
2262 496 2301 528 de

1340 551 1433 579 terra
1456 546 1616 579 sollicitus
1639 551 1730 585 erat,
1756 546 1928 580 secundum
1947 547 2022 580 illud
2040 547 2134 580 Isaiae
2150 548 2300 589 vigesimo

1340 599 1462 632 nono⁹z
1493 600 1565 632 «De
1589 600 1687 632 humo
1703 600 1880 632 mussitabit
1902 600 2063 642 eloquium
2088 604 2179 633 tuum
2197 614 2212 630 »
2240 604 2299 633 etc.

1340 653 1456 685 Contra
1478 661 1512 685 se
1535 652 1628 685 etiam
1653 653 1842 695 loquebatur
1856 679 1863 692 ‚
1887 653 1962 686 dum
1998 654 2200 696 magistrum
2225 663 2298 686 eum
2315 661 2460 694 contuitio·¹

1340 705 1488 744 vocabat,
1512 706 1587 748 quia
1619 705 1765 738 Christus
1788 715 1850 738 non
1874 706 2032 739 fatebatur
2055 715 2088 739 se
2113 707 2297 749 magistrum
2334 689 2456 742 ssiic‘ffirfu‘

1340 759 1372 791 in
1395 759 1553 798 docendo,
1577 759 1761 801 temporalia
1779 759 1901 802 acquiri
1925 763 1957 792 et
1979 760 2093 798 dividi,
2117 760 2172 793 sed
2196 760 2300 802 potius

1340 812 1534 854 derelinqui;
1560 812 1643 845 unde
1674 813 1862 846 adolescenti
1887 813 2050 855 quaerenti
2075 817 2106 846 et
2128 813 2242 846 dicenti
2257 814 2299 846 ¹⁰:

1345 879 1360 894 α
1378 867 1523 908 Magister
1546 866 1644 905 bone,
1669 866 1745 908 quid
1769 866 1909 899 faciendo
1932 866 2026 899 vitam
2051 870 2211 900 aeternam
2229 876 2300 909 pos-

1340 919 1502 952 sidebon?
1526 919 1705 961 respondit:
1736 919 1796 952 «Si
1833 919 1881 952 vis
1915 919 2074 961 perfectus
2105 928 2191 959 esse,
2222 920 2301 953 vade

1340 976 1371 1006 et
1395 972 1493 1005 vende
1509 986 1526 1002 1>
1553 976 1612 1006 etc.
1637 973 1723 1006 Unde
1739 972 1884 1005 Christus
1900 982 1961 1005 non
1978 972 2125 1011 docebat,
2143 973 2301 1015 quomodo

1340 1030 1512 1068 augeretur
1536 1026 1687 1068 pecunia,
1713 1026 1767 1058 sed
1790 1025 1948 1068 quomodo
1978 1029 2161 1058 servaretur
2185 1025 2298 1068 inopia.

1341 1096 1383 1102 —
1396 1079 1512 1111 Contra
1528 1088 1561 1112 se
1573 1079 1666 1112 etiam
1682 1079 1833 1121 loquitur,
1846 1078 1921 1111 dum
1935 1078 2003 1111 vult
2018 1078 2126 1111 diuidi
2141 1088 2163 1111 a
2178 1077 2299 1121 fratre,

1340 1132 1391 1164 eui
1415 1132 1507 1165 debet
1530 1132 1686 1174 coniungi.
1711 1132 1862 1165 Veniebat
1884 1135 1990 1164 autem
2007 1132 2084 1164 haee
2100 1132 2242 1173 quaestio
2258 1140 2300 1165 ex

1340 1194 1447 1218 amore
1472 1185 1609 1227 privato,
1634 1186 1688 1228 qui
1712 1185 1823 1218 dividit
1846 1185 2028 1223 coniuncta;
2053 1185 2137 1227 quod
2161 1185 2300 1218 maxime

1339 1238 1413 1271 facit
1435 1232 1596 1277 diabolus,
1625 1248 1687 1271 non
1711 1238 1880 1277 Dominus;
1905 1237 1985 1270 Osee
2007 1237 2128 1270 decimo
2145 1238 2238 1270 tertio
2255 1239 2299 1270 ¹¹:

1345 1303 1360 1319 α
1378 1291 1444 1332 lpse
1468 1291 1551 1323 inter
1574 1291 1688 1323 fratres
1710 1290 1875 1323 dividet».

1430 1344 1481 1376 23.
1508 1344 1608 1384 (Vers.
1638 1344 1712 1384 lla).
1739 1344 1773 1376 Et
1808 1344 1975 1386 quoniam,
2004 1344 2086 1377 sicut
2120 1344 2196 1377 dicit
2218 1344 2300 1377 Beda
2319 1349 2440 1383 emmanu

1340 1397 1372 1430 in
1396 1398 1503 1430 Glossa
1517 1398 1553 1436 ¹2,
1582 1411 1597 1426 «ι
1615 1397 1760 1430 Christus
1776 1406 1838 1430 non
1855 1402 1902 1430 est
1918 1397 2002 1430 Deus
2017 1397 2229 1437 dissensionis,
2245 1397 2301 1431 sed
2332 1377 2419 1399 “mm'‘

1341 1451 1425 1493 pacis
1442 1454 1479 1483 et
1504 1450 1631 1483 unitatis
1648 1463 1678 1489 »;
1703 1450 1772 1483 ideo
1807 1450 1949 1483 confutat
1972 1451 2151 1492 petitionem
2177 1450 2300 1492 praedi-

1340 1508 1440 1543 ctam,
1465 1514 1539 1537 cum
1563 1504 1687 1537 subdit:
1714 1506 1757 1536 At
1774 1503 1825 1536 ille
1841 1504 1928 1536 dixit
1949 1504 1980 1536 ei
1993 1504 2032 1543 ¹³,
2048 1504 2175 1537 ⁴scilicet
2198 1504 2301 1537 lesus:

1341 1558 1464 1597 Homo,
1488 1558 1564 1601 quis
1585 1563 1637 1590 me
1660 1557 1828 1590 constituit
1851 1557 2014 1596 iudicem,
2039 1561 2101 1590 aut
2122 1557 2301 1590 divisorem

1339 1621 1441 1653 super
1466 1610 1544 1643 vos?
1569 1610 1703 1643 iudicem
1728 1610 1845 1643 scilicet
1869 1610 1970 1642 litium
2003 1612 2034 1642 et
2056 1609 2226 1642 divisorem
2256 1609 2301 1642 fa-

1340 1665 1511 1703 cultatum;
1536 1663 1703 1696 Glossau:
1733 1676 1748 1692 «ι
1766 1663 1960 1705 Dedignatur
1983 1671 2051 1695 esse
2074 1662 2172 1695 iudex
2196 1662 2299 1695 litium

1339 1721 1395 1750 aut
1410 1717 1530 1750 arbiter
1553 1717 1752 1755 facultatum,
1777 1716 1831 1758 qui
1868 1716 2014 1748 vivorum
2038 1719 2069 1748 et
2101 1719 2299 1748 mortuorum

1340 1771 1434 1804 habet
1456 1770 1607 1803 iudicium
1632 1773 1664 1802 et
1689 1770 1873 1802 meritorum
1890 1769 2057 1802 arbitrium
2072 1782 2101 1801 n.
2121 1769 2237 1801 Verum
2254 1773 2302 1802 est

1340 1824 1468 1866 utique,
1494 1823 1575 1856 sicut
1598 1822 1714 1855 dicitur
1739 1822 1769 1854 in
1794 1822 1915 1854 Psalmo
1930 1822 1965 1861 ¹⁵,
1990 1821 2074 1863 quod
2104 1821 2202 1864 «ipse
2225 1831 2300 1854 con-

1340 1876 1470 1909 stitutus
1493 1878 1541 1908 est
1564 1884 1623 1908 rex
1647 1875 1686 1907 ab
1711 1883 1747 1907 eo
1771 1883 1868 1916 super
1891 1874 1981 1912 Sion,
1998 1878 2136 1907 montem
2153 1878 2298 1907 sanctum

1339 1929 1408 1962 eius
1424 1940 1459 1967 »;-
1480 1932 1511 1961 et
1528 1928 1612 1970 quod
1633 1940 1648 1956 «
1663 1927 1694 1960 in
1717 1927 1834 1960 ditione
1851 1927 1919 1960 eius
1935 1931 2049 1959 cuncta
2065 1931 2140 1960 sunt
2157 1927 2256 1969 posita
2269 1939 2300 1967 ¹>;

1340 1983 1394 2016 sed
1417 1983 1493 2025 quia
1515 1982 1600 2014 Deus
1622 1990 1696 2014 eum
1721 1981 1849 2013 miserat
1871 1980 1910 2012 ad
1934 1980 2109 2022 spiritualia
2125 1980 2301 2013 communi-

1340 2036 1454 2069 canda:
1479 2035 1548 2068 ideo
1571 2033 1761 2067 descendere
1796 2033 1963 2066 recusabat
1985 2033 2023 2065 ad
2049 2034 2232 2075 temporalia
2258 2034 2301 2066 di-

1340 2088 1489 2128 videnda,
1514 2088 1677 2120 insinuans
1700 2087 1731 2119 in
1757 2087 1816 2119 boc
1840 2086 1917 2118 illud
1949 2086 2105 2119 secundae
2128 2086 2165 2118 ad
2198 2087 2300 2119 Timo-

1340 2143 1450 2175 theum
1474 2140 1628 2174 secundo:
1658 2153 1673 2168 «
1691 2140 1786 2172 Nemo
1810 2139 1946 2171 militans
1961 2138 2025 2171 Deo
2040 2138 2178 2180 implicat
2197 2148 2231 2172 se
2246 2148 2301 2172 ne-

1340 2196 1432 2238 gotiis
1447 2194 1663 2228 saecularibus
1681 2207 1710 2225 a.
1729 2211 1771 2216 —
1788 2193 1823 2225 Et
1841 2196 1932 2231 nota,
1949 2191 2033 2234 quod
2050 2191 2195 2225 Christus
2211 2197 2301 2226 vocat
2320 2199 2449 2223 Notandum.

1339 2259 1412 2283 eum
1437 2248 1617 2286 hominem,
1634 2247 1798 2280 animalem
1815 2249 1847 2279 et
1863 2246 2034 2284 brutalem,
2058 2249 2187 2287 propter
2210 2256 2301 2279 amo-

1340 2313 1411 2336 rem
1436 2303 1471 2335 in
1507 2301 1646 2334 terrenis
1677 2303 1709 2333 et
1740 2300 1827 2332 litem
1862 2299 2047 2332 divisionis.
2072 2299 2158 2332 Unde
2183 2300 2301 2341 primae

1340 2356 1379 2389 ad
1403 2355 1581 2388 Corinthios
1606 2354 1699 2387 tertio
1713 2354 1757 2386 ¹⁶:
1788 2366 1803 2382 «ι
1820 2353 1896 2385 Cum
1914 2352 1954 2385 sit
1977 2352 2059 2385 inter
2085 2361 2138 2385 vos
2162 2353 2248 2387 zelus
2271 2357 2302 2386 et

1343 2559 1413 2585 idem
1432 2558 1543 2584 recurrit
1562 2557 1669 2583 inferius
1688 2563 1715 2581 n.
1735 2556 1777 2581 ⁶22.
1797 2554 1850 2581 Cfr.
1871 2561 1951 2586 supra
1970 2561 1995 2579 n.
2018 2554 2046 2585 l,
2067 2552 2111 2579 ubi
2132 2553 2208 2579 etiarn
2230 2554 2302 2586 prin-

1342 2603 1433 2636 cipalis
1451 2603 1547 2628 divisio
1567 2602 1645 2628 huius
1664 2601 1755 2633 partis.
2133 2596 2145 2611 ⁶
2164 2598 2240 2623 Vers.
2259 2598 2301 2624 35.

1413 2645 1423 2661 ⁷
1446 2648 1519 2672 Vers.
1540 2647 1587 2676 rl6;
1606 2646 1711 2671 tertium
1731 2643 1842 2670 habetur
1861 2651 1888 2669 v.
1908 2644 1951 2668 22.
1970 2645 1995 2668 et
2013 2645 2137 2676 quartum
2157 2649 2183 2667 v.
2203 2643 2245 2668 29.

1414 2689 1425 2704 ⁸
1445 2692 1478 2716 lta
1500 2691 1565 2722 ΠΗ,
1587 2690 1644 2715 Vat.
1663 2688 1764 2721 avari,·
1783 2689 1841 2714 licet
1860 2687 1886 2712 in
1905 2687 2036 2712 nonnullis
2054 2686 2132 2712 codd.
2152 2686 2194 2712 liic
2207 2685 2241 2712 ob
2260 2686 2304 2712 ab·

1343 2736 1533 2762 breviationem
1553 2735 1603 2767 legi
1623 2737 1713 2766 posset
1730 2731 1875 2763 avaritiae,
1899 2731 1947 2757 sed
1965 2731 2043 2763 paulo
2063 2730 2170 2756 inferius
2190 2730 2229 2764 (n.
2248 2731 2301 2764 22.)

1343 2782 1432 2813 plures
1450 2781 1518 2806 clare
1536 2779 1658 2805 exhibent
1675 2784 1786 2805 avarae.

1415 2823 1426 2838 ⁹
1447 2825 1520 2850 vers.
1540 2824 1563 2850 4.

1415 2868 1437 2883 ¹⁰
1457 2870 1543 2895 Matth.
1565 2869 1611 2901 19,
1632 2868 1673 2893 16.
1694 2870 1719 2893 et
1738 2867 1785 2898 ΞΜ
1805 2867 1866 2892 Luc.
1887 2866 1929 2896 18,
1950 2865 1992 2890 18.
2012 2867 2037 2890 et
2056 2865 2099 2890 22.

1415 2913 1436 2928 ¹¹
1458 2914 1533 2939 Vers.
1556 2914 1594 2939 15.
1609 2927 1640 2931 —
1656 2913 1693 2938 De
1711 2918 1801 2937 amore
1820 2910 1924 2942 privato
1937 2911 1984 2935 cfr.
1997 2910 2117 2941 August„
2131 2909 2175 2935 xi.
2188 2909 2222 2935 de
2235 2909 2300 2935 Gen.

1344 2958 1379 2984 ad
1397 2959 1433 2984 lit.
1453 2965 1477 2983 c.
1498 2958 1539 2983 15.
1558 2964 1585 2983 n.
1606 2957 1647 2982 -l9.
1667 2963 1723 2989 seq.

1416 3001 1437 3016 ¹²
1458 3002 1559 3028 Scilicet
1578 3000 1721 3028 ordinaria
1740 3000 1766 3025 in
1785 3000 1846 3025 Luc.
1868 2998 1916 3029 12,
1936 2997 1978 3023 14.

1416 3044 1439 3060 ¹⁸
1458 3048 1491 3072 lta
1512 3046 1591 3071 etiam
1611 3045 1693 3077 Beda,
1713 3043 1789 3070 Card.
1809 3043 1901 3074 nugo,
1915 3042 1944 3068 B.
1957 3041 2062 3074 Albert„
2083 3042 2109 3067 S.
2124 3042 2220 3068 Thom.
2239 3041 2304 3075 (Cat.

1344 3097 1424 3117 aurea
1444 3090 1470 3116 in
1487 3091 1548 3115 Luc.
1567 3097 1591 3115 c.
1615 3090 1653 3115 12.
1672 3090 1698 3114 n.'
1718 3088 1753 3120 4.)
1774 3091 1799 3113 et
1818 3088 1950 3118 hymnum
1971 3086 2081 3117 Vulgata
2101 3085 2152 3112 illi.

1416 3133 1439 3149 ¹⁴
1457 3134 1560 3160 Scilicet
1572 3132 1714 3160 ordinaria
1728 3132 1770 3164 (ex
1782 3131 1914 3162 Ambros„
1928 3131 1980 3156 Vll.
1994 3130 2018 3155 in
2032 3130 2093 3156 Luc.
2107 3136 2130 3155 c.
2143 3130 2184 3155 12.
2194 3136 2221 3155 n.
2233 3129 2304 3163 t22.)

1344 3179 1416 3211 apud
1431 3179 1577 3210 Lyranum:
1595 3177 1657 3204 Non
1669 3176 1800 3210 diqnatur
1814 3174 1897 3201 iudex
1909 3181 1966 3200 esse
1979 3173 2067 3200 litium
2080 3180 2128 3200 nec
2140 3172 2242 3199 arbiter
2255 3176 2305 3199 etc.

1417 3221 1439 3236 ¹⁶
1458 3223 1550 3248 Psalm.
1560 3223 1586 3253 2,
1597 3222 1622 3252 6,
1632 3221 1675 3247 cui
1684 3220 1879 3252 subiunguntur
1892 3219 1983 3244 Esther
1998 3218 2039 3250 13,
2050 3217 2074 3242 9.
2088 3220 2114 3243 et
2124 3218 2152 3243 ll.
2165 3217 2232 3242 Tim.
2244 3218 2269 3249 2,
2280 3216 2304 3242 4.

1418 3265 1439 3283 ¹⁰
1460 3267 1533 3292 Vers.
1553 3267 1584 3298 3,
1604 3269 1663 3298 post
1675 3271 1756 3298 quem
1770 3265 1809 3290 ΡΞ.
1831 3263 1860 3296 t,
1879 3263 1903 3289 3.
1917 3275 1952 3281 —
1967 3262 2094 3294 Superius
2112 3269 2169 3294 pro.
2181 3260 2304 3288 Christus

1340 3312 1423 3338 -voeat
1441 3311 1557 3337 secunda
1577 3317 1670 3336 munus
1690 3310 1715 3335 in
1734 3309 1756 3334 D
1775 3307 1908 3334 substituit
1935 3305 2080 3340 Apostolus
2104 3307 2199 3338 voeat;
2218 3306 2266 3332 cfr.
2287 3306 2304 3331 1.

1347 3354 1406 3381 Cor.
1425 3355 1456 3386 2,
1479 3354 1524 3380 tt:
1545 3353 1678 3387 ,animalis
1696 3354 1788 3379 autem
1807 3351 1887 3378 homo
1905 3356 1961 3377 non
1975 3349 2093 3384 percipit
2109 3356 2141 3376 ea
2154 3356 2223 3383 quae
2241 3349 2305 3375 sunt

1346 3398 1466 3433 Spiritus
1485 3398 1534 3425 Dei
1551 3404 1601 3425 etc.
