2476 3921
1084 256 1120 288 IN
1145 256 1277 288 LUCAM.
2152 263 2170 293 5

186 346 322 389 disponit
345 347 481 380 animam
504 346 544 379 ad
567 346 801 388 suscipiendum
821 345 1009 379 documenta
1033 345 1147 377 verita-

135 395 138 397 *
186 400 225 433 tis
241 409 260 432 a
274 400 408 432 Doctore
428 408 570 439 summo;
595 399 678 432 unde
694 400 814 441 primae
832 399 952 432 loannis
969 397 1106 431 secundo
1120 399 1146 429 ²:

58 621 165 649 Epilogus.

15 991 126 1017 Secundo.
137 992 164 1013 do

35 1024 98 1040 causa
107 1019 165 1040 finali

39 1045 124 1073 triplici.

83 1364 162 1386 Prima.

57 2272 162 2295 Secunda.

191 452 305 486 [saletio
329 453 402 485 eius
424 452 548 486 docebit
569 463 627 486 vos
651 453 689 485 de
713 452 874 485 omnibus.
900 452 1036 494 Spiritus
1063 451 1154 491 enimi

186 510 313 540 sanctus
336 515 393 549 per
416 507 549 549 gratiam
572 507 679 540 docuit
703 507 946 549 Evangelistam,
972 510 1003 538 et
1028 505 1079 538 ille
1104 505 1147 537 in-

185 562 327 592 structus
349 559 456 592 docuit
480 560 648 593 Ecclesiam
672 560 838 593 scribendo
857 559 1031 593 doctrinam
1053 567 1146 591 evan-

185 612 324 654 gelicam.
343 631 384 636 —
404 613 439 645 Et
462 613 505 646 ita
528 613 558 646 in
584 614 643 646 hoc
666 622 761 655 opere
785 613 903 655 triplex
928 612 987 644 suit
1011 620 1104 644 causa
1118 611 1146 650 2,

185 665 302 698 scilicet
325 675 500 708 suprema,
525 675 606 708 quae
630 666 756 708 quidem
786 666 921 707 Spiritus
945 665 1042 698 sancti
1075 674 1147 707 per-

185 727 276 758 sona;
302 718 527 761 inlima,vipse
553 719 759 761 Evangelista;
785 723 816 752 et
839 719 1053 757 intermedia,
1087 718 1146 751 sci-

185 771 256 804 licet
279 771 415 813 Spiritus
439 772 535 805 sancti
553 773 670 814 gratia;
695 782 777 815 quae
801 772 907 805 omnia
927 772 1146 814 intelliguntur

184 824 215 856 in
239 825 426 857 auctoritate
442 825 628 867 praemissa,
654 826 827 859 secundum
851 825 934 868 quod
961 825 1146 867 intelligitur

185 877 319 919 proferri
344 887 362 910 a
385 878 476 911 beato
500 879 591 911 Luca.

277 930 326 963 13.
364 931 543 963 insinuatur
579 931 671 964 etiam
701 941 796 965 causa
829 931 944 974 finalis
968 932 1043 965 satis
1074 940 1145 973 per-

184 984 263 1017 fecte
286 983 318 1016 in
342 984 401 1016 hoc
425 984 510 1026 quod
533 985 678 1027 sequitur
691 985 715 1024 ³,
739 985 857 1018 scilicet
878 985 1010 1027 prima,
1035 985 1145 1017 media

184 1040 215 1070 et
236 1041 414 1080 postrema.
432 1037 536 1070 Prima
558 1041 606 1071 est
620 1037 847 1081 manifestatio
860 1038 1026 1077 veritatis‘,
1044 1038 1146 1071 media

183 1094 231 1124 est
254 1091 386 1123 curatio
414 1090 642 1132 infirmitatis,
666 1091 759 1124 tertia
782 1095 830 1124 est
860 1092 1019 1124 reseratio
1042 1095 1145 1124 aeter-

183 1144 319 1183 nitatis;
342 1145 480 1187 primum
511 1148 558 1177 est
580 1145 714 1187 gratiae
742 1145 985 1188 praeparantis
994 1157 1005 1183 ;
1033 1154 1145 1178 secun-

183 1197 274 1237 dum,
304 1198 439 1240 qratiae
464 1202 603 1241 pratum
633 1197 810 1241 facientis,-
840 1199 987 1238 tertium,
1017 1198 1146 1241 yloriae

183 1251 455 1283 consummantis.

276 1304 325 1337 14.
351 1304 530 1338 Insinuatur
547 1305 643 1347 igitur
667 1306 770 1347 primo
785 1314 880 1339 causa
902 1305 1016 1346 finalis
1029 1305 1146 1347 prima

183 1357 280 1402 huius
304 1357 479 1397 doctrinae,
503 1367 592 1400 quae-
608 1362 655 1391 est
672 1357 899 1401 manifestatio
923 1358 1089 1398 veritatis,
1114 1359 1146 1391 in

184 1411 244 1444 hoc
270 1411 355 1453 quod
378 1411 470 1444 dicit:
495 1412 549 1444 Ad
581 1412 856 1445 annuntiandum
879 1412 1063 1445 mansuetis
1085 1412 1146 1445 mi-

182 1464 227 1497 sit
248 1474 314 1503 me,
347 1464 520 1497 secundum
554 1465 631 1497 illud
655 1465 765 1498 Psalmi
783 1466 815 1498 ⁴:
850 1466 1148 1498 Annuntiaverunt

184 1527 285 1560 opera
311 1517 387 1556 Dei,
411 1521 441 1550 et
462 1516 557 1560 sacta
580 1518 652 1550 eius
676 1518 924 1556 intellexa-unm
949 1519 1032 1551 unde
1053 1522 1084 1551 et
1107 1519 1147 1552 ab

184 1572 244 1604 hoc
267 1580 381 1604 nomen
406 1571 541 1612 accepit,
566 1574 603 1604 ut
627 1572 843 1614 anrzgyetium
868 1572 1006 1611 dicatur,
1039 1572 1070 1604 id
1100 1575 1148 1605 est

183 1613 264 1656 bona
288 1623 457 1662 nuntiatio;
475 1623 595 1665 primae
612 1624 733 1656 Ioannis
756 1624 876 1666 primo:
903 1625 997 1664 Quod
1012 1623 1081 1666 fuit
1103 1624 1146 1656 ab

184 1676 294 1715 initio,
319 1676 406 1719 quod
429 1676 640 1715 audiuimus,
664 1677 752 1720 quod
778 1677 926 1710 vidimus
953 1677 1058 1710 oeulis
1088 1687 1146 1710 ηο-

183 1729 283 1768 stris,
315 1729 402 1772 quod
430 1729 682 1771 perspeaeimus,
713 1734 742 1762 et
765 1740 889 1763 manus
912 1735 1047 1763 nostrae
1071 1740 1146 1763 con—

184 1786 407 1815 trectaverunt
436 1783 476 1815 de
498 1782 595 1816 verbo
628 1783 733 1823 vitae,
767 1788 795 1816 ct
827 1784 896 1817 vita
927 1783 1145 1827 manifestata

182 1840 247 1874 est;
270 1840 300 1869 et
322 1837 469 1869 vidimus
492 1841 520 1869 et
544 1841 706 1870 testamur
729 1842 759 1870 et
781 1838 1027 1870 annuntiamus
1055 1838 1146 1871 vobis

182 1890 285 1922 vitam
310 1894 499 1929 aeternam,
531 1900 616 1934 quae
639 1895 713 1923 erat
743 1891 837 1932 apud
868 1892 1003 1924 Patrem
1037 1897 1067 1924 et
1089 1902 1145 1934 ap-

181 1943 300 1986 paruit
334 1943 452 1982 uobis;
487 1948 517 1977 ct
553 1944 647 1977 Isaiae
686 1945 947 1987 quinquagesimo
986 1945 1144 1978 secundo:

185 1997 294 2037 Quam
313 1997 428 2039 pulcri
449 2007 551 2040 super
573 2002 698 2031 montes
726 1998 823 2041 pedes
851 1999 1087 2032 aununtiantis
1118 2003 1147 2031 et

179 2050 410 2092 praedicantis
438 2060 572 2093 pacem,
604 2052 841 2085 aununtiantis
873 2052 1015 2092 bonum,
1045 2063 1145 2095 prae-

182 2103 327 2136 dicantis
349 2103 510 2137 salutem!
542 2105 604 2138 Hoc
627 2105 732 2148 primo
755 2105 814 2138 suit
842 2105 875 2138 in
899 2107 1015 2139 sanctis
1046 2107 1145 2140 Evan-

181 2157 308 2199 gelistis.

274 2212 324 2244 15.
350 2211 504 2244 Secunda
532 2221 609 2245 vero
639 2212 699 2245 fuit
729 2212 904 2245 medicatio
936 2217 1071 2246 nostrae
1094 2214 1145 2246 in-

180 2263 372 2306 firmitatis,
397 2273 493 2307 quam
510 2265 623 2307 tangit,
648 2274 719 2297 cum
744 2265 804 2298 ait:
835 2266 874 2298 Ut
899 2266 1044 2299 mederer
1069 2277 1145 2299 eon-

181 2317 277 2350 tritos
301 2318 406 2350 corde.
432 2319 541 2351 Sermo
565 2318 647 2350 enim
681 2319 876 2360 evangelicae
905 2320 1145 2361 praedicationis

181 2371 326 2403 effectum
351 2374 382 2404 et
397 2372 536 2404 fructum
562 2372 653 2404 affert
670 2372 858 2411 curationis,
877 2372 1050 2405 secundum
1067 2373 1144 2406 illud

181 2423 354 2465 Sapientiae
377 2424 497 2457 decimo
522 2424 656 2457 sexto-'⁵2
685 2424 810 2456 Etenim
834 2434 935 2467 rneque
963 2423 1065 2457 lierba
1088 2435 1142 2457 ne—

180 2486 241 2520 que
275 2477 447 2520 matafflna
481 2478 617 2510 sanavit
651 2487 722 2516 eos,
758 2478 815 2510 sed
851 2482 946 2517 tuus,
986 2479 1142 2518 Domi-ne,

180 2540 306 2569 sermo,
342 2531 401 2574 qui
434 2535 534 2563 sanat
569 2530 691 2562 omnia.
735 2531 821 2563 Hunc
861 2534 966 2564 autem
1002 2532 1142 2564 fructum

180 2583 259 2617 hene
282 2585 374 2617 all'ert
398 2584 597 2626 Evangelium
622 2584 739 2622 Lucae;
764 2584 802 2616 de
827 2593 890 2626 quo
918 2584 1142 2626 Hieronymus:

186 2650 202 2665 «
219 2637 248 2669 Si
282 2637 426 2670 novimus
458 2638 571 2670 Lucam
597 2636 767 2675 medicum,
793 2637 891 2669 euius
924 2636 1000 2668 laus
1028 2641 1074 2669 est
1108 2637 1144 2669 in

184 2690 378 2733 anuyelz'o,
414 2690 694 2723 animadvertimus
730 2690 866 2731 pariter,
902 2690 1007 2722 omnia
1047 2690 1144 2723 verba

180 2744 264 2777 illius
288 2744 410 2777 animae
428 2744 604 2786 languentis
627 2752 695 2776 esse
719 2743 904 2776 medicinam
919 2757 948 2775 ».
969 2744 1003 2776 Et
1021 2744 1080 2776 hoc
1097 2747 1144 2776 est

180 2798 353 2831 secundum
383 2798 537 2831 intentum
562 2807 580 2829 a
611 2797 701 2830 beato
738 2798 834 2836 Luca,
865 2802 899 2830 ut
935 2798 1052 2830 scilicet
1088 2807 1143 2839 per

180 2852 321 2884 veritatis
352 2851 559 2893 cognitionem
585 2851 765 2883 veniremus
792 2851 830 2883 ad
855 2851 1047 2884 infirmitatis
1079 2861 1143 2885 mc-

179 2904 374 2937 dicationem.

1305 345 1354 377 16.
1388 346 1499 378 Tertia
1524 356 1598 379 vero
1621 352 1652 380 et
1677 352 1834 389 postrema
1857 348 1916 380 suit
1936 350 2095 382 reseratio
2119 359 2172 382 ae-
2192 357 2271 377 Tertu-

1212 397 1399 436 ternitatis,
1425 408 1506 441 quae
1537 403 1675 438 notatur,
1699 409 1772 433 cum
1803 401 1940 433 dicitur:
1971 402 2009 434 Ut
2037 403 2173 444 praedi-

1211 460 1325 483 carem
1354 453 1495 493 captivis
1530 453 1771 495 indulqentiam
1807 458 1835 486 et
1869 454 1995 486 clausis
2031 456 2173 497 apertio-

1211 513 1294 536 nem.
1321 504 1382 537 Hoc
1413 508 1518 538 autem
1552 506 1586 537 fit
1618 505 1647 537 in
1673 509 1818 539 aeternae
1849 507 1928 539 vitae
1961 509 2172 549 possessione,

1210 556 1249 589 ad
1281 557 1365 599 quod
1402 558 1547 590 hortatur
1571 559 1749 600 evangelica
1783 559 1926 592 doctrina
1962 565 2110 603 tanquam
2134 562 2172 594 ad

1212 609 1358 642 ultimum
1384 610 1499 649 sinem;
1526 611 1646 644 loannis
1683 612 1878 653 vigesim0⁶:
1919 614 2006 646 Haec
2045 614 2173 656 scripta

1210 668 1307 703 sunt,
1332 669 1369 696 ut
1396 665 1558 703 credatis,
1588 665 1669 708 quia
1701 666 1793 698 lesus
1816 671 1861 698 est
1887 666 2039 699 Christus
2064 668 2172 700 Filius

1213 717 1294 755 Dei,-
1325 721 1353 749 et
1384 721 1421 749 ut
1452 719 1616 750 credentes
1648 719 1752 751 vitam
1785 718 1932 752 habeatis
1968 720 2003 752 in
2042 721 2172 753 mmiirie

1210 770 1302 808 eius,·
1325 773 1357 803 et
1380 771 1472 803 Marci
1498 772 1627 804 ultimo:
1654 773 1775 805 Euntes
1799 773 1834 805 in
1850 774 2016 806 mundum
2039 775 2173 807 univer-

1209 833 1302 862 sum,
1323 824 1517 865 praedicate
1543 825 1758 867 annyelium
1783 827 1875 858 omni
1897 832 2093 865 creaturae,·
2115 829 2174 871 qui

1210 877 1388 909 crediderit
1424 881 1452 910 et
1488 877 1683 920 baptizatus
1718 878 1822 921 suerit
1857 880 1972 912 salvus
2006 881 2077 913 erit.
2112 882 2171 914 Hoc

1210 930 1392 963 mandatum
1418 931 1629 973 impleverunt
1661 933 1828 975 praecipue
1854 934 2083 973 Evangelistae,
2116 935 2172 977 qui

1210 992 1273 1015 non
1290 984 1391 1016 solum
1417 984 1618 1025 Evangelium
1636 986 1897 1027 praedicaverunt
1915 987 2011 1019 verbo
2027 988 2064 1019 ad
2083 997 2172 1029 prae-

1210 1040 1314 1069 sentes
1338 1040 1428 1076 tunc,
1453 1038 1507 1083 sed
1531 1038 1623 1070 ctiam
1648 1039 1765 1081 scripto
1789 1040 1826 1071 ad
1845 1044 2024 1081 praesentes
2041 1044 2071 1072 et
2088 1042 2172 1073 sutu-

1210 1099 1262 1123 ros
1286 1090 1315 1122 in
1341 1100 1450 1124 omnes
1473 1092 1706 1132 generationes,
1725 1097 1760 1125 ut
1776 1102 1884 1126 omnes
1900 1093 2038 1126 facerent
2059 1095 2170 1128 salvos.

1209 1161 1254 1167 ——
1277 1143 1326 1176 Sic
1346 1143 1442 1185 igitur
1472 1144 1680 1186 praemissum
1714 1146 1847 1179 verbum
1878 1147 2062 1189 specialiter
2087 1148 2172 1181 intel·
2192 1153 2298 1180 Ερϋοεω-

1210 1196 1326 1229 lectum
1351 1197 1381 1229 in
1407 1206 1540 1239 persona
1564 1198 1644 1231 beati
1670 1199 1769 1232 Lucae
1793 1204 1840 1232 est
1864 1200 2088 1233 insinuativum
2114 1201 2172 1233 du-

1210 1250 1299 1292 plicis
1315 1260 1438 1283 causae
1454 1251 1672 1290 extrinsecae,
1690 1252 1807 1285 scilicet
1827 1253 1989 1287 efficientis
2006 1258 2036 1286 et
2061 1255 2170 1287 finalis.

1303 1305 1353 1336 17.
1387 1304 1613 1347 Sinyulariter
1645 1315 1720 1339 vero
1752 1307 1942 1340 intellectum
1975 1308 2013 1341 de
2042 1309 2172 1341 Domino
2197 1313 2319 1361 ΤίξῖεῑῖῗΘ-εἰίῡε

1211 1358 1298 1396 lesu,
1322 1357 1361 1390 de
1385 1367 1448 1400 quo
1480 1359 1607 1400 proprie
1630 1359 1748 1392 dictum
1781 1364 1845 1398 est,
1876 1361 2100 1393 insinuativum
2125 1366 2173 1394 est
2184 1367 2333 1414 duplat-*2¹1²-

1210 1411 1344 1452 duplicis
1359 1420 1471 1444 causae
1488 1411 1701 1451 intrinsecae,
1719 1413 1836 1446 scilicet
1852 1414 2038 1446 materialis
2054 1419 2084 1447 et
2100 1414 2171 1457 sor-
2209 1399 2222 1420 ¹⁷
2233 1399 2259 1414 ’ω
2271 1399 2303 1414 er'

1211 1464 1330 1501 matis;
1353 1467 1384 1496 et
1409 1464 1468 1496 boc
1503 1468 1588 1506 patet
1622 1465 1675 1498 sic.
1705 1466 1833 1498 Certum
1869 1467 1950 1499 enim
1987 1472 2052 1505 est,
2088 1468 2171 1510 quod
2187 1472 2339 1525 Cssffimqag

1210 1518 1389 1560 evangelica
1413 1518 1545 1551 historia
1569 1522 1633 1551 tota
1656 1519 1739 1552 circa
1763 1520 1921 1553 Christum
1948 1526 2106 1560 versatur,
2124 1523 2172 1555 vel
2205 1525 2303 1553 ἀπῳκι-

1212 1571 1242 1603 in
1268 1574 1423 1612 quantum
1446 1572 1611 1604 mediator
1635 1575 1696 1611 est,
1721 1573 1770 1605 vel
1802 1574 1832 1605 in
1857 1578 2010 1615 quantum
2039 1575 2173 1616 praedi-

1211 1627 1316 1662 cator,
1341 1624 1390 1656 vel
1415 1624 1446 1656 in
1478 1629 1631 1666 quantum
1657 1631 1848 1667 reparator,
1884 1628 1929 1659 vel
1955 1628 1986 1659 in
2019 1632 2172 1670 quantum

1211 1675 1448 1718 triumphator.
1474 1677 1636 1710 Mediator
1661 1679 1787 1720 respicit
1811 1680 2035 1713 incarnationis
2059 1686 2173 1723 myste-

1210 1729 1310 1769 rium;
1327 1729 1561 1772 praedicator,
1578 1730 1764 1764 eruditionis
1780 1732 2008 1774 magisterium
2036 1744 2173 1776 repara-

1211 1787 1274 1821 tor,
1292 1783 1445 1825 passionis
1461 1784 1653 1822 remedium;
1678 1784 1913 1827 triumphator,
1934 1788 2174 1821 resurrectionis

1211 1840 1385 1878 tropaeum.
1423 1837 1561 1869 Primum
1599 1837 1736 1870 refertur
1771 1838 1808 1870 ad
1846 1839 1959 1871 Christi
1992 1844 2172 1878 naturam,-

1210 1890 1403 1930 secundum,
1428 1890 1466 1923 ad
1490 1891 1702 1930 doctrinam,-
1738 1893 1884 1931 tertium,
1909 1893 1946 1925 ad
1983 1894 2172 1933 victimam,-

1210 1948 1376 1987 quartum,
1393 1944 1431 1977 ad
1448 1944 1634 1977 victoriam.
1654 1946 1731 1978 Haec
1748 1950 1852 1978 autem
1870 1951 2007 1989 quatuor
2027 1947 2171 1981 distincte

1210 1997 1406 2030 et'ordinate
1431 2001 1605 2040 tanguntur
1629 1999 1659 2031 in
1685 2008 1829 2032 sermone
1853 2001 2040 2042 praemisso,
2065 2010 2172 2034 secun·

1209 2051 1284 2084 (luni
1311 2052 1395 2094 quod
1419 2052 1568 2094 competit
1587 2052 1721 2085 Christo.

1304 2106 1353 2138 18.
1379 2106 1518 2139 Insinuat
1542 2106 1638 2148 igitur
1661 2107 1806 2140 Christus
1830 2107 1929 2147 lesus,
1954 2117 1987 2141 se
2019 2118 2085 2142 esse
2110 2119 2172 2141 me-
2190 2112 2336 2160 cg'rgissc-mffl}

1210 2159 1393 2199 (tiatorem,
1418 2168 1490 2192 cum
1515 2159 1607 2192 dicit:
1641 2161 1788 2202 Spiritus
1814 2162 1948 2194 Domini
1977 2172 2077 2204 super
2100 2173 2170 2202 me,
2191 2166 2281 2187 diffle-

1209 2222 1245 2245 eo
1268 2212 1356 2256 quod
1372 2212 1508 2245 unxerit
1530 2223 1589 2245 me.
1616 2214 1683 2255 Ipse
1699 2214 1781 2246 enim
1807 2218 1854 2247 cst
1874 2215 2035 2255 mediator,
2053 2216 2091 2249 de
2107 2227 2171 2259 quo

1210 2267 1343 2298 Actuum
1367 2265 1532 2298 decimo⁷:
1563 2266 1664 2298 Unaeit
1686 2277 1760 2299 eum
1786 2268 1872 2300 Deus
1897 2268 2027 2310 Spiritu
2055 2274 2170 2302 saneto

1209 2322 1239 2350 et
1268 2318 1411 2356 virtute,-
1445 2319 1559 2357 unxit,
1592 2319 1738 2362 inquam,
1776 2330 1836 2353 non
1870 2322 1951 2354 sicut
1986 2323 2063 2355 alios
2095 2324 2169 2355 San-

1209 2376 1292 2411 ctos,
1310 2372 1362 2405 sed
1381 2381 1478 2414 supra
1501 2373 1590 2412 alios,
1616 2374 1789 2407 secundum
1808 2375 1884 2408 illud
1910 2376 2039 2408 Psalmi:
2071 2377 2170 2409 [frixit

1209 2429 1237 2457 te
1261 2425 1367 2464 Deus,
1396 2426 1482 2458 Deus
1507 2430 1585 2459 tuus
1609 2427 1674 2459 oleo
1699 2428 1842 2461 laetitiae
1856 2439 1940 2470 prae
1964 2430 2170 2462 consortibus

1210 2479 1296 2517 tuis;
1321 2479 1351 2511 in
1373 2489 1436 2521 qua
1453 2480 1599 2513 unctione
1623 2480 1703 2514 facta
1726 2486 1773 2514 est
1790 2483 2016 2514 consummatio
2034 2484 2168 2525 proplie-

1209 2533 1269 2566 tiae
1293 2533 1428 2566 Danielis
1452 2543 1548 2566 nono:
1577 2535 1756 2577 Impleatur
1773 2536 1856 2568 visio
1880 2540 1908 2567 et
1929 2535 2119 2578 prophetia,
2138 2542 2168 2569 et

1208 2591 1358 2629 ungatur
1383 2586 1526 2619 Sanctus
1551 2587 1760 2620 Sanctormu.

1302 2640 1350 2671 19.
1389 2639 1526 2672 Insinuat
1562 2648 1594 2672 se
1627 2641 1892 2682 praedicatorem
1923 2643 1952 2673 in
1990 2643 2048 2674 boc
2084 2643 2166 2684 quod
2187 2647 2332 2694 &effu-ade

1208 2693 1387 2734 subiungit:
1415 2692 1468 2724 Ad
1491 2693 1764 2725 annuntiandum
1784 2695 1967 2726 mansuetis
1983 2695 2074 2727 misit
2098 2706 2166 2735 me,
2226 2679 2333 2721 &uffae-

1208 2745 1381 2778 secundum
1406 2745 1490 2788 quod
1515 2746 1700 2787 promiserat
1725 2747 1874 2779 Dominus
1899 2747 1970 2780 filiis
1996 2748 2087 2781 lsrael
2112 2758 2168 2791 per

1209 2800 1332 2840 Moysen
1365 2799 1598 2831 Deuteronomii
1633 2799 1753 2832 declino
1784 2800 1940 2832 octavos:
1966 2801 2164 2843 Proplietam

1208 2851 1374 2884 suscitabo
1398 2852 1444 2884 eis
1468 2853 1507 2884 de
1536 2852 1641 2885 ¹medio
1665 2851 1817 2894 fratrum
1844 2863 2001 2893 suorum,
2026 2855 2165 2887 sinn'lem

1209 2905 1275 2943 tui,·
1299 2910 1329 2937 et
1347 2915 1471 2947 ponam
1489 2905 1589 2938 verba
1614 2916 1686 2938 mea
1711 2906 1745 2938 in
1761 2916 1817 2938 ore
1840 2907 1930 2945 eiius,
1956 2907 2167 2953 loqueturque

252 3037 260 3052 ²
282 3038 356 3063 Vcrs.
375 3038 424 3068 27,
453 3040 512 3070 post
535 3045 615 3071 quem
645 3039 704 3064 Vat.
736 3046 797 3064 cum
822 3040 864 3065 ed.
894 3042 903 3066 t
936 3041 1009 3066 addit
1039 3040 1071 3067 Et
1099 3048 1141 3067 ve-

179 3089 244 3109 rum
262 3084 310 3109 est.

251 3126 261 3140 ²
283 3127 328 3152 Ed.
350 3127 358 3151 1
383 3130 409 3152 ct
428 3127 486 3152 Vat.
506 3128 628 3160 supplent
646 3128 770 3162 efficiens.

251 3170 262 3185 ⁸
282 3172 327 3197 Ed.
349 3172 358 3197 t
383 3174 408 3196 ct
428 3172 498 3197 Vnt:
521 3172 632 3206 Triplex
650 3173 738 3200 etiam
751 3173 909 3201 insinuatur
922 3174 950 3200 in
963 3182 1007 3207 eo,
1028 3174 1100 3208 quod
1112 3174 1140 3200 in

178 3215 293 3242 themate
310 3214 446 3249 sequitur,
466 3223 550 3242 causa
568 3216 660 3251 finalis
679 3224 712 3243 ae
730 3217 797 3244 satis
813 3219 937 3252 perfecte.

251 3258 262 3273 ⁴
281 3260 373 3285 Psalm.
394 3260 442 3291 63,
464 3260 505 3286 to,
526 3275 558 3279 —
578 3260 695 3287 Subinde
715 3262 869 3293 -allegantur
895 3263 911 3288 Ι.
931 3264 1000 3288 loun.
1025 3264 1050 3293 1,
1073 3263 1097 3288 l.
1115 3266 1141 3288 et

180 3303 236 3329 lsai.
257 3304 305 3334 52,
328 3304 350 3329 1.
370 3318 403 3322 —-
424 3305 543 3337 August,
572 3306 655 3330 Serm.
686 3306 745 3331 ⁴33.
774 3306 847 3338 (alias
867 3308 897 3332 8.·
911 3307 977 3332 inter
1006 3307 1090 3332 editos
1109 3313 1140 3332 ex

180 3355 243 3374 mss.
262 3348 412 3374 Cartbusiae
432 3349 548 3382 maioris)
568 3357 594 3374 n.
615 3351 644 3375 δι
663 3349 768 3382 Cogites
788 3351 974 3382 mangonum,
988 3351 1052 3384 quid
1072 3351 1140 3377 dicat

180 3393 308 3418 Graecum
328 3400 438 3419 nomen:
457 3394 627 3425 Evangelium
648 3399 686 3421 cst
712 3395 798 3422 bonus
826 3397 931 3422 nuntius
950 3397 991 3422 vel
1012 3395 1078 3422 bona
1098 3403 1140 3421 un·

180 3436 315 3462 nuntiatio.

1276 3039 1287 3054 ⁶
1308 3041 1383 3066 Vers.
1406 3041 1447 3066 ⁴2.
1466 3054 1503 3060 -·
1521 3041 1605 3066 Lucae
1625 3041 1727 3065 Hieron.
1755 3040 1865 3066 liabetur
1884 3042 1909 3066 iu
1931 3042 2011 3073 Epist.
2030 3042 2072 3067 53.
2093 3043 2166 3074 (alias

1207 3085 1278 3117 103.)
1300 3092 1323 3109 u.
1345 3086 1376 3115 8,
1396 3085 1422 3110 iu
1447 3092 1499 3117 qua
1519 3085 1644 3116 allegatur
1664 3086 1691 3110 ll.
1710 3084 1767 3110 Cor.
1790 3086 1818 3114 8.
1840 3086 1881 3111 48.
1901 3099 1935 3104 -
1956 3087 2003 3111 Pro
2029 3086 2091 3112 bene
2121 3087 2164 3118 (ita

1206 3129 1265 3161 AC)
1288 3130 1345 3154 Vnt.
1364 3128 1459 3162 pulcre
1478 3131 1502 3155 et
1521 3129 1631 3159 merito,
1651 3129 1722 3161 quod
1742 3129 1790 3154 DF
1810 3130 1946 3161 omittunt,
1967 3130 1987 3155 Η
2007 3129 2116 3156 bonum.

1276 3172 1288 3187 ⁶
1309 3174 1382 3199 X‘ers.
1403 3174 1445 3199 37.
1467 3188 1499 3191 —
1520 3174 1642 3205 Sequitur
1672 3174 1748 3198 Marc.
1780 3175 1826 3204 ¹6,
1850 3174 1888 3199 15.
1907 3188 1942 3193 —
1961 3175 2087 3206 Superius
2117 3183 2164 3206 pro

1205 3226 1274 3252 quae
1293 3221 1403 3245 notatur
1423 3219 1534 3245 DCDll
1555 3218 1626 3252 quod
1649 3220 1769 3249 notatur,
1792 3223 1815 3244 et
1842 3218 1954 3245 subinde
1973 3226 2021 3250 pro
2039 3219 2076 3244 ad
2095 3219 2166 3253 quod

1206 3263 1263 3288 Vnt.
1283 3270 1343 3288 cum
1364 3263 1405 3287 ed.
1428 3263 1436 3287 t
1461 3262 1497 3288 ad
1515 3269 1605 3295 quum.

1276 3304 1285 3320 ⁷
1308 3307 1382 3331 Vcrs.
1403 3307 1444 3331 38.
1465 3320 1499 3325 —
1520 3305 1635 3330 Subinde
1661 3307 1805 3338 allegantur
1834 3307 1873 3332 Ps.
1900 3307 1947 3337 Η,
1967 3308 1991 3332 8.
2011 3312 2036 3332 et
2057 3308 2118 3332 Dan.
2139 3309 2163 3336 ἱ),

1205 3350 1247 3375 24.
1261 3364 1296 3369 -
1309 3351 1418 3375 lusci-ius
1437 3357 1484 3381 pro
1504 3349 1572 3375 ulios
1586 3348 1700 3376 Sanctus
1719 3349 1881 3376 substituunt
1904 3353 1922 3376 Α
1934 3350 1952 3375 (ἶ
1966 3351 2037 3376 DFll
2058 3351 2163 3384 aliquos

1204 3395 1326 3422 Sanctus.

1275 3437 1285 3452 ⁸
1306 3440 1379 3464 Vei-s.
1401 3440 1442 3465 18.
1465 3453 1497 3457 -
1518 3440 1669 3471 Sequuntur
1690 3440 1758 3464 loan.
1783 3439 1822 3470 ¹5,
1843 3440 1884 3465 ⁴5.
1902 3444 1927 3465 et
1947 3441 2007 3466 Luc.
2029 3440 2052 3470 4,
2073 3440 2114 3466 43.
