2476 3921
170 889 298 910 Notandum.

197 1154 298 1174 Tertium.

190 1206 298 1233 Quaestio.

234 1526 297 1552 Resp.

322 266 362 297 86
920 259 1112 292 COMMENT.
1138 259 1174 291 lN
1200 258 1436 291 EVANGELIUM
1461 257 1578 289 LUCAE
1601 256 1632 288 C.
1658 256 1702 288 lll.

321 352 467 393 competit
482 353 506 389 ¹;
532 355 599 382 tum
617 352 744 391 propter
767 348 922 381 defectum
947 356 987 380 ex
1013 351 1101 389 parte
1124 346 1276 385 remedii,

321 406 395 447 quia
411 405 436 436 ei
454 403 601 445 competit
621 412 682 435 non
709 401 895 440 remediare,
919 401 972 434 sed
997 400 1184 438 remediari;
1210 404 1277 432 tum

321 462 448 500 propter
464 456 617 489 defectum
632 455 810 497 principii,
828 454 902 496 quia
921 468 935 482 «
948 463 1009 486 non
1026 454 1074 485 vir
1090 453 1129 485 de
1145 452 1277 485 muliere

321 514 381 548 est,
417 510 469 542 sed
494 509 607 541 mulier
638 508 676 540 de
712 508 805 540 νιιὈ2
831 519 865 545 »ς
903 511 969 539 tum
1002 510 1131 548 propter
1159 515 1277 538 memo-

320 564 410 596 riam
422 562 530 605 primi
549 561 692 604 peccati,-
709 561 828 603 primae
852 560 890 592 ad
907 560 1104 592 Timotheum
1125 558 1276 591 secundo:

327 630 341 644 «
357 616 449 648 Adam
467 624 528 647 non
553 619 599 647 est
623 614 785 651 seductus,
811 613 865 646 sed
894 612 1007 645 mulier
1024 626 1054 643 ».
1080 612 1116 644 Et
1132 608 1197 643 'hac
1227 620 1277 643 ra-

322 669 403 701 tione
426 677 486 700 non
512 667 546 699 tit
569 667 722 699 decursus
746 675 802 708 per
826 665 974 698 mulieres
990 664 1134 697 —11nde
1158 673 1215 696 nec
1230 667 1277 696 est

320 730 386 753 mos
404 721 434 752 in
453 720 641 761 Scripturis‚
658 722 694 751 ut
711 719 751 751 sit
766 719 882 751 mentio
899 726 1011 759 magna
1026 717 1064 749 de
1080 717 1175 749 Maria
1188 735 1229 741 —
1246 720 1277 749 et

320 773 393 815 quia
418 773 582 814 Evangelia
606 772 792 813 inceperunt
815 781 833 803 a
856 779 1072 813 praecursore,
1090 770 1190 802 Lucae
1214 769 1277 811 pri-

319 826 395 858 mo³
419 830 450 858 et
473 825 567 857 Marci
592 825 708 866 primo:
739 837 753 852 α
768 824 891 856 Initium
917 823 1069 865 Evangelii
1096 822 1164 855 lesu
1188 822 1278 854 Chri-

320 880 386 912 sti»
409 883 483 917 etc.,
508 882 538 911 et
562 879 654 911 etiam
682 881 809 919 propter
834 876 1008 918 praedictas
1032 876 1178 908 rationes.
1196 875 1278 908 Scri-

320 936 407 974 ptum
426 935 529 964 tamen
548 932 578 963 in
596 931 693 964 veteri
720 933 903 963 testamento
924 929 997 968 suit,
1021 929 1105 971 quod
1125 938 1193 961 esse
1210 934 1277 970 pot-

320 989 387 1017 erat
423 985 524 1026 figura
548 984 685 1026 Virginis
717 984 747 1015 in
771 982 930 1024 aliquibus
961 982 1165 1020 mulieribus,
1197 990 1278 1023 quae

320 1038 432 1070 Mariae
458 1041 488 1070 et
512 1037 664 1070 Ecclesiae
689 1037 821 1078 figuram
846 1038 1011 1077 gesserunt
1027 1036 1049 1066 ⁴².

410 1092 460 1123 559.
487 1091 591 1123 Tertio
612 1088 752 1131 adiungit
773 1089 906 1131 gradus
926 1088 1187 1130 processionum,
1205 1096 1277 1119 cum

319 1144 416 1176 addit:
444 1144 509 1184 Qui
524 1142 591 1185 fuit
607 1142 681 1175 Heli
696 1146 753 1174 etc.
779 1159 820 1165 -
843 1141 901 1173 Sed
918 1140 992 1173 huic
1010 1140 1134 1172 videtur
1155 1143 1278 1172 contra-

318 1197 392 1228 riari
410 1196 487 1228 illud
504 1196 647 1228 Matthaei
666 1195 768 1237 primo
780 1195 804 1233 ⁵,
822 1194 875 1226 ubi
899 1193 1031 1231 dicitur,
1056 1192 1140 1234 quod
1161 1192 1279 1224 «Iacob

317 1249 424 1291 genuit
441 1249 548 1290 Ioseph
566 1262 597 1286 »,
615 1248 668 1290 qui
685 1247 844 1280 descendit
860 1256 916 1288 per
933 1246 1139 1278 Salomonem.
1157 1245 1186 1277 Si
1204 1254 1279 1286 ergo

318 1302 506 1343 impossibile
531 1306 595 1340 est,
616 1301 699 1343 quod
724 1300 838 1342 aliquis
854 1300 948 1332 simul
972 1309 988 1331 a
1005 1299 1130 1331 duobus
1153 1307 1280 1340 genere-

318 1360 380 1395 tur,
405 1359 459 1388 aut
485 1356 542 1388 ista
558 1354 754 1397 genealogia,
772 1358 827 1386 aut
851 1353 903 1385 illa
919 1353 1063 1385 Matthaei
1089 1356 1134 1385 est
1151 1352 1279 1384 omnino

317 1418 459 1441 erronea.

406 1462 448 1494 Ad
472 1462 564 1494 cuius
600 1462 644 1494 rei
669 1461 855 1494 evidentiam
890 1464 936 1493 est
972 1459 1162 1497 notandum,
1194 1458 1278 1501 quod

317 1516 448 1553 Mathat‚
464 1516 517 1558 qui
542 1510 702 1548 descendit
717 1525 735 1547 a
752 1514 848 1547 David
866 1523 921 1556 per
939 1514 1074 1552 Nathan,
1092 1517 1122 1545 et
1139 1513 1278 1551 Mathan‚

318 1569 370 1610 qui
395 1569 555 1601 descendit
589 1578 607 1600 a
631 1568 727 1600 David
758 1577 813 1609 per
848 1568 1061 1603 Salomonem,
1098 1566 1279 1598 habuerunt

320 1622 493 1654 successive
518 1631 613 1654 unam
635 1631 789 1658 uxorem,
814 1630 853 1653 ex
879 1630 942 1662 qua
962 1620 1086 1652 Mathan
1110 1620 1219 1662 genuit
1235 1620 1279 1652 la-

319 1674 394 1712 cob,
419 1679 450 1706 et
474 1675 590 1706 Mathat
613 1674 722 1716 genuit
746 1673 820 1706 Heli.
843 1673 878 1704 Et
902 1672 945 1704 ita
969 1672 1031 1704 Heli
1057 1675 1087 1704 et
1112 1671 1201 1704 lacob
1216 1671 1280 1703 sue-

319 1732 394 1760 runt
417 1728 480 1760 duo
505 1728 617 1760 fratres
634 1727 760 1760 uterini.
787 1726 849 1759 Heli
867 1729 990 1764 autem,
1008 1728 1135 1767 accepta
1159 1733 1278 1763 uxore,

1342 349 1487 378 mortuus
1510 348 1557 377 est
1588 345 1655 377 sine
1686 344 1811 383 liberis,
1835 348 1866 377 et
1890 344 1958 376 ideo
1989 342 2162 375 secundum
2187 343 2296 384 Legem

1342 398 1430 431 Iacob
1453 398 1550 431 frater
1574 398 1642 430 eius
1673 397 1756 429 illam
1780 397 1913 439 accepit,
1938 400 1974 428 ut
1998 396 2163 428 suscitaret
2191 404 2296 428 semen

1341 452 1447 484 l'ratris
1471 452 1537 490 sui,
1561 455 1592 483 et
1626 460 1667 483 ex
1696 450 1748 482 illa
1777 450 1916 492 «genuit
1948 449 2075 490 loseph,
2108 449 2212 481 virum
2236 449 2297 480 Ma-

1342 504 1612 546 riaess».10sepn
1649 512 1724 545 ergo
1748 502 1920 536 secundum
1956 511 2081 535 carnem
2119 501 2178 534 fuit
2213 501 2297 534 silius

1341 558 1447 596 Iacob,
1471 558 1526 599 qui
1550 557 1709 590 descendit
1733 565 1789 598 per
1806 556 2020 594 Salomonem;
2045 555 2099 588 sed
2124 554 2296 588 secundum

1341 612 1451 653 Legem
1476 610 1536 643 suit
1559 610 1641 649 Heli,
1665 610 1719 652 qui
1743 609 1902 643 descendit
1928 618 1982 651 per
2006 609 2136 641 Nathan.
2163 608 2198 640 Et
2221 617 2298 650 quo-

1341 664 1423 696 niam
1448 663 1487 696 ad
1511 663 1648 705 perfecte
1672 663 1868 696 scribendam
1896 662 2106 704 genealogiam
2132 662 2299 694 Salvatoris

1340 716 1499 759 oportuit,
1522 725 1590 749 eam
1615 716 1708 749 scribi
1733 720 1764 748 et
1788 716 1960 749 secundum
1986 716 2094 757 Legem
2126 720 2158 748 et
2189 724 2299 754 secun-

1340 769 1415 802 dum
1442 772 1609 808 naturam;
1634 769 1703 802 ideo
1731 769 1866 811 Spiritus
1897 771 2024 801 sanctus
2050 769 2110 801 hoc
2141 768 2213 801 fecit
2243 777 2299 810 per

1340 823 1420 855 duos
1445 823 1671 865 Evangelistas,
1689 823 1732 855 ita
1755 822 1838 864 quod
1864 831 1919 864 per
1936 822 2126 854 Matthaeum
2143 821 2298 854 carnalem

1341 879 1372 909 et
1396 885 1452 918 per
1476 876 1589 908 Lucam
1616 875 1754 917 legalem.

1431 930 1482 960 60.
1508 929 1569 961 Hoc
1592 931 1697 961 autem
1716 938 1776 961 non
1801 931 1849 960 est
1871 928 1987 960 factum
2005 928 2072 960 sine
2096 936 2190 959 causa
2206 927 2301 959 ratio·
2315 931 2377 953 Ratio
2392 933 2469 952 notan⁴¹

1342 981 1447 1014 nabili.
1465 982 1639 1013 Matthaeus
1655 990 1791 1022 namque
1807 976 2011 1023 prosequitur
2027 980 2143 1012 Christi
2160 989 2300 1022 reqnum

1341 1039 1370 1067 ec
1394 1033 1653 1072 humanitatem,
1672 1033 1845 1066 secundum
1863 1033 1947 1074 quod
1972 1032 2122 1066 successit
2138 1032 2253 1071 David,
2270 1036 2301 1065 et

1342 1087 1411 1120 ideo
1434 1087 1497 1129 agit
1520 1087 1558 1119 de
1582 1086 1734 1119 descensu
1759 1086 1827 1118 eius
1850 1086 1888 1118 ad
1913 1090 2038 1118 nostrae
2063 1085 2165 1118 carnis
2197 1094 2301 1118 susce-

1343 1141 1490 1182 ptionem.
1528 1141 1564 1172 Et
1598 1140 1671 1181 quia
1706 1140 1784 1172 haec
1823 1140 1882 1172 fuit
1918 1139 2019 1181 primo
2056 1138 2210 1181 promissa
2244 1138 2301 1180 ipsi

1343 1194 1508 1226 Abrahae⁷
1532 1197 1563 1225 et
1587 1193 1777 1235 repromissa
1800 1193 1858 1234 ipsi
1883 1192 1998 1231 David,
2027 1192 2096 1225 ideo
2120 1192 2228 1234 incipit
2251 1200 2303 1233 ge·
2350 1209 2352 1211 ·

1342 1247 1513 1289 nealogiam
1532 1246 1700 1279 Salvatoris
1715 1246 1754 1278 ab
1771 1246 1925 1278 Abraham
1942 1245 2156 1278 descendendo
2173 1254 2228 1287 per
2243 1245 2303 1277 Da-

1342 1300 1395 1332 vid
1418 1303 1449 1332 et
1473 1299 1685 1337 Salomonem,
1711 1299 1764 1341 qui
1788 1298 1937 1331 successit
1953 1299 1980 1331 ei
1998 1299 2029 1331 in
2046 1308 2151 1341 regno.
2171 1318 2211 1322 —
2229 1299 2303 1331 Hinc
2320 1303 2471 1325 Corollarium‘

1343 1356 1389 1386 est
1413 1353 1505 1385 etiam
1518 1379 1525 1391 ,
1550 1352 1635 1394 quod
1654 1351 1869 1384 descendendo
1886 1352 1986 1384 solum
2011 1352 2241 1395 quadrayiuta
2256 1352 2303 1384 in-
2315 1357 2469 1404 Gsssseeffissffi'

1343 1406 1510 1439 termedias
1533 1405 1750 1447 generationes
1774 1405 1877 1446 ponit;
1902 1405 1975 1447 quia
2000 1414 2055 1447 per
2080 1405 2168 1438 illum
2193 1414 2303 1439 nume·
2323 1410 2457 1431 ”ameum-

1343 1468 1415 1503 rum
1439 1459 1629 1491 universitas
1642 1452 1799 1500 >temporis
1815 1458 2007 1500 designatur,
2029 1459 2202 1492 secundum
2219 1459 2303 1501 quod

1342 1513 1417 1545 dicit
1448 1511 1640 1554 Augustinus
1664 1511 1693 1543 in
1720 1511 1800 1543 libro
1823 1511 1861 1543 de
1893 1511 2064 1544 Concordia
2096 1512 2304 1554 Evangelista-

1344 1574 1415 1597 rum
1430 1564 1457 1603 ⁸3
1475 1568 1644 1606 generatur
1669 1564 1766 1602 enim,
1784 1564 1808 1596 si
1833 1564 1982 1597 denarius
1998 1564 2133 1597 ducatur
2154 1574 2210 1606 per
2223 1574 2304 1606 qua-

1343 1617 1528 1650 ternarium.
1555 1617 1609 1649 Vel
1634 1617 1806 1650 secundum
1831 1617 1928 1649 allum
1950 1617 2301 1659 modum-computandi

1343 1670 1574 1714 quadraginta
1591 1670 1695 1707 duas,
1712 1670 1885 1703 secundum
1904 1670 2112 1712 quadraginta
2126 1670 2205 1704 duas
2220 1680 2305 1703 man-

1344 1724 1446 1756 siones
1469 1723 1607 1756 tiliorum
1624 1723 1735 1762 lsrael,
1756 1723 1967 1756 Numerorum
1985 1723 2144 1766 trigesimo
2169 1724 2261 1756 tertio
2274 1724 2303 1763 ⁹;

390 1916 397 1930 ¹
418 1916 469 1942 Cir.
489 1917 505 1941 l.
525 1915 585 1941 Cor.
606 1915 653 1945 14,
668 1915 710 1940 34.
723 1922 778 1947 seq.
791 1924 796 1940 ε
816 1915 935 1940 Mulieres
949 1914 973 1939 in
988 1914 1104 1939 ecclesiis
1118 1916 1219 1939 taceant
1231 1917 1280 1938 etc.

388 1959 399 1974 ²
420 1961 498 1992 Epist.
519 1961 536 1985 1.
556 1960 614 1986 Cor.
637 1960 678 1992 11,
698 1961 723 1984 8.
743 1974 777 1977 —
797 1959 920 1992 Sequitur
939 1960 956 1984 1.
978 1959 1046 1984 Τιιιι.
1067 1960 1097 1988 2,
1118 1958 1159 1983 14.

388 2004 399 2019 ³
421 2004 493 2031 Vers.
512 2005 537 2030 5.
563 2012 638 2037 seqq.
665 2007 690 2029 et
715 2004 792 2029 Marc.
820 2004 842 2035 1,
871 2004 894 2028 t.
920 2011 994 2036 seqq.
1014 2017 1049 2022 —
1069 2003 1196 2035 Superius
1221 2003 1279 2028 Vat.

314 2051 412 2076 omittit
431 2049 501 2076 unde
520 2053 545 2075 et
565 2049 678 2075 subinde
697 2056 746 2080 pro
765 2050 795 2074 nt
813 2047 849 2074 sic
867 2047 1000 2074 substituit
1018 2054 1067 2074 nec
1085 2047 1123 2081 fit.

386 2093 398 2108 ⁴
418 2095 454 2120 De
474 2093 641 2125 mulieribus,
654 2100 723 2126 quae
736 2093 848 2125 figuram
869 2095 1007 2124 gesserunt
1020 2092 1126 2124 Mariae,
1139 2093 1186 2117 cfr.
1199 2098 1279 2123 supra

317 2146 338 2165 c.
364 2141 384 2164 1.
404 2147 429 2164 ιι.
448 2139 491 2164 70.
512 2139 535 2163 ιιι
558 2139 608 2163 tine
628 2130 685 2168 (ubi
710 2138 743 2164 de
770 2138 870 2170 Esther)
897 2141 921 2162 et
946 2145 971 2162 n.
997 2136 1039 2162 79.
1067 2136 1123 2169 (ubi
1144 2136 1177 2162 de
1197 2136 1279 2167 lahel,

317 2184 400 2214 Ruth,
419 2183 533 2215 Abigail,
549 2183 652 2216 iudith).
666 2183 750 2214 Beda,
765 2184 781 2208 1.
801 2183 825 2208 ιιι
841 2183 927 2208 Matth.
949 2183 971 2214 1,
993 2183 1021 2213 3,
1041 2182 1130 2213 (locet,
1151 2182 1278 2213 Thamar,

318 2227 408 2253 Rahab
427 2231 452 2253 et
470 2228 538 2252 Ruth
554 2225 706 2259 *significare
726 2227 875 2253 Ecclesiam.

389 2270 399 2284 ⁶
421 2272 493 2297 Vcrs.
515 2272 556 2297 16.

389 2313 400 2329 ⁸
420 2316 505 2341 Matth.
527 2317 550 2346 1,
574 2317 613 2341 16.
633 2315 683 2342 Ctr.
703 2315 788 2347 Beda,
807 2317 824 2341 1.
844 2316 869 2341 ιιι
890 2317 951 2342 Luc.
966 2317 996 2347 3,
1011 2317 1053 2342 23.
1067 2323 1157 2349 seqq,
1170 2316 1215 2349 qui
1230 2323 1278 2348 pro

320 2362 368 2386 hoc
387 2361 457 2385 affert
478 2359 558 2385 verba
585 2360 706 2386 AtrIcani.
727 2360 793 2386 Vide
812 2361 889 2386 etiam
910 2361 1029 2392 llIeron.,
1049 2362 1066 2387 1.
1085 2360 1232 2387 Comment.
1251 2360 1278 2386 ιιι

319 2405 405 2430 Matth.
423 2402 446 2436 1,“
459 2404 506 2434 16,
520 2403 565 2429 ubi
578 2404 656 2430 dicit:
678 2405 762 2436 Super
782 2406 830 2430 hoc
850 2408 875 2430 et
894 2405 1029 2431 Africanus
1049 2409 1198 2438 temporum
1219 2405 1279 2431 scri-

319 2452 378 2481 ptor
397 2452 422 2474 et
441 2448 568 2474 Eusebius
586 2448 762 2474 Caesariensis
782 2449 807 2474 in
822 2449 894 2474 libris
908 2448 1044 2483 διαφωνίας
1058 2447 1213 2483 εὒαγγελὶων
1228 2450 1279 2482 ple-

319 2493 379 2518 nius
403 2492 577 2524 disputarunt.
596 2506 629 2510 —
650 2493 756 2518 interius
780 2492 891 2518 vocibus
916 2500 964 2526 per
990 2493 1100 2520 Nathan
1120 2494 1140 2519 D
1159 2493 1280 2526 praefigit

320 2545 336 2562 a
356 2536 452 2563 David.

393 2579 402 2594 ⁷
421 2580 472 2607 Cir.
493 2581 556 2606 Gen.
578 2581 624 2613 12,
644 2582 676 2612 3,
698 2582 745 2611 18,
766 2582 807 2606 18.
827 2584 852 2607 ει
872 2582 919 2613 22,
940 2583 981 2607 18.
1011 2583 1047 2607 De
1076 2583 1280 2615 repromissione

321 2627 384 2652 tacta
404 2626 487 2651 David
508 2626 552 2650 cfr.
573 2626 599 2650 ll.
619 2625 682 2656 neg.
702 2625 732 2655 7,
754 2626 794 2650 l2.
814 2633 888 2658 seqq.

392 2668 402 2683 ⁸
423 2670 491 2695 Libr.
512 2671 539 2695 ll.
558 2677 581 2695 c.
601 2669 625 2694 4.
645 2677 670 2694 n.
689 2671 721 2694 8:
750 2671 831 2695 Acute
859 2670 958 2703 qqupe
987 2671 1201 2697 animadversum
1228 2675 1281 2703 est,

323 2716 494 2744 Mantineam,
514 2714 558 2747 qui
578 2713 681 2747 regiam
703 2714 726 2739 in
746 2714 848 2740 Christo
874 2715 1018 2740 instituerat
1043 2715 1175 2741 insinuare
1195 2723 1282 2747 perso-

322 2766 396 2791 nam,
416 2761 525 2790 excepto
544 2758 602 2790 ipso
622 2757 737 2788 Christo,
756 2758 928 2790 quadraginta
956 2759 1075 2784 homines
1094 2759 1119 2784 in
1140 2760 1282 2790 generatio-

322 2811 384 2829 num
405 2803 471 2828 serie
491 2803 648 2828 nominasse.
669 2803 797 2828 ¹Numerus
816 2806 903 2828 autem
925 2803 970 2828 iste
991 2803 1052 2828 illud
1067 2807 1171 2835 tempus
1184 2804 1283 2835 signiti-

322 2851 376 2877 ςειι,
396 2855 449 2880 quo
471 2848 494 2872 in
515 2849 563 2872 hoc
583 2847 686 2872 saeculo
715 2851 740 2872 et
769 2847 793 2872 iu
824 2849 871 2872 hae
901 2851 966 2872 terra
993 2847 1052 2881 regi
1075 2855 1122 2873 nos
1140 2851 1243 2880 oportet
1268 2855 1282 2873 a

321 2892 422 2917 Christo
442 2891 587 2916 secundum
608 2891 773 2923 disciplinam
793 2891 965 2922 laboriosam,
986 2898 1038 2924 qua
1058 2884 1181 2925 flagellat
1199 2893 1282 2922 Deus;

324 2940 350 2962 ιιι
370 2937 496 2968 scriptum
517 2940 556 2961 est
575 2935 668 2969 [Hebr.
690 2936 736 2966 12,
758 2935 809 2969 6.],
829 2942 935 2962 omnem
954 2935 1056 2969 filium,
1078 2943 1155 2969 quem
1176 2936 1282 2969 recipit,

322 2981 355 3006 ‹le
374 2988 424 3013 qua
446 2980 508 3005 dicit
527 2980 665 3012 Apostolus
685 2979 754 3013 [Act.
778 2980 822 3010 14,
844 2979 911 3013 21.],
932 2987 978 3011 per
998 2980 1189 3005 tribulationem
1209 2987 1285 3012 opor-

324 3030 376 3051 tere
396 3033 443 3050 nos
464 3025 559 3050 intrare
579 3025 602 3049 in
624 3032 734 3056 regnum
757 3025 800 3049 Dei
822 3027 870 3049 etc.
892 3024 955 3049 lbid.
975 3032 1000 3049 n.
1021 3025 1045 3049 9.
1065 3025 1192 3055 ostendit,
1215 3026 1284 3050 liunc

322 3077 460 3095 numerum
481 3070 646 3101 significare:
668 3069 705 3094 1.“
725 3068 892 3095 laboriosum
917 3070 1021 3102 tompus
1048 3069 1116 3094 vitae
1140 3069 1285 3100 praesentis

322 3123 351 3140 ‹zx
372 3122 417 3145 eo,
436 3115 507 3147 quod
529 3115 644 3146 Moyses,
674 3114 740 3140 Elias
759 3117 783 3139 et
803 3113 920 3139 Christus
939 3113 1117 3146 quadragenis
1136 3113 1231 3139 diebus
1250 3113 1284 3138 ie-

323 3160 494 3189 iunaverunt;
519 3160 557 3184 2.⁰
577 3158 663 3192 ipsam
692 3158 868 3192 temporalem
898 3158 976 3184 ritum
998 3162 1195 3191 terrenamque,
1222 3158 1285 3190 quia

326 3214 338 3226 α
351 3207 376 3229 ει
395 3208 512 3235 tempora
527 3211 656 3229 annorum
670 3203 868 3236 quadripartitis
882 3202 985 3229 vicibus
998 3206 1117 3233 currunt,
1131 3206 1156 3228 et
1169 3202 1284 3228 mundus

324 3249 379 3279 ipse
398 3252 510 3281 quatuor
535 3248 653 3279 partibus
683 3247 812 3281 [Oriente,
842 3248 982 3273 Occidente
1010 3247 1076 3281 etc.]
1103 3247 1282 3273 terminatur...

324 3292 499 3324 Quadraginta
520 3296 606 3318 autem
627 3296 720 3325 quater
739 3292 836 3318 habent
855 3292 951 3318 decem.
972 3292 1051 3317 Porro
1072 3292 1126 3324 ipsa
1147 3291 1235 3318 decem
1249 3291 1283 3317 ab

325 3344 376 3361 uno
396 3343 480 3368 usque
499 3337 532 3361 ad
552 3339 664 3369 quatuor
685 3337 869 3369 progrediente
888 3344 1000 3362 numero
1020 3340 1236 3362 consummantur
1250 3347 1274 3361 n.

395 3378 405 3392 ⁹
425 3380 499 3405 Vcrs.
521 3380 543 3405 1.
563 3387 636 3413 seqq.
656 3380 706 3406 Ct'r.
727 3381 849 3413 Origen.,
871 3381 962 3407 Homil.
983 3381 1024 3406 27.
1046 3381 1069 3406 in
1090 3382 1166 3406 Num.
1180 3389 1205 3406 n.
1221 3382 1244 3406 3.
1259 3384 1283 3406 et

327 3424 443 3456 Hieron„
463 3424 541 3455 Epist.
560 3424 603 3448 78.
624 3424 697 3455 (alias
722 3425 789 3458 l27.)
810 3432 835 3450 ιι.
858 3426 886 3455 2,
908 3424 950 3450 ubi
972 3428 1074 3450 notatur
1095 3426 1140 3451 lias
1159 3425 1187 3450 12
1202 3432 1281 3457 gene-

1344 1912 1457 1938 rationes
1477 1912 1684 1944 correspondere
1703 1912 1736 1937 42
1757 1911 1938 1937 mansionibus
1952 1911 2130 1938 Hebraeorum
2152 1912 2176 1937 in
2191 1912 2304 1938 deserto.

1344 1970 1379 1976 —
1398 1957 1443 1982 Hic
1463 1956 1559 1982 modus
1577 1956 1748 1988 computandi
1768 1957 1890 1982 fundatur
1915 1956 1942 1982 in
1968 1957 2054 1982 Matth.
2081 1957 2099 1988 l,
2124 1956 2168 1987 17,
2188 1955 2233 1982 ubi
2253 1959 2306 1982 tres

1344 2001 1541 2033 distinguuntur
1569 2001 1768 2032 generationum
1797 2000 1911 2032 articuli,
1930 2008 2044 2034 quorum
2064 2000 2173 2033 quilibet
2191 2001 2306 2027 continet

1343 2044 1542 2078 quatuordecim
1562 2044 1744 2076 generationes
1764 2045 2026 2077 (tessaradecadem),
2045 2045 2098 2070 scil.
2119 2044 2153 2070 ab
2172 2044 2304 2070 Abraham

1343 2096 1428 2123 usque
1447 2089 1480 2115 ad
1501 2089 1598 2121 David,
1619 2096 1633 2114 a
1653 2089 1738 2115 David
1757 2096 1842 2122 usque
1861 2089 1893 2115 ad
1913 2090 2169 2121 transmigrationem
2198 2089 2306 2121 Babylo-

1343 2134 1383 2159 nis
1404 2134 1447 2167 (ad
1468 2133 1625 2165 lechoniam)
1645 2136 1671 2159 et
1689 2140 1703 2158 a
1723 2134 1949 2165 transmigratione
1969 2134 2109 2166 Babylonis
2129 2135 2154 2166 (a
2175 2134 2303 2167 lechonia)

1343 2185 1428 2211 usque
1452 2177 1486 2203 ad
1514 2177 1654 2204 Christum.
1680 2177 1781 2210 Quibus
1809 2178 1908 2209 relatis,
1928 2179 2053 2210 August„
2072 2179 2099 2204 ll.
2118 2178 2152 2204 de
2170 2177 2305 2204 Consensu

1343 2223 1500 2255 Evangelist.
1530 2229 1553 2248 c.
1583 2222 1606 2248 4.
1633 2230 1659 2248 n.
1689 2222 1736 2252 to,
1759 2222 1848 2248 addit:
1873 2232 1885 2245 «x
1898 2223 1954 2248 Non
1974 2226 2060 2249 tamen
2079 2230 2123 2249 eas
2142 2223 2214 2249 duxit
2233 2222 2306 2257 [Mat-

1343 2266 1448 2301 thaeus]
1468 2267 1496 2292 in
1515 2273 1661 2298 summam,
1681 2269 1709 2292 ut
1721 2266 1836 2292 diceret:
1849 2266 1925 2292 Fiunt
1937 2274 2029 2293 omnes
2042 2267 2215 2300 quadraginta
2228 2268 2305 2293 duae.

1342 2313 1415 2338 Unus
1433 2312 1533 2345 quippe
1552 2312 1577 2337 in
1598 2311 1644 2337 illis
1663 2311 1912 2343 progeneratoribus
1931 2311 1971 2337 bis
1989 2316 2156 2344 numeratur,
2176 2312 2202 2338 id
2221 2316 2260 2338 est
2272 2313 2306 2338 le-

1342 2357 1463 2387 chonias,
1483 2364 1498 2382 a
1517 2363 1571 2390 quo
1591 2357 1656 2382 sacta
1676 2359 1715 2381 est
1734 2355 1864 2388 quaedam
1886 2356 1909 2381 in
1930 2359 2065 2382 extraneas
2078 2360 2168 2388 gentes
2181 2357 2305 2388 deflexio,

1342 2401 1449 2435 quando
1470 2401 1494 2426 in
1514 2396 1684 2432 Babyloniam
1713 2400 1927 2432 transmigratum
1955 2404 2003 2426 est.
2024 2400 2073 2426 Ubi
2093 2404 2180 2426 autem
2199 2402 2265 2427 ordo
2291 2409 2304 2426 a

1341 2446 1498 2472 rectitudine
1516 2446 1627 2471 flectitur
1646 2448 1733 2478 atque,
1747 2448 1775 2470 ut
1787 2448 1829 2470 eat
1842 2445 1866 2470 in
1879 2445 2024 2477 diversum,
2039 2448 2164 2478 tanquam
2178 2447 2304 2478 angulum

1344 2491 1419 2522 sacit5
1440 2491 1503 2516 illud
1522 2490 1595 2523 quod
1615 2490 1639 2515 in
1659 2490 1755 2522 angulo
1775 2493 1826 2521 est,
1846 2489 1888 2515 bis
1907 2493 2075 2520 numeratur,
2095 2490 2120 2515 in
2140 2490 2190 2515 tine
2209 2490 2306 2516 scilieet

1343 2536 1439 2568 prioris
1458 2535 1557 2562 ordinis
1577 2538 1602 2561 et
1621 2536 1647 2560 in
1666 2535 1751 2567 capite
1771 2535 1853 2567 ipsius
1873 2534 2033 2560 deflexionis.
2047 2535 2076 2560 Et
2090 2535 2139 2560 hoc
2153 2535 2239 2566 ipsum
2252 2535 2305 2561 iam

1344 2580 1553 2613 praefigurabat,
1581 2580 1713 2606 Christum
1733 2587 1747 2605 a
1767 2579 1967 2606 circumcisione
1986 2579 2019 2605 ad
2038 2579 2206 2611 praeputium
2227 2578 2305 2613 [Eph.

1345 2627 1375 2657 2,
1400 2625 1456 2659 tt]
1485 2629 1609 2658 tanquam
1635 2633 1649 2650 a
1681 2625 1818 2651 lerusalem
1839 2625 1871 2650 ad
1891 2623 2061 2656 Babyloniam
2090 2624 2205 2657 quodam
2225 2625 2306 2651 modo

1346 2670 1521 2702 migraturum
1541 2673 1566 2695 et
1585 2670 1644 2696 hinc
1663 2673 1743 2703 atque
1762 2670 1823 2695 hinc
1842 2670 1959 2702 utrisque
1980 2669 2005 2694 in
2024 2676 2052 2695 se
2072 2668 2241 2695 credentibus
2254 2673 2306 2695 tan-

1346 2722 1426 2747 quam
1446 2714 1559 2747 lapidem
1580 2715 1733 2746 angularem
1755 2716 1870 2740 suturum
1891 2713 1946 2748 [Ps.
1967 2714 2031 2745 117,
2052 2715 2102 2745 22;
2122 2714 2178 2739 lsai.
2198 2714 2306 2746 28,16;

1346 2760 1432 2785 Mattli.
1453 2760 1495 2790 21,
1516 2759 1568 2790 42;
1588 2760 1644 2784 Act.
1664 2759 1694 2790 4,
1715 2759 1756 2784 11.
1776 2762 1801 2784 et
1820 2760 1837 2784 1.
1857 2759 1923 2784 Petr.
1944 2760 1973 2791 2,
1993 2759 2018 2784 6.
2038 2757 2123 2792 seqq]
2138 2768 2163 2783 n.
2189 2758 2307 2784 Subinde

1347 2803 1482 2835 adiungit:
1505 2813 1518 2826 ιι
1532 2803 1574 2829 Sic
1593 2811 1658 2835 crgo
1676 2804 1729 2829 iam
1749 2811 1802 2829 non
1821 2803 1994 2836 quadraginta
2016 2803 2098 2834 duae,
2117 2803 2188 2836 quod
2212 2803 2308 2828 faciunt

1347 2850 1385 2872 ter
1398 2847 1607 2879 quatuordecim,
1621 2847 1667 2873 sed
1681 2851 1789 2879 propter
1800 2855 1881 2873 unum
1893 2847 1934 2873 bis
1944 2851 2109 2873 numeratum
2124 2846 2307 2881 quadr-affinia

1347 2898 1404 2917 una
1432 2891 1615 2922 generationes
1643 2891 1722 2922 flunt,
1743 2892 1763 2917 si
1784 2895 1808 2916 et
1828 2892 1913 2923 ipsum
1933 2891 2064 2918 Christum
2088 2898 2306 2921 annumeremus,

1347 2935 1392 2968 qui
1413 2935 1472 2960 huit·
1492 2935 1623 2966 regendae
1643 2935 1711 2960 vitae
1730 2939 1835 2961 nostrae
1854 2936 1989 2968 temporali
2010 2939 2088 2969 atque
2109 2940 2241 2966 terrenae,
2256 2939 2307 2961 tan-

1346 2986 1426 3011 quam
1446 2985 1556 3004 numero
1575 2979 1784 3011 quadragenario
1803 2980 1924 3011 regaliter
1943 2981 2074 3012 praesidet
2088 2991 2113 3006 n.
2128 2994 2163 2999 —
2176 2980 2225 3005 l‘ro
2238 2987 2307 3005 com-

1348 3023 1442 3054 plendo
1469 3029 1578 3048 numero
1607 3023 1805 3053 generationum
1835 3023 2020 3056 quadraginta
2042 3023 2162 3050 duarum
2182 3024 2307 3054 Hilarius,

1347 3066 1494 3093 Comment.
1510 3067 1535 3091 in
1551 3067 1637 3092 Mattli.
1657 3074 1678 3092 c.
1701 3067 1724 3092 l.
1743 3074 1768 3092 n.
1791 3068 1821 3097 2,
1841 3067 1951 3093 recurrit
1969 3060 2000 3093 ad
2017 3067 2149 3101 duplicem
2162 3068 2308 3100 generatio-

1348 3119 1407 3137 nem
1427 3111 1534 3142 Christi,
1554 3113 1684 3136 aeternam
1705 3111 1759 3136 scil.
1779 3114 1804 3136 et
1823 3112 2003 3143 temporalem.
2016 3125 2051 3130 —
2065 3111 2200 3142 Ambros.‚
2221 3113 2257 3137 lll.
2282 3111 2306 3137 in

1348 3157 1409 3182 Luc.
1428 3163 1453 3181 n.
1476 3155 1523 3187 46;
1543 3156 1664 3186 llieron.,
1677 3154 1821 3181 Comment.
1837 3155 1862 3180 in
1882 3155 1944 3180 Dan.
1966 3156 1988 3187 1,
2013 3156 2033 3180 1.
2047 3159 2072 3181 et
2084 3156 2100 3180 l.
2120 3156 2264 3181 Comment.
2282 3156 2307 3181 in

1348 3201 1434 3226 Mattli.
1459 3202 1479 3232 1,
1500 3201 1541 3226 12.
1561 3208 1648 3233 seqq,
1669 3203 1786 3232 censent,
1806 3200 1874 3225 duos
1895 3199 1974 3225 fuisse
1993 3200 2139 3230 leclionias,
2152 3200 2248 3225 scilicet
2262 3207 2308 3232 pa-

1348 3248 1428 3276 trem,
1447 3245 1492 3278 qui
1513 3245 1609 3271 loakim
1630 3244 1701 3277 apud
1721 3243 1854 3270 Hebraeos
1872 3244 2035 3274 nominatur,
2049 3243 2112 3269 etin
2126 3251 2179 3276 quo
2193 3244 2308 3269 secunda

1348 3290 1525 3316 tessaradecas
1551 3289 1658 3322 desinit,
1679 3289 1818 3321 etlilium,
1848 3288 1892 3321 qui
1914 3287 2039 3313 Hebraice
2067 3287 2161 3313 dicitur
2189 3289 2307 3319 loacliin‚

1347 3343 1360 3360 a
1385 3342 1438 3368 quo
1467 3335 1540 3360 tertia
1571 3334 1747 3360 tessaradecas
1777 3333 1877 3358 initium
1907 3332 1994 3358 sumit.
2015 3332 2126 3357 Domum
2147 3333 2306 3363 notandum,

1347 3380 1418 3413 quod
1439 3380 1464 3405 in
1485 3379 1569 3412 prima
1596 3378 1794 3404 tessaradecade
1815 3377 1948 3409 generatio
1968 3376 2087 3401 Abrahae
2107 3380 2134 3402 ut
2154 3380 2210 3402 nota
2233 3384 2307 3409 prac-

1347 3425 1513 3457 supponitur.
