2427 3872
341 295 403 326 692

593 334 657 360 CHR
677 333 715 366 (6)

338 377 642 408 Christum'credebant,
661 376 864 406 confitebantur,
883 382 973 407 seque-

339 426 432 450 bantur
451 424 502 449 595
522 430 547 448 v.
569 422 601 447 17
628 436 662 439 -
688 420 823 446 Multitudo
852 420 973 445 assistens

338 467 522 495 testificabatur
552 466 712 491 sanctitatem
742 467 767 489 et
798 463 972 489 innocentiam

338 513 420 545 ipsius
438 512 481 536 Vll
502 511 551 535 100
573 510 605 535 46

390 571 423 574 -
443 555 528 587 Aliqui
548 553 668 579 haeretici
688 553 744 578 ausi
764 554 824 578 sunt
841 558 870 577 se
884 551 973 577 dicere

337 601 466 627 Christum
487 599 530 624 Vll
550 598 599 623 439
621 597 653 622 40
672 610 708 616 —-
727 597 858 628 Tempore
879 595 972 622 excidii

337 645 553 675 lerosolymorum
574 642 646 668 multi
665 648 693 667 se
712 640 833 667 dicebant
857 640 973 666 Christos

338 689 389 714 525
412 688 442 713 14

392 747 424 750 -
444 732 494 764 1051
513 730 706 757 concordabant
724 731 775 755 Lex
791 733 816 755 et
828 730 972 761 Prophetae

338 778 380 802 Vll
400 776 450 802 234
471 776 504 801 53
523 789 558 795 -
578 775 611 801 ad
639 774 769 800 Christum
795 773 973 805 principaliter

338 820 434 847 habent
447 823 597 851 respectum
611 826 703 844 omnes
716 818 865 850 Scripturae
877 820 902 843 et
915 824 974 849 pro-

338 865 440 898 phetiae
459 864 510 889 595
525 863 558 889 34
577 878 612 882 —
631 863 671 888 Ad
683 862 814 888 Christum
829 865 857 887 ut
868 862 902 887 ad
915 868 973 893 pro-

339 909 497 942 pitiatorium
518 908 662 939 respiciunt
675 907 728 932 duo
743 909 894 932 testamenta
909 905 970 932 ibid.

338 968 372 972 -—
396 953 431 978 De
459 952 561 978 Christo
589 952 630 977 vel
658 955 765 983 propter
792 951 879 983 ipsum
905 950 973 975 dicta

337 1000 396 1023 sunt
414 997 516 1027 omnia,
535 1003 603 1029 quae
631 996 656 1021 in
682 995 823 1027 Scripturis
842 995 973 1020 continen-

338 1044 379 1067 tur
398 1041 448 1066 596
478 1040 511 1066 34
530 1054 564 1059 -
584 1040 712 1072 figuratur
740 1040 764 1064 in
794 1039 874 1068 veteri
900 1042 974 1064 testa-

338 1089 425 1111 mento
445 1084 506 1111 ibid.
524 1098 560 1103 —
578 1084 617 1109 Ad
637 1083 768 1109 Christum
793 1086 921 1116 quantum
940 1083 974 1109 ad

337 1132 416 1161 caput
434 1132 459 1154 et
486 1132 612 1161 quantum
642 1128 676 1154 ad
703 1135 801 1160 corpus
827 1129 975 1153 referuntur

338 1173 512 1206 principaliter
531 1172 653 1204 mysteria
668 1172 861 1204 Scripturarum
875 1173 922 1197 60l
941 1172 974 1197 59

390 1232 425 1237 —
443 1217 610 1249 cognoscitur
630 1224 677 1249 per
701 1216 796 1242 librum
826 1217 975 1248 Scripturae

338 1262 381 1288 vn
395 1262 446 1287 470
456 1262 490 1287 60
501 1275 535 1281 --
548 1261 715 1293 cognoscitur
726 1262 750 1286 in
761 1261 849 1287 medio
861 1261 975 1286 duorum

338 1309 552 1332 testamentorum
583 1306 615 1331 Vl
639 1305 684 1331 541
709 1306 726 1331 7
745 1319 780 1325 -—
799 1305 902 1331 medius
927 1305 976 1330 exi-

338 1354 408 1377 stens
427 1351 493 1376 inter
512 1354 588 1376 vetus
616 1354 641 1375 et
668 1357 768 1375 novum
791 1353 975 1376 testamentum

339 1398 480 1427 utrumque
499 1394 631 1420 ordinavit
649 1398 675 1419 ct
691 1395 827 1427 utriusque
839 1394 975 1420 veritatem

338 1440 459 1471 patefecit
472 1439 518 1465 541
536 1439 552 1464 7
572 1454 606 1457 —
625 1439 696 1464 solus
710 1442 796 1470 potest
807 1437 937 1470 explicare
948 1439 976 1464 li-

340 1483 402 1509 bros
415 1484 604 1515 Prophetarum
619 1483 661 1508 Vll
676 1483 708 1508 97
724 1483 757 1508 34
770 1497 805 1514 ÷
818 1483 923 1515 exponit
932 1483 976 1509 do-

339 1528 449 1553 ctrinam
469 1527 596 1553 librorum
610 1528 705 1553 veteris
717 1531 742 1552 et
756 1528 817 1552 novi
831 1527 975 1553 testamenti

340 1573 386 1598 601
411 1572 443 1597 58
463 1587 498 1590 -
517 1572 620 1604 3001011
638 1579 743 1597 5005010
757 1572 916 1604 Scripturae,
930 1572 976 1605 qui

340 1617 410 1642 solus
429 1616 507 1642 habet
527 1617 627 1642 clavem
647 1615 708 1642 ibid.
728 1630 763 1636 —
781 1624 833 1642 non
853 1617 977 1649 dedigna-

341 1665 382 1686 tur
401 1661 437 1686 uti
457 1661 605 1692 scripturae
624 1661 772 1686 testimonio
788 1664 813 1686 et
826 1661 978 1686 auctoritate

342 1706 375 1730 97
395 1705 428 1730 34
447 1719 482 1724 —
500 1705 627 1736 ostendit,
647 1705 718 1737 quod
746 1706 802 1737 ipse
821 1709 860 1731 est
879 1706 925 1738 qui
945 1707 978 1731 lo-

342 1753 417 1775 cutus
436 1753 476 1775 est
495 1750 519 1775 in
539 1751 608 1782 Lege
621 1753 645 1775 et
658 1750 683 1775 in
697 1750 846 1781 Prophetis,
860 1753 885 1775 et
898 1758 977 1783 quem

343 1794 392 1819 Lex
411 1797 436 1819 et
456 1794 599 1825 Prophetae
618 1794 795 1826 0101015010111
814 1794 865 1820 234
885 1794 918 1819 53

394 1852 429 1856 -
457 1841 495 1863 051
522 1837 654 1864 obiectum
682 1839 742 1864 fidei
774 1841 799 1864 et
830 1838 977 1864 subiectum

342 1883 474 1914 Evangelii
493 1882 544 1907 sub
563 1882 661 1908 ratione
690 1883 841 1908 mediatoris
862 1888 887 1908 et
906 1890 978 1914 prae-

343 1926 465 1952 dicatoris
493 1929 518 1951 et
546 1927 703 1958 reparatoris
730 1930 756 1952 et
782 1927 979 1958 triumphatoris

343 1971 386 1996 Vll
407 1971 422 1995 5
443 1970 484 1996 17.
513 1971 528 1995 6
558 1971 600 2003 21,
630 1971 672 2001 23,
692 1971 725 1996 24
746 1985 779 1989 -
798 1971 822 1996 10
843 1972 978 2003 Prophetis

342 2015 537 2047 praenuntiatur
556 2015 700 2040 secundum
721 2015 874 2047 dignitatem
894 2016 978 2047 regni,

343 2059 483 2096 magisterii
502 2062 527 2084 et
546 2060 682 2085 sacerdotii
708 2062 733 2084 et
757 2060 903 2085 secundum
923 2067 978 2092 per-

343 2104 479 2128 fectionem
508 2103 625 2134 virtutis,
654 2104 769 2129 veritatis
800 2107 825 2130 et
856 2104 978 2131 bonitatis

341 2147 391 2173 468
411 2147 445 2173 54
463 2162 498 2166 —
517 2148 625 2179 Omnia,
653 2155 722 2181 quae
746 2149 843 2180 scripta
867 2152 927 2175 sunt
952 2149 977 2175 in

340 2192 420 2217 veteri
442 2195 610 2223 testamento,
634 2193 812 2219 testimonium
840 2193 978 2226 perhibent

339 2236 441 2262 Christo
470 2240 593 2269 tanquam
621 2237 836 2263 excellentissimo
865 2238 977 2270 impera-

340 2281 402 2310 tori,
421 2281 521 2306 doctori
535 2284 560 2306 et
573 2281 688 2313 pontifici
708 2282 754 2306 601
774 2282 807 2307 57
820 2296 855 2301 -
869 2283 894 2307 ln
908 2282 977 2308 Chri-

340 2328 378 2350 sto
398 2325 483 2358 omnia
504 2325 607 2356 impleta
628 2328 689 2351 sunt
714 2325 776 2352 ibid.

393 2383 426 2387 -—
456 2370 480 2394 ln
510 2369 611 2395 Christo
639 2370 743 2402 impleta
776 2374 815 2396 est
843 2371 977 2403 Scriptura

340 2413 427 2446 quoad
447 2421 477 2439 ea
496 2421 564 2446 quae
583 2414 617 2439 de
635 2415 692 2446 ipso
712 2415 842 2446 praedicta
860 2420 921 2441 sunt
935 2416 976 2441 Vll

342 2458 374 2482 99
397 2457 429 2483 45
450 2472 482 2476 —
496 2458 615 2490 implevit
627 2465 732 2484 omnem
747 2460 908 2491 scripturam
925 2461 978 2485 fun-

340 2501 428 2527 dendo
448 2501 492 2527 Dei
506 2502 641 2527 veritatem
656 2501 716 2528 ibid.
729 2516 764 2522 —
777 2503 897 2535 implevit
911 2505 978 2529 Scri-

341 2549 445 2577 pturam
474 2546 590 2571 faciendo
613 2546 724 2579 aliquid,
743 2547 801 2573 licet
819 2555 870 2573 non
891 2549 979 2574 feccrit

342 2593 450 2621 propter
469 2590 629 2622 implendam
645 2591 805 2622 Scripturam
827 2593 877 2618 506
898 2593 931 2618 56
944 2606 979 2612 -

342 2633 458 2659 exhibuit
478 2634 588 2665 gratiam
607 2638 633 2660 et
652 2635 803 2667 veritatem,
828 2643 908 2669 quam
928 2638 979 2662 Lex

343 2678 498 2708 promiserat
518 2678 549 2703 Vl
569 2678 620 2704 255
641 2679 673 2703 38
692 2693 727 2697 —-
751 2679 832 2705 verba
860 2683 886 2706 et
905 2681 978 2712 signa

344 2721 440 2746 veteris
459 2722 524 2753 legis
538 2729 619 2747 vacua
635 2722 752 2754 implevit
765 2724 873 2749 veritate
886 2727 911 2749 et
924 2732 981 2756 gra-

344 2765 376 2790 tia
398 2765 440 2799 V.¹¹
461 2765 493 2790 99
515 2765 547 2791 45
561 2780 595 2784 ——
608 2767 716 2797 perfecit
733 2770 758 2792 et
768 2767 921 2799 adimplevit
933 2769 977 2794 Le-

344 2816 404 2841 gem
425 2809 458 2834 64
478 2810 511 2834 90
531 2823 566 2829 —
585 2814 623 2835 est
643 2811 776 2842 plenitudo
789 2812 867 2843 Legis
882 2813 932 2838 173
946 2813 980 2838 36

343 2867 378 2872 -
397 2857 436 2878 051
455 2854 513 2879 finis
532 2854 608 2885 Legis
628 2854 678 2880 413
699 2855 740 2880 30.
762 2855 812 2881 470
832 2856 866 2881 60

396 2912 431 2916 --
449 2905 502 2923 non
521 2899 622 2930 accepit
641 2900 785 2925 humanum
805 2899 981 2927 testimonium

345 2945 451 2974 propter
469 2949 544 2968 suam
565 2943 733 2975 indigentiam
743 2964 749 2975 ,
762 2945 810 2970 sed
822 2946 907 2971 solum
921 2953 981 2978 pro-

345 2990 401 3017 pter
420 2987 554 3012 audientes
578 2987 610 3013 Vl
631 2988 682 3013 299
702 2989 790 3025 63—
809 2996 861 3015 non
881 2990 982 3022 indiget

345 3030 492 3056 testimonio
518 3030 552 3056 ab
571 3032 676 3057 homine
696 3036 803 3064 propter
821 3041 896 3059 suam
915 3034 983 3060 indi-

345 3074 458 3106 gentiam
468 3094 474 3105 ,
494 3075 539 3101 sed
559 3080 666 3108 propter
679 3077 788 3102 salutem
802 3081 916 3104 nostram
931 3078 981 3104 314

345 3119 378 3144 62
397 3134 432 3137 -
451 3126 500 3145 000
520 3120 619 3152 indiget
637 3121 785 3147 testimonio
807 3126 915 3154 propter
940 3123 982 3149 de-

346 3164 441 3189 sectum
461 3164 577 3190 veritatis
595 3168 620 3190 et
639 3165 703 3191 lucis
722 3166 748 3191 in
766 3173 795 3192 se
814 3167 860 3192 251
886 3167 914 3192 21

397 3222 431 3225 -
445 3207 535 3234 habuit
549 3209 724 3235 testimonium
737 3217 751 3235 a
763 3210 855 3236 loanne
868 3214 893 3236 et
907 3218 921 3236 a
933 3214 982 3237 tur-

346 3250 378 3277 ba
392 3252 425 3278 Vl
445 3252 495 3278 562
514 3254 529 3278 2
542 3267 578 3273 -
591 3253 682 3280 habuit
694 3255 871 3281 testimonium
884 3262 898 3281 a
912 3256 982 3281 loan-

345 3302 378 3321 ne
397 3296 439 3321 Vll
459 3297 511 3322 502
531 3297 546 3323 4
561 3299 716 3324 —loannes
735 3299 759 3324 ei
778 3299 851 3325 dedit
869 3299 982 3325 testimo-

347 3340 420 3365 nium
439 3344 498 3372 post
516 3341 629 3367 reditum
648 3342 682 3368 de
701 3343 804 3369 deserto
824 3344 856 3368 Vl
877 3343 928 3369 267
947 3344 981 3370 99

348 3382 375 3408 l·
394 3397 428 3402 —-—
452 3388 511 3416 post
537 3386 714 3412 testimonium
742 3387 842 3413 loannis
869 3387 926 3420 ipse
954 3395 982 3414 se

346 3428 459 3453 ostendit
478 3429 602 3455 miraculo
622 3431 672 3455 269
695 3431 704 3455 1

1197 286 1310 318 INDEX
1335 285 1462 317 RERUM

1064 387 1099 392 —-
1131 372 1222 398 habuit
1252 372 1430 398 testimonium
1461 371 1495 397 ab
1526 371 1649 397 omnibus

1011 417 1151 449 Scripturis
1170 417 1266 442 veteris
1285 416 1429 442 testamenti
1449 416 1481 441 Vl
1496 415 1548 440 315
1566 415 1600 440 67
1613 430 1648 433 —

1011 461 1101 487 habuit
1129 461 1306 486 testimonium
1326 467 1340 485 a
1361 460 1493 492 Scriptura
1519 459 1648 491 mosaica,

1011 505 1163 536 prophetica
1182 508 1208 530 et
1226 504 1391 536 evangelica,
1410 511 1423 529 3
1444 506 1562 529 creatura
1577 503 1649 529 intel-

1010 549 1126 579 lectuali,
1149 548 1269 574 rationali
1287 552 1312 573 et
1331 547 1474 573 insensibili
1495 547 1648 578 obediente,

1009 600 1024 618 a
1044 599 1156 624 persona
1175 592 1258 618 Patris
1277 595 1303 617 et
1320 592 1375 617 Filii
1394 594 1420 617 et
1432 591 1544 623 Spiritus
1557 591 1648 622 sancti,

1010 639 1036 662 et
1053 643 1068 661 a
1088 639 1139 662 tota
1160 636 1285 662 Trinitate
1313 636 1391 661 simul
1419 636 1470 661 562
1490 636 1515 667 3,
1535 635 1559 668 4,
1578 635 1594 660 5
1615 649 1649 653 -

1011 680 1202 706 Testimonium
1222 687 1270 712 per
1289 687 1368 712 opera
1388 683 1413 705 et
1432 680 1534 705 loannis
1546 682 1572 705 et
1585 679 1650 705 Scri-

1011 728 1103 757 pturae
1122 732 1173 750 non
1193 728 1249 750 erat
1267 731 1378 756 cogens,
1394 724 1439 750 sed
1453 724 1589 755 inducens,
1602 724 1649 750 sed

1010 769 1187 795 testimonium
1216 769 1298 795 Patris
1327 776 1373 801 per
1399 769 1586 794 revelationem
1611 771 1651 794 est

1010 814 1169 846 compellens
1188 814 1239 839 316
1261 814 1303 844 69,
1322 813 1351 839 71

1062 873 1097 876 -
1116 857 1219 884 Christo
1244 858 1322 884 datur
1349 858 1528 883 testimonium
1556 864 1650 883 verum

1010 906 1036 928 et
1053 905 1154 928 certum
1174 909 1188 927 a
1208 903 1283 928 Patre
1302 894 1360 928 013
1380 902 1475 928 loanne
1494 902 1527 927 Vl
1545 901 1597 927 314
1617 902 1650 927 60

1010 962 1044 965 -
1063 946 1166 972 Christo
1185 946 1322 972 exhibetur
1341 946 1518 972 testimonium
1531 946 1614 972 Patris
1626 949 1652 972 et

1011 991 1065 1016 Filii
1085 994 1111 1016 et
1130 991 1243 1023 Spiritus
1270 991 1351 1017 sancti
1381 991 1423 1016 Vll
1447 992 1481 1016 82
1501 991 1543 1016 52.
1563 991 1596 1016 84
1616 991 1649 1016 56

1012 1049 1046 1053 -
1074 1036 1148 1061 Pater
1176 1036 1324 1061 testimonio
1352 1035 1479 1066 ostendit,
1506 1042 1568 1061 eum
1594 1042 1651 1060 esse

1011 1087 1090 1105 suum
1108 1080 1200 1105 Filium
1222 1080 1254 1105 Vl
1283 1080 1334 1105 325
1360 1080 1393 1105 43
1420 1094 1455 1098 —-
1486 1080 1541 1105 Vox
1569 1080 1651 1105 Patris

1012 1124 1114 1150 Christo
1139 1124 1318 1150 testimonium
1338 1123 1472 1156 perhibuit
1491 1124 1517 1149 in
1536 1124 1650 1150 adventu

1012 1169 1069 1195 sive
1088 1169 1280 1200 incarnatione,
1297 1169 1323 1194 in
1343 1169 1466 1200 passione
1479 1171 1505 1194 et
1522 1168 1549 1194 in
1568 1175 1652 1194 resur-

1012 1214 1128 1239 rectione
1158 1213 1208 1239 418
1238 1213 1271 1239 40
1292 1227 1326 1231 -
1354 1213 1446 1239 habuit
1474 1213 1651 1239 testimonium

1013 1258 1082 1283 vitae
1101 1258 1176 1290 quasi
1202 1264 1250 1290 per
1275 1257 1364 1289 signa,
1393 1259 1478 1283 famae
1505 1257 1580 1290 quasi
1604 1264 1652 1289 per

1013 1302 1148 1332 nuntium,
1162 1302 1313 1334 Scripturae
1324 1302 1400 1335 quasi
1420 1309 1467 1334 per
1485 1302 1595 1334 litteras,
1610 1302 1653 1327 Pa-

1013 1346 1059 1372 tris
1077 1346 1152 1379 quasi
1170 1346 1248 1372 vivae
1267 1347 1340 1372 vocis
1358 1346 1410 1372 562
1431 1347 1460 1378 1,
1481 1347 1496 1371 2

1066 1405 1102 1410 -
1122 1391 1313 1417 Testimonium
1333 1391 1428 1417 Christi
1443 1392 1477 1417 de
1496 1398 1524 1417 se
1542 1398 1596 1416 0011
1615 1394 1654 1416 051

1013 1436 1070 1462 0105
1089 1436 1169 1462 501105
1189 1436 1221 1461 Vl
1243 1436 1293 1461 358
1308 1437 1350 1468 22,
1364 1436 1398 1461 24
1412 1436 1652 1469 -1Το511100111010

1013 1480 1106 1507 Christi
1127 1481 1160 1506 de
1179 1487 1207 1506 se
1225 1481 1284 1512 ipso
1313 1484 1352 1506 est
1380 1488 1473 1506 verum
1502 1483 1527 1506 et
1552 1484 1653 1506 certum

1014 1525 1065 1551 358
1085 1526 1120 1551 20
1139 1540 1174 1543 -
1194 1528 1279 1557 001051
1297 1525 1331 1551 (10
1349 1532 1378 1550 50
1398 1525 1574 1550 10511100111001
1595 1532 1654 1557 per-

1014 1569 1118 1602 hibere,
1146 1570 1208 1603 quia
1236 1570 1294 1601 ipse
1312 1572 1352 1595 est
1370 1570 1412 1596 lux
1432 1570 1483 1595 360
1503 1570 1537 1595 27
1556 1584 1591 1588 -—
1610 1570 1655 1595 dat

1014 1615 1063 1640 sibi
1078 1615 1271 1645 testimonium,
1285 1622 1359 1640 suam
1374 1615 1514 1640 ostendens
1530 1614 1653 1640 virtutem

1016 1659 1066 1685 316
1086 1659 1119 1684 68
1133 1674 1167 1677 -
1181 1666 1234 1684 000
1254 1659 1375 1691 perhibet
1388 1659 1421 1685 de
1434 1666 1462 1684 se
1475 1659 1653 1684 testimonium

1015 1703 1161 1729 secundum
1187 1705 1329 1729 humanam
1355 1706 1474 1729 naturam
1495 1704 1547 1728 360
1567 1703 1600 1729 27
1618 1718 1653 1721 -

1015 1748 1101 1773 Gloria
1121 1748 1178 1773 eius
1197 1755 1244 1779 per
1262 1748 1440 1773 testimonium
1460 1749 1598 1780 proprium
1617 1749 1654 1774 ni-

1016 1792 1050 1817 hil
1070 1795 1125 1817 erat
1143 1799 1195 1817 non
1215 1792 1362 1817 secundum
1380 1793 1530 1823 veritatem,
1549 1793 1595 1819 sed
1614 1800 1653 1818 se-

1015 1837 1132 1862 cundum
1151 1836 1359 1869 aestimationem
1380 1836 1534 1862 ludaeorum
1555 1837 1601 1862 371
1621 1837 1654 1862 85

1015 1895 1049 1899 —
1069 1881 1125 1906 eius
1144 1881 1321 1906 testimonium
1349 1881 1445 1907 dicitur
1463 1888 1514 1907 11011
1533 1888 1591 1907 0550
1609 1889 1655 1907 νο-

1014 1932 1088 1957 rum,
1107 1925 1169 1958 quia
1188 1932 1202 1950 a
1223 1926 1324 1951 ludaeis
1342 1933 1394 1951 uon
1412 1926 1527 1951 creditur
1545 1933 1603 1952 esse
1621 1928 1654 1952 ef-

1015 1969 1079 1995 ficax
1100 1969 1151 1995 314
1171 1969 1213 1995 59.
1234 1970 1284 1995 316
1300 1971 1332 1995 68
1346 1985 1381 1988 -
1394 1971 1584 1996 Testimonium
1598 1971 1655 1997 eius

1015 2021 1067 2039 non
1086 2017 1125 2039 est
1144 2015 1250 2045 efficax,
1271 2015 1293 2040 si
1311 2015 1356 2040 dat
1375 2015 1437 2041 illud
1457 2015 1528 2040 solus
1547 2015 1598 2041 314
1612 2015 1653 2040 59.

1015 2059 1065 2084 316
1086 2059 1119 2083 68
1133 2073 1166 2077 —-
1180 2059 1212 2084 ad
1233 2059 1412 2084 testimonium
1432 2066 1510 2085 suum
1530 2059 1656 2085 roboran-

1015 2103 1080 2128 dum
1098 2103 1206 2129 adducit
1225 2103 1307 2129 aliena
1325 2104 1471 2129 testimonia
1493 2104 1543 2129 316
1567 2104 1600 2129 68
1621 2118 1654 2123 -

1016 2147 1205 2173 Testimonium
1225 2147 1318 2174 Christi
1338 2151 1363 2173 01
1382 2149 1463 2174 Patris
1477 2149 1545 2174 valet
1561 2155 1655 2174 secun-

1014 2192 1079 2217 dum
1096 2192 1181 2224 ipsam
1195 2193 1292 2224 Legem
1313 2193 1364 2217 360
1385 2193 1418 2218 27
1439 2192 1467 2218 3*

1067 2251 1102 2254 —
1122 2237 1161 2262 Ad
1181 2236 1311 2263 Christum
1332 2237 1404 2263 ducit
1423 2237 1534 2263 verbum
1552 2237 1598 2263 Dei
1612 2237 1654 2263 Vll

1015 2280 1066 2306 335
1087 2280 1120 2306 87
1139 2295 1174 2299 -
1193 2284 1232 2307 051
1257 2281 1427 2307 abbreviatus
1455 2282 1480 2307 in
1509 2288 1602 2314 carne,
1627 2281 1654 2307 in

1014 2332 1068 2358 quo
1088 2329 1286 2352 consummatur
1314 2326 1447 2358 Scriptura
1468 2327 1519 2352 166
1539 2327 1554 2352 2
1573 2341 1609 2344 -
1628 2327 1653 2352 ln

1014 2369 1104 2395 Verbo
1123 2373 1197 2401 nato,
1217 2377 1308 2402 passo,
1336 2371 1438 2402 sepulto
1458 2374 1483 2396 et
1501 2371 1654 2396 resuscitato

1014 2414 1102 2439 omnia
1126 2414 1208 2440 verba
1237 2415 1388 2447 Scripturae
1415 2414 1568 2441 abbreviata
1594 2418 1668 2441 sunt·

1014 2458 1066 2483 595
1087 2459 1119 2484 33

1068 2517 1102 2521 -—
1122 2503 1191 2529 Multi
1210 2503 1379 2529 crediderunt
1399 2504 1423 2529 in
1443 2504 1573 2530 Christum
1588 2504 1654 2530 testi-

1015 2547 1104 2573 monio
1123 2554 1234 2579 operum
1254 2551 1280 2573 et
1299 2548 1447 2574 testimonio
1461 2549 1563 2574 loannis
1582 2549 1655 2574 indu-

1016 2591 1050 2616 cti
1069 2591 1102 2617 Vl
1123 2592 1173 2617 393
1202 2592 1244 2624 52,
1274 2592 1306 2617 53
1326 2607 1361 2611 ——
1380 2593 1464 2626 Aliqui
1488 2593 1656 2619 crediderunt

1016 2635 1041 2660 in
1061 2635 1193 2661 Christum
1213 2640 1320 2668 propter
1339 2637 1428 2669 signa,
1447 2638 1526 2670 aliqui
1546 2641 1655 2669 propter

1016 2678 1112 2710 verba,
1132 2680 1210 2712 aliqui
1231 2684 1339 2712 propter
1357 2688 1436 2713 opera
1456 2681 1507 2706 550
1527 2689 1555 2706 ν.
1573 2682 1606 2707 23
1620 2696 1654 2700 -

1017 2723 1129 2755 Quidam
1149 2724 1317 2750 crediderunt
1336 2728 1443 2757 propter
1462 2725 1544 2751 verba
1563 2726 1655 2751 verita-

1018 2767 1063 2798 tis,
1092 2767 1200 2800 quidam
1227 2772 1335 2801 propter
1354 2769 1428 2801 signa
1448 2770 1594 2802 potestatis,
1614 2770 1654 2796 alii

1018 2814 1125 2843 propter
1152 2813 1302 2844 exemplum
1330 2814 1473 2839 sanctitatis
1498 2814 1549 2840 559
1575 2822 1602 2840 v.
1622 2814 1649 2840 41

1017 2870 1052 2874 —
1071 2856 1239 2888 cognoscitur
1258 2864 1315 2882 esse
1338 2857 1455 2883 Christus
1473 2865 1521 2890 per
1540 2859 1654 2884 testimo-

1017 2900 1090 2926 nium
1111 2899 1240 2926 bonorum
1261 2901 1312 2926 316
1332 2902 1364 2926 69

1053 2944 1070 2969 7
1090 2959 1124 2964 —
1144 2944 1269 2977 baptizari
1296 2946 1377 2971 voluit
1397 2945 1529 2978 baptismo
1555 2948 1656 2973 loannis

1006 2989 1084 3014 *mira
1114 2989 1258 3015 humilitate
1286 2990 1326 3016 Vll
1353 2991 1386 3016 82
1416 2991 1448 3016 49
1468 3006 1502 3010 -
1521 2992 1594 3017 venit
1621 2992 1655 3018 ad

1018 3034 1153 3064 loannem,
1173 3037 1202 3059 ut
1214 3033 1390 3066 baptizaretur
1403 3035 1436 3060 ab
1452 3042 1484 3061 00
1504 3036 1536 3061 Vl
1556 3036 1607 3061 259
1621 3037 1650 3061 61

1018 3066 1053 3097 -ἱ
1071 3077 1204 3104 ChriStum
1222 3079 1312 3104 venire
1330 3079 1363 3105 ad
1384 3080 1504 3105 loannem
1524 3083 1580 3106 erat
1598 3087 1656 3106 con-

1019 3129 1115 3154 gruum
1135 3126 1163 3148 ut
1181 3130 1249 3154 opus
1271 3123 1436 3155 perfectionis
1455 3127 1480 3149 et
1505 3125 1656 3150 humilitatis

1019 3167 1070 3192 260
1090 3167 1124 3192 64
1144 3181 1179 3187 -
1197 3167 1343 3199 baptizatus
1356 3171 1408 3199 est,
1429 3175 1481 3194 non
1501 3172 1529 3194 ut
1547 3169 1656 3194 sanctifi-

1018 3214 1121 3237 caretur
1139 3211 1284 3244 baptismo,
1306 3212 1353 3237 sed
1376 3215 1403 3238 ut
1425 3212 1479 3238 vim
1502 3213 1657 3245 regenerati-

1018 3262 1079 3281 vam
1099 3256 1174 3289 aquis
1187 3249 1315 3282 conferret
1334 3259 1359 3281 01
1372 3260 1400 3282 01
1412 3264 1460 3282 5110
1476 3256 1607 3289 baptismo
1621 3257 1657 3282 in·
1689 3280 1690 3283 ,

1018 3303 1163 3326 notesceret
1182 3300 1233 3326 344
1247 3300 1281 3326 25
1292 3299 1330 3326 2·.
1343 3301 1385 3326 Vll
1400 3301 1433 3326 82
1453 3301 1486 3326 49
1501 3315 1533 3320 -
1544 3301 1657 3333 baptiza-

1018 3347 1059 3369 tus
1073 3344 1132 3375 tuit,
1147 3347 1175 3370 ut
1186 3336 1243 3370 aliis
1255 3345 1404 3376 exemplum
1419 3348 1444 3370 et
1458 3346 1568 3371 formam
1582 3345 1657 3371 daret

1018 3388 1059 3414 Vll
1075 3389 1108 3414 82
1123 3388 1156 3414 49
1168 3402 1204 3408 —
1217 3388 1362 3421 baptizatus
1382 3389 1440 3421 fuit,
1454 3393 1482 3415 ut
1495 3389 1659 3423 baptismum¹

1017 3433 1196 3465 praecursoris
1209 3432 1370 3466 approbaret
1388 3432 1450 3459 ibid.
1463 3447 1498 3453 —
1511 3433 1656 3460 manifesta-

1939 327 2004 353 CHR
2024 327 2062 361 (7)

1685 370 1762 397 batur
1780 371 1882 397 ludaeis
1906 378 1954 403 per
1978 371 2139 404 baptismum
2163 372 2264 398 loannis
2288 372 2321 397 Vl

1686 415 1737 440 260
1757 416 1791 440 65
1803 429 1838 434 -
1852 416 1934 441 νο1011
1951 415 2092 447 baptizari,
2106 419 2135 442 ut
2152 416 2322 442 (13101οΧ0111-

1685 459 1757 491 plum
1789 459 1952 490 humilitatis,
1982 462 2010 485 ut
2034 460 2088 485 vim
2112 460 2322 492 regenerativam

1684 504 1813 529 conferret
1830 503 1920 536 aquis,
1940 506 1966 529 et
1978 504 2170 536 principaliter,
2190 508 2218 530 ut
2230 511 2258 530 se
2272 511 2323 530 ma-

1684 547 1817 573 nirestaret
1835 548 1965 573 universis
1983 547 2019 574 ib.
2040 547 2074 573 64
2092 563 2127 567 —
2150 555 2180 574 se
2208 549 2324 574 humilia-

1685 592 1723 617 vit
1741 592 1767 617 in
1786 594 1903 618 assumta
1922 592 2083 618 humanitate
2110 599 2158 625 per
2183 593 2325 625 505000110-

1685 643 1745 661 nem
1765 637 1923 662 Sacramenti
1943 637 1986 662 Vll
2006 637 2035 662 81
2061 636 2093 662 47
2112 643 2114 645 ’

1738 695 1773 699 -
1792 681 1856 706 falso
1881 680 1975 706 dicitur
2003 684 2108 707 renatus
2136 681 2323 712 Sacramentis,

1686 725 1794 757 quando
1813 724 1959 757 baptizatus
1977 728 2017 751 est
2033 726 2076 751 Vll
2096 725 2130 751 69
2151 726 2161 750 1
2179 740 2214 744 -
2227 726 2324 757 Baptis-

1686 776 1746 795 mus
1765 770 1866 795 loannis
1884 770 1984 795 nullum
1999 770 2105 796 omnino
2121 770 2148 795 in
2168 769 2269 796 Christo
2283 771 2325 795 ha-

1687 812 1744 839 buit
1762 814 1883 839 effectum
1904 815 1936 840 Vl
1956 815 2007 840 286
2023 814 2054 839 48
2076 814 2104 839 1*
2122 828 2157 834 -
2176 815 2325 846 Baptismus

1686 859 1783 883 nullam
1803 857 1969 890 significabat
1992 858 2151 884 ablutionem
2176 859 2325 885 interiorem

1687 903 1712 928 in
1731 902 1845 934 Christo,
1864 903 1911 929 sed
1925 903 1949 929 in
1971 903 2098 929 membris
2117 904 2168 929 260
2189 903 2223 929 64
2243 903 2272 929 2*
2291 917 2325 923 -

1687 947 1747 973 Post
1765 946 1925 979 baptismum
1941 948 2076 974 descendit
2090 948 2203 980 Spiritus
2220 951 2326 974 sanctus

1686 999 1767 1024 super
1785 999 1846 1017 enm
1866 991 1900 1018 ib.
1916 992 1948 1018 66
1968 1006 2003 1012 —-
2022 992 2135 1024 Spiritus
2153 995 2260 1018 sanctus
2272 999 2326 1018 non

1687 1036 1823 1062 descendit
1841 1036 1867 1062 in
1881 1037 2012 1063 Christum
2032 1039 2092 1069 post
2105 1036 2266 1069 baptismum
2280 1043 2326 1069 per

1687 1088 1786 1106 novum
1806 1081 1927 1106 effectum
1942 1081 1988 1106 261
2013 1081 2046 1106 69
2065 1094 2101 1100 -
2119 1081 2254 1107 Plenitudo
2267 1088 2327 1113 gra-

1687 1125 1738 1151 tiae
1751 1124 1844 1151 Christi
1857 1132 1986 1158 apparere
1995 1125 2081 1159 coepit
2093 1128 2154 1157 post
2165 1125 2326 1157 baptismum

1688 1170 1713 1195 in
1727 1170 1790 1195 alios
1802 1170 1976 1196 redundando
1995 1170 2039 1195 Vll
2059 1170 2092 1195 89
2106 1171 2122 1195 2
2137 1184 2170 1188 -
2183 1177 2231 1202 001
2243 1169 2329 1202 bapti-

1688 1221 1775 1240 smum
1789 1214 1903 1246 expiavit
1915 1221 2009 1240 omnes
2026 1214 2162 1240 hominum
2182 1217 2327 1247 transgres-

1689 1259 1776 1284 siones
1796 1259 1829 1284 87
1850 1259 1878 1284 61
1896 1273 1931 1278 -
1944 1259 1970 1284 111
1990 1258 2121 1291 baptismo
2138 1258 2231 1285 Christi
2244 1259 2327 1291 aperti

1689 1306 1750 1329 sunt
1769 1303 1832 1328 caeli
1853 1304 1886 1328 83
1906 1303 1940 1329 52

1742 1362 1777 1366 -—
1797 1349 1866 1373 lavat
1885 1348 1992 1373 interius
2012 1348 2109 1374 871258
2123 1347 2166 1374 55.
2180 1348 2227 1374 261
2246 1348 2279 1373 69
2293 1362 2328 1367 -

1691 1391 1840 1424 baptizabat
1864 1392 1890 1417 10
1910 1392 2007 1424 Spiritu
2032 1395 2122 1418 sancto
2148 1393 2199 1418 270
2219 1393 2262 1418 67.
2284 1392 2327 1418 Vll

1689 1436 1724 1462 79
1743 1437 1777 1462 39
1796 1451 1832 1455 —-
1856 1437 1912 1462 eius
1935 1437 2015 1462 solius
2034 1439 2073 1463 est
2096 1444 2252 1469 regenerare
2277 1437 2328 1463 285

1691 1482 1735 1507 39.
1754 1481 1805 1506 287
1826 1482 1859 1507 52
1879 1495 1914 1500 -
1934 1482 1961 1507 10
1979 1481 2035 1507 5010
2060 1481 2152 1507 Christi
2178 1482 2285 1507 nomine
2304 1484 2330 1507 et

1691 1526 1788 1552 virtute
1807 1526 1883 1552 datur
1902 1525 2049 1558 baptismus
2068 1526 2120 1551 260
2136 1526 2169 1551 67
2189 1539 2225 1545 --
2243 1525 2329 1558 bapti-

1691 1570 1767 1596 zabat
1786 1570 1938 1596 auctoritate
1957 1573 1983 1596 et
2001 1570 2122 1601 interius,
2141 1570 2189 1596 sed
2207 1570 2329 1602 discipuli

1690 1615 1747 1640 eius
1766 1615 1909 1641 ministerio
1930 1618 1955 1641 et
1973 1615 2086 1641 exterius
2104 1615 2138 1640 Vl
2158 1615 2208 1641 286
2230 1615 2276 1646 45,
2295 1615 2328 1641 48

1691 1659 1720 1685 2*
1738 1674 1773 1679 -
1792 1667 1846 1685 non
1871 1659 1956 1692 potuit
1983 1660 2047 1686 dare
2074 1659 2147 1685 alteri
2175 1662 2330 1692 potestatem

1691 1703 1855 1736 baptizandi,
1874 1712 1943 1737 quae
1961 1707 2000 1730 est
2018 1704 2178 1730 auctoritatis
2196 1707 2222 1730 et
2234 1711 2330 1736 coope-

1690 1749 1811 1780 rationis,
1825 1751 1980 1781 potestatem
1994 1755 2059 1774 vero
2078 1749 2244 1775 excellentiae
2256 1751 2282 1774 et
2294 1749 2330 1774 in-

1691 1793 1833 1818 vocationis
1852 1794 1916 1819 dare
1935 1793 2034 1825 potuit,
2053 1793 2100 1819 sed
2120 1793 2203 1819 noluit
2221 1792 2256 1819 ob
2275 1793 2330 1819 uni-

1690 1841 1769 1863 tatem
1789 1838 1918 1863 Ecclesiae
1937 1838 2108 1869 servandam,
2128 1838 2175 1864 sed
2194 1838 2267 1864 dedit
2285 1845 2330 1870 po-

1690 1885 1808 1908 testatem
1828 1882 1964 1908 ministerii
1984 1883 2029 1907 261
2054 1882 2083 1908 ’71

1743 1941 1778 1944 -
1798 1926 1947 1958 baptizabat
1964 1927 1992 1952 in
2005 1927 2099 1952 iudaea
2118 1926 2151 1952 Vl
2172 1926 2223 1952 285
2243 1926 2276 1952 40
2295 1940 2330 1946 --

1691 1971 1748 2002 1050
1767 1978 1819 1996 000
1838 1970 1987 2003 baptizabat
2011 1978 2090 1996 causa
2114 1971 2214 1997 vitandi
2234 1971 2330 1997 erroris

1691 2018 1717 2040 et
1735 2016 1938 2047 praesumtionis
1964 2016 2015 2041 286
2036 2015 2068 2041 46
2089 2029 2122 2034 --
2142 2022 2178 2041 ne.
2200 2015 2330 2041 Pharisaei
2363 2012 2365 2014 ’

1692 2063 1899 2091 provocarentur
1908 2060 1942 2086 ad
1955 2060 2093 2091 invidiam,
2103 2060 2214 2086 cessavit
2224 2067 2238 2085 a
2249 2059 2331 2092 bapti-

1691 2104 1775 2129 zando
1794 2104 1819 2129 in
1839 2105 1932 2130 iudaea
1953 2108 1978 2130 et
1993 2103 2056 2130 abiit
2075 2104 2100 2129 in
2119 2104 2259 2130 Galilaeam
2278 2105 2329 2130 289

1693 2148 1788 2174 4r290
1809 2149 1842 2174 12

1744 2207 1780 2212 -
1798 2193 1894 2219 ductus
1912 2193 1940 2219 in
1964 2193 2097 2219 desertum
2118 2200 2134 2219 a
2159 2193 2256 2226 Spiritu
2275 2200 2331 2219 san-

1691 2240 1733 2263 cto
1752 2241 1858 2270 propter
1878 2238 1928 2263 loci
1952 2238 2118 2264 solitudinem
2147 2238 2182 2264 ad
2200 2238 2330 2264 orandum

1693 2281 1736 2307 Vll
1757 2282 1790 2306 89
1810 2282 1825 2307 3
1845 2296 1880 2301 —
1899 2283 1994 2308 ductus
2014 2283 2038 2308 in
2058 2282 2206 2315 desertum,
2232 2285 2260 2308 ut
2279 2286 2331 2308 ten-

1692 2328 1789 2351 taretur
1809 2333 1823 2351 a
1842 2326 1949 2352 diabolo
1967 2325 2038 2358 ibid,
2059 2326 2073 2352 4

1746 2384 1780 2388 —-
1799 2369 1930 2396 ieiunavit
1948 2373 2008 2396 ante
2035 2371 2203 2397 tentationem
2232 2371 2265 2397 ad
2285 2378 2332 2397 no-

1690 2417 1770 2440 stram
1785 2415 1980 2441 instructionem
2001 2415 2042 2441 Vll
2062 2416 2096 2440 90
2116 2416 2132 2441 6
2150 2429 2186 2435 -
2204 2415 2331 2441 ieiunium

1691 2458 1785 2485 Christi
1805 2462 1857 2484 tam
1877 2466 1891 2484 a
1912 2460 1982 2491 Lege
2000 2467 2080 2492 quam
2100 2466 2113 2485 a
2131 2460 2267 2492 Prophetis
2287 2461 2332 2485 ha-

1692 2503 1736 2529 bet
1757 2504 1934 2529 testimonium
1960 2504 1992 2529 89
2013 2504 2028 2530 4
2047 2518 2084 2523 -
2102 2504 2226 2530 ieiunavit
2250 2511 2331 2536 supra

1691 2550 1846 2580 potestatem
1867 2549 2009 2574 humanam
2036 2549 2069 2574 90
2090 2549 2105 2574 6
2125 2563 2160 2568 -
2178 2549 2287 2575 esurivit
2306 2552 2331 2574 ct

1691 2592 1773 2618 sitivit
1792 2599 1845 2617 non
1865 2592 1929 2625 sibi,
1948 2593 1995 2619 sed
2009 2593 2085 2619 nobis
2104 2593 2280 2625 promerendo
2293 2600 2331 2618 re-

1692 2637 1830 2662 fectionem
1850 2637 2011 2669 spiritualem
2031 2637 2066 2664 ib.
2084 2638 2100 2663 7
2117 2652 2152 2657 —
2167 2638 2280 2664 ostendit
2294 2638 2331 2663 in-

1693 2681 1851 2713 digentiam,
1871 2688 1904 2707 110
1926 2681 2046 2707 diabolus
2061 2685 2148 2708 certus
2169 2682 2214 2708 fiat
2232 2682 2265 2708 de
2284 2689 2331 2708 sua

1692 2725 1833 2750 Divinitate
1850 2724 1912 2751 ibid.
1926 2739 1961 2745 —
1973 2726 2083 2752 esurivit
2098 2730 2124 2752 et
2139 2727 2234 2758 sitivit,
2248 2730 2331 2752 osten·

1692 2769 1779 2795 dendo
1793 2776 1884 2795 veram
1904 2770 2092 2796 humanitatem
2106 2773 2132 2796 et
2148 2771 2283 2797 invitando
2297 2771 2330 2797 ad

1692 2816 1874 2846 paupertatem
1889 2817 1914 2840 et
1927 2815 2112 2846 poenitentiam
2125 2814 2189 2842 ibid.
2203 2829 2238 2834 —
2248 2819 2331 2841 osten-

1693 2859 1730 2884 dit
1743 2858 1908 2884 Divinitatem
1923 2866 1970 2890 per
1980 2859 2126 2885 mirabilem
2139 2859 2331 2891 abstinentiam,

1693 2903 1870 2928 infirmitatem
1894 2910 1941 2935 per
1965 2907 2136 2936 apparentem
2159 2904 2330 2937 indigentiam

1693 2948 1725 2972 89
1752 2948 1757 2972 1

1745 3005 1781 3010 —
1799 2990 1921 3017 tentatus
1940 2994 1979 3018 est
1998 2999 2012 3017 a
2025 2992 2131 3018 diabolo
2143 2993 2267 3024 exterius,
2278 3000 2331 3019 non

1693 3036 1801 3062 interius
1820 3036 1862 3062 Vll
1884 3037 1916 3061 89
1937 3036 1952 3062 4
1966 3050 2001 3056 --
2013 3037 2116 3069 Triplex
2136 3038 2264 3063 motivum
2280 3040 2331 3063 ten-

1693 3080 1796 3106 tationis
1811 3079 1905 3106 Christi
1923 3081 2065 3113 respondet
2078 3081 2176 3113 tribus,
2194 3082 2220 3107 in
2233 3081 2331 3114 quibus

1692 3127 1806 3150 tentatus
1825 3128 1850 3150 01
1868 3125 1954 3151 victus
1979 3128 2019 3151 est
2037 3126 2139 3158 primus
2162 3127 2242 3152 homo
2260 3126 2294 3151 90
2315 3126 2329 3150 8

1693 3183 1728 3188 —
1741 3172 1853 3195 tentatus
1867 3170 1954 3201 primo
1973 3177 2020 3202 per
2032 3170 2183 3201 blanditias,
2200 3173 2289 3203 postea
2303 3170 2331 3195 in

1694 3214 1816 3245 passione
1834 3220 1881 3245 per
1900 3221 2000 3246 poenas
2019 3214 2053 3240 95
2073 3214 2106 3240 ‘25

1746 3272 1781 3277 -
1800 3258 1936 3290 superavit
1954 3265 2044 3284 omnes
2064 3259 2215 3285 tentationes
2234 3259 2330 3291 patien-

1693 3304 1732 3327 ter
1751 3302 1886 3329 tolerando
1909 3303 1948 3328 Vll
1963 3303 1997 3329 95
2016 3303 2049 3329 23
2067 3317 2103 3322 -
2121 3303 2184 3329 vicit
2195 3303 2330 3329 diabolum

1694 3346 1847 3379 prudentia,
1865 3354 1918 3372 non
1942 3347 2056 3378 potentia
2081 3348 2109 3373 9l
2135 3348 2168 3373 10
2188 3362 2221 3366 -
2240 3354 2269 3373 50
2288 3347 2331 3373 de-

1694 3390 1774 3416 fendit
1791 3397 1839 3422 per
1852 3390 2015 3423 scripturam
2035 3395 2124 3417 contra
2144 3391 2278 3417 diabolum
2294 3398 2330 3417 re·

1694 3434 1806 3460 velando
1834 3442 1909 3461 suam
1937 3435 2091 3467 sapientiam
2119 3439 2144 3462 et
2174 3435 2330 3462 occultando
