2476 3921
292 258 356 291 370
854 250 1047 283 COMMENT.
1066 249 1109 286 *IN
1134 242 1373 283 EVANGEMUM
1398 248 1516 282 LUCAE
1540 248 1572 280 C.
1596 249 1671 282 XIV.

1410 338 1462 370 37.
1489 337 1631 370 Secundo
1661 340 1816 379 quantum
1840 337 1878 371 ad
1902 337 2106 371 vocationem
2128 338 2278 371 multitu·
2297 328 2444 378 malama-3

1321 391 1412 425 dinas-
1436 391 1481 424 αα
1503 390 1599 433 fidem
1618 390 1742 424 subdit:
1762 391 1801 423 Ει
1815 391 1945 424 vocavit
1961 391 2101 430 murcos,
2118 391 2156 424 ad
2173 391 2281 430 fidem,
2310 374 2444 422 aliare*

291 344 499 379 confundetur
516 357 547 381 »‚
564 351 666 384 usque
683 341 744 374 ihi:
776 353 791 369 α
815 340 874 382 Qui
901 339 1060 372 elucidant
1083 347 1132 372 me
1157 338 1252 371 vitam

291 403 450 432 aeternam
476 396 637 429 habebunt
654 408 684 426 n.

136 514 209 542 Quoad
224 513 276 535 invi·

149 541 228 571 tandos·
238 540 264 560 ad

148 573 266 589 convivium

154 593 262 615 aeternale

151 622 266 646 tanguntur

183 647 232 668 tria.

151 1046 182 1066 De
197 1045 265 1076 primo

182 1075 231 1093 tria.

141 1258 278 1285 Praeparatio

156 1285 279 1306 refectionis

158 1314 267 1333 aeternae.

381 452 432 484 36.
458 451 559 491 (Vers.
588 449 662 490 16.).
689 450 733 480 At
763 447 832 490 ipse
863 446 950 479 dixu
972 446 1019 478 ei:
1045 446 1151 478 Homo
1182 445 1255 489 qui-

290 506 369 538 clam
385 508 442 538 etc.
460 504 627 546 Postquam
651 501 832 534 informavit
849 500 996 533 invitatos
1019 499 1057 532 ad
1074 498 1254 532 convivium

291 558 429 601 nuptiale
458 561 489 590 et
521 557 688 589 invitantes
718 555 757 587 ad
789 553 968 587 convivium
1000 553 1170 591 familiare;
1204 552 1254 585 hic

293 611 457 655 informat
487 609 678 643 invitandos
710 609 757 641 ad
788 607 978 640 convivium
1002 605 1168 639 aeternale
1198 615 1255 647 per

293 665 555 699 introductionem
589 663 755 705 parabolae
769 663 790 693 ¹.
820 661 852 693 In
885 661 944 693 hac
967 663 1074 693 autem
1106 659 1256 701 parabola

294 719 354 751 tria
384 717 647 750 introducuntur:
679 724 816 757 quorum
852 714 993 756 primum
1024 716 1071 746 est
1102 712 1256 745 invitatio

290 771 535 814 plurimorum
559 769 731 802 seeundum
757 770 804 800 est
827 766 998 799 excusatio
1018 766 1254 804 invitatorum,

294 824 331 857 de
355 833 418 866 qua
441 823 482 856 ibi
497 823 523 854 2:
550 823 588 854 Et
616 823 792 862 coeperunt
814 818 917 851 simul
945 828 1056 851 omnes
1072 828 1255 856 eaeettsare;

296 877 422 910 tertium
447 879 494 909 est
521 874 666 918 repulsio
690 876 966 915 contemptorum,
991 872 1052 904 ibi:
1085 873 1124 904 Et
1148 881 1256 904 rever-

293 941 352 963 sus
375 940 492 963 servus
516 933 574 962 etc.

382 983 471 1016 Circa
493 985 598 1015 autem
622 980 850 1013 invitationem
870 979 1101 1022 plurimorum
1125 978 1186 1011 tria
1210 978 1256 1011 in-

294 1037 506 1070 troducuntur
529 1036 569 1068 ab
594 1034 805 1077 Evangelista,
830 1033 948 1066 scilicet
967 1033 1190 1075 praeparatio
1207 1042 1257 1064 re-

292 1090 443 1134 fectionis
467 1094 639 1126 aeternae,
663 1088 791 1120 vocatio
822 1086 1049 1119 multitudinis
1073 1086 1120 1119 ad
1141 1085 1256 1128 fidem,

293 1144 446 1177 excitatio
470 1142 616 1175 eiusdem
640 1142 686 1174 acl
709 1141 918 1174 devotionem.

383 1197 485 1229 Primo
508 1196 605 1238 igitur
636 1198 790 1238 quantum
822 1194 861 1227 ad
882 1194 1178 1237 praeparationem
1207 1203 1258 1225 re-

293 1250 443 1293 fectionis
474 1255 628 1283 aeternae
658 1249 749 1281 dicit:
784 1249 887 1280 Homo
918 1248 1058 1291 quidam
1081 1246 1161 1290 fecit
1190 1257 1258 1279 eoe-

294 1314 374 1337 nam
397 1313 570 1347 maynam,
588 1303 618 1335 id
642 1306 703 1341 est,
728 1302 872 1335 Christus
893 1301 1092 1344 praeparavit
1116 1300 1259 1333 resectio-

295 1367 364 1390 nem
383 1361 541 1390 aeternam
555 1357 577 1388 3.
603 1357 677 1389 Nam
699 1355 844 1388 Christus
867 1354 983 1387 dieitur
996 1353 1103 1386 -lzomo
1119 1353 1259 1396 quidam

296 1411 512 1453 singulariter,
537 1413 706 1451 conceptus
730 1409 796 1441 sine
816 1408 935 1441 semine
959 1408 1057 1446 virili,
1082 1410 1176 1439 natus
1192 1406 1259 1439 sine

296 1465 402 1496 dolore
426 1464 549 1502 Matris,
574 1463 723 1495 immunis
746 1463 786 1495 ab
810 1462 894 1495 omni
919 1465 1046 1503 peccato
1063 1464 1095 1493 et
1112 1462 1260 1492 mortuus

299 1527 355 1560 pro
378 1517 541 1550 hominum
566 1519 713 1558 peccato;
737 1516 776 1549 de
799 1525 863 1558 quo
888 1514 1014 1548 homine
1038 1513 1069 1546 in
1096 1513 1258 1545 Psalm042

302 1584 317 1599 «
335 1571 430 1603 Homo
454 1573 546 1602 natus
570 1573 617 1602 est
641 1570 672 1601 in
696 1579 751 1608 ea,
776 1573 807 1602 et
830 1569 896 1611 ipse
920 1567 1063 1600 fundavit
1083 1575 1152 1599 eam
1172 1566 1260 1598 Altis-

298 1625 396 1657 simus
412 1638 442 1655 ».
468 1624 521 1656 Hic
537 1622 613 1665 feeit
630 1633 784 1661 coenam,
801 1623 876 1664 quia
892 1620 1092 1663 praeparavit
1117 1619 1260 1652 refectio-

299 1687 369 1710 nem
387 1686 541 1710 summam
567 1681 598 1709 et
621 1676 782 1714 ultimam;
801 1675 884 1708 unde
900 1675 1009 1707 Glossa
1021 1674 1052 1705 ⁵:
1076 1687 1091 1702 «
1107 1674 1169 1706 Hoc
1186 1682 1260 1705 con-

299 1731 415 1764 vivium
441 1740 503 1763 non
524 1730 731 1772 prandium,
757 1730 810 1762 sed
834 1738 935 1762 coena
956 1728 1083 1766 dicitur,
1101 1727 1175 1769 quia
1192 1729 1261 1768 post

295 1784 502 1826 prandium,
527 1784 565 1816 de
589 1793 652 1826 quo
676 1784 852 1816 Matthaeus
875 1782 955 1824 agit,
980 1790 1080 1814 coena
1098 1784 1212 1818 restat,
1230 1784 1261 1812 et

302 1842 368 1879 post
381 1847 513 1869 coenam
533 1838 655 1870 nullum
672 1837 850 1870 convivium
868 1838 966 1868 restat
982 1848 1011 1866 ».
1030 1835 1074 1867 De
1091 1834 1149 1866 hae
1166 1843 1261 1866 coena

301 1891 499 1933 Apocalypsis
530 1891 650 1923 decimo
674 1890 800 1923 non061
832 1903 847 1918 «
864 1889 966 1927 Beati,
992 1888 1045 1930 qui
1070 1887 1109 1920 ad
1133 1896 1260 1920 coenam

299 1945 481 1986 nuptiarum
514 1944 588 1986 Agni
621 1944 720 1976 vocati
755 1947 875 1976 sunt».
907 1942 986 1974 Haec
1016 1950 1112 1973 coena
1135 1949 1261 1982 mayna

298 1998 428 2036 dicitur,
461 1997 536 2039 quia
566 1996 845 2033 inaestimabilis;
877 1995 961 2027 unde
989 1993 1117 2026 Genesis
1140 1993 1261 2026 decimo

299 2051 430 2093 quinto:
460 2064 475 2078 «t
495 2051 555 2092 Ego
580 2058 701 2082 merces
724 2053 780 2081 tua
803 2057 916 2090 magna
940 2047 1033 2079 nimis
1050 2058 1080 2085 »ς
1105 2046 1180 2088 quia
1211 2046 1260 2078 in-

300 2103 543 2141 terminabilis;
568 2103 691 2135 Baruch
716 2102 831 2135 tertio:
862 2114 877 2129 «
894 2100 919 2133 O
944 2099 1056 2138 Israel,
1080 2108 1175 2141 quam
1196 2108 1261 2131 ma-

300 2167 360 2199 gna
383 2160 430 2189 est
453 2157 565 2189 domus
590 2156 710 2189 Domini
742 2159 774 2188 et
805 2155 914 2197 ingens
944 2154 1032 2186 locus
1056 2152 1261 2195 possessionis

300 2210 384 2243 eius!
412 2210 540 2251 Magnus
564 2212 595 2242 et
618 2218 679 2241 non
704 2208 824 2241 habens
848 2207 960 2245 finem,
986 2207 1132 2239 excelsus
1156 2208 1187 2238 et
1203 2205 1261 2238 im-

300 2273 428 2297 mensus
444 2277 474 2295 ».
501 2263 570 2296 Ideo
593 2266 699 2295 autem
716 2261 874 2295 aestimari
892 2270 952 2293 non
971 2263 1072 2302 potest
1083 2286 1090 2299 ,
1107 2260 1182 2302 quia
1198 2262 1261 2292 tam

300 2318 407 2357 cibus,
432 2327 526 2360 quam
552 2317 603 2349 ille
626 2316 680 2358 qui
706 2316 880 2354 ministrat,
911 2315 993 2348 Deus
1017 2317 1064 2347 est
1087 2317 1118 2347 et
1142 2314 1260 2346 bonum

300 2379 480 2409 summum;
511 2370 592 2402 infra
616 2369 766 2411 vigesimo
791 2368 974 2401 secundm:
1005 2381 1020 2396 «
1039 2368 1100 2409 Ego
1131 2367 1262 2408 dispono

300 2424 405 2463 vobis,
430 2424 512 2456 sicut
535 2423 689 2465 disposuit
715 2422 789 2454 mihi
817 2422 920 2460 Pater,
943 2430 1094 2464 regnum,
1111 2424 1147 2454 ut
1164 2421 1263 2453 edatis

300 2482 331 2510 et
353 2477 467 2509 bibatis
492 2485 588 2518 super
613 2484 751 2508 mensam
778 2484 878 2508 meam
904 2475 933 2507 in
960 2484 1057 2517 regno
1082 2484 1152 2507 meo
1168 2487 1199 2513 »;
1224 2473 1262 2506 de

301 2539 364 2572 quo
388 2530 418 2561 in
444 2529 582 2561 Psalmo:
612 2529 887 2561 «inebriabuntur
911 2529 951 2561 ab
975 2529 1120 2561 ubertate
1149 2527 1263 2559 domus

301 2585 390 2620 tuae,
415 2585 446 2614 et
470 2585 610 2614 torrente
635 2581 803 2623 voluptatis
828 2584 900 2613 tuae
925 2581 1046 2623 potabis
1071 2589 1124 2613 eos
1142 2593 1171 2611 ».

1320 446 1395 487 quia
1418 445 1457 477 de
1481 444 1566 477 omni
1592 447 1676 477 statu
1700 447 1731 477 et
1753 448 1845 486 gente
1861 447 1892 477 et
1907 447 2026 483 aetate,
2050 444 2225 477 secundum
2246 444 2283 477 il-

1321 499 1376 531 lud
1400 498 1489 531 Ioelis
1513 497 1698 531 secundoss:
1728 511 1743 526 α
1761 498 1957 531 Sanctificate
1980 498 2151 537 ieiunium,
2176 502 2284 531 vocate

1320 555 1446 585 coetum
1459 578 1466 590 ,
1491 554 1679 594 congregate
1703 551 1856 593 populum
1868 576 1875 589 ,
1893 550 2085 584 sanctificate
2101 551 2263 584 ecclesiam
2275 577 2282 589 ‚

1321 605 1494 638 coadunate
1519 614 1609 638 senes
1640 608 1672 638 et
1699 607 1886 647 congregate
1910 604 2060 646 parvulos
2083 607 2114 637 et
2137 609 2285 647 sugentes

1322 658 1422 691 ubera
1439 672 1469 690 ».
1494 658 1553 699 Qui
1579 658 1623 691 sic
1647 660 1801 690 vocantur
1826 666 1883 699 per
1907 666 2104 699 consequens
2127 657 2167 690 ad
2182 660 2285 690 aeter-

1321 721 1393 744 nam
1411 711 1613 748 resectionem
1631 714 1800 749 vocantur;
1819 710 1902 743 unde
1920 710 2040 752 primae
2057 710 2139 743 Petri
2155 711 2284 752 quinto:

1326 778 1342 793 «
1360 765 1444 798 Deus
1467 768 1574 798 autem
1598 763 1734 806 gratiae,
1763 763 1817 805 qui
1843 763 1965 796 vocavit
1989 772 2045 797 nos
2069 763 2100 795 in
2125 767 2284 796 aeternam

1322 818 1454 860 gloriam
1479 818 1510 850 in
1535 817 1661 850 Christo
1684 818 1771 856 lesu,
1789 817 1854 859 ipse
1871 817 2013 859 perficiet
2029 830 2044 846 »
2066 819 2124 849 ete.
2142 816 2213 850 Ideo
2228 825 2285 849 au-

1322 875 1385 904 tem
1410 875 1506 904 vocat
1530 871 1669 910 multos,
1702 874 1738 903 ut
1768 870 1911 904 ostendat
1935 879 2090 903 summam
2115 869 2284 912 liberalita-

1323 928 1385 957 tem
1417 928 1449 957 et
1479 924 1724 966 benignitatem;
1758 924 1811 956 sed
1843 924 1912 956 ideo
1947 933 2074 966 paucos
2108 922 2216 965 eliyit,
2249 926 2286 955 ut

1322 978 1465 1010 ostendat
1489 977 1594 1010 iudicii
1620 977 1840 1015 severitatem;
1873 980 2004 1019 propter
2028 975 2113 1018 quod
2137 975 2283 1008 Matthaei

1322 1030 1522 1073 vigesimol’:
1554 1030 1672 1063 «Multi
1698 1033 1772 1063 sunt
1796 1030 1914 1069 vocati,
1939 1029 2031 1072 pauci
2048 1038 2124 1063 vero
2147 1028 2283 1061 electi».

1324 1084 1409 1117 Unde
1433 1084 1511 1116 haec
1536 1084 1657 1116 vocatio
1689 1083 1901 1116 multitudinis
1925 1086 2127 1125 comparatur
2151 1082 2285 1124 captioni

1323 1146 1473 1179 sagenae,
1498 1146 1580 1179 quae
1604 1137 1687 1179 capit
1710 1146 1751 1170 ex
1775 1136 1859 1169 omni
1884 1145 2000 1178 genere
2025 1136 2179 1177 piscium;
2211 1136 2287 1170 Mat-

1324 1191 1407 1224 thaei
1436 1191 1557 1223 decimo
1590 1191 1703 1223 tertio:
1733 1203 1749 1219 «
1767 1190 1872 1223 Simile
1897 1193 1944 1222 est
1967 1198 2101 1231 regnum
2127 1189 2285 1222 caelorum

1323 1253 1455 1286 sagenae
1480 1244 1592 1277 missae
1617 1244 1647 1276 in
1672 1253 1759 1277 mare
1783 1247 1814 1276 et
1837 1243 1987 1276 exomni
2013 1251 2128 1285 genere
2151 1242 2283 1284 piscium

1323 1297 1524 1340 congreganti
1543 1311 1558 1327 »
1586 1301 1645 1331 etc.

1414 1350 1465 1383 38.
1492 1350 1594 1392 (vers.
1622 1352 1696 1391 17.).
1729 1350 1835 1383 Tertio
1865 1352 2021 1392 quantum
2052 1349 2091 1383 ad
2119 1349 2286 1382 eoeeitatio-

1323 1414 1397 1436 nem
1429 1404 1575 1437 eiusdem
1607 1404 1832 1436 multitudinis
1863 1404 1909 1436 ad
1934 1403 2134 1436 devotionem
2157 1403 2284 1436 subdit:

1326 1459 1364 1490 Et
1387 1457 1480 1490 misit
1502 1467 1636 1490 servum
1661 1455 1872 1489 suumtzora
1895 1466 2013 1489 coenae
2036 1457 2142 1489 dicere
2165 1456 2287 1489 invita-

1325 1511 1384 1550 tis,
1412 1515 1448 1543 ut
1476 1511 1632 1543 venirent.
1664 1524 1679 1539 «τ
1705 1511 1827 1543 Servus
1859 1510 1935 1549 iste,
1960 1513 1996 1543 ut
2019 1510 2094 1543 dicit
2122 1510 2230 1543 Glossa
2243 1510 2286 1549 ¹⁰,

1324 1568 1371 1597 est
1394 1564 1472 1597 ordo
1496 1564 1745 1606 praedicantium
1763 1577 1793 1602 »‚
1826 1563 1899 1605 qui,
1925 1572 1996 1596 cum
2022 1564 2085 1596 sint
2107 1564 2217 1603 multi,
2241 1563 2289 1596 in-

1325 1618 1511 1660 telliguntur
1536 1622 1638 1650 tamen
1664 1626 1789 1650 nomine
1809 1617 1912 1649 unius
1927 1617 2018 1649 servi
2033 1626 2091 1659 pro
2107 1617 2227 1650 unitate
2243 1616 2289 1649 of-

1324 1671 1408 1710 ficii;
1433 1671 1471 1704 de
1495 1680 1559 1713 qua
1590 1670 1738 1703 missione
1770 1669 2012 1702 Proverbiorum
2043 1679 2147 1703 nono:
2177 1669 2289 1703 «Misit

1325 1725 1453 1758 ancillas
1476 1733 1567 1763 suas,
1592 1727 1629 1756 ut
1652 1727 1801 1756 vocarent
1831 1723 1869 1756 ad
1901 1733 2005 1756 arcem
2039 1726 2070 1756 et
2099 1723 2138 1756 ad
2166 1723 2289 1763 moenia

1325 1778 1460 1811 civitatis
1477 1791 1507 1809 ».
1532 1777 1577 1810 De
1602 1777 1660 1809 hoc
1685 1785 1776 1809 servo
1801 1777 1895 1809 lsaiae
1920 1777 2160 1819 quadragesimo
2184 1786 2287 1809 nono:

1330 1845 1345 1860 «
1363 1832 1399 1863 Et
1422 1840 1507 1863 nunc
1531 1831 1608 1863 haec
1632 1830 1707 1863 dicit
1727 1830 1898 1869 Dominus,
1915 1831 2056 1863 formans
2072 1839 2122 1863 me
2139 1839 2180 1863 ex
2196 1833 2289 1863 utero

1325 1894 1452 1918 servum
1478 1884 1557 1917 sibi:
1583 1884 1696 1916 Parum
1721 1887 1786 1922 est,
1811 1887 1846 1916 ut
1869 1885 1912 1917 sis
1936 1884 2013 1916 mihi
2039 1893 2151 1916 servus
2173 1883 2212 1916 ad
2236 1893 2289 1916 su-

1325 1938 1481 1972 scitandas
1513 1938 1617 1970 tribus
1640 1938 1730 1970 Iacob
1753 1942 1784 1970 et
1807 1938 1908 1971 laeces
1933 1938 2026 1971 lsrael
2051 1937 2287 1971 convertendas.

1326 1992 1400 2025 Dedi
1427 1995 1457 2024 te
1482 1991 1512 2023 in
1538 1991 1639 2023 lucem
1664 1991 1823 2032 gentium,
1848 1995 1884 2023 ut
1909 1991 1951 2024 sis
1975 1991 2061 2024 salus
2085 1999 2154 2023 mea
2185 1999 2287 2032 usque

1325 2046 1364 2078 ad
1388 2048 1571 2078 extremum
1597 2047 1700 2076 terrae
1718 2057 1746 2076 ».
1766 2063 1807 2068 —
1824 2044 1920 2077 Hora
1937 2054 2055 2077 coenae
2072 2047 2119 2076 est
2135 2043 2206 2076 finis
2221 2052 2288 2076 sae·
2301 2051 2446 2073 noraeoenae.

1325 2099 1406 2137 culi,
1431 2098 1491 2130 hoc
1515 2101 1562 2130 est
1585 2100 1710 2139 tempus
1734 2101 1842 2131 sextae
1866 2098 1994 2137 aetatis,
2019 2097 2192 2130 secundum
2209 2097 2288 2130 illud

1326 2152 1446 2194 primae
1458 2151 1497 2184 ad
1510 2151 1688 2184 Corinthios
1703 2151 1824 2184 decimo
1839 2153 1881 2184 ¹¹:
1905 2165 1920 2180 «
1937 2152 1997 2184 Nos
2013 2160 2141 2190 sumuS,
2159 2151 2190 2183 iu
2207 2160 2287 2193 quos

1326 2206 1405 2238 fines
1429 2205 1628 2238 saeculorum
1653 2204 1849 2238 devenerunt
1865 2218 1896 2245 ”3
1918 2209 1949 2238 et
1965 2204 2086 2247 primae
2103 2204 2224 2237 loannis
2240 2213 2288 2237 se-

1327 2259 1451 2292 cundo:
1476 2258 1630 2296 Audistis,
1655 2258 1729 2300 quia
1758 2272 1773 2287 «
1790 2259 1960 2292 novissima
1977 2258 2056 2291 hora
2072 2262 2165 2291 est».
2190 2278 2234 2282 —
2254 2258 2287 2290 Hi

1327 2313 1409 2346 servi
1433 2312 1543 2345 dicunt
1567 2312 1723 2352 invitatis,
1756 2316 1791 2345 ut
1822 2313 1957 2345 veniant
1981 2312 2026 2344 ad
2050 2321 2207 2350 eoenam;
2238 2321 2289 2344 ve-

1327 2366 1443 2404 niant,
1469 2365 1617 2407 inquam,
1642 2374 1698 2407 per
1722 2365 1891 2398 internum
1916 2365 2120 2398 desiderium
2143 2370 2172 2398 et
2194 2366 2289 2398 ‹levo-

1327 2420 1458 2457 tionem‚
1475 2419 1648 2451 secundum
1666 2419 1741 2452 illud
1760 2420 1870 2452 Psalmi
1886 2419 1929 2451 12ε
1953 2432 1968 2447 (ε
1985 2419 2086 2451 Sitivit
2101 2419 2204 2452 anima
2219 2428 2290 2452 mea

1327 2473 1365 2505 ad
1390 2473 1504 2511 Deum,
1522 2472 1637 2504 sontem
1656 2473 1780 2512 vivum,
1802 2472 1928 2516 quando
1946 2472 2067 2505 veniam
2085 2476 2116 2505 et
2131 2472 2289 2515 apparebo

1326 2529 1398 2558 ante
1414 2525 1523 2558 faciem
1541 2526 1595 2558 Dei
1614 2529 1649 2557 »1
1665 2526 1697 2558 lli
1716 2527 1797 2559 servi
1815 2527 1868 2559 Dei
1887 2526 2001 2559 debent
2012 2526 2227 2567 praedicare,
2241 2535 2289 2558 se-

1327 2578 1465 2611 cundum
1484 2578 1560 2610 illud
1579 2578 1672 2611 lsaiae
1689 2579 1826 2612 secundo
1841 2579 1884 2611 ¹³:
1908 2592 1923 2607 «
1940 2578 2066 2617 Venite,
2084 2579 2289 2611 ascendamus

374 2754 382 2769 ¹
403 2754 453 2781 Csr.
473 2763 552 2787 supra
572 2763 597 2780 n.
618 2755 661 2781 14.

374 2797 384 2813 ²
406 2800 479 2825 Vers.
500 2801 546 2832 18,
567 2800 612 2825 ubi
632 2800 715 2825 verbo
734 2807 868 2826 ema-sare
886 2802 905 2825 G
927 2800 1068 2831 praemittit
1089 2807 1136 2832 se‚-
1157 2800 1261 2824 tertium

304 2842 412 2869 habetur
432 2851 456 2868 v.
477 2845 519 2869 21.

374 2886 384 2902 ¹³
404 2888 487 2914 Codd.
507 2889 527 2914 A
539 2889 560 2913 D
579 2889 685 2920 legunt:
705 2889 789 2915 Homo
810 2888 935 2922 quidam,
952 2888 979 2914 id
992 2890 1031 2915 est
1044 2888 1173 2915 Christus.
1189 2889 1260 2915 Nam

304 2932 427 2959 Christus
447 2935 496 2958 etc.

373 2976 384 2990 ⁴
404 2978 496 3002 Psalm.
515 2977 561 3008 86,
582 2977 606 3002 5.
619 2990 655 2996 ——
668 2977 794 3008 Superius
814 2978 833 3002 Α
844 2976 863 3003 C
874 2978 922 3002 DF
933 2978 953 3002 11
973 2977 1096 3002 omittunt
1112 2976 1261 3003 hominum.

373 3019 384 3034 ¹⁵
403 3021 506 3046 Scilicet
525 3020 666 3047 ordinaria
687 3021 728 3053 (ex
749 3021 832 3051 Beda,
853 3021 893 3045 lV.
914 3021 939 3046 in
960 3021 1021 3046 Luc.
1042 3021 1090 3051 14,
1105 3021 1153 3051 17,
1166 3021 1211 3053 qui
1226 3027 1262 3045 se-

303 3065 390 3099 quitur
410 3067 533 3097 Gregor.,
548 3066 573 3090 ll.
587 3065 680 3091 Homil.
696 3065 721 3090 in
736 3066 833 3096 Evang.
849 3065 937 3090 homil.
952 3066 994 3090 36.
1006 3073 1030 3090 n.
1046 3066 1081 3097 2.)
1097 3065 1122 3090 in
1138 3066 1198 3091 Luc.
1215 3065 1263 3095 14,

304 3112 353 3141 16;
373 3111 398 3136 in
419 3111 475 3143 ipsa
494 3111 620 3142 allegatur
639 3110 725 3135 Matth.
741 3111 787 3141 22,
803 3110 835 3135 lt:
857 3111 933 3141 Ecce,
950 3109 1100 3143 prandium
1117 3116 1205 3135 meum
1220 3117 1262 3141 pa-

302 3155 358 3181 ravi
377 3158 426 3181 etc.

375 3198 386 3213 ⁶
405 3200 479 3225 Vers.
499 3200 530 3231 9,
550 3200 573 3225 in
588 3206 641 3232 quo
655 3200 675 3225 Α
686 3199 705 3225 C
716 3200 737 3224 D
753 3199 875 3225 omittunt
887 3198 1056 3232 nuptiarum.
1069 3212 1104 3217 —
1118 3198 1174 3223 Duo
1188 3205 1262 3230 seqq.

303 3244 351 3270 loci
371 3247 431 3270 sunt
450 3245 513 3270 Gen.
535 3244 582 3275 15,
602 3244 626 3269 1.
646 3247 672 3269 et
691 3245 791 3269 Baruch
812 3245 843 3275 3,
863 3243 905 3269 24.
925 3250 980 3276 seq.

373 3286 383 3302 ⁷
404 3289 479 3314 Vers.
492 3289 533 3314 29.
545 3295 599 3321 seq.
614 3288 671 3320 (AC
680 3288 725 3313 DF
736 3288 858 3313 omittunt
871 3289 969 3320 meam)
985 3291 1011 3313 et
1025 3287 1120 3313 deinde
1131 3287 1172 3313 Ps.
1183 3287 1225 3318 35,
1235 3287 1261 3312 9.

373 3331 384 3346 ⁸
405 3334 477 3358 Vers.
500 3334 508 3358 l
517 3333 540 3358 5.
560 3336 586 3359 et
606 3333 647 3359 16.
666 3347 701 3352 -
721 3333 838 3358 Subinde
856 3333 981 3364 allegatur
995 3333 1010 3358 1.
1027 3333 1094 3357 Petr.
1110 3332 1141 3363 5,
1158 3332 1204 3363 1ο,
1219 3331 1262 3356 ubi

303 3378 339 3410 11,
359 3378 470 3409 Vulgata
490 3381 515 3405 et
536 3378 591 3403 Vat.
612 3378 671 3404 voci
691 3377 797 3411 gratiae
816 3378 965 3409 praefigunt
984 3376 1087 3408 omnis,
1101 3380 1127 3402 et
1147 3380 1206 3408 post
1219 3383 1263 3402 (re-

303 3423 409 3448 ternam
428 3422 529 3448 addunt
546 3429 636 3448 suam.

1398 2752 1409 2767 ⁹
1430 2755 1502 2779 Vei-s.
1525 2754 1570 2785 16,
1591 2761 1670 2786 quem
1690 2755 1808 2786 sequitur
1828 2754 1914 2779 Matth.
1936 2753 1983 2784 13,
1999 2752 2039 2777 47.
2053 2766 2087 2771 --
2101 2752 2227 2784 Superius
2241 2759 2289 2784 pro

1327 2797 1515 2824 liberalitatem
1535 2798 1593 2822 Vat.
1614 2797 1770 2824 libertatem.
1998 2807 2027 2812 ‘-

1400 2841 1421 2855 ¹⁰
1441 2842 1542 2867 Scilicet
1561 2841 1702 2868 ordinm-ta
1724 2843 1763 2874 (ex
1783 2844 1907 2874 Gregor.,
1927 2842 1954 2867 ll.
1974 2841 2068 2866 Homil.
2085 2841 2108 2866 iu
2123 2842 2223 2873 Evang.
2244 2842 2290 2866 ho-

1328 2887 1379 2912 mil.
1402 2887 1442 2912 36.
1464 2894 1488 2911 n.
1510 2887 1540 2916 2,
1560 2893 1638 2918 quem
1668 2887 1786 2919 sequitur
1811 2887 1881 2912 Beda
1906 2886 1930 2911 in
1958 2886 2020 2910 Luc.
2046 2885 2094 2917 14,
2121 2886 2191 2919 17.);
2221 2886 2289 2911 liora

1326 2938 1437 2962 coenae,
1457 2931 1515 2956 finis
1534 2931 1646 2962 saeculi5
1667 2932 1736 2956 unde
1750 2931 1890 2963 Apostolus
1905 2931 1931 2962 [1.
1949 2930 2007 2956 Cor.
2024 2931 2071 2960 10,
2087 2930 2096 2955 1
2108 2929 2160 2963 l.]:
2180 2929 2234 2956 Nos
2248 2937 2291 2956 su-

1326 2983 1401 3007 mus,
1422 2974 1449 3000 in
1469 2981 1535 3008 quos
1548 2974 1614 3008 sines
1627 2975 1800 3003 saeculorum
1819 2974 1991 3001 devenerunt.
2005 2974 2029 2999 ln
2044 2975 2094 2999 hoc
2110 2975 2161 3000 fine
2181 2975 2290 3000 mittitur

1327 3026 1433 3050 servus,
1454 3018 1480 3044 id
1500 3021 1539 3043 est
1557 3019 1623 3043 ordo
1643 3019 1854 3050 praedicatorum
1874 3019 1906 3044 ad
1927 3018 2048 3044 invitatos
2067 3021 2116 3044 etc.
2139 3019 2229 3044 Glossa
2249 3018 2290 3044 in-

1327 3063 1480 3089 terlinearis
1492 3071 1500 3088 :
1521 3062 1554 3089 Et
1571 3062 1645 3089 misit
1659 3070 1769 3089 servum
1782 3070 1872 3095 suum,
1886 3063 2006 3089 ordinem
2021 3063 2242 3095 praedicatorum.
2254 3076 2290 3082 -

1328 3109 1384 3134 Duo
1405 3115 1479 3140 seqq.
1499 3107 1547 3133 loci
1568 3110 1628 3133 sunt
1646 3108 1721 3133 Prov.
1742 3109 1772 3139 9,
1794 3109 1817 3133 3.
1837 3111 1862 3133 et
1881 3108 1939 3133 lsai.
1958 3107 2004 3138 49,
2025 3108 2049 3133 5.
2070 3114 2125 3140 seq.

1399 3152 1419 3166 ¹¹
1442 3154 1516 3178 vers.
1537 3153 1563 3177 11
1577 3172 1583 3183 ,
1604 3151 1648 3177 ubi
1670 3153 1779 3184 Vulgata
1799 3152 1894 3178 omittit
1907 3152 1963 3179 Nos
1975 3158 2087 3184 sumus,
2106 3152 2152 3178 sed
2169 3153 2289 3177 cfr.nota

1327 3197 1496 3229 praecedens.
1516 3211 1550 3214 —
1570 3197 1692 3229 Sequitur
1713 3198 1729 3223 Ι.
1751 3198 1818 3223 toan.
1837 3198 1869 3228 2,
1890 3197 1932 3222 18.

1400 3240 1421 3256 ¹²
1442 3242 1536 3267 Psalm.
1556 3240 1583 3266 41
1597 3261 1603 3273 ‚
1624 3242 1653 3273 3,
1673 3240 1718 3266 ubi
1732 3248 1780 3273 pro
1792 3241 1893 3275 fontem
1906 3241 2018 3272 Vulgata
2038 3240 2136 3274 sortem
2152 3240 2209 3273 (cfr.
2222 3241 2289 3266 Petr.

1327 3285 1484 3316 Lombard.,
1504 3285 1530 3311 in
1550 3286 1619 3310 hunc
1639 3285 1713 3318 loc.),
1733 3285 1806 3318 quod
1825 3286 1936 3317 August.
1956 3284 2061 3310 omittit.

1399 3329 1422 3345 ¹⁹
1443 3331 1515 3356 Vors.
1536 3330 1566 3361 3,
1586 3332 1645 3361 post
1664 3337 1744 3362 quem
1764 3331 1845 3362 Apoc.
1866 3331 1914 3360 22,
1936 3329 1977 3354 17.
1990 3329 2128 3354 —Glossa
2147 3327 2290 3355 ordinaria

1329 3376 1369 3407 (ex
1387 3376 1497 3407 Gregor.
1518 3377 1542 3399 et
1561 3374 1645 3405 Beda,
1665 3374 1711 3399 loc.
1733 3374 1786 3408 cit.)
1807 3374 1830 3399 in
1851 3375 1912 3400 Luc.
1938 3373 1980 3405 14,
2002 3373 2047 3398 17:
2062 3373 2168 3399 Mittitur
2181 3379 2288 3402 servus,

1328 3420 1353 3445 id
1367 3422 1405 3445 est
1418 3419 1484 3445 ordo
1501 3419 1712 3451 praedicatorum
1721 3437 1728 3448 ,
1741 3418 1774 3444 ad
1787 3418 1910 3444 invitatos
1923 3425 1970 3450 per
1984 3419 2080 3450 Legem
2094 3420 2120 3443 et
2133 3418 2288 3449 Prophetas,

2306 823 2430 847 Notandum.

2318 1355 2419 1378 Excitatio

2301 1382 2437 1405 multitudinis

2305 1410 2333 1432 ad
2346 1409 2435 1431 devotio-

2346 1442 2402 1459 nem.
