2476 3921
70 472 155 499 Figura.

58 1749 147 1771 Divism.

1 1963 121 1985 Procaeitas
128 1963 154 1985 il-

14 1990 141 2012 ludentium.

15 2016 97 2044 Duplex
110 2017 148 2039 de-

21 2043 140 2066 honoratio.

1 2229 72 2251 illusio
80 2230 151 2261 utim-

27 2259 127 2284 potentis.

58 2336 144 2364 Figura.

755 211 950 245 COMMENT.
975 211 1012 244 [N
1037 210 1275 244 EVANGELIUM
1299 211 1416 244 LUCAE
1440 212 1472 244 C.
1497 212 1584 245 XXII.

173 305 279 336 autem
300 301 479 335 amaritudo
496 301 636 334 maxima
658 309 733 343 pars
749 299 959 342 poenitentiae
975 302 1036 339 est;
1053 299 1138 332 unde

173 354 374 388 Ambrosius:
403 368 420 384 «ι
436 355 605 397 Lacrymas
627 354 712 396 lego,
736 352 978 386 satisfactionem
1003 361 1066 385 non
1094 352 1138 385 le-

174 418 214 452 go
231 422 261 441 n.
286 408 470 442 Huiusmodi
501 408 675 450 lacrymae,
703 407 830 450 quando
853 415 895 440 ex
927 405 1138 439 amaritudine

173 461 367 505 procedunt,
398 461 550 494 inclinant
579 460 749 493 Dominum
773 459 812 492 ad
843 459 1071 494 remissionem.
1104 458 1136 491 ln

173 515 266 549 cuius
285 515 420 558 figuram
437 514 554 548 dicitur
571 513 676 557 quarti
694 514 811 556 Regum
829 512 980 555 vigesimo
992 513 1020 544 1:
1043 525 1059 540 «
1071 511 1136 545 Fle-

172 568 218 609 vit
234 568 381 602 Ezechias
396 568 474 601 fletu
497 576 611 610 magno
624 579 658 606 1>;
676 570 708 600 et
731 566 879 600 subditur
895 565 953 604 ibi,
974 564 1060 608 quod
1075 565 1136 597 Do-

172 622 280 655 minus
302 630 377 655 eum
394 621 540 655 liberavit
562 621 601 654 de
624 619 766 663 periculo
782 618 902 652 mortis.
928 619 964 651 Et
980 618 1049 651 ideo
1065 627 1136 651 san-

172 678 243 709 ctus
265 675 422 717 propheta
443 674 543 708 David
565 674 597 707 in
629 682 764 716 persona
794 672 853 705 viri
885 671 1073 715 poenitentis
1103 671 1135 704 in

171 729 319 763 Psalmo²
342 728 435 762 dicit:
464 741 480 757 α
496 727 619 760 Lavabo
642 736 700 769 per
724 726 864 769 singulas
886 729 994 759 noctes
1018 726 1134 758 lectum

171 790 294 821 meum,
318 780 466 823 lacrymis
496 780 575 813 meis
599 782 735 813 stratum
759 788 865 812 meum
898 778 1008 821 rigabo
1023 791 1054 810 υ.
1087 778 1135 810 Ex

171 844 236 877 quo
259 837 405 877 apparet,
430 833 502 876 quis
525 833 651 866 fructus
673 832 770 865 fuerit
793 832 966 875 permissae
996 831 1135 874 negatio-

170 888 235 927 nis,
259 887 424 930 exemplar
447 886 565 920 scilicet
589 886 797 928 poenitentiae
813 889 844 919 et
867 884 1134 927 compunctionis;

170 943 301 983 propter
324 939 410 982 quod
426 942 458 972 et
480 939 633 972 Dominus
649 938 808 981 principes
828 938 1063 981 Apostolorum,
1080 938 1135 970 Pe-

170 997 256 1027 trum
273 996 305 1026 et
320 993 467 1032 Paulum,
490 992 530 1025 de
554 991 701 1025 sordibus
716 991 860 1025 extraxit
883 991 1043 1025 vitiorum.
1062 991 1136 1024 Pro-

169 1050 241 1090 pter
265 1046 350 1089 quod
371 1046 492 1089 primae
507 1045 547 1079 ad
570 1045 770 1079 Timotheum
786 1045 890 1088 primo
902 1045 933 1078 ³.:
955 1058 971 1074 α
987 1045 1135 1087 Blasphe-

169 1108 243 1133 mus
261 1099 307 1132 fui
324 1102 356 1133 et
370 1102 556 1141 persecutor
579 1102 611 1132 et
634 1099 895 1138 contumeliosus,
913 1098 967 1132 sed
991 1098 1061 1131 ideo
1076 1098 1135 1131 mi-

169 1153 373 1187 sericordiam
404 1156 593 1186 consecutus
617 1161 688 1185 sum
712 1165 744 1192 ι),
781 1165 797 1181 «
817 1156 855 1185 ut
885 1152 917 1185 in
949 1161 1000 1185 me
1031 1151 1134 1194 primo

168 1206 348 1240 ostenderet
371 1205 517 1238 Christus
541 1205 627 1238 Iesus
650 1214 775 1238 omnem
807 1205 990 1247 patientiam
1025 1205 1064 1237 ad
1087 1205 1134 1238 in-

168 1259 388 1293 formationem
411 1267 523 1292 eorum
548 1258 603 1301 qui
627 1258 778 1291 credituri
803 1261 879 1291 sunt
901 1258 945 1290 illi
973 1258 1006 1290 in
1037 1258 1133 1291 vitam

169 1316 329 1346 aeternam
346 1325 377 1344 n.
754 1325 757 1328 ᾗ

339 1416 383 1452 De
405 1416 549 1452 illusione
572 1416 691 1452 Christi
715 1416 866 1453 dicuntur
890 1417 960 1453 duo.

259 1525 311 1557 75.
348 1524 450 1566 (Vers.
489 1524 539 1558 63.
578 1525 655 1566 64).
692 1526 734 1558 Et
767 1525 854 1565 viri,
890 1525 950 1569 qui
984 1525 1134 1558 tenebant

168 1579 269 1611 eum*
293 1580 352 1611 etc.
377 1578 449 1611 Post
472 1578 663 1620 descriptam
686 1578 999 1621 comprehensionem
1016 1578 1132 1612 Christi

168 1634 200 1665 et
211 1631 409 1674 negationem
427 1631 509 1665 Petri
530 1631 581 1664 hic
598 1631 737 1664 secundo
749 1631 762 1651 ⁵
778 1625 937 1668 describff
945 1631 1133 1665 illusionem

170 1685 306 1718 Domini
327 1684 562 1727 comprehensi.
581 1685 617 1718 Et
640 1685 790 1728 quoniam
806 1685 885 1718 haec
909 1685 1014 1718 illusio
1037 1685 1133 1719 fiebat

167 1747 186 1771 a
210 1737 331 1771 ludaeis
355 1737 593 1780 impudentibus
616 1741 648 1771 et
670 1737 907 1777 insidiantibus,
931 1738 1001 1771 ideo
1029 1738 1133 1780 primo

166 1791 231 1834 agit
254 1790 293 1824 de
314 1791 519 1833 procacitate
542 1791 773 1830 illudentium
797 1791 954 1831 secundo,
979 1791 1018 1825 de
1035 1791 1133 1824 mali-

164 1843 290 1887 gnitate
313 1844 566 1883 insidiantium,
590 1844 674 1877 ihi⁶:
700 1845 741 1877 Et
764 1847 800 1876 ut
822 1843 937 1887 factus
960 1848 1008 1877 est
1029 1844 1108 1877 dies.

255 1897 292 1930 Et
315 1897 464 1940 quoniam
488 1897 634 1930 Christus
656 1900 704 1931 est
729 1897 813 1930 «Dei
837 1897 940 1931 virtus
956 1901 988 1931 et
1010 1898 1066 1931 Dei
1083 1907 1132 1931 sa-

166 1950 285 1993 pientia
297 1950 310 1970 ⁷
322 1964 354 1990 »,
378 1954 409 1983 et
429 1950 604 1984 secundum
627 1951 688 1984 hoc
707 1950 876 1993 dupliciter
905 1951 1131 1991 honorandus;

166 2003 236 2037 ideo
259 2013 317 2046 per
340 2004 521 2046 oppositum
552 2004 673 2046 duplex
696 2003 888 2037 describitur
917 2004 970 2038 hic
993 2003 1133 2038 dehono-

165 2057 255 2090 ratio
281 2055 425 2096 Christi,
451 2057 569 2090 scilicet
592 2066 649 2099 per
673 2057 861 2090 illusionem
884 2058 994 2100 ipsius
1021 2058 1134 2102 quoad

165 2109 329 2154 defectum
350 2111 512 2153 potentiae
536 2114 567 2144 et
590 2111 703 2154 quoad
725 2109 888 2154 defectum
911 2112 1107 2154 sapientiae.

254 2164 358 2197 Primo
382 2164 480 2207 igitur
504 2167 660 2207 quantum
676 2164 723 2197 ad
745 2164 933 2198 illusionem
951 2164 1077 2198 Christi
1095 2170 1133 2198 ut

165 2217 353 2261 impotentis
376 2217 509 2251 dicitur:
537 2218 576 2250 Et
598 2218 682 2257 viri,
714 2218 775 2262 qui
797 2218 945 2251 tenebant
968 2229 1063 2258 eum,
1093 2219 1133 2252 il-

165 2270 322 2304 ludebant
344 2271 375 2305 ei
396 2271 564 2305 caedentes
576 2270 599 2304 Β.
625 2272 666 2304 Et
690 2271 882 2304 velaverunt
904 2281 980 2305 eum
1011 2276 1040 2305 et
1057 2282 1132 2314 per-

164 2324 331 2358 cutiebant
354 2324 478 2369 faciem
501 2325 582 2358 eius.
608 2325 641 2357 ln
658 2325 755 2358 huius
779 2325 915 2367 figuram
938 2324 1054 2358 dicitur
1079 2325 1131 2358 Iob

163 2377 285 2411 decimo
308 2378 443 2412 sexto⁹z
473 2392 489 2408 «ι
507 2378 743 2421 Exprobrantes
766 2384 995 2421 percusserunt
1018 2378 1131 2411 maxil-

164 2431 227 2463 lam
249 2440 369 2471 meam,
399 2431 502 2465 satiati
531 2434 606 2465 sunt
629 2431 738 2474 poenis
762 2431 841 2465 meis
856 2444 888 2471 »;
913 2435 944 2464 et
973 2431 1129 2464 Michaeae

165 2484 276 2527 quinto
296 2497 303 2518 :
344 2499 360 2514 α
381 2486 414 2519 In
453 2484 543 2528 irirga
583 2485 762 2528 percutient
811 2485 971 2518 maxillam
1017 2484 1130 2517 iudicis

235 2676 245 2690 ¹
266 2677 342 2703 Vers.
361 2677 386 2702 3.
406 2680 431 2702 et
450 2677 481 2703 5:
501 2677 598 2703 Audivi
617 2677 763 2703 orationem
783 2680 855 2703 tuam
874 2680 899 2703 et
919 2677 974 2703 vidi
997 2678 1128 2710 lacrymas

163 2724 236 2752 tuas;
255 2724 281 2747 et
299 2728 368 2754 ecce,
388 2721 480 2747 sanavi
498 2724 522 2747 te
542 2724 590 2747 etc.

236 2764 247 2780 ²
266 2766 365 2791 Psalm.
385 2766 416 2797 6,
434 2765 460 2791 7.

238 2808 249 2824 ³
270 2811 343 2836 Vers.
365 2806 452 2837 l3jet
472 2811 513 2836 46.

240 2852 251 2868 ⁴
270 2853 320 2881 Cfr.
340 2861 421 2887 supra
441 2861 502 2887 pag.
523 2854 588 2885 558,
608 2857 668 2881 nota
690 2855 732 2881 42.

235 2897 247 2912 ⁶
267 2898 334 2924 Vide
352 2906 432 2931 supra
451 2907 476 2925 n.
497 2899 539 2925 59.

235 2941 247 2957 Β
266 2942 340 2969 Vers.
361 2944 403 2969 66.

237 2985 247 3001 ⁷
268 2987 339 3019 Epist
357 2988 375 3013 l.
397 2987 458 3014 Cor.
480 2988 511 3020 4,
530 2988 579 3022 24;
599 2989 645 3014 cir.
665 2995 746 3021 supra
764 2995 827 3021 pag.
847 2988 894 3020 96,
912 2992 973 3014 nota
994 2988 1018 3014 4.

234 3028 246 3044 Β
265 3030 347 3057 Codd.
366 3030 450 3057 CDH
469 3031 570 3058 addunt
588 3039 658 3065 eum,
678 3035 704 3058 et
722 3032 819 3058 deinde
838 3039 886 3065 pro
900 3033 924 3059 et
941 3031 1127 3066 percutiebant

163 3073 277 3101 ACDH
293 3075 491 3109 percutientes;
510 3077 556 3102 etr.
575 3076 604 3102 B.
622 3076 719 3102 Alhert.

236 3117 248 3133 ⁹
267 3119 342 3146 Vers.
366 3120 408 3146 44.
428 3120 487 3153 (pro
506 3120 600 3148 satiati
616 3120 699 3148 CDG
717 3121 861 3159 saturati),
889 3124 950 3154 post
977 3128 1058 3154 quem
1084 3121 1127 3147 Mi·

163 3163 260 3189 chaeae
279 3163 310 3195 5,
330 3164 341 3189 4
356 3173 364 3195 ;
384 3165 430 3190 cir.
449 3164 538 3191 Glossa
557 3164 700 3192 ordinaria
720 3166 761 3199 (ex
782 3166 862 3199 Beda)
883 3166 909 3191 in
928 3167 991 3192 Luc.
1011 3166 1060 3197 22,
1080 3166 1124 3192 63.

163 3220 198 3226 —
219 3207 347 3239 Superius
365 3215 414 3240 pro
433 3209 466 3235 ln
484 3208 565 3236 huius
583 3209 703 3244 fiquram
723 3209 775 3236 CD
794 3211 826 3236 I‘n
844 3209 923 3237 cuius
941 3209 1072 3245 figuram.

235 3250 258 3266 ¹⁰
277 3251 354 3278 Vers.
376 3252 405 3284 6,
425 3252 467 3278 cui
486 3252 649 3279 subnectitur
668 3253 772 3280 Thren:
785 3255 814 3287 3,
834 3254 878 3280 30.

233 3293 255 3309 ¹¹
276 3295 356 3327 Epist.
377 3296 396 3321 l.
415 3296 480 3322 Petr.
503 3297 533 3330 4,
553 3297 564 3322 4
571 3298 596 3329 2,
615 3300 676 3330 post
693 3305 774 3331 quem
793 3298 885 3324 Esther
905 3298 951 3329 45,
972 3297 1015 3324 47.
1034 3300 1059 3323 et
1077 3297 1127 3330 Ag-

163 3338 222 3371 gaei
241 3339 273 3370 2,
292 3339 331 3364 δί
342 3336 511 3366 Desideratus
529 3341 629 3367 cunctis
648 3341 770 3374 gentihus
784 3342 883 3375 (crull.
895 3341 1004 3374 paralip.
1024 3341 1049 3375 9,
1063 3341 1128 3375 23.).

234 3381 257 3397 ¹³
275 3381 422 3410 Commeat.
440 3384 466 3410 in
487 3384 565 3411 Marc.
585 3385 631 3419 44,
651 3385 694 3412 65.
708 3385 785 3420 (inter
797 3392 878 3419 opera
890 3385 1016 3419 Hieron),
1030 3392 1060 3412 ex
1073 3392 1127 3419 quo

2096 215 2159 248 563

1204 299 1343 332 lsrael».
1367 300 1429 333 Hoc
1453 304 1558 334 autem
1590 301 1648 343 ipsi
1680 311 1742 334 non
1773 302 1966 344 potuissent,
1996 303 2053 336 nisi
2086 304 2161 346 quia

1202 353 1269 395 ipse
1292 354 1392 386 voluit
1409 354 1653 388 misericorditer
1671 356 1845 394 sustinere,
1864 356 1955 388 iuxta
1972 357 2049 389 illud
2067 357 2160 390 Isaiae

1202 406 1463 449 quinquagesimo
1478 408 1520 439 ¹⁰:
1540 421 1555 436 «
1567 408 1688 450 Corpus
1704 418 1814 444 meum
1827 409 1896 442 dedi
1910 410 2159 451 percutientibus

1202 462 1233 490 et
1256 467 1351 501 genas
1375 468 1461 492 meas
1493 460 1680 494 vellentibus
1697 474 1728 499 n;
1753 465 1784 494 et
1816 462 2015 494 Threnorum
2049 463 2159 496 tertio:

1207 512 1328 546 «Dabit
1350 513 1538 555 percutienti
1565 523 1597 547 se
1622 515 1801 554 maxillam,
1827 515 2022 548 saturabitur
2046 525 2160 558 oppro-

1200 565 1325 598 briis».
1350 566 1433 599 Hanc
1468 567 1663 606 maxillam,
1693 568 1788 600 immo
1824 568 1933 601 faciem
1970 570 2159 611 speciosam,

1200 618 1233 650 in
1268 628 1363 661 quam
1400 619 1612 652 «desiderant
1645 621 1751 662 Angeli
1788 622 2006 663 prospicere¹¹
2024 637 2054 661 n,
2079 632 2160 665 quac

1207 684 1222 700 α
1237 671 1330 714 plena
1353 676 1400 705 est
1424 673 1598 715 gratiarum
1616 687 1631 702 n
1662 677 1692 706 et
1714 687 1730 702 <x
1746 673 1921 707 desiderata
1937 675 2058 708 cunctis
2086 684 2160 718 gen-

1201 725 1286 759 tibus
1298 740 1330 766 ι»,
1347 736 1429 769 quae
1452 727 1537 760 salus
1561 730 1609 760 est
1631 727 1866 770 aspicientium,
1885 728 1971 770 impii
1989 728 2089 762 ludaei
2108 738 2159 762 ve-

1200 779 1324 819 labant,
1349 780 1565 822 conspuebant
1596 784 1627 813 et
1658 781 1894 822 percutiebant;
1924 781 1976 814 sed
2008 782 2159 815 Dominus

1200 836 1330 875 propter
1354 842 1411 867 nos
1427 834 1487 867 hoc
1504 834 1664 867 sustinuit.
1683 833 1768 867 Unde
1784 834 1990 876 Hieronymus
2004 835 2048 867 12;
2072 849 2087 864 ιι
2101 836 2159 869 Vo-

1200 886 1260 919 luit
1282 887 1435 920 Dominus
1459 887 1608 930 conspui,
1632 891 1668 920 ut
1692 896 1748 920 nos
1773 887 1909 926 lavaret;
1935 888 2033 921 voluit
2051 889 2158 928 velari,

1201 941 1237 971 ut
1260 939 1401 973 velamen
1427 940 1539 982 culpae
1562 944 1593 973 et
1617 940 1811 983 ignorantiae
1835 950 1854 973 a
1878 941 2026 974 cordibus
2043 943 2159 975 nostris

1200 991 1357 1032 auferret;
1383 993 1483 1026 voluit
1507 993 1537 1026 in
1562 994 1663 1036 capite
1686 994 1824 1036 percuti,
1850 998 1886 1027 ut
1903 999 1997 1037 caput
2013 999 2156 1028 nostrum

1200 1047 1382 1081 restitueret
1405 1048 1547 1087 sanitati3
1571 1048 1668 1090 alapis
1693 1048 1792 1081 voluit
1815 1048 1900 1082 caedi
1924 1053 1955 1082 et
1979 1049 2083 1083 verbis
2105 1050 2159 1083 de-

1199 1100 1315 1139 rideri,
1340 1104 1377 1133 ut
1400 1109 1457 1133 nos
1488 1101 1577 1134 labiis
1608 1104 1640 1133 et
1673 1101 1836 1140 manibus,
1861 1101 1892 1134 id
1924 1105 1971 1135 est
1998 1102 2103 1135 verbis
2128 1107 2158 1136 et

1199 1152 1349 1195 operibus
1359 1178 1367 1192 ,
1391 1153 1619 1195 applaudamus
1637 1167 1666 1185 n.

1290 1206 1341 1238 76.
1368 1206 1469 1245 (Vers.
1489 1206 1564 1247 64).
1583 1206 1725 1240 Secundo
1742 1207 1844 1249 quoad
1862 1207 2046 1241 illusionem
2065 1208 2158 1242 Chri-

1198 1258 1244 1291 sti
1258 1262 1296 1291 ut
1311 1259 1501 1302 i9norantis
1524 1260 1644 1293 subdit:
1664 1261 1702 1292 Et
1719 1260 2009 1304 interroyauerunt
2023 1262 2049 1281 ¹³
2071 1272 2156 1301 eum,

1198 1312 1360 1344 dicentes.-
1385 1311 1610 1355 Prophetiza:
1638 1313 1720 1354 Quis
1743 1317 1808 1352 est,
1832 1314 1891 1357 quz·
1922 1319 1950 1346 te
1971 1315 2157 1357 percussit?

1198 1365 1260 1398 Hoc
1283 1369 1390 1398 autem
1413 1366 1556 1399 irrisorie
1590 1366 1761 1405 faciebant,
1787 1367 1953 1400 illudentes
1984 1368 2011 1401 ei
2044 1369 2097 1410 qui
2123 1378 2155 1402 se

1197 1417 1324 1450 dixerat
1347 1427 1415 1451 esse
1431 1427 1544 1451 verum
1562 1419 1767 1461 Prophetam;
1789 1419 1827 1452 de
1843 1429 1907 1462 quo
1923 1419 2158 1453 Deuteronomii

1198 1471 1319 1504 decimo
1342 1475 1452 1504 octavo
1465 1473 1510 1503 1⁴:
1533 1484 1549 1501 α
1565 1472 1753 1514 Prophetam
1770 1473 1933 1506 suscitabit
1949 1473 2100 1506 Dominus
2117 1474 2154 1507 de

1198 1528 1291 1567 gente
1323 1529 1447 1564 vestra,
1472 1525 1576 1567 ipsum
1602 1529 1752 1568 tanquam
1783 1535 1833 1559 me
1864 1526 1998 1560 audietis
2016 1541 2045 1559 n.
2071 1528 2157 1560 Hunc

1198 1579 1385 1621 Prophetam
1403 1588 1466 1611 non
1483 1579 1672 1618 audierunt,
1696 1579 1751 1612 sed
1775 1578 1999 1613 contumeliose
2024 1581 2158 1613 interro-

1197 1635 1368 1675 gaverunt,
1392 1632 1566 1665 secundum
1591 1632 1669 1665 illud
1685 1633 1860 1675 Sapientiae
1876 1633 2030 1666 secundo:
2053 1647 2068 1662 α
2081 1634 2160 1666 Con-

1198 1685 1330 1718 tumelia
1353 1688 1384 1718 et
1409 1688 1566 1718 tormento
1590 1685 1823 1728 interrogemus
1839 1695 1912 1719 eum
1927 1700 1958 1726 n,
1975 1687 2049 1729 quia
2066 1687 2160 1720 simul

1198 1738 1427 1780 percutiebant.

1289 1793 1340 1823 77.
1367 1792 1468 1832 (Vers.
1495 1792 1572 1832 65.).
1597 1791 1634 1824 Et
1657 1792 1733 1834 quia
1755 1801 1818 1824 non
1843 1796 1891 1825 est
1915 1793 2062 1835 possibile
2086 1802 2159 1826 nar-

1198 1853 1270 1878 rare
1294 1845 1399 1877 omnia
1422 1845 1563 1878 convicia
1586 1845 1710 1878 Christo
1734 1845 1949 1886 illata-ideo,
1973 1850 2010 1879 ut
2033 1847 2160 1880 conclu-

1197 1898 1251 1931 dat
1274 1898 1379 1931 omnia
1402 1897 1434 1930 in
1451 1907 1576 1931 summa
1592 1898 1746 1941 quadam,
1763 1898 1884 1931 subdit:
1911 1900 1949 1931 Et
1966 1899 2037 1932 alia
2052 1900 2160 1933 multa

1198 1949 1462 1994 blasphemantes
1485 1951 1635 1984 dicebant
1659 1951 1696 1984 in
1719 1961 1794 1984 eum
1802 1964 1814 1990 ‚·
1838 1955 1870 1985 et
1892 1952 1936 1985 sic
1961 1953 2110 1995 impletur
2126 1953 2158 1986 in

1197 2005 1242 2038 eis
1266 2004 1344 2037 illud
1368 2004 1464 2038 Isaiae
1487 2005 1590 2047 primo
1604 2004 1649 2037 ¹⁵:
1678 2017 1694 2034 <t
1711 2005 1774 2038 Vae
1790 2006 1875 2048 genti
1896 2006 2079 2048 peccatrici,
2104 2015 2159 2048 po-

1197 2059 1273 2101 pulo
1289 2058 1376 2101 gravi
1394 2058 1572 2101 iniquitate!
1597 2058 1844 2101 Dereliquerunt
1867 2059 2054 2099 Dominum,
2077 2059 2158 2093 blas-

1197 2113 1431 2155 phemaverunt
1454 2112 1603 2145 Sanctum
1629 2112 1739 2151 lsrael,
1764 2112 1929 2145 abalienati
1954 2116 2028 2146 sunt
2044 2116 2159 2146 retror-

1197 2175 1315 2199 sum».
1341 2165 1420 2198 Haec
1443 2169 1550 2198 autem
1574 2166 1725 2198 sustinuit
1741 2165 1887 2199 Christus
1903 2165 2090 2206 voluntarie,
2111 2175 2158 2200 se-

1197 2218 1336 2252 cundum
1362 2218 1440 2251 illud
1465 2219 1575 2251 Psalmi
1590 2219 1634 2251 ¹⁶:
1661 2232 1676 2247 α
1691 2218 1868 2261 Opprobria
1897 2220 2157 2262 exprobrantium

1197 2272 1253 2305 tibi
1277 2271 1459 2304 ceciderunt
1483 2280 1580 2314 super
1603 2281 1654 2305 me
1670 2284 1701 2311 n;
1726 2275 1757 2304 et
1787 2272 1862 2311 hoc,
1888 2276 1924 2305 ut
1954 2272 2044 2305 daret
2067 2272 2158 2306 nobis

1196 2325 1380 2367 exemplum
1402 2325 1441 2359 ad
1464 2325 1635 2367 opprobria
1666 2325 1903 2358 contemnenda.
1929 2325 2014 2358 L'nde
2037 2325 2077 2358 ad
2100 2326 2157 2358 He-

1195 2378 1308 2411 braeos
1330 2378 1533 2411 duodecimo:
1563 2391 1579 2407 α
1596 2378 1771 2421 Recogitate
1803 2387 1877 2411 eum
1902 2379 1956 2421 qui
1985 2379 2078 2411 talem
2103 2379 2157 2412 ad-

1196 2439 1308 2471 versus
1343 2431 1546 2473 semetipsum
1583 2431 1734 2464 sustinuit
1769 2431 2046 2465 contradictionem
2062 2445 2094 2471 »;
2126 2436 2157 2465 et

1196 2483 1439 2525 chrysostomus
1453 2484 1496 2516 1⁷:
1527 2497 1543 2513 «
1559 2483 1706 2517 Divinum
1723 2484 1800 2517 illud
1818 2488 1913 2527 caput
1929 2490 2156 2527 percusserunt

1193 2684 1207 2702 a
1228 2678 1253 2702 S.
1272 2677 1371 2702 Bonav.
1391 2676 1528 2702 exhibetur
1547 2676 1686 2707 sententia,
1705 2683 1758 2702 non
1770 2677 1828 2709 ipsa
1842 2676 1923 2702 verba
1937 2678 2093 2708 afferuntur;
2107 2684 2156 2710 pro

1192 2723 1274 2755 caput
1291 2722 1418 2752 nostrum
1437 2724 1521 2747 textus
1540 2721 1674 2753 originalis
1699 2722 1781 2755 capul
1807 2720 1924 2747 humani
1941 2721 2061 2755 generis,
2082 2721 2154 2755 quod

1192 2768 1230 2792 est
1248 2765 1346 2793 Adam.
1366 2766 1430 2792 Voci
1451 2765 1527 2792 labiis
1548 2766 1605 2791 Vat.
1625 2772 1685 2791 cum
1705 2766 1727 2791 Η
1747 2766 1869 2798 praefigit
1887 2765 1918 2792 ei.
1938 2765 1990 2792 Cir.
2005 2766 2095 2792 Glossa
2115 2766 2153 2792 in·

1192 2810 1346 2837 tertinearis
1366 2810 1393 2836 in
1411 2811 1488 2836 Marc.
1510 2810 1555 2841 ⁴4,
1576 2810 1618 2835 65.

1263 2854 1286 2870 ¹⁸
1307 2856 1341 2881 lta
1361 2855 1439 2881 etiam
1459 2855 1543 2886 Beda,
1563 2854 1641 2881 Card.
1668 2855 1758 2887 HugO,
1777 2855 1805 2880 B.
1833 2854 1939 2886 Albert„
1969 2856 1993 2881 S.
2015 2856 2109 2881 Thom.
2129 2860 2154 2882 et

1193 2901 1325 2932 Lyranus;
1346 2900 1404 2925 Vat.
1425 2906 1485 2925 cum
1516 2889 1694 2931 Vulgataz'Et
1719 2897 1932 2932 interrogabant.
1958 2898 2077 2925 Subinde
2095 2902 2154 2931 post

1190 2943 1353 2977 Prophetiza
1372 2942 1391 2970 C
1403 2943 1455 2969 DH
1475 2943 1576 2969 addunt
1594 2942 1688 2975 nobis;
1708 2943 1754 2968 etr.
1776 2943 1803 2968 S.
1823 2943 1929 2975 Thom.‚
1954 2942 2009 2969 Cat.
2029 2949 2108 2968 aurea
2127 2943 2154 2969 in

1191 2988 1253 3013 Luc.
1275 2988 1318 3013 22.
1337 2995 1362 3013 n.
1384 2987 1424 3013 45.

1248 3025 1285 3046 Ἠ
1304 3031 1380 3057 Vers.
1402 3031 1447 3063 l5;
1467 3032 1514 3057 cna
1539 3038 1619 3063 supra
1647 3037 1709 3063 pag.
1740 3030 1804 3063 ⁴72,
1823 3033 1884 3056 nota
1913 3030 1937 3056 3.
1963 3035 1989 3056 et
2006 3037 2068 3063 pag.
2088 3031 2153 3062 226,

1191 3079 1253 3102 nota
1273 3075 1298 3102 4.
1318 3090 1351 3094 —
1371 3074 1487 3101 Subinde
1504 3076 1631 3108 allegatur
1650 3076 1712 3107 Sap.
1732 3076 1762 3106 2,
1784 3075 1825 3100 49.
1843 3088 1879 3094 -
1897 3075 2004 3101 inferius
2018 3078 2077 3107 post
2092 3082 2154 3109 per-

1191 3118 1326 3146 cutiebant
1343 3119 1402 3145 Vat.
1422 3126 1482 3145 cum
1502 3120 1523 3145 G
1543 3119 1615 3145 addit
1634 3120 1658 3145 et
1676 3117 1840 3151 invidebant,
1859 3119 1882 3144 H
1900 3120 1926 3145 et
1939 3117 2153 3153 iruerroyabant.

1262 3162 1285 3178 ¹⁵
1304 3164 1379 3189 Vers.
1400 3163 1425 3190 4.

1262 3207 1285 3223 ¹⁸
1304 3209 1396 3234 Psalm.
1417 3208 1463 3240 68,
1485 3209 1527 3234 40.
1546 3222 1580 3227 —-
1601 3208 1724 3241 Sequitur
1751 3207 1830 3234 Hebr.
1860 3208 1907 3240 ⁴2,
1927 3208 1951 3233 3.
1970 3221 2006 3227 —
2026 3208 2153 3243 Superius

1191 3259 1240 3286 pro
1258 3251 1412 3279 voluntarie
1430 3252 1450 3277 Α
1461 3251 1480 3278 C
1491 3252 1512 3277 D
1531 3251 1677 3278 voluntate.

1262 3295 1284 3310 ¹⁷
1303 3296 1396 3322 Homil.
1410 3296 1453 3322 85.
1470 3296 1544 3328 (alias
1558 3296 1611 3329 86.)
1626 3296 1651 3321 in
1664 3296 1750 3321 Matth.
1763 3302 1789 3321 n.
1806 3296 1828 3321 t.
1842 3295 1986 3326 Sententia,
1999 3302 2051 3321 non
2071 3294 2152 3321 verba

1191 3340 1371 3373 chrysostomi
1389 3347 1404 3365 a
1423 3341 1449 3366 S.
1468 3340 1567 3366 Bonav.
1587 3339 1677 3373 (etiam
1696 3346 1711 3365 a
1730 3339 1805 3366 Card.
1825 3339 1904 3372 Hug.)
1933 3340 2085 3365 afferuntur.
2103 3340 2152 3366 Pro

1190 3383 1245 3412 viri
1262 3383 1399 3419 inquinati
1417 3384 1462 3417 (ita
1481 3384 1559 3410 etiam
1579 3383 1655 3410 Card.
1675 3383 1763 3417 Hugo)
1783 3383 1842 3409 Vat-
1862 3382 1918 3410 viri
1935 3382 2092 3417 iniquitatis.

2180 842 2308 865 Notandum.

2192 1217 2263 1238 musio
2278 1220 2302 1238 ut

2182 1243 2307 1270 ignorantis.

2179 1802 2228 1824 Alia
2238 1803 2314 1833 ‘eonvi-

2224 1835 2266 1851 cia.
