<?xml version="1.0" encoding="UTF-8"?>
<!DOCTYPE html PUBLIC "-//W3C//DTD XHTML 1.0 Transitional//EN"
    "http://www.w3.org/TR/xhtml1/DTD/xhtml1-transitional.dtd">
<html xmlns="http://www.w3.org/1999/xhtml" xml:lang="en" lang="en">
 <head>
  <title>
</title>
<meta http-equiv="Content-Type" content="text/html;charset=utf-8" />
  <meta name='ocr-system' content='tesseract 3.04.00' />
  <meta name='ocr-capabilities' content='ocr_page ocr_carea ocr_par ocr_line ocrx_word'/>
</head>
<body>
  <div class='ocr_page' id='page_1' title='image "./doctorisseraphic07bona_0507.png"; bbox 0 0 2476 3921; ppageno 0'>
   <div class='ocr_carea' id='block_1_1' title="bbox 0 508 141 588">
    <p class='ocr_par' dir='ltr' id='par_1_1' title="bbox 2 508 141 588">
     <span class='ocr_line' id='line_1_1' title="bbox 2 508 141 544; baseline -0.031 -10"><span class='ocrx_word' id='word_1_1' title='bbox 2 508 141 544; x_wconf 55' lang='grc' dir='ltr'>1000010(ιυί-</span> 
     </span>
     <span class='ocr_line' id='line_1_2' title="bbox 6 536 141 561; baseline -0.032 0"><span class='ocrx_word' id='word_1_2' title='bbox 6 539 99 561; x_wconf 66' lang='lat' dir='ltr'>titionem</span> <span class='ocrx_word' id='word_1_3' title='bbox 109 536 141 557; x_wconf 86' lang='lat' dir='ltr'>di-</span> 
     </span>
     <span class='ocr_line' id='line_1_3' title="bbox 0 565 102 588; baseline -0.034 0.17"><span class='ocrx_word' id='word_1_4' title='bbox 0 565 102 588; x_wconf 78' lang='lat' dir='ltr'>strictam.</span> 
     </span>
    </p>
   </div>
   <div class='ocr_carea' id='block_1_2' title="bbox 742 245 937 279">
    <p class='ocr_par' dir='ltr' id='par_1_2' title="bbox 742 245 937 279">
     <span class='ocr_line' id='line_1_4' title="bbox 742 245 937 279; baseline 0 0"><span class='ocrx_word' id='word_1_5' title='bbox 742 245 937 279; x_wconf 88' lang='lat' dir='ltr'>COMMENT.</span> 
     </span>
    </p>
   </div>
   <div class='ocr_carea' id='block_1_3' title="bbox 153 331 1123 1234">
    <p class='ocr_par' dir='ltr' id='par_1_3' title="bbox 153 331 1123 1234">
     <span class='ocr_line' id='line_1_5' title="bbox 153 331 1123 381; baseline -0.007 -8"><span class='ocrx_word' id='word_1_6' title='bbox 153 348 262 373; x_wconf 89' lang='lat' dir='ltr'>omnes</span> <span class='ocrx_word' id='word_1_7' title='bbox 286 337 390 381; x_wconf 80' lang='lat' dir='ltr'>Angeli</span> <span class='ocrx_word' id='word_1_8' title='bbox 415 331 513 376; x_wconf 78' lang='lat' dir='ltr'>eius,&#39;</span> <span class='ocrx_word' id='word_1_9' title='bbox 533 339 677 379; x_wconf 90' lang='lat' dir='ltr'>potentes</span> <span class='ocrx_word' id='word_1_10' title='bbox 704 335 841 374; x_wconf 88' lang='lat' dir='ltr'>virtute,</span> <span class='ocrx_word' id='word_1_11' title='bbox 872 334 1021 367; x_wconf 76' lang='lat' dir='ltr'><strong>facientes</strong></span> <span class='ocrx_word' id='word_1_12' title='bbox 1052 343 1123 367; x_wconf 92' lang='lat' dir='ltr'>ver—</span> 
     </span>
     <span class='ocr_line' id='line_1_6' title="bbox 153 388 1076 426; baseline -0.007 0"><span class='ocrx_word' id='word_1_13' title='bbox 153 393 230 426; x_wconf 89' lang='lat' dir='ltr'>bum</span> <span class='ocrx_word' id='word_1_14' title='bbox 253 392 322 425; x_wconf 91' lang='lat' dir='ltr'>eius</span> <span class='ocrx_word' id='word_1_15' title='bbox 344 390 384 424; x_wconf 85' lang='lat' dir='ltr'>ad</span> <span class='ocrx_word' id='word_1_16' title='bbox 407 389 595 423; x_wconf 88' lang='lat' dir='ltr'>audiendam</span> <span class='ocrx_word' id='word_1_17' title='bbox 618 397 727 422; x_wconf 91' lang='lat' dir='ltr'>vocem</span> <span class='ocrx_word' id='word_1_18' title='bbox 744 397 936 421; x_wconf 59' lang='lat' dir='ltr'>&#39;sermonum</span> <span class='ocrx_word' id='word_1_19' title='bbox 960 388 1030 421; x_wconf 92' lang='lat' dir='ltr'>eius</span> <span class='ocrx_word' id='word_1_20' title='bbox 1045 401 1076 420; x_wconf 74' lang='grc' dir='ltr'>ι».</span> 
     </span>
     <span class='ocr_line' id='line_1_7' title="bbox 243 440 1123 487; baseline -0.006 -9"><span class='ocrx_word' id='word_1_21' title='bbox 243 445 297 478; x_wconf 74' lang='grc'>24.</span> <span class='ocrx_word' id='word_1_22' title='bbox 333 444 440 478; x_wconf 91' lang='lat' dir='ltr'>Tertio</span> <span class='ocrx_word' id='word_1_23' title='bbox 468 446 623 487; x_wconf 89' lang='lat' dir='ltr'>quantum</span> <span class='ocrx_word' id='word_1_24' title='bbox 655 442 694 475; x_wconf 89' lang='lat' dir='ltr'>ad</span> <span class='ocrx_word' id='word_1_25' title='bbox 724 441 977 485; x_wconf 83' lang='lat' dir='ltr'>inquisitionem.</span> <span class='ocrx_word' id='word_1_26' title='bbox 1007 440 1123 474; x_wconf 86' lang='lat' dir='ltr'>distri-</span> 
     </span>
     <span class='ocr_line' id='line_1_8' title="bbox 154 494 1122 539; baseline -0.006 -7"><span class='ocrx_word' id='word_1_27' title='bbox 154 503 243 532; x_wconf 85' lang='lat' dir='ltr'>ctam</span> <span class='ocrx_word' id='word_1_28' title='bbox 266 498 394 532; x_wconf 84' lang='lat' dir='ltr'>subdit:</span> <span class='ocrx_word' id='word_1_29' title='bbox 424 498 464 530; x_wconf 81' lang='lat' dir='ltr'>Ut</span> <span class='ocrx_word' id='word_1_30' title='bbox 485 496 604 535; x_wconf 84' lang='lat' dir='ltr'>sciret,</span> <span class='ocrx_word' id='word_1_31' title='bbox 629 499 796 539; x_wconf 83' lang='lat' dir='ltr'>quantum</span> <span class='ocrx_word' id='word_1_32' title='bbox 811 495 951 539; x_wconf 83' lang='lat' dir='ltr'>quisque</span> <span class='ocrx_word' id='word_1_33' title='bbox 973 494 1122 537; x_wconf 74' lang='lat' dir='ltr'>neyotia—</span> 
     </span>
     <span class='ocr_line' id='line_1_9' title="bbox 155 548 1123 590; baseline -0.005 -5"><span class='ocrx_word' id='word_1_34' title='bbox 155 556 209 585; x_wconf 83' lang='lat' dir='ltr'>tus</span> <span class='ocrx_word' id='word_1_35' title='bbox 224 555 325 590; x_wconf 54' lang='lat' dir='ltr'>essen</span> <span class='ocrx_word' id='word_1_36' title='bbox 341 551 449 584; x_wconf 88' lang='lat' dir='ltr'>Glossa</span> <span class='ocrx_word' id='word_1_37' title='bbox 463 551 492 583; x_wconf 90' lang='lat'>¹:</span> <span class='ocrx_word' id='word_1_38' title='bbox 512 563 528 579; x_wconf 88' lang='lat'>«</span> <span class='ocrx_word' id='word_1_39' title='bbox 542 549 633 583; x_wconf 82' lang='lat' dir='ltr'>Sciri</span> <span class='ocrx_word' id='word_1_40' title='bbox 647 549 755 589; x_wconf 84' lang='lat' dir='ltr'>saciet;</span> <span class='ocrx_word' id='word_1_41' title='bbox 774 552 849 582; x_wconf 91' lang='lat' dir='ltr'>tunc</span> <span class='ocrx_word' id='word_1_42' title='bbox 866 548 1008 581; x_wconf 92' lang='lat' dir='ltr'>omnium</span> <span class='ocrx_word' id='word_1_43' title='bbox 1025 556 1123 590; x_wconf 91' lang='lat' dir='ltr'>opera</span> 
     </span>
     <span class='ocr_line' id='line_1_10' title="bbox 154 601 1122 647; baseline -0.004 -9"><span class='ocrx_word' id='word_1_44' title='bbox 154 609 185 639; x_wconf 92' lang='lat' dir='ltr'>et</span> <span class='ocrx_word' id='word_1_45' title='bbox 209 604 412 647; x_wconf 85' lang='lat' dir='ltr'>cogitationes</span> <span class='ocrx_word' id='word_1_46' title='bbox 443 603 592 636; x_wconf 91' lang='lat' dir='ltr'>omnibus</span> <span class='ocrx_word' id='word_1_47' title='bbox 623 603 725 645; x_wconf 88' lang='lat' dir='ltr'>palam</span> <span class='ocrx_word' id='word_1_48' title='bbox 754 602 963 635; x_wconf 81' lang='lat' dir='ltr'>ostendentur</span> <span class='ocrx_word' id='word_1_49' title='bbox 980 614 1010 632; x_wconf 80' lang='grc'>».</span> <span class='ocrx_word' id='word_1_50' title='bbox 1035 601 1122 634; x_wconf 84' lang='lat' dir='ltr'><strong>Unde</strong></span> 
     </span>
     <span class='ocr_line' id='line_1_11' title="bbox 154 654 1120 703; baseline -0.004 -12"><span class='ocrx_word' id='word_1_51' title='bbox 154 658 292 691; x_wconf 81' lang='lat' dir='ltr'>Danielis</span> <span class='ocrx_word' id='word_1_52' title='bbox 320 657 474 703; x_wconf 89' lang='lat' dir='ltr'>septimo:</span> <span class='ocrx_word' id='word_1_53' title='bbox 504 655 691 689; x_wconf 83' lang='lat' dir='ltr'>«Iudicium</span> <span class='ocrx_word' id='word_1_54' title='bbox 723 655 820 695; x_wconf 90' lang='lat' dir='ltr'>sedit,</span> <span class='ocrx_word' id='word_1_55' title='bbox 853 658 884 688; x_wconf 90' lang='lat' dir='ltr'>et</span> <span class='ocrx_word' id='word_1_56' title='bbox 916 654 989 691; x_wconf 82' lang='lat' dir='ltr'>libri</span> <span class='ocrx_word' id='word_1_57' title='bbox 1020 654 1120 697; x_wconf 88' lang='lat' dir='ltr'>aperti</span> 
     </span>
     <span class='ocr_line' id='line_1_12' title="bbox 155 708 1120 752; baseline -0.005 -7"><span class='ocrx_word' id='word_1_58' title='bbox 155 714 228 745; x_wconf 86' lang='lat' dir='ltr'>sunt</span> <span class='ocrx_word' id='word_1_59' title='bbox 245 723 277 750; x_wconf 71' lang='grc' dir='ltr'>»ς</span> <span class='ocrx_word' id='word_1_60' title='bbox 301 711 378 743; x_wconf 87' lang='lat' dir='ltr'>haec</span> <span class='ocrx_word' id='word_1_61' title='bbox 398 713 504 743; x_wconf 91' lang='lat' dir='ltr'>autem</span> <span class='ocrx_word' id='word_1_62' title='bbox 522 709 650 752; x_wconf 83' lang='lat' dir='ltr'>apertio</span> <span class='ocrx_word' id='word_1_63' title='bbox 667 712 714 742; x_wconf 87' lang='lat' dir='ltr'>est</span> <span class='ocrx_word' id='word_1_64' title='bbox 730 708 915 752; x_wconf 79' lang='lat' dir='ltr'>ponderatio</span> <span class='ocrx_word' id='word_1_65' title='bbox 931 708 1120 741; x_wconf 90' lang='lat' dir='ltr'>meritorum</span> 
     </span>
     <span class='ocr_line' id='line_1_13' title="bbox 154 761 1121 805; baseline -0.005 -7"><span class='ocrx_word' id='word_1_66' title='bbox 154 767 186 798; x_wconf 89' lang='lat' dir='ltr'>et</span> <span class='ocrx_word' id='word_1_67' title='bbox 208 763 435 797; x_wconf 90' lang='lat' dir='ltr'>demeritorum</span> <span class='ocrx_word' id='word_1_68' title='bbox 460 762 635 796; x_wconf 89' lang='lat' dir='ltr'>secundum</span> <span class='ocrx_word' id='word_1_69' title='bbox 667 761 932 805; x_wconf 81' lang='lat' dir='ltr'>comparationem</span> <span class='ocrx_word' id='word_1_70' title='bbox 965 761 1121 794; x_wconf 82' lang='lat' dir='ltr'>factorum</span> 
     </span>
     <span class='ocr_line' id='line_1_14' title="bbox 155 814 1120 859; baseline -0.003 -9"><span class='ocrx_word' id='word_1_71' title='bbox 155 817 193 850; x_wconf 88' lang='lat' dir='ltr'>ad</span> <span class='ocrx_word' id='word_1_72' title='bbox 210 817 348 850; x_wconf 83' lang='lat' dir='ltr'>rationes</span> <span class='ocrx_word' id='word_1_73' title='bbox 365 816 591 850; x_wconf 79' lang='lat' dir='ltr'>faciendorum.</span> <span class='ocrx_word' id='word_1_74' title='bbox 610 816 696 849; x_wconf 88' lang='lat' dir='ltr'>Unde</span> <span class='ocrx_word' id='word_1_75' title='bbox 713 815 913 859; x_wconf 85' lang='lat' dir='ltr'>Apocalypsis</span> <span class='ocrx_word' id='word_1_76' title='bbox 929 815 1081 858; x_wconf 87' lang='lat' dir='ltr'>vigesimo</span> <span class='ocrx_word' id='word_1_77' title='bbox 1094 814 1120 847; x_wconf 74' lang='lat'>²:</span> 
     </span>
     <span class='ocr_line' id='line_1_15' title="bbox 159 868 1123 913; baseline 0 -13"><span class='ocrx_word' id='word_1_78' title='bbox 159 884 175 900; x_wconf 83' lang='lat'><em>«</em></span> <span class='ocrx_word' id='word_1_79' title='bbox 192 870 261 904; x_wconf 94' lang='lat' dir='ltr'>Vidi</span> <span class='ocrx_word' id='word_1_80' title='bbox 284 873 427 904; x_wconf 91' lang='lat' dir='ltr'>mortuos</span> <span class='ocrx_word' id='word_1_81' title='bbox 450 870 582 913; x_wconf 89' lang='lat' dir='ltr'>pusillos</span> <span class='ocrx_word' id='word_1_82' title='bbox 606 873 637 903; x_wconf 92' lang='lat' dir='ltr'>et</span> <span class='ocrx_word' id='word_1_83' title='bbox 660 879 808 912; x_wconf 84' lang='lat' dir='ltr'>magnos,</span> <span class='ocrx_word' id='word_1_84' title='bbox 833 872 953 902; x_wconf 91' lang='lat' dir='ltr'>stantes</span> <span class='ocrx_word' id='word_1_85' title='bbox 984 868 1015 901; x_wconf 93' lang='lat' dir='ltr'>in</span> <span class='ocrx_word' id='word_1_86' title='bbox 1048 877 1123 901; x_wconf 92' lang='lat' dir='ltr'>con-</span> 
     </span>
     <span class='ocr_line' id='line_1_16' title="bbox 154 921 1122 967; baseline -0.004 -9"><span class='ocrx_word' id='word_1_87' title='bbox 154 928 265 967; x_wconf 92' lang='lat' dir='ltr'>spectu</span> <span class='ocrx_word' id='word_1_88' title='bbox 296 924 422 964; x_wconf 87' lang='lat' dir='ltr'>throni,</span> <span class='ocrx_word' id='word_1_89' title='bbox 453 927 485 957; x_wconf 91' lang='lat' dir='ltr'>et</span> <span class='ocrx_word' id='word_1_90' title='bbox 516 924 588 957; x_wconf 91' lang='lat' dir='ltr'>libri</span> <span class='ocrx_word' id='word_1_91' title='bbox 621 923 722 966; x_wconf 90' lang='lat' dir='ltr'>aperti</span> <span class='ocrx_word' id='word_1_92' title='bbox 755 926 848 962; x_wconf 85' lang='lat' dir='ltr'>sunt,</span> <span class='ocrx_word' id='word_1_93' title='bbox 873 925 905 955; x_wconf 90' lang='lat' dir='ltr'>et</span> <span class='ocrx_word' id='word_1_94' title='bbox 928 922 1010 955; x_wconf 89' lang='lat' dir='ltr'>alius</span> <span class='ocrx_word' id='word_1_95' title='bbox 1042 921 1122 955; x_wconf 91' lang='lat' dir='ltr'>liber</span> 
     </span>
     <span class='ocr_line' id='line_1_17' title="bbox 154 975 1123 1021; baseline -0.003 -10"><span class='ocrx_word' id='word_1_96' title='bbox 154 981 285 1021; x_wconf 87' lang='lat' dir='ltr'>apertus</span> <span class='ocrx_word' id='word_1_97' title='bbox 315 982 380 1017; x_wconf 91' lang='lat' dir='ltr'>est,</span> <span class='ocrx_word' id='word_1_98' title='bbox 412 977 467 1020; x_wconf 92' lang='lat' dir='ltr'>qui</span> <span class='ocrx_word' id='word_1_99' title='bbox 499 981 547 1011; x_wconf 92' lang='lat' dir='ltr'>est</span> <span class='ocrx_word' id='word_1_100' title='bbox 579 977 659 1010; x_wconf 90' lang='lat' dir='ltr'>liber</span> <span class='ocrx_word' id='word_1_101' title='bbox 690 977 794 1016; x_wconf 90' lang='lat' dir='ltr'>vitae;</span> <span class='ocrx_word' id='word_1_102' title='bbox 826 979 858 1009; x_wconf 93' lang='lat' dir='ltr'>et</span> <span class='ocrx_word' id='word_1_103' title='bbox 890 975 1018 1009; x_wconf 85' lang='lat' dir='ltr'>iudicati</span> <span class='ocrx_word' id='word_1_104' title='bbox 1047 977 1123 1008; x_wconf 89' lang='lat' dir='ltr'>sunt</span> 
     </span>
     <span class='ocr_line' id='line_1_18' title="bbox 155 1028 1122 1074; baseline -0.003 -10"><span class='ocrx_word' id='word_1_105' title='bbox 155 1031 273 1065; x_wconf 90' lang='lat' dir='ltr'>mortui</span> <span class='ocrx_word' id='word_1_106' title='bbox 297 1040 338 1064; x_wconf 84' lang='lat' dir='ltr'>ex</span> <span class='ocrx_word' id='word_1_107' title='bbox 364 1031 414 1064; x_wconf 90' lang='lat' dir='ltr'>his</span> <span class='ocrx_word' id='word_1_108' title='bbox 445 1040 527 1074; x_wconf 91' lang='lat' dir='ltr'>quae</span> <span class='ocrx_word' id='word_1_109' title='bbox 551 1030 669 1073; x_wconf 88' lang='lat' dir='ltr'>scripta</span> <span class='ocrx_word' id='word_1_110' title='bbox 692 1033 784 1063; x_wconf 90' lang='lat' dir='ltr'>erant</span> <span class='ocrx_word' id='word_1_111' title='bbox 807 1030 839 1062; x_wconf 96' lang='lat' dir='ltr'>in</span> <span class='ocrx_word' id='word_1_112' title='bbox 863 1029 954 1062; x_wconf 88' lang='lat' dir='ltr'>libris</span> <span class='ocrx_word' id='word_1_113' title='bbox 971 1041 1002 1068; x_wconf 75' lang='grc' dir='ltr'>»ς</span> <span class='ocrx_word' id='word_1_114' title='bbox 1028 1028 1122 1071; x_wconf 91' lang='lat' dir='ltr'>quia,</span> 
     </span>
     <span class='ocr_line' id='line_1_19' title="bbox 155 1081 1121 1127; baseline -0.003 -10"><span class='ocrx_word' id='word_1_115' title='bbox 155 1084 329 1118; x_wconf 89' lang='lat' dir='ltr'>secundum</span> <span class='ocrx_word' id='word_1_116' title='bbox 342 1084 427 1127; x_wconf 91' lang='lat' dir='ltr'>quod</span> <span class='ocrx_word' id='word_1_117' title='bbox 438 1084 556 1117; x_wconf 89' lang='lat' dir='ltr'>dicitur</span> <span class='ocrx_word' id='word_1_118' title='bbox 572 1083 728 1117; x_wconf 86' lang='lat' dir='ltr'>secundae</span> <span class='ocrx_word' id='word_1_119' title='bbox 744 1083 783 1116; x_wconf 91' lang='lat' dir='ltr'>ad</span> <span class='ocrx_word' id='word_1_120' title='bbox 799 1082 979 1116; x_wconf 88' lang='lat' dir='ltr'>Corinthios</span> <span class='ocrx_word' id='word_1_121' title='bbox 989 1081 1121 1126; x_wconf 84' lang='lat' dir='ltr'>quinto,</span> 
     </span>
     <span class='ocr_line' id='line_1_20' title="bbox 160 1135 1123 1180; baseline -0.004 -9"><span class='ocrx_word' id='word_1_122' title='bbox 160 1150 176 1166; x_wconf 88' lang='lat'>«</span> <span class='ocrx_word' id='word_1_123' title='bbox 192 1147 302 1171; x_wconf 90' lang='lat' dir='ltr'>omnes</span> <span class='ocrx_word' id='word_1_124' title='bbox 325 1147 384 1171; x_wconf 92' lang='lat' dir='ltr'>nos</span> <span class='ocrx_word' id='word_1_125' title='bbox 405 1140 531 1180; x_wconf 87' lang='lat' dir='ltr'>oportet</span> <span class='ocrx_word' id='word_1_126' title='bbox 555 1137 746 1170; x_wconf 75' lang='lat' dir='ltr'>manifestari</span> <span class='ocrx_word' id='word_1_127' title='bbox 771 1139 844 1170; x_wconf 89' lang='lat' dir='ltr'>ante</span> <span class='ocrx_word' id='word_1_128' title='bbox 867 1135 1008 1169; x_wconf 88' lang='lat' dir='ltr'>tribunal</span> <span class='ocrx_word' id='word_1_129' title='bbox 1031 1135 1123 1168; x_wconf 90' lang='lat' dir='ltr'>Chri-</span> 
     </span>
     <span class='ocr_line' id='line_1_21' title="bbox 155 1188 1120 1234; baseline -0.003 -10"><span class='ocrx_word' id='word_1_130' title='bbox 155 1191 212 1232; x_wconf 88' lang='lat' dir='ltr'>sti,</span> <span class='ocrx_word' id='word_1_131' title='bbox 243 1195 280 1224; x_wconf 86' lang='lat' dir='ltr'>ut</span> <span class='ocrx_word' id='word_1_132' title='bbox 311 1191 428 1225; x_wconf 81' lang='lat' dir='ltr'>referat</span> <span class='ocrx_word' id='word_1_133' title='bbox 463 1191 686 1234; x_wconf 88' lang='lat' dir='ltr'>unusquisque</span> <span class='ocrx_word' id='word_1_134' title='bbox 718 1190 847 1233; x_wconf 90' lang='lat' dir='ltr'>propria</span> <span class='ocrx_word' id='word_1_135' title='bbox 878 1189 1022 1232; x_wconf 89' lang='lat' dir='ltr'>corporis</span> <span class='ocrx_word' id='word_1_136' title='bbox 1053 1188 1120 1228; x_wconf 93' lang='lat' dir='ltr'>sui,</span> 
     </span>
    </p>
   </div>
   <div class='ocr_carea' id='block_1_4' title="bbox 154 1242 1134 1289">
    <p class='ocr_par' dir='ltr' id='par_1_4' title="bbox 154 1242 1134 1289">
     <span class='ocr_line' id='line_1_22' title="bbox 154 1242 1134 1289; baseline -0.004 -10"><span class='ocrx_word' id='word_1_137' title='bbox 154 1249 250 1288; x_wconf 89' lang='lat' dir='ltr'>prout</span> <span class='ocrx_word' id='word_1_138' title='bbox 274 1246 387 1289; x_wconf 84' lang='lat' dir='ltr'>gessit,</span> <span class='ocrx_word' id='word_1_139' title='bbox 412 1245 478 1278; x_wconf 90' lang='lat' dir='ltr'>sive</span> <span class='ocrx_word' id='word_1_140' title='bbox 501 1245 619 1278; x_wconf 88' lang='lat' dir='ltr'>bonum</span> <span class='ocrx_word' id='word_1_141' title='bbox 644 1244 711 1277; x_wconf 90' lang='lat' dir='ltr'>sive</span> <span class='ocrx_word' id='word_1_142' title='bbox 734 1244 855 1277; x_wconf 83' lang='lat' dir='ltr'>malum</span> <span class='ocrx_word' id='word_1_143' title='bbox 873 1257 902 1276; x_wconf 68' lang='grc' dir='ltr'>ι).</span> <span class='ocrx_word' id='word_1_144' title='bbox 928 1243 1014 1276; x_wconf 89' lang='lat' dir='ltr'>Unde</span> <span class='ocrx_word' id='word_1_145' title='bbox 1031 1242 1134 1281; x_wconf 50' lang='lat' dir='ltr'>ouili-2</span> 
     </span>
    </p>
   </div>
   <div class='ocr_carea' id='block_1_5' title="bbox 154 1296 1122 1447">
    <p class='ocr_par' dir='ltr' id='par_1_5' title="bbox 154 1296 1122 1447">
     <span class='ocr_line' id='line_1_23' title="bbox 154 1296 1122 1341; baseline -0.004 -9"><span class='ocrx_word' id='word_1_146' title='bbox 154 1299 207 1332; x_wconf 88' lang='lat' dir='ltr'>bet</span> <span class='ocrx_word' id='word_1_147' title='bbox 229 1299 353 1332; x_wconf 90' lang='lat' dir='ltr'>dicetur</span> <span class='ocrx_word' id='word_1_148' title='bbox 377 1298 458 1334; x_wconf 68' lang='lat' dir='ltr'>illud·</span> <span class='ocrx_word' id='word_1_149' title='bbox 486 1298 572 1341; x_wconf 87' lang='lat' dir='ltr'>quod</span> <span class='ocrx_word' id='word_1_150' title='bbox 602 1297 720 1331; x_wconf 90' lang='lat' dir='ltr'>dicitur</span> <span class='ocrx_word' id='word_1_151' title='bbox 744 1297 848 1330; x_wconf 91' lang='lat' dir='ltr'>villico</span> <span class='ocrx_word' id='word_1_152' title='bbox 871 1306 970 1339; x_wconf 89' lang='lat' dir='ltr'>supra</span> <span class='ocrx_word' id='word_1_153' title='bbox 1000 1296 1122 1329; x_wconf 90' lang='lat' dir='ltr'>decimo</span> 
     </span>
     <span class='ocr_line' id='line_1_24' title="bbox 155 1350 1005 1385; baseline -0.004 0"><span class='ocrx_word' id='word_1_154' title='bbox 155 1352 293 1385; x_wconf 82' lang='lat' dir='ltr'>sexto³:</span> <span class='ocrx_word' id='word_1_155' title='bbox 323 1365 339 1381; x_wconf 73' lang='grc' dir='ltr'>α</span> <span class='ocrx_word' id='word_1_156' title='bbox 357 1351 459 1385; x_wconf 86' lang='lat' dir='ltr'>Redde</span> <span class='ocrx_word' id='word_1_157' title='bbox 483 1352 636 1385; x_wconf 88' lang='lat' dir='ltr'>rationem</span> <span class='ocrx_word' id='word_1_158' title='bbox 662 1350 861 1384; x_wconf 86' lang='lat' dir='ltr'>villicationis</span> <span class='ocrx_word' id='word_1_159' title='bbox 885 1353 958 1383; x_wconf 88' lang='lat' dir='ltr'>tuae</span> <span class='ocrx_word' id='word_1_160' title='bbox 975 1363 1005 1382; x_wconf 80' lang='grc'>».</span> 
     </span>
     <span class='ocr_line' id='line_1_25' title="bbox 245 1401 1122 1447; baseline -0.005 -9"><span class='ocrx_word' id='word_1_161' title='bbox 245 1406 298 1438; x_wconf 82' lang='grc'>25.</span> <span class='ocrx_word' id='word_1_162' title='bbox 330 1405 422 1438; x_wconf 82' lang='lat' dir='ltr'>Venit</span> <span class='ocrx_word' id='word_1_163' title='bbox 444 1409 557 1438; x_wconf 85' lang='lat' dir='ltr'>autem</span> <span class='ocrx_word' id='word_1_164' title='bbox 576 1404 714 1447; x_wconf 85' lang='lat' dir='ltr'>primus</span> <span class='ocrx_word' id='word_1_165' title='bbox 737 1406 796 1437; x_wconf 85' lang='lat' dir='ltr'>etc.</span> <span class='ocrx_word' id='word_1_166' title='bbox 818 1404 987 1445; x_wconf 90' lang='lat' dir='ltr'>Postquam</span> <span class='ocrx_word' id='word_1_167' title='bbox 1004 1401 1122 1435; x_wconf 88' lang='lat' dir='ltr'>descri-</span> 
     </span>
    </p>
   </div>
   <div class='ocr_carea' id='block_1_6' title="bbox 0 1456 1122 1501">
    <p class='ocr_par' dir='ltr' id='par_1_6' title="bbox 0 1456 1122 1501">
     <span class='ocr_line' id='line_1_26' title="bbox 0 1456 1122 1501; baseline -0.003 -10"><span class='ocrx_word' id='word_1_168' title='bbox 0 1469 149 1497; x_wconf 74' lang='lat' dir='ltr'>Respectuser-</span> <span class='ocrx_word' id='word_1_169' title='bbox 154 1458 216 1501; x_wconf 90' lang='lat' dir='ltr'>psit</span> <span class='ocrx_word' id='word_1_170' title='bbox 240 1458 347 1491; x_wconf 89' lang='lat' dir='ltr'>iudicii</span> <span class='ocrx_word' id='word_1_171' title='bbox 371 1458 504 1491; x_wconf 86' lang='lat' dir='ltr'>formam</span> <span class='ocrx_word' id='word_1_172' title='bbox 522 1461 668 1500; x_wconf 88' lang='lat' dir='ltr'>respectu</span> <span class='ocrx_word' id='word_1_173' title='bbox 685 1457 841 1496; x_wconf 90' lang='lat' dir='ltr'>omnium,</span> <span class='ocrx_word' id='word_1_174' title='bbox 859 1456 911 1489; x_wconf 80' lang='lat' dir='ltr'>liic</span> <span class='ocrx_word' id='word_1_175' title='bbox 927 1465 1122 1498; x_wconf 91' lang='lat' dir='ltr'>consequen-</span> 
     </span>
    </p>
   </div>
   <div class='ocr_carea' id='block_1_7' title="bbox 13 1495 149 1518">
    <p class='ocr_par' dir='ltr' id='par_1_7' title="bbox 13 1495 149 1518">
     <span class='ocr_line' id='line_1_27' title="bbox 13 1495 149 1518; baseline -0.008 0"><span class='ocrx_word' id='word_1_176' title='bbox 13 1502 84 1518; x_wconf 75' lang='lat' dir='ltr'>vorum</span> <span class='ocrx_word' id='word_1_177' title='bbox 98 1495 149 1517; x_wconf 80' lang='lat' dir='ltr'>tide-</span> 
     </span>
    </p>
   </div>
   <div class='ocr_carea' id='block_1_8' title="bbox 13 1509 1123 1554">
    <p class='ocr_par' dir='ltr' id='par_1_8' title="bbox 13 1509 1123 1554">
     <span class='ocr_line' id='line_1_28' title="bbox 13 1509 1123 1554; baseline -0.003 -10"><span class='ocrx_word' id='word_1_178' title='bbox 13 1523 63 1545; x_wconf 74' lang='lat' dir='ltr'>num</span> <span class='ocrx_word' id='word_1_179' title='bbox 82 1515 204 1546; x_wconf 64' lang='lat' dir='ltr'>minster</span> <span class='ocrx_word' id='word_1_180' title='bbox 226 1512 377 1545; x_wconf 88' lang='lat' dir='ltr'>describit</span> <span class='ocrx_word' id='word_1_181' title='bbox 401 1521 469 1545; x_wconf 90' lang='lat' dir='ltr'>eam</span> <span class='ocrx_word' id='word_1_182' title='bbox 494 1515 643 1554; x_wconf 83' lang='lat' dir='ltr'>respect-u</span> <span class='ocrx_word' id='word_1_183' title='bbox 676 1520 852 1544; x_wconf 72' lang='lat' dir='ltr'>semorum</span> <span class='ocrx_word' id='word_1_184' title='bbox 875 1509 1060 1552; x_wconf 82' lang='lat' dir='ltr'>fidelium.</span> <span class='ocrx_word' id='word_1_185' title='bbox 1037 1510 1050 1529; x_wconf 84' lang='lat'><strong>⁴</strong></span> <span class='ocrx_word' id='word_1_186' title='bbox 1086 1509 1123 1542; x_wconf 91' lang='lat' dir='ltr'>Et</span> 
     </span>
    </p>
   </div>
   <div class='ocr_carea' id='block_1_9' title="bbox 13 1548 151 1571">
    <p class='ocr_par' dir='ltr' id='par_1_9' title="bbox 13 1548 151 1571">
     <span class='ocr_line' id='line_1_29' title="bbox 13 1548 151 1571; baseline -0.007 0"><span class='ocrx_word' id='word_1_187' title='bbox 13 1549 85 1571; x_wconf 84' lang='lat' dir='ltr'>iudicii</span> <span class='ocrx_word' id='word_1_188' title='bbox 114 1548 140 1570; x_wconf 84' lang='lat' dir='ltr'>de</span> <span class='ocrx_word' id='word_1_189' title='bbox 129 1554 151 1570; x_wconf 84' lang='lat' dir='ltr'>e-</span> 
     </span>
    </p>
   </div>
   <div class='ocr_carea' id='block_1_10' title="bbox 11 1549 1121 1609">
    <p class='ocr_par' dir='ltr' id='par_1_10' title="bbox 11 1549 1121 1609">
     <span class='ocr_line' id='line_1_30' title="bbox 11 1549 1121 1609; baseline -0.002 -12"><span class='ocrx_word' id='word_1_190' title='bbox 11 1576 149 1598; x_wconf 61' lang='lat' dir='ltr'>terminumn·</span> <span class='ocrx_word' id='word_1_191' title='bbox 155 1566 304 1609; x_wconf 89' lang='lat' dir='ltr'>quoniam</span> <span class='ocrx_word' id='word_1_192' title='bbox 328 1565 447 1608; x_wconf 88' lang='lat' dir='ltr'>duplex</span> <span class='ocrx_word' id='word_1_193' title='bbox 471 1564 532 1598; x_wconf 87' lang='lat' dir='ltr'>fuit</span> <span class='ocrx_word' id='word_1_194' title='bbox 554 1564 632 1597; x_wconf 87' lang='lat' dir='ltr'>ordo</span> <span class='ocrx_word' id='word_1_195' title='bbox 653 1549 921 1608; x_wconf 83' lang='lat' dir='ltr'>praedicantium,</span> <span class='ocrx_word' id='word_1_196' title='bbox 946 1562 1121 1596; x_wconf 88' lang='lat' dir='ltr'>secundum</span> 
     </span>
    </p>
   </div>
   <div class='ocr_carea' id='block_1_11' title="bbox 6 1603 96 1630">
    <p class='ocr_par' dir='ltr' id='par_1_11' title="bbox 6 1603 96 1630">
     <span class='ocr_line' id='line_1_31' title="bbox 6 1603 96 1630; baseline 0 -6"><span class='ocrx_word' id='word_1_197' title='bbox 6 1603 96 1630; x_wconf 79' lang='lat' dir='ltr'>pliciter.</span> 
     </span>
    </p>
   </div>
   <div class='ocr_carea' id='block_1_12' title="bbox 2 2056 137 2164">
    <p class='ocr_par' dir='ltr' id='par_1_12' title="bbox 2 2056 137 2164">
     <span class='ocr_line' id='line_1_32' title="bbox 14 2056 127 2082; baseline -0.009 -4"><span class='ocrx_word' id='word_1_198' title='bbox 14 2056 90 2082; x_wconf 85' lang='lat' dir='ltr'>Primo,</span> <span class='ocrx_word' id='word_1_199' title='bbox 105 2056 127 2077; x_wconf 91' lang='lat' dir='ltr'>in</span> 
     </span>
     <span class='ocr_line' id='line_1_33' title="bbox 2 2083 137 2106; baseline -0.015 0"><span class='ocrx_word' id='word_1_200' title='bbox 2 2083 137 2106; x_wconf 72' lang='lat' dir='ltr'>conversione</span> 
     </span>
     <span class='ocr_line' id='line_1_34' title="bbox 11 2109 134 2132; baseline -0.008 -1"><span class='ocrx_word' id='word_1_201' title='bbox 11 2109 134 2132; x_wconf 77' lang='lat' dir='ltr'>ludaeorum</span> 
     </span>
     <span class='ocr_line' id='line_1_35' title="bbox 21 2136 121 2164; baseline 0 -6"><span class='ocrx_word' id='word_1_202' title='bbox 21 2142 58 2164; x_wconf 82' lang='lat' dir='ltr'>per</span> <span class='ocrx_word' id='word_1_203' title='bbox 72 2136 121 2158; x_wconf 82' lang='lat' dir='ltr'>tria.</span> 
     </span>
    </p>
   </div>
   <div class='ocr_carea' id='block_1_13' title="bbox 35 2270 137 2292">
    <p class='ocr_par' dir='ltr' id='par_1_13' title="bbox 35 2270 137 2292">
     <span class='ocr_line' id='line_1_36' title="bbox 35 2270 137 2292; baseline -0.01 0"><span class='ocrx_word' id='word_1_204' title='bbox 35 2270 137 2292; x_wconf 78' lang='lat' dir='ltr'>Primum.</span> 
     </span>
    </p>
   </div>
   <div class='ocr_carea' id='block_1_14' title="bbox 155 1616 1125 2085">
    <p class='ocr_par' dir='ltr' id='par_1_14' title="bbox 156 1616 1124 1972">
     <span class='ocr_line' id='line_1_37' title="bbox 156 1616 1121 1661; baseline -0.003 -9"><span class='ocrx_word' id='word_1_205' title='bbox 156 1619 315 1661; x_wconf 86' lang='lat' dir='ltr'>duplicem</span> <span class='ocrx_word' id='word_1_206' title='bbox 340 1618 492 1661; x_wconf 86' lang='lat' dir='ltr'>parietem</span> <span class='ocrx_word' id='word_1_207' title='bbox 519 1617 674 1651; x_wconf 84' lang='lat' dir='ltr'>Ecclesiae</span> <span class='ocrx_word' id='word_1_208' title='bbox 690 1617 895 1651; x_wconf 86' lang='lat' dir='ltr'>coniunctum</span> <span class='ocrx_word' id='word_1_209' title='bbox 913 1626 970 1660; x_wconf 88' lang='lat' dir='ltr'>per</span> <span class='ocrx_word' id='word_1_210' title='bbox 986 1616 1121 1660; x_wconf 87' lang='lat' dir='ltr'>lapidem</span> 
     </span>
     <span class='ocr_line' id='line_1_38' title="bbox 156 1671 1123 1715; baseline -0.002 -10"><span class='ocrx_word' id='word_1_211' title='bbox 156 1672 340 1715; x_wconf 84' lang='lat' dir='ltr'>angularem</span> <span class='ocrx_word' id='word_1_212' title='bbox 355 1672 389 1712; x_wconf 91' lang='lat'>⁵,</span> <span class='ocrx_word' id='word_1_213' title='bbox 414 1671 543 1715; x_wconf 88' lang='lat' dir='ltr'>quidam</span> <span class='ocrx_word' id='word_1_214' title='bbox 568 1671 704 1711; x_wconf 87' lang='lat' dir='ltr'>scilicet,</span> <span class='ocrx_word' id='word_1_215' title='bbox 729 1671 782 1714; x_wconf 92' lang='lat' dir='ltr'>qui</span> <span class='ocrx_word' id='word_1_216' title='bbox 808 1674 1037 1704; x_wconf 84' lang='lat' dir='ltr'>converterunt</span> <span class='ocrx_word' id='word_1_217' title='bbox 1068 1679 1123 1713; x_wconf 90' lang='lat' dir='ltr'>po-</span> 
     </span>
     <span class='ocr_line' id='line_1_39' title="bbox 156 1725 1124 1769; baseline -0.001 -10"><span class='ocrx_word' id='word_1_218' title='bbox 156 1726 268 1769; x_wconf 90' lang='lat' dir='ltr'>pulum</span> <span class='ocrx_word' id='word_1_219' title='bbox 292 1725 498 1765; x_wconf 90' lang='lat' dir='ltr'>ludaeorum,</span> <span class='ocrx_word' id='word_1_220' title='bbox 523 1725 575 1758; x_wconf 88' lang='lat' dir='ltr'>alii</span> <span class='ocrx_word' id='word_1_221' title='bbox 600 1734 693 1765; x_wconf 93' lang='lat' dir='ltr'>vero,</span> <span class='ocrx_word' id='word_1_222' title='bbox 722 1725 776 1768; x_wconf 90' lang='lat' dir='ltr'>qui</span> <span class='ocrx_word' id='word_1_223' title='bbox 810 1727 1037 1758; x_wconf 86' lang='lat' dir='ltr'>converterunt</span> <span class='ocrx_word' id='word_1_224' title='bbox 1068 1734 1124 1768; x_wconf 89' lang='lat' dir='ltr'>po-</span> 
     </span>
     <span class='ocr_line' id='line_1_40' title="bbox 156 1778 1124 1822; baseline -0.001 -10"><span class='ocrx_word' id='word_1_225' title='bbox 156 1780 269 1822; x_wconf 87' lang='lat' dir='ltr'>pulum</span> <span class='ocrx_word' id='word_1_226' title='bbox 291 1779 456 1822; x_wconf 90' lang='lat' dir='ltr'>gentium:</span> <span class='ocrx_word' id='word_1_227' title='bbox 489 1779 559 1812; x_wconf 90' lang='lat' dir='ltr'>ideo</span> <span class='ocrx_word' id='word_1_228' title='bbox 587 1778 690 1822; x_wconf 90' lang='lat' dir='ltr'>primo</span> <span class='ocrx_word' id='word_1_229' title='bbox 713 1778 864 1812; x_wconf 82' lang='lat' dir='ltr'>describit</span> <span class='ocrx_word' id='word_1_230' title='bbox 888 1778 1040 1812; x_wconf 90' lang='lat' dir='ltr'>iudicium</span> <span class='ocrx_word' id='word_1_231' title='bbox 1073 1787 1124 1812; x_wconf 84' lang='lat' dir='ltr'>re-</span> 
     </span>
     <span class='ocr_line' id='line_1_41' title="bbox 158 1831 1123 1870; baseline -0.001 -5"><span class='ocrx_word' id='word_1_232' title='bbox 158 1832 393 1865; x_wconf 83' lang='lat' dir='ltr'>munerativum</span> <span class='ocrx_word' id='word_1_233' title='bbox 420 1831 521 1865; x_wconf 82' lang='lat' dir='ltr'>fidelis</span> <span class='ocrx_word' id='word_1_234' title='bbox 543 1832 626 1865; x_wconf 87' lang='lat' dir='ltr'>servi</span> <span class='ocrx_word' id='word_1_235' title='bbox 645 1831 682 1864; x_wconf 86' lang='lat' dir='ltr'>in</span> <span class='ocrx_word' id='word_1_236' title='bbox 697 1831 883 1865; x_wconf 78' lang='lat' dir='ltr'>eruditione</span> <span class='ocrx_word' id='word_1_237' title='bbox 900 1831 1123 1870; x_wconf 81' lang='lat' dir='ltr'>Iudaeorum;</span> 
     </span>
     <span class='ocr_line' id='line_1_42' title="bbox 157 1879 1123 1932; baseline -0.001 -14"><span class='ocrx_word' id='word_1_238' title='bbox 157 1884 296 1918; x_wconf 89' lang='lat' dir='ltr'>secundo</span> <span class='ocrx_word' id='word_1_239' title='bbox 319 1879 423 1925; x_wconf 85' lang='lat' dir='ltr'>vero,¹</span> <span class='ocrx_word' id='word_1_240' title='bbox 440 1884 475 1918; x_wconf 87' lang='lat' dir='ltr'>in</span> <span class='ocrx_word' id='word_1_241' title='bbox 491 1885 702 1918; x_wconf 76' lang='lat' dir='ltr'>conversione</span> <span class='ocrx_word' id='word_1_242' title='bbox 715 1884 889 1928; x_wconf 74' lang='lat' dir='ltr'>qentilium</span> <span class='ocrx_word' id='word_1_243' title='bbox 906 1884 1123 1932; x_wconf 78' lang='lat' dir='ltr'>populorum,</span> 
     </span>
     <span class='ocr_line' id='line_1_43' title="bbox 157 1938 751 1972; baseline 0 -1"><span class='ocrx_word' id='word_1_244' title='bbox 157 1938 199 1971; x_wconf 91' lang='lat' dir='ltr'>ibi</span> <span class='ocrx_word' id='word_1_245' title='bbox 213 1938 248 1971; x_wconf 82' lang='lat'>⁶:</span> <span class='ocrx_word' id='word_1_246' title='bbox 274 1939 315 1971; x_wconf 88' lang='lat' dir='ltr'>Et</span> <span class='ocrx_word' id='word_1_247' title='bbox 338 1938 422 1971; x_wconf 80' lang='lat' dir='ltr'>atter</span> <span class='ocrx_word' id='word_1_248' title='bbox 444 1938 532 1971; x_wconf 84' lang='lat' dir='ltr'>venit</span> <span class='ocrx_word' id='word_1_249' title='bbox 557 1938 669 1972; x_wconf 85' lang='lat' dir='ltr'>dicens</span> <span class='ocrx_word' id='word_1_250' title='bbox 692 1942 751 1972; x_wconf 91' lang='lat' dir='ltr'>etc.</span> 
     </span>
    </p>

    <p class='ocr_par' dir='ltr' id='par_1_15' title="bbox 155 1991 1125 2079">
     <span class='ocr_line' id='line_1_44' title="bbox 246 1991 1125 2035; baseline 0.001 -11"><span class='ocrx_word' id='word_1_251' title='bbox 246 1991 335 2024; x_wconf 89' lang='lat' dir='ltr'>Circa</span> <span class='ocrx_word' id='word_1_252' title='bbox 366 1991 533 2024; x_wconf 81' lang='lat' dir='ltr'>iudicium</span> <span class='ocrx_word' id='word_1_253' title='bbox 556 2001 733 2024; x_wconf 82' lang='lat' dir='ltr'>servorum</span> <span class='ocrx_word' id='word_1_254' title='bbox 756 1991 905 2035; x_wconf 82' lang='lat' dir='ltr'>fidelium</span> <span class='ocrx_word' id='word_1_255' title='bbox 929 1991 966 2025; x_wconf 84' lang='lat' dir='ltr'>in</span> <span class='ocrx_word' id='word_1_256' title='bbox 990 2001 1125 2025; x_wconf 82' lang='lat' dir='ltr'>conver-</span> 
     </span>
     <span class='ocr_line' id='line_1_45' title="bbox 155 2044 1124 2085; baseline 0.001 -8"><span class='ocrx_word' id='word_1_257' title='bbox 155 2054 246 2078; x_wconf 75' lang='lat' dir='ltr'>stone</span> <span class='ocrx_word' id='word_1_258' title='bbox 269 2045 477 2078; x_wconf 80' lang='lat' dir='ltr'>Iudaeorum</span> <span class='ocrx_word' id='word_1_259' title='bbox 500 2044 562 2078; x_wconf 87' lang='lat' dir='ltr'>tria</span> <span class='ocrx_word' id='word_1_260' title='bbox 584 2044 851 2085; x_wconf 90' lang='lat' dir='ltr'>introducuntur,</span> <span class='ocrx_word' id='word_1_261' title='bbox 869 2045 987 2079; x_wconf 88' lang='lat' dir='ltr'>scilicet</span> <span class='ocrx_word' id='word_1_262' title='bbox 1009 2045 1124 2079; x_wconf 81' lang='lat' dir='ltr'>multi-</span> 
     </span>
    </p>
   </div>
   <div class='ocr_carea' id='block_1_15' title="bbox 152 2097 1123 2141">
    <p class='ocr_par' dir='ltr' id='par_1_16' title="bbox 152 2097 1123 2141">
     <span class='ocr_line' id='line_1_46' title="bbox 152 2097 1123 2141; baseline 0 -10"><span class='ocrx_word' id='word_1_263' title='bbox 152 2097 290 2141; x_wconf 80' lang='lat' dir='ltr'>plicatio</span> <span class='ocrx_word' id='word_1_264' title='bbox 309 2097 423 2131; x_wconf 82' lang='lat' dir='ltr'>talenti</span> <span class='ocrx_word' id='word_1_265' title='bbox 437 2098 625 2137; x_wconf 76' lang='lat' dir='ltr'>commissi,</span> <span class='ocrx_word' id='word_1_266' title='bbox 650 2098 849 2141; x_wconf 81' lang='lat' dir='ltr'>approbatio</span> <span class='ocrx_word' id='word_1_267' title='bbox 870 2099 1012 2141; x_wconf 76' lang='lat' dir='ltr'>superni</span> <span class='ocrx_word' id='word_1_268' title='bbox 1034 2099 1123 2132; x_wconf 87' lang='lat' dir='ltr'>iudi-</span> 
     </span>
    </p>
   </div>
   <div class='ocr_carea' id='block_1_16' title="bbox 155 2151 1124 2409">
    <p class='ocr_par' dir='ltr' id='par_1_17' title="bbox 157 2151 821 2194">
     <span class='ocr_line' id='line_1_47' title="bbox 157 2151 821 2194; baseline 0 -10"><span class='ocrx_word' id='word_1_269' title='bbox 157 2151 203 2184; x_wconf 86' lang='lat' dir='ltr'>cii</span> <span class='ocrx_word' id='word_1_270' title='bbox 225 2154 256 2184; x_wconf 90' lang='lat' dir='ltr'>et</span> <span class='ocrx_word' id='word_1_271' title='bbox 279 2151 454 2187; x_wconf 81' lang='lat' dir='ltr'>retributio</span> <span class='ocrx_word' id='word_1_272' title='bbox 473 2151 625 2194; x_wconf 72' lang='lat' dir='ltr'>piaemii</span> <span class='ocrx_word' id='word_1_273' title='bbox 646 2151 821 2184; x_wconf 84' lang='lat' dir='ltr'>cumulati.</span> 
     </span>
    </p>

    <p class='ocr_par' dir='ltr' id='par_1_18' title="bbox 155 2204 1124 2409">
     <span class='ocr_line' id='line_1_48' title="bbox 247 2204 1123 2248; baseline 0 -11"><span class='ocrx_word' id='word_1_274' title='bbox 247 2205 300 2238; x_wconf 89' lang='grc'>26.</span> <span class='ocrx_word' id='word_1_275' title='bbox 326 2204 428 2248; x_wconf 83' lang='lat' dir='ltr'>(Vers.</span> <span class='ocrx_word' id='word_1_276' title='bbox 457 2205 532 2247; x_wconf 87' lang='grc'>16.)</span> <span class='ocrx_word' id='word_1_277' title='bbox 557 2204 663 2237; x_wconf 91' lang='lat' dir='ltr'>Primo</span> <span class='ocrx_word' id='word_1_278' title='bbox 686 2204 784 2247; x_wconf 90' lang='lat' dir='ltr'>igitur</span> <span class='ocrx_word' id='word_1_279' title='bbox 808 2207 963 2247; x_wconf 89' lang='lat' dir='ltr'>quantum</span> <span class='ocrx_word' id='word_1_280' title='bbox 981 2204 1020 2237; x_wconf 90' lang='lat' dir='ltr'>ad</span> <span class='ocrx_word' id='word_1_281' title='bbox 1036 2205 1123 2238; x_wconf 79' lang='lat' dir='ltr'>mul-</span> 
     </span>
     <span class='ocr_line' id='line_1_49' title="bbox 158 2257 1124 2301; baseline -0.001 -10"><span class='ocrx_word' id='word_1_282' title='bbox 158 2257 392 2301; x_wconf 83' lang='lat' dir='ltr'>tiplzcationem</span> <span class='ocrx_word' id='word_1_283' title='bbox 423 2258 541 2291; x_wconf 80' lang='lat' dir='ltr'>talenti</span> <span class='ocrx_word' id='word_1_284' title='bbox 571 2257 742 2292; x_wconf 79' lang='lat' dir='ltr'>commissi</span> <span class='ocrx_word' id='word_1_285' title='bbox 769 2257 865 2291; x_wconf 90' lang='lat' dir='ltr'>dicit:</span> <span class='ocrx_word' id='word_1_286' title='bbox 897 2257 988 2290; x_wconf 84' lang='lat' dir='ltr'>Venit</span> <span class='ocrx_word' id='word_1_287' title='bbox 1011 2261 1124 2291; x_wconf 83' lang='lat' dir='ltr'>autem</span> 
     </span>
     <span class='ocr_line' id='line_1_50' title="bbox 155 2311 1123 2354; baseline -0.001 -10"><span class='ocrx_word' id='word_1_288' title='bbox 155 2311 291 2354; x_wconf 82' lang='lat' dir='ltr'>primus</span> <span class='ocrx_word' id='word_1_289' title='bbox 321 2312 455 2345; x_wconf 83' lang='lat' dir='ltr'>dicens:</span> <span class='ocrx_word' id='word_1_290' title='bbox 491 2311 647 2351; x_wconf 71' lang='lat' dir='ltr'>Domine,</span> <span class='ocrx_word' id='word_1_291' title='bbox 678 2320 761 2344; x_wconf 82' lang='lat' dir='ltr'>mna</span> <span class='ocrx_word' id='word_1_292' title='bbox 792 2314 852 2344; x_wconf 89' lang='lat' dir='ltr'>tua</span> <span class='ocrx_word' id='word_1_293' title='bbox 883 2311 992 2344; x_wconf 82' lang='lat' dir='ltr'>decem</span> <span class='ocrx_word' id='word_1_294' title='bbox 1023 2320 1123 2344; x_wconf 83' lang='lat' dir='ltr'>mnas</span> 
     </span>
     <span class='ocr_line' id='line_1_51' title="bbox 158 2363 1122 2409; baseline -0.002 -11"><span class='ocrx_word' id='word_1_295' title='bbox 158 2365 345 2409; x_wconf 85' lang='lat' dir='ltr'>acquisivit.</span> <span class='ocrx_word' id='word_1_296' title='bbox 381 2365 524 2398; x_wconf 86' lang='lat' dir='ltr'>Primus</span> <span class='ocrx_word' id='word_1_297' title='bbox 559 2368 666 2398; x_wconf 89' lang='lat' dir='ltr'>autem</span> <span class='ocrx_word' id='word_1_298' title='bbox 697 2373 810 2398; x_wconf 89' lang='lat' dir='ltr'>servus</span> <span class='ocrx_word' id='word_1_299' title='bbox 840 2363 957 2397; x_wconf 91' lang='lat' dir='ltr'>dicitur</span> <span class='ocrx_word' id='word_1_300' title='bbox 988 2364 1041 2397; x_wconf 88' lang='lat' dir='ltr'>ille</span> <span class='ocrx_word' id='word_1_301' title='bbox 1071 2363 1122 2397; x_wconf 93' lang='lat' dir='ltr'>cui</span> 
     </span>
    </p>
   </div>
   <div class='ocr_carea' id='block_1_17' title="bbox 159 2579 1126 3457">
    <p class='ocr_par' dir='ltr' id='par_1_19' title="bbox 159 2579 1124 2791">
     <span class='ocr_line' id='line_1_52' title="bbox 230 2579 1123 2614; baseline 0 -7"><span class='ocrx_word' id='word_1_302' title='bbox 230 2580 239 2595; x_wconf 96' lang='lat'>¹</span> <span class='ocrx_word' id='word_1_303' title='bbox 260 2581 362 2607; x_wconf 84' lang='lat' dir='ltr'>Scilicet</span> <span class='ocrx_word' id='word_1_304' title='bbox 380 2580 564 2608; x_wconf 80' lang='lat' dir='ltr'>interlinearis</span> <span class='ocrx_word' id='word_1_305' title='bbox 585 2581 626 2614; x_wconf 88' lang='lat' dir='ltr'>(ex</span> <span class='ocrx_word' id='word_1_306' title='bbox 645 2580 736 2614; x_wconf 80' lang='lat' dir='ltr'>Beda).</span> <span class='ocrx_word' id='word_1_307' title='bbox 756 2579 814 2607; x_wconf 65' lang='lat' dir='ltr'>Vnt.</span> <span class='ocrx_word' id='word_1_308' title='bbox 828 2584 854 2607; x_wconf 87' lang='lat' dir='ltr'>et</span> <span class='ocrx_word' id='word_1_309' title='bbox 873 2581 893 2606; x_wconf 92' lang='lat' dir='ltr'>ll</span> <span class='ocrx_word' id='word_1_310' title='bbox 913 2588 974 2608; x_wconf 89' lang='lat' dir='ltr'>cum</span> <span class='ocrx_word' id='word_1_311' title='bbox 989 2584 1058 2607; x_wconf 82' lang='lat' dir='ltr'>textu</span> <span class='ocrx_word' id='word_1_312' title='bbox 1072 2582 1123 2607; x_wconf 93' lang='lat' dir='ltr'>ori-</span> 
     </span>
     <span class='ocr_line' id='line_1_53' title="bbox 159 2625 1124 2660; baseline 0.002 -9"><span class='ocrx_word' id='word_1_313' title='bbox 159 2626 255 2658; x_wconf 78' lang='lat' dir='ltr'>ginali:</span> <span class='ocrx_word' id='word_1_314' title='bbox 276 2625 306 2652; x_wconf 84' lang='lat' dir='ltr'>Id</span> <span class='ocrx_word' id='word_1_315' title='bbox 324 2627 376 2658; x_wconf 88' lang='lat' dir='ltr'>est,</span> <span class='ocrx_word' id='word_1_316' title='bbox 402 2625 474 2652; x_wconf 73' lang='lat' dir='ltr'>sciri</span> <span class='ocrx_word' id='word_1_317' title='bbox 491 2626 593 2660; x_wconf 80' lang='lat' dir='ltr'>faceret</span> <span class='ocrx_word' id='word_1_318' title='bbox 617 2625 706 2660; x_wconf 88' lang='lat' dir='ltr'>[etiarn</span> <span class='ocrx_word' id='word_1_319' title='bbox 731 2626 781 2652; x_wconf 85' lang='lat' dir='ltr'>DF</span> <span class='ocrx_word' id='word_1_320' title='bbox 805 2625 938 2660; x_wconf 82' lang='lat' dir='ltr'>faceret];</span> <span class='ocrx_word' id='word_1_321' title='bbox 964 2628 1028 2653; x_wconf 82' lang='lat' dir='ltr'>tunc</span> <span class='ocrx_word' id='word_1_322' title='bbox 1052 2626 1124 2653; x_wconf 77' lang='lat' dir='ltr'>enim</span> 
     </span>
     <span class='ocr_line' id='line_1_54' title="bbox 159 2669 1124 2705; baseline 0 -9"><span class='ocrx_word' id='word_1_323' title='bbox 159 2669 282 2696; x_wconf 79' lang='lat' dir='ltr'>omnium</span> <span class='ocrx_word' id='word_1_324' title='bbox 300 2672 364 2703; x_wconf 85' lang='lat' dir='ltr'>otc.;</span> <span class='ocrx_word' id='word_1_325' title='bbox 384 2670 404 2695; x_wconf 92' lang='lat' dir='ltr'><strong>G</strong></span> <span class='ocrx_word' id='word_1_326' title='bbox 424 2669 519 2696; x_wconf 89' lang='lat' dir='ltr'>omittit</span> <span class='ocrx_word' id='word_1_327' title='bbox 533 2669 704 2705; x_wconf 79' lang='lat' dir='ltr'>Scirisociet.</span> <span class='ocrx_word' id='word_1_328' title='bbox 719 2684 754 2689; x_wconf 97' lang='lat'><strong>—</strong></span> <span class='ocrx_word' id='word_1_329' title='bbox 767 2670 891 2703; x_wconf 84' lang='lat' dir='ltr'>Sequitur</span> <span class='ocrx_word' id='word_1_330' title='bbox 910 2671 973 2696; x_wconf 88' lang='lat' dir='ltr'>Dan.</span> <span class='ocrx_word' id='word_1_331' title='bbox 993 2670 1077 2702; x_wconf 88' lang='grc'>1’,0</span> <span class='ocrx_word' id='word_1_332' title='bbox 1090 2684 1124 2689; x_wconf 82' lang='lat'>—</span> 
     </span>
     <span class='ocr_line' id='line_1_55' title="bbox 160 2714 1124 2762; baseline 0 -22"><span class='ocrx_word' id='word_1_333' title='bbox 160 2715 288 2747; x_wconf 82' lang='lat' dir='ltr'>Superius</span> <span class='ocrx_word' id='word_1_334' title='bbox 313 2721 361 2747; x_wconf 90' lang='lat' dir='ltr'>pro</span> <span class='ocrx_word' id='word_1_335' title='bbox 388 2714 589 2762; x_wconf 78' lang='lat' dir='ltr'>inquisitionem</span> <span class='ocrx_word' id='word_1_336' title='bbox 615 2714 698 2741; x_wconf 90' lang='lat' dir='ltr'>CDll</span> <span class='ocrx_word' id='word_1_337' title='bbox 724 2714 958 2749; x_wconf 82' lang='lat' dir='ltr'>disquisitionem;</span> <span class='ocrx_word' id='word_1_338' title='bbox 977 2716 1024 2741; x_wconf 77' lang='lat' dir='ltr'>cfr.</span> <span class='ocrx_word' id='word_1_339' title='bbox 1044 2722 1124 2748; x_wconf 82' lang='lat' dir='ltr'>supra</span> 
     </span>
     <span class='ocr_line' id='line_1_56' title="bbox 159 2759 435 2791; baseline 0 -7"><span class='ocrx_word' id='word_1_340' title='bbox 159 2766 222 2791; x_wconf 78' lang='lat' dir='ltr'>pag.</span> <span class='ocrx_word' id='word_1_341' title='bbox 243 2759 308 2790; x_wconf 68' lang='lat'>480,</span> <span class='ocrx_word' id='word_1_342' title='bbox 327 2761 386 2785; x_wconf 87' lang='lat' dir='ltr'>nota</span> <span class='ocrx_word' id='word_1_343' title='bbox 406 2759 435 2784; x_wconf 81' lang='grc'>8.</span> 
     </span>
    </p>

    <p class='ocr_par' dir='ltr' id='par_1_20' title="bbox 160 2802 1125 2927">
     <span class='ocr_line' id='line_1_57' title="bbox 232 2802 1124 2836; baseline 0.001 -6"><span class='ocrx_word' id='word_1_344' title='bbox 232 2802 336 2831; x_wconf 52' lang='grc' dir='ltr'>’ΔΑΗ-5.</span> <span class='ocrx_word' id='word_1_345' title='bbox 359 2804 399 2829; x_wconf 92' lang='grc'>12</span> <span class='ocrx_word' id='word_1_346' title='bbox 419 2807 444 2830; x_wconf 89' lang='lat' dir='ltr'>et</span> <span class='ocrx_word' id='word_1_347' title='bbox 464 2804 560 2830; x_wconf 83' lang='lat' dir='ltr'>deinde</span> <span class='ocrx_word' id='word_1_348' title='bbox 578 2804 607 2830; x_wconf 91' lang='lat' dir='ltr'>ll.</span> <span class='ocrx_word' id='word_1_349' title='bbox 626 2803 686 2830; x_wconf 88' lang='lat' dir='ltr'>Cor.</span> <span class='ocrx_word' id='word_1_350' title='bbox 708 2805 739 2836; x_wconf 86' lang='lat'>5,</span> <span class='ocrx_word' id='word_1_351' title='bbox 761 2805 801 2830; x_wconf 88' lang='grc'>10.</span> <span class='ocrx_word' id='word_1_352' title='bbox 822 2804 874 2830; x_wconf 79' lang='lat' dir='ltr'>Cir.</span> <span class='ocrx_word' id='word_1_353' title='bbox 895 2804 937 2830; x_wconf 51' lang='lat' dir='ltr'>ii.</span> <span class='ocrx_word' id='word_1_354' title='bbox 957 2806 1027 2831; x_wconf 81' lang='lat' dir='ltr'>sent.</span> <span class='ocrx_word' id='word_1_355' title='bbox 1041 2805 1068 2831; x_wconf 87' lang='lat' dir='ltr'>d.</span> <span class='ocrx_word' id='word_1_356' title='bbox 1083 2805 1124 2831; x_wconf 72' lang='lat'>43.</span> 
     </span>
     <span class='ocr_line' id='line_1_58' title="bbox 160 2848 1125 2884; baseline 0.003 -10"><span class='ocrx_word' id='word_1_357' title='bbox 160 2855 184 2874; x_wconf 81' lang='lat' dir='ltr'>a.</span> <span class='ocrx_word' id='word_1_358' title='bbox 203 2849 228 2874; x_wconf 92' lang='grc'>2.</span> <span class='ocrx_word' id='word_1_359' title='bbox 247 2851 272 2874; x_wconf 85' lang='lat' dir='ltr'>et</span> <span class='ocrx_word' id='word_1_360' title='bbox 292 2849 307 2874; x_wconf 88' lang='lat'>3</span> <span class='ocrx_word' id='word_1_361' title='bbox 318 2858 324 2879; x_wconf 78' lang='lat'><em>3</em></span> <span class='ocrx_word' id='word_1_362' title='bbox 346 2848 476 2882; x_wconf 84' lang='lat' dir='ltr'>Breviloq.</span> <span class='ocrx_word' id='word_1_363' title='bbox 496 2856 521 2881; x_wconf 86' lang='lat' dir='ltr'>p.</span> <span class='ocrx_word' id='word_1_364' title='bbox 544 2849 595 2875; x_wconf 80' lang='lat' dir='ltr'>Vll.</span> <span class='ocrx_word' id='word_1_365' title='bbox 615 2856 638 2875; x_wconf 89' lang='lat' dir='ltr'>c.</span> <span class='ocrx_word' id='word_1_366' title='bbox 660 2849 683 2875; x_wconf 89' lang='grc'>1.</span> <span class='ocrx_word' id='word_1_367' title='bbox 697 2863 732 2868; x_wconf 95' lang='grc'>-</span> <span class='ocrx_word' id='word_1_368' title='bbox 746 2850 873 2882; x_wconf 83' lang='lat' dir='ltr'>Superius</span> <span class='ocrx_word' id='word_1_369' title='bbox 888 2849 947 2875; x_wconf 79' lang='lat' dir='ltr'>roci</span> <span class='ocrx_word' id='word_1_370' title='bbox 962 2848 1125 2884; x_wconf 76' lang='lat' dir='ltr'>ponderatio</span> 
     </span>
     <span class='ocr_line' id='line_1_59' title="bbox 160 2892 581 2927; baseline 0.005 -9"><span class='ocrx_word' id='word_1_371' title='bbox 160 2892 219 2918; x_wconf 73' lang='lat' dir='ltr'>Vnt.</span> <span class='ocrx_word' id='word_1_372' title='bbox 238 2893 360 2925; x_wconf 77' lang='lat' dir='ltr'>praefigit</span> <span class='ocrx_word' id='word_1_373' title='bbox 378 2892 529 2927; x_wconf 80' lang='lat' dir='ltr'>disquisitio</span> <span class='ocrx_word' id='word_1_374' title='bbox 549 2895 581 2920; x_wconf 82' lang='lat' dir='ltr'>et.</span> 
     </span>
    </p>

    <p class='ocr_par' dir='ltr' id='par_1_21' title="bbox 160 2935 1126 3058">
     <span class='ocr_line' id='line_1_60' title="bbox 231 2935 1126 2973; baseline 0.002 -10"><span class='ocrx_word' id='word_1_375' title='bbox 231 2935 242 2951; x_wconf 56' lang='grc' dir='ltr'>Β</span> <span class='ocrx_word' id='word_1_376' title='bbox 262 2937 337 2964; x_wconf 86' lang='lat' dir='ltr'>Vers.</span> <span class='ocrx_word' id='word_1_377' title='bbox 357 2939 382 2963; x_wconf 82' lang='lat'>2.</span> <span class='ocrx_word' id='word_1_378' title='bbox 402 2952 435 2956; x_wconf 90' lang='lat'>—</span> <span class='ocrx_word' id='word_1_379' title='bbox 455 2938 543 2964; x_wconf 82' lang='lat' dir='ltr'>Glossa</span> <span class='ocrx_word' id='word_1_380' title='bbox 565 2937 765 2965; x_wconf 75' lang='lat' dir='ltr'>interlinearis.-</span> <span class='ocrx_word' id='word_1_381' title='bbox 792 2938 932 2971; x_wconf 79' lang='lat' dir='ltr'>Quantum</span> <span class='ocrx_word' id='word_1_382' title='bbox 952 2938 1065 2973; x_wconf 82' lang='lat' dir='ltr'>quisque</span> <span class='ocrx_word' id='word_1_383' title='bbox 1083 2946 1126 2965; x_wconf 78' lang='lat' dir='ltr'>ne-</span> 
     </span>
     <span class='ocr_line' id='line_1_61' title="bbox 160 2980 1125 3015; baseline 0.001 -8"><span class='ocrx_word' id='word_1_384' title='bbox 160 2980 278 3015; x_wconf 70' lang='lat' dir='ltr'>ootiatus</span> <span class='ocrx_word' id='word_1_385' title='bbox 296 2982 378 3013; x_wconf 83' lang='lat' dir='ltr'>esset,</span> <span class='ocrx_word' id='word_1_386' title='bbox 398 2984 426 3007; x_wconf 86' lang='lat' dir='ltr'>ut</span> <span class='ocrx_word' id='word_1_387' title='bbox 444 2981 522 3007; x_wconf 87' lang='lat' dir='ltr'>simul</span> <span class='ocrx_word' id='word_1_388' title='bbox 542 2981 576 3008; x_wconf 83' lang='lat' dir='ltr'>de</span> <span class='ocrx_word' id='word_1_389' title='bbox 595 2981 772 3008; x_wconf 86' lang='lat' dir='ltr'>iudicantibus</span> <span class='ocrx_word' id='word_1_390' title='bbox 800 2986 825 3008; x_wconf 88' lang='lat' dir='ltr'>et</span> <span class='ocrx_word' id='word_1_391' title='bbox 852 2982 992 3015; x_wconf 77' lang='lat' dir='ltr'>negotiatis</span> <span class='ocrx_word' id='word_1_392' title='bbox 1021 2982 1125 3008; x_wconf 87' lang='lat' dir='ltr'>iudicet.</span> 
     </span>
     <span class='ocr_line' id='line_1_62' title="bbox 160 3024 517 3058; baseline -0.003 -6"><span class='ocrx_word' id='word_1_393' title='bbox 160 3024 213 3052; x_wconf 77' lang='lat' dir='ltr'>Cir.</span> <span class='ocrx_word' id='word_1_394' title='bbox 231 3026 314 3058; x_wconf 80' lang='lat' dir='ltr'>Beda,</span> <span class='ocrx_word' id='word_1_395' title='bbox 334 3026 359 3051; x_wconf 93' lang='lat' dir='ltr'>in</span> <span class='ocrx_word' id='word_1_396' title='bbox 379 3027 448 3052; x_wconf 87' lang='lat' dir='ltr'>hunc</span> <span class='ocrx_word' id='word_1_397' title='bbox 466 3026 517 3052; x_wconf 91' lang='lat' dir='ltr'>loc.</span> 
     </span>
    </p>

    <p class='ocr_par' dir='ltr' id='par_1_22' title="bbox 232 3069 521 3102">
     <span class='ocr_line' id='line_1_63' title="bbox 232 3069 521 3102; baseline 0 -6"><span class='ocrx_word' id='word_1_398' title='bbox 232 3069 242 3084; x_wconf 81' lang='lat'>⁴</span> <span class='ocrx_word' id='word_1_399' title='bbox 261 3070 314 3096; x_wconf 85' lang='lat' dir='ltr'>Csr.</span> <span class='ocrx_word' id='word_1_400' title='bbox 333 3075 414 3102; x_wconf 70' lang='lat' dir='ltr'>supra</span> <span class='ocrx_word' id='word_1_401' title='bbox 432 3077 456 3095; x_wconf 96' lang='grc'>0.</span> <span class='ocrx_word' id='word_1_402' title='bbox 477 3071 521 3096; x_wconf 87' lang='grc'>22.</span> 
     </span>
    </p>

    <p class='ocr_par' dir='ltr' id='par_1_23' title="bbox 162 3112 794 3191">
     <span class='ocr_line' id='line_1_64' title="bbox 232 3112 794 3148; baseline 0.004 -9"><span class='ocrx_word' id='word_1_403' title='bbox 232 3112 243 3127; x_wconf 78' lang='lat'><em>⁶</em></span> <span class='ocrx_word' id='word_1_404' title='bbox 262 3113 331 3140; x_wconf 86' lang='lat' dir='ltr'>Vide</span> <span class='ocrx_word' id='word_1_405' title='bbox 350 3115 416 3146; x_wconf 82' lang='lat' dir='ltr'>Epli.</span> <span class='ocrx_word' id='word_1_406' title='bbox 438 3115 468 3145; x_wconf 86' lang='lat'>2,</span> <span class='ocrx_word' id='word_1_407' title='bbox 492 3114 531 3140; x_wconf 79' lang='grc'>14.</span> <span class='ocrx_word' id='word_1_408' title='bbox 550 3121 639 3148; x_wconf 85' lang='lat' dir='ltr'>seqq.;</span> <span class='ocrx_word' id='word_1_409' title='bbox 665 3116 712 3141; x_wconf 89' lang='lat' dir='ltr'>ct&#39;r.</span> <span class='ocrx_word' id='word_1_410' title='bbox 738 3115 794 3141; x_wconf 85' lang='lat' dir='ltr'>lsni.</span> 
     </span>
     <span class='ocr_line' id='line_1_65' title="bbox 162 3157 331 3191; baseline 0 -8"><span class='ocrx_word' id='word_1_411' title='bbox 162 3158 191 3190; x_wconf 97' lang='grc'>2,</span> <span class='ocrx_word' id='word_1_412' title='bbox 212 3157 236 3183; x_wconf 88' lang='grc'>6.</span> <span class='ocrx_word' id='word_1_413' title='bbox 256 3165 331 3191; x_wconf 83' lang='lat' dir='ltr'>seqq.</span> 
     </span>
    </p>

    <p class='ocr_par' dir='ltr' id='par_1_24' title="bbox 161 3200 1125 3280">
     <span class='ocr_line' id='line_1_66' title="bbox 232 3200 1125 3238; baseline 0.002 -11"><span class='ocrx_word' id='word_1_414' title='bbox 232 3200 243 3215; x_wconf 81' lang='lat'><strong>⁶</strong></span> <span class='ocrx_word' id='word_1_415' title='bbox 262 3201 338 3227; x_wconf 84' lang='lat' dir='ltr'>Vers.</span> <span class='ocrx_word' id='word_1_416' title='bbox 358 3202 400 3227; x_wconf 77' lang='grc'>18.</span> <span class='ocrx_word' id='word_1_417' title='bbox 418 3216 454 3221; x_wconf 92' lang='grc'>-</span> <span class='ocrx_word' id='word_1_418' title='bbox 472 3202 531 3228; x_wconf 84' lang='lat' dir='ltr'>Vnt.</span> <span class='ocrx_word' id='word_1_419' title='bbox 550 3202 646 3229; x_wconf 88' lang='lat' dir='ltr'>omittit</span> <span class='ocrx_word' id='word_1_420' title='bbox 659 3202 686 3229; x_wconf 79' lang='lat' dir='ltr'>in</span> <span class='ocrx_word' id='word_1_421' title='bbox 699 3203 873 3230; x_wconf 82' lang='lat' dir='ltr'>conversione</span> <span class='ocrx_word' id='word_1_422' title='bbox 890 3202 1060 3238; x_wconf 62' lang='lat' dir='ltr'>gentilium...</span> <span class='ocrx_word' id='word_1_423' title='bbox 1072 3209 1125 3230; x_wconf 86' lang='lat' dir='ltr'>ser-</span> 
     </span>
     <span class='ocr_line' id='line_1_67' title="bbox 161 3244 406 3280; baseline 0 -8"><span class='ocrx_word' id='word_1_424' title='bbox 161 3252 259 3272; x_wconf 84' lang='lat' dir='ltr'>vorum</span> <span class='ocrx_word' id='word_1_425' title='bbox 277 3244 406 3280; x_wconf 80' lang='lat' dir='ltr'>fidelium.</span> 
     </span>
    </p>

    <p class='ocr_par' dir='ltr' id='par_1_25' title="bbox 162 3288 1124 3412">
     <span class='ocr_line' id='line_1_68' title="bbox 234 3288 1124 3325; baseline 0.001 -10"><span class='ocrx_word' id='word_1_426' title='bbox 234 3288 244 3304; x_wconf 89' lang='lat'>⁷</span> <span class='ocrx_word' id='word_1_427' title='bbox 264 3289 366 3316; x_wconf 86' lang='lat' dir='ltr'>Scilicet</span> <span class='ocrx_word' id='word_1_428' title='bbox 384 3288 527 3317; x_wconf 79' lang='lat' dir='ltr'>ordinaria</span> <span class='ocrx_word' id='word_1_429' title='bbox 557 3291 597 3322; x_wconf 86' lang='lat' dir='ltr'>(ex</span> <span class='ocrx_word' id='word_1_430' title='bbox 625 3290 720 3325; x_wconf 81' lang='lat' dir='ltr'>Beda),</span> <span class='ocrx_word' id='word_1_431' title='bbox 749 3294 809 3324; x_wconf 79' lang='lat' dir='ltr'>post</span> <span class='ocrx_word' id='word_1_432' title='bbox 827 3299 908 3325; x_wconf 87' lang='lat' dir='ltr'>quum</span> <span class='ocrx_word' id='word_1_433' title='bbox 929 3292 985 3318; x_wconf 77' lang='lat' dir='ltr'>Act.</span> <span class='ocrx_word' id='word_1_434' title='bbox 1008 3291 1124 3324; x_wconf 72' lang='grc'>13,-46,</span> 
     </span>
     <span class='ocr_line' id='line_1_69' title="bbox 162 3333 1124 3369; baseline 0.001 -9"><span class='ocrx_word' id='word_1_435' title='bbox 162 3333 208 3360; x_wconf 88' lang='lat' dir='ltr'>ubi</span> <span class='ocrx_word' id='word_1_436' title='bbox 226 3341 276 3367; x_wconf 90' lang='lat' dir='ltr'>pro</span> <span class='ocrx_word' id='word_1_437' title='bbox 294 3333 483 3369; x_wconf 62' lang='lat' dir='ltr'>evangelizare</span> <span class='ocrx_word' id='word_1_438' title='bbox 501 3341 619 3369; x_wconf 72' lang='lat' dir='ltr'>requam</span> <span class='ocrx_word' id='word_1_439' title='bbox 637 3335 687 3362; x_wconf 83' lang='lat' dir='ltr'>Dei</span> <span class='ocrx_word' id='word_1_440' title='bbox 706 3336 763 3368; x_wconf 76' lang='lat' dir='ltr'>(cir.</span> <span class='ocrx_word' id='word_1_441' title='bbox 785 3336 847 3362; x_wconf 91' lang='lat' dir='ltr'>Luc.</span> <span class='ocrx_word' id='word_1_442' title='bbox 868 3336 898 3368; x_wconf 68' lang='lat' dir='ltr'>t,</span> <span class='ocrx_word' id='word_1_443' title='bbox 920 3336 972 3369; x_wconf 70' lang='lat'>43.)</span> <span class='ocrx_word' id='word_1_444' title='bbox 988 3336 1009 3361; x_wconf 80' lang='lat' dir='ltr'><strong>H</strong></span> <span class='ocrx_word' id='word_1_445' title='bbox 1023 3339 1048 3362; x_wconf 84' lang='lat' dir='ltr'>et</span> <span class='ocrx_word' id='word_1_446' title='bbox 1066 3336 1124 3361; x_wconf 79' lang='lat' dir='ltr'>Vnt.</span> 
     </span>
     <span class='ocr_line' id='line_1_70' title="bbox 162 3377 655 3412; baseline 0.002 -8"><span class='ocrx_word' id='word_1_447' title='bbox 162 3384 223 3404; x_wconf 91' lang='lat' dir='ltr'>cum</span> <span class='ocrx_word' id='word_1_448' title='bbox 243 3378 354 3411; x_wconf 76' lang='lat' dir='ltr'>Vulgata</span> <span class='ocrx_word' id='word_1_449' title='bbox 375 3377 452 3412; x_wconf 81' lang='lat' dir='ltr'>loqui</span> <span class='ocrx_word' id='word_1_450' title='bbox 467 3377 581 3405; x_wconf 83' lang='lat' dir='ltr'>verbum</span> <span class='ocrx_word' id='word_1_451' title='bbox 599 3378 655 3406; x_wconf 81' lang='lat' dir='ltr'>Dei.</span> 
     </span>
    </p>

    <p class='ocr_par' dir='ltr' id='par_1_26' title="bbox 233 3421 1125 3457">
     <span class='ocr_line' id='line_1_71' title="bbox 233 3421 1125 3457; baseline 0.001 -9"><span class='ocrx_word' id='word_1_452' title='bbox 233 3421 244 3437; x_wconf 73' lang='lat'>‘³</span> <span class='ocrx_word' id='word_1_453' title='bbox 264 3422 363 3455; x_wconf 83' lang='lat' dir='ltr'>Nempe</span> <span class='ocrx_word' id='word_1_454' title='bbox 377 3421 520 3450; x_wconf 83' lang='lat' dir='ltr'>ordinaria</span> <span class='ocrx_word' id='word_1_455' title='bbox 535 3422 575 3456; x_wconf 90' lang='lat' dir='ltr'>(ex</span> <span class='ocrx_word' id='word_1_456' title='bbox 588 3423 686 3457; x_wconf 79' lang='lat' dir='ltr'>Beda),</span> <span class='ocrx_word' id='word_1_457' title='bbox 705 3423 730 3449; x_wconf 93' lang='lat' dir='ltr'>ln</span> <span class='ocrx_word' id='word_1_458' title='bbox 749 3430 802 3457; x_wconf 82' lang='lat' dir='ltr'>qua</span> <span class='ocrx_word' id='word_1_459' title='bbox 817 3430 864 3456; x_wconf 82' lang='lat' dir='ltr'>pro</span> <span class='ocrx_word' id='word_1_460' title='bbox 879 3422 970 3450; x_wconf 79' lang='lat' dir='ltr'>iussus</span> <span class='ocrx_word' id='word_1_461' title='bbox 989 3424 1030 3449; x_wconf 84' lang='lat' dir='ltr'>est</span> <span class='ocrx_word' id='word_1_462' title='bbox 1043 3429 1125 3457; x_wconf 81' lang='lat' dir='ltr'>prae-</span> 
     </span>
    </p>
   </div>
   <div class='ocr_carea' id='block_1_18' title="bbox 269 3475 622 3506">
    <p class='ocr_par' dir='ltr' id='par_1_27' title="bbox 269 3475 622 3506">
     <span class='ocr_line' id='line_1_72' title="bbox 269 3475 622 3506; baseline -0.003 -3"><span class='ocrx_word' id='word_1_463' title='bbox 269 3475 300 3506; x_wconf 73' lang='lat' dir='ltr'>Sv</span> <span class='ocrx_word' id='word_1_464' title='bbox 315 3476 419 3503; x_wconf 82' lang='lat' dir='ltr'>Bonav.</span> <span class='ocrx_word' id='word_1_465' title='bbox 429 3490 465 3496; x_wconf 96' lang='lat'>—</span> <span class='ocrx_word' id='word_1_466' title='bbox 478 3476 554 3502; x_wconf 91' lang='lat' dir='ltr'>Tom.</span> <span class='ocrx_word' id='word_1_467' title='bbox 568 3476 622 3503; x_wconf 79' lang='lat' dir='ltr'>Vll.</span> 
     </span>
    </p>
   </div>
   <div class='ocr_carea' id='block_1_19' title="bbox 821 3115 1126 3147">
    <p class='ocr_par' dir='ltr' id='par_1_28' title="bbox 821 3115 1126 3147">
     <span class='ocr_line' id='line_1_73' title="bbox 821 3115 1126 3147; baseline 0 -6"><span class='ocrx_word' id='word_1_468' title='bbox 821 3115 870 3147; x_wconf 82' lang='grc'>28,</span> <span class='ocrx_word' id='word_1_469' title='bbox 900 3115 940 3142; x_wconf 88' lang='grc'>16.</span> <span class='ocrx_word' id='word_1_470' title='bbox 965 3118 991 3141; x_wconf 91' lang='lat' dir='ltr'>et</span> <span class='ocrx_word' id='word_1_471' title='bbox 1016 3115 1032 3141; x_wconf 92' lang='lat' dir='ltr'>l.</span> <span class='ocrx_word' id='word_1_472' title='bbox 1059 3115 1126 3141; x_wconf 77' lang='lat' dir='ltr'>retr.</span> 
     </span>
    </p>
   </div>
   <div class='ocr_carea' id='block_1_20' title="bbox 963 245 1561 280">
    <p class='ocr_par' dir='ltr' id='par_1_29' title="bbox 963 245 1561 280">
     <span class='ocr_line' id='line_1_74' title="bbox 963 245 1561 280; baseline 0.003 -2"><span class='ocrx_word' id='word_1_473' title='bbox 963 246 999 279; x_wconf 90' lang='lat' dir='ltr'>IN</span> <span class='ocrx_word' id='word_1_474' title='bbox 1025 245 1265 278; x_wconf 82' lang='lat' dir='ltr'>EVANGELIUM</span> <span class='ocrx_word' id='word_1_475' title='bbox 1289 246 1406 279; x_wconf 81' lang='lat' dir='ltr'>LUCAE</span> <span class='ocrx_word' id='word_1_476' title='bbox 1431 247 1463 279; x_wconf 84' lang='lat' dir='ltr'>C.</span> <span class='ocrx_word' id='word_1_477' title='bbox 1487 248 1561 280; x_wconf 82' lang='lat' dir='ltr'>Xix.</span> 
     </span>
    </p>
   </div>
   <div class='ocr_carea' id='block_1_21' title="bbox 1173 2925 1941 2970">
    <p class='ocr_par' dir='ltr' id='par_1_30' title="bbox 1173 2925 1941 2970">
     <span class='ocr_line' id='line_1_75' title="bbox 1173 2925 1941 2970; baseline -0.013 -5"><span class='ocrx_word' id='word_1_478' title='bbox 1173 2925 1290 2970; x_wconf 44' lang='lat' dir='ltr'>strae),</span> <span class='ocrx_word' id='word_1_479' title='bbox 1310 2944 1390 2969; x_wconf 85' lang='lat' dir='ltr'>super</span> <span class='ocrx_word' id='word_1_480' title='bbox 1408 2944 1462 2969; x_wconf 89' lang='lat' dir='ltr'>quo</span> <span class='ocrx_word' id='word_1_481' title='bbox 1482 2937 1547 2961; x_wconf 83' lang='lat' dir='ltr'>Petr.</span> <span class='ocrx_word' id='word_1_482' title='bbox 1568 2933 1707 2960; x_wconf 88' lang='lat' dir='ltr'>Lombard.</span> <span class='ocrx_word' id='word_1_483' title='bbox 1736 2932 1776 2964; x_wconf 84' lang='lat' dir='ltr'>(ex</span> <span class='ocrx_word' id='word_1_484' title='bbox 1803 2931 1941 2962; x_wconf 76' lang='lat' dir='ltr'>August.):</span> 
     </span>
    </p>
   </div>
   <div class='ocr_carea' id='block_1_22' title="bbox 2078 253 2137 286">
    <p class='ocr_par' dir='ltr' id='par_1_31' title="bbox 2078 253 2137 286">
     <span class='ocr_line' id='line_1_76' title="bbox 2078 253 2137 286; baseline 0.017 -1"><span class='ocrx_word' id='word_1_485' title='bbox 2078 253 2137 286; x_wconf 73' lang='lat'>1:81</span> 
     </span>
    </p>
   </div>
   <div class='ocr_carea' id='block_1_23' title="bbox 1185 334 2152 2406">
    <p class='ocr_par' dir='ltr' id='par_1_32' title="bbox 1185 334 2151 1873">
     <span class='ocr_line' id='line_1_77' title="bbox 1187 334 2145 379; baseline 0.009 -14"><span class='ocrx_word' id='word_1_486' title='bbox 1187 334 1292 375; x_wconf 92' lang='lat' dir='ltr'>primo</span> <span class='ocrx_word' id='word_1_487' title='bbox 1313 335 1514 368; x_wconf 90' lang='lat' dir='ltr'>commissum</span> <span class='ocrx_word' id='word_1_488' title='bbox 1539 340 1586 369; x_wconf 90' lang='lat' dir='ltr'>est</span> <span class='ocrx_word' id='word_1_489' title='bbox 1610 337 1848 378; x_wconf 84' lang='lat' dir='ltr'>praedicationis</span> <span class='ocrx_word' id='word_1_490' title='bbox 1875 339 2031 379; x_wconf 85' lang='lat' dir='ltr'>ossiciurn,</span> <span class='ocrx_word' id='word_1_491' title='bbox 2064 341 2145 374; x_wconf 83' lang='lat' dir='ltr'>sicut</span> 
     </span>
     <span class='ocr_line' id='line_1_78' title="bbox 1187 386 2145 436; baseline 0.007 -17"><span class='ocrx_word' id='word_1_492' title='bbox 1187 386 1246 419; x_wconf 84' lang='lat' dir='ltr'>suit</span> <span class='ocrx_word' id='word_1_493' title='bbox 1269 387 1398 426; x_wconf 87' lang='lat' dir='ltr'>Petrus,</span> <span class='ocrx_word' id='word_1_494' title='bbox 1423 388 1473 420; x_wconf 91' lang='lat' dir='ltr'>cui</span> <span class='ocrx_word' id='word_1_495' title='bbox 1498 390 1663 422; x_wconf 88' lang='lat' dir='ltr'>commissa</span> <span class='ocrx_word' id='word_1_496' title='bbox 1686 394 1733 423; x_wconf 88' lang='lat' dir='ltr'>est</span> <span class='ocrx_word' id='word_1_497' title='bbox 1757 392 1966 424; x_wconf 66' lang='lat' dir='ltr'>convertenda</span> <span class='ocrx_word' id='word_1_498' title='bbox 1990 402 2145 436; x_wconf 75' lang='lat' dir='ltr'>synagoga</span> 
     </span>
     <span class='ocr_line' id='line_1_79' title="bbox 1187 439 2145 478; baseline 0.008 -7"><span class='ocrx_word' id='word_1_499' title='bbox 1187 439 1373 472; x_wconf 89' lang='lat' dir='ltr'>ludaeorum</span> <span class='ocrx_word' id='word_1_500' title='bbox 1388 452 1395 478; x_wconf 88' lang='lat'>;</span> <span class='ocrx_word' id='word_1_501' title='bbox 1420 439 1504 473; x_wconf 90' lang='lat' dir='ltr'>unde</span> <span class='ocrx_word' id='word_1_502' title='bbox 1527 440 1635 474; x_wconf 83' lang='lat' dir='ltr'>Glossa</span> <span class='ocrx_word' id='word_1_503' title='bbox 1648 442 1660 461; x_wconf 89' lang='lat'>⁷</span> <span class='ocrx_word' id='word_1_504' title='bbox 1676 454 1682 474; x_wconf 92' lang='lat'>:</span> <span class='ocrx_word' id='word_1_505' title='bbox 1704 455 1719 471; x_wconf 83' lang='lat'>«</span> <span class='ocrx_word' id='word_1_506' title='bbox 1739 443 1861 476; x_wconf 83' lang='lat' dir='ltr'>Primus</span> <span class='ocrx_word' id='word_1_507' title='bbox 1877 453 1989 477; x_wconf 89' lang='lat' dir='ltr'>servus</span> <span class='ocrx_word' id='word_1_508' title='bbox 2005 450 2052 478; x_wconf 87' lang='lat' dir='ltr'>est</span> <span class='ocrx_word' id='word_1_509' title='bbox 2069 446 2145 478; x_wconf 87' lang='lat' dir='ltr'>ordo</span> 
     </span>
     <span class='ocr_line' id='line_1_80' title="bbox 1185 491 2145 539; baseline 0.008 -16"><span class='ocrx_word' id='word_1_510' title='bbox 1185 491 1351 524; x_wconf 90' lang='lat' dir='ltr'>doctorum</span> <span class='ocrx_word' id='word_1_511' title='bbox 1376 492 1407 524; x_wconf 94' lang='lat' dir='ltr'>in</span> <span class='ocrx_word' id='word_1_512' title='bbox 1431 493 1700 527; x_wconf 87' lang='lat' dir='ltr'>circumcisionem</span> <span class='ocrx_word' id='word_1_513' title='bbox 1726 496 1840 529; x_wconf 88' lang='lat' dir='ltr'>missus</span> <span class='ocrx_word' id='word_1_514' title='bbox 1857 511 1887 535; x_wconf 74' lang='lat' dir='ltr'>n,</span> <span class='ocrx_word' id='word_1_515' title='bbox 1912 498 1965 539; x_wconf 90' lang='lat' dir='ltr'>qui</span> <span class='ocrx_word' id='word_1_516' title='bbox 1987 498 2056 531; x_wconf 89' lang='lat' dir='ltr'>ideo</span> <span class='ocrx_word' id='word_1_517' title='bbox 2071 498 2145 531; x_wconf 89' lang='lat' dir='ltr'>dici-</span> 
     </span>
     <span class='ocr_line' id='line_1_81' title="bbox 1186 544 2145 587; baseline 0.007 -11"><span class='ocrx_word' id='word_1_518' title='bbox 1186 547 1240 576; x_wconf 91' lang='lat' dir='ltr'>tur</span> <span class='ocrx_word' id='word_1_519' title='bbox 1260 544 1409 586; x_wconf 81' lang='lat' dir='ltr'>primus,</span> <span class='ocrx_word' id='word_1_520' title='bbox 1433 546 1525 587; x_wconf 87' lang='lat' dir='ltr'>quia,</span> <span class='ocrx_word' id='word_1_521' title='bbox 1551 546 1632 579; x_wconf 87' lang='lat' dir='ltr'>sicut</span> <span class='ocrx_word' id='word_1_522' title='bbox 1655 547 1771 580; x_wconf 87' lang='lat' dir='ltr'>dicitur</span> <span class='ocrx_word' id='word_1_523' title='bbox 1792 549 1925 581; x_wconf 80' lang='lat' dir='ltr'>Actuum</span> <span class='ocrx_word' id='word_1_524' title='bbox 1941 550 2062 583; x_wconf 88' lang='lat' dir='ltr'>decimo</span> <span class='ocrx_word' id='word_1_525' title='bbox 2083 555 2145 583; x_wconf 91' lang='lat' dir='ltr'>ter-</span> 
     </span>
     <span class='ocr_line' id='line_1_82' title="bbox 1186 598 2144 645; baseline 0.006 -15"><span class='ocrx_word' id='word_1_526' title='bbox 1186 598 1247 637; x_wconf 87' lang='lat' dir='ltr'>tio,</span> <span class='ocrx_word' id='word_1_527' title='bbox 1275 610 1291 626; x_wconf 75' lang='lat' dir='ltr'>‹t</span> <span class='ocrx_word' id='word_1_528' title='bbox 1308 598 1398 631; x_wconf 88' lang='lat' dir='ltr'>vobis</span> <span class='ocrx_word' id='word_1_529' title='bbox 1421 599 1561 640; x_wconf 90' lang='lat' dir='ltr'>primum</span> <span class='ocrx_word' id='word_1_530' title='bbox 1581 600 1746 641; x_wconf 85' lang='lat' dir='ltr'>oportebat</span> <span class='ocrx_word' id='word_1_531' title='bbox 1770 602 1983 643; x_wconf 78' lang='lat' dir='ltr'>evangelizare</span> <span class='ocrx_word' id='word_1_532' title='bbox 2012 612 2144 645; x_wconf 78' lang='lat' dir='ltr'>regnum</span> 
     </span>
     <span class='ocr_line' id='line_1_83' title="bbox 1187 651 2147 697; baseline 0.005 -14"><span class='ocrx_word' id='word_1_533' title='bbox 1187 651 1241 684; x_wconf 90' lang='lat' dir='ltr'>Dei</span> <span class='ocrx_word' id='word_1_534' title='bbox 1254 665 1285 683; x_wconf 73' lang='grc' dir='ltr'>υ.</span> <span class='ocrx_word' id='word_1_535' title='bbox 1303 651 1356 684; x_wconf 85' lang='lat' dir='ltr'>iiic</span> <span class='ocrx_word' id='word_1_536' title='bbox 1373 652 1457 684; x_wconf 90' lang='lat' dir='ltr'>enim</span> <span class='ocrx_word' id='word_1_537' title='bbox 1474 661 1586 685; x_wconf 88' lang='lat' dir='ltr'>servus</span> <span class='ocrx_word' id='word_1_538' title='bbox 1602 653 1718 685; x_wconf 88' lang='lat' dir='ltr'>dicitur</span> <span class='ocrx_word' id='word_1_539' title='bbox 1735 663 1839 686; x_wconf 83' lang='lat' dir='ltr'>unam</span> <span class='ocrx_word' id='word_1_540' title='bbox 1855 664 1968 687; x_wconf 80' lang='lat' dir='ltr'>mnam</span> <span class='ocrx_word' id='word_1_541' title='bbox 1986 657 2147 697; x_wconf 68' lang='lat' dir='ltr'>accepisse</span> 
     </span>
     <span class='ocr_line' id='line_1_84' title="bbox 1186 705 2145 748; baseline 0.005 -11"><span class='ocrx_word' id='word_1_542' title='bbox 1186 708 1318 747; x_wconf 89' lang='lat' dir='ltr'>propter</span> <span class='ocrx_word' id='word_1_543' title='bbox 1342 705 1494 738; x_wconf 91' lang='lat' dir='ltr'>unitatem</span> <span class='ocrx_word' id='word_1_544' title='bbox 1519 706 1638 748; x_wconf 86' lang='lat' dir='ltr'>gratiae</span> <span class='ocrx_word' id='word_1_545' title='bbox 1654 710 1685 739; x_wconf 90' lang='lat' dir='ltr'>et</span> <span class='ocrx_word' id='word_1_546' title='bbox 1701 707 1879 745; x_wconf 86' lang='lat' dir='ltr'>doctrinae;</span> <span class='ocrx_word' id='word_1_547' title='bbox 1898 709 1980 741; x_wconf 86' lang='lat' dir='ltr'>unde</span> <span class='ocrx_word' id='word_1_548' title='bbox 1997 709 2145 742; x_wconf 66' lang='lat' dir='ltr'>Glossassz</span> 
     </span>
     <span class='ocr_line' id='line_1_85' title="bbox 1190 759 2146 803; baseline 0.005 -13"><span class='ocrx_word' id='word_1_549' title='bbox 1190 772 1206 787; x_wconf 75' lang='grc' dir='ltr'>(ι</span> <span class='ocrx_word' id='word_1_550' title='bbox 1223 759 1326 791; x_wconf 87' lang='lat' dir='ltr'>Mnam</span> <span class='ocrx_word' id='word_1_551' title='bbox 1345 767 1439 791; x_wconf 91' lang='lat' dir='ltr'>unam</span> <span class='ocrx_word' id='word_1_552' title='bbox 1457 759 1676 801; x_wconf 81' lang='lat' dir='ltr'>negotiationis</span> <span class='ocrx_word' id='word_1_553' title='bbox 1692 760 1821 802; x_wconf 87' lang='lat' dir='ltr'>accepit,</span> <span class='ocrx_word' id='word_1_554' title='bbox 1835 761 1910 803; x_wconf 84' lang='lat' dir='ltr'>quia</span> <span class='ocrx_word' id='word_1_555' title='bbox 1922 771 2022 794; x_wconf 90' lang='lat' dir='ltr'>unum</span> <span class='ocrx_word' id='word_1_556' title='bbox 2036 763 2146 801; x_wconf 86' lang='lat' dir='ltr'>Deum,</span> 
     </span>
     <span class='ocr_line' id='line_1_86' title="bbox 1186 811 2147 856; baseline 0.004 -12"><span class='ocrx_word' id='word_1_557' title='bbox 1186 821 1283 845; x_wconf 86' lang='lat' dir='ltr'>unam</span> <span class='ocrx_word' id='word_1_558' title='bbox 1307 811 1401 845; x_wconf 84' lang='lat' dir='ltr'>fidem</span> <span class='ocrx_word' id='word_1_559' title='bbox 1413 838 1420 851; x_wconf 90' lang='lat'>,</span> <span class='ocrx_word' id='word_1_560' title='bbox 1445 821 1545 845; x_wconf 93' lang='lat' dir='ltr'>unum</span> <span class='ocrx_word' id='word_1_561' title='bbox 1563 813 1717 855; x_wconf 87' lang='lat' dir='ltr'>baptisma</span> <span class='ocrx_word' id='word_1_562' title='bbox 1734 813 1839 846; x_wconf 90' lang='lat' dir='ltr'>iussus</span> <span class='ocrx_word' id='word_1_563' title='bbox 1855 818 1903 847; x_wconf 91' lang='lat' dir='ltr'>est</span> <span class='ocrx_word' id='word_1_564' title='bbox 1920 815 2100 856; x_wconf 83' lang='lat' dir='ltr'>praedicare</span> <span class='ocrx_word' id='word_1_565' title='bbox 2117 828 2147 854; x_wconf 74' lang='grc' dir='ltr'>»ς</span> 
     </span>
     <span class='ocr_line' id='line_1_87' title="bbox 1185 865 2148 910; baseline 0.002 -12"><span class='ocrx_word' id='word_1_566' title='bbox 1185 865 1224 898; x_wconf 87' lang='lat' dir='ltr'>ad</span> <span class='ocrx_word' id='word_1_567' title='bbox 1250 865 1400 908; x_wconf 86' lang='lat' dir='ltr'>Ephesios</span> <span class='ocrx_word' id='word_1_568' title='bbox 1422 868 1556 907; x_wconf 88' lang='lat' dir='ltr'>quarto:</span> <span class='ocrx_word' id='word_1_569' title='bbox 1579 879 1594 895; x_wconf 73' lang='lat' dir='ltr'>a</span> <span class='ocrx_word' id='word_1_570' title='bbox 1610 866 1756 905; x_wconf 87' lang='lat' dir='ltr'>Solliciti,</span> <span class='ocrx_word' id='word_1_571' title='bbox 1773 875 1901 900; x_wconf 85' lang='lat' dir='ltr'>servare</span> <span class='ocrx_word' id='word_1_572' title='bbox 1919 868 2069 900; x_wconf 85' lang='lat' dir='ltr'>unitatem</span> <span class='ocrx_word' id='word_1_573' title='bbox 2087 869 2148 910; x_wconf 81' lang='lat' dir='ltr'>spi-</span> 
     </span>
     <span class='ocr_line' id='line_1_88' title="bbox 1186 919 2149 963; baseline 0.003 -12"><span class='ocrx_word' id='word_1_574' title='bbox 1186 919 1269 952; x_wconf 88' lang='lat' dir='ltr'>ritus</span> <span class='ocrx_word' id='word_1_575' title='bbox 1291 919 1322 952; x_wconf 95' lang='lat' dir='ltr'>in</span> <span class='ocrx_word' id='word_1_576' title='bbox 1347 919 1475 952; x_wconf 90' lang='lat' dir='ltr'>vinculo</span> <span class='ocrx_word' id='word_1_577' title='bbox 1499 919 1601 961; x_wconf 87' lang='lat' dir='ltr'>pacis,</span> <span class='ocrx_word' id='word_1_578' title='bbox 1625 920 1708 952; x_wconf 89' lang='lat' dir='ltr'>sicut</span> <span class='ocrx_word' id='word_1_579' title='bbox 1732 920 1832 953; x_wconf 83' lang='lat' dir='ltr'>vocati</span> <span class='ocrx_word' id='word_1_580' title='bbox 1857 921 1932 953; x_wconf 87' lang='lat' dir='ltr'>estis</span> <span class='ocrx_word' id='word_1_581' title='bbox 1953 921 1984 953; x_wconf 93' lang='lat' dir='ltr'>in</span> <span class='ocrx_word' id='word_1_582' title='bbox 2010 931 2072 954; x_wconf 87' lang='lat' dir='ltr'>una</span> <span class='ocrx_word' id='word_1_583' title='bbox 2095 931 2149 963; x_wconf 84' lang='lat' dir='ltr'>spe</span> 
     </span>
     <span class='ocr_line' id='line_1_89' title="bbox 1186 972 2147 1012; baseline 0.001 -7"><span class='ocrx_word' id='word_1_584' title='bbox 1186 972 1359 1005; x_wconf 88' lang='lat' dir='ltr'>vocationis</span> <span class='ocrx_word' id='word_1_585' title='bbox 1383 974 1517 1005; x_wconf 90' lang='lat' dir='ltr'>vestrae.</span> <span class='ocrx_word' id='word_1_586' title='bbox 1543 972 1630 1005; x_wconf 90' lang='lat' dir='ltr'>Unus</span> <span class='ocrx_word' id='word_1_587' title='bbox 1654 972 1825 1012; x_wconf 92' lang='lat' dir='ltr'>Dominus,</span> <span class='ocrx_word' id='word_1_588' title='bbox 1851 982 1914 1005; x_wconf 91' lang='lat' dir='ltr'>una</span> <span class='ocrx_word' id='word_1_589' title='bbox 1938 973 2025 1012; x_wconf 83' lang='lat' dir='ltr'>fides,</span> <span class='ocrx_word' id='word_1_590' title='bbox 2050 984 2147 1006; x_wconf 89' lang='lat' dir='ltr'>unum</span> 
     </span>
     <span class='ocr_line' id='line_1_90' title="bbox 1186 1026 2149 1071; baseline 0.001 -12"><span class='ocrx_word' id='word_1_591' title='bbox 1186 1026 1342 1069; x_wconf 88' lang='lat' dir='ltr'>baptisma</span> <span class='ocrx_word' id='word_1_592' title='bbox 1358 1040 1388 1057; x_wconf 84' lang='lat'>».</span> <span class='ocrx_word' id='word_1_593' title='bbox 1414 1026 1537 1059; x_wconf 86' lang='lat' dir='ltr'>Dicitur</span> <span class='ocrx_word' id='word_1_594' title='bbox 1561 1026 1654 1059; x_wconf 85' lang='lat' dir='ltr'>etiam</span> <span class='ocrx_word' id='word_1_595' title='bbox 1679 1026 1785 1059; x_wconf 80' lang='lat' dir='ltr'>decem</span> <span class='ocrx_word' id='word_1_596' title='bbox 1810 1036 1907 1059; x_wconf 86' lang='lat' dir='ltr'>mnas</span> <span class='ocrx_word' id='word_1_597' title='bbox 1935 1028 2149 1071; x_wconf 69' lang='lat' dir='ltr'>acquisivisse</span> 
     </span>
     <span class='ocr_line' id='line_1_91' title="bbox 1185 1079 2147 1123; baseline 0.001 -11"><span class='ocrx_word' id='word_1_598' title='bbox 1185 1083 1317 1122; x_wconf 87' lang='lat' dir='ltr'>propter</span> <span class='ocrx_word' id='word_1_599' title='bbox 1347 1079 1585 1113; x_wconf 88' lang='lat' dir='ltr'>conversionem</span> <span class='ocrx_word' id='word_1_600' title='bbox 1617 1089 1728 1113; x_wconf 91' lang='lat' dir='ltr'>eorum</span> <span class='ocrx_word' id='word_1_601' title='bbox 1762 1080 1816 1123; x_wconf 86' lang='lat' dir='ltr'>qui</span> <span class='ocrx_word' id='word_1_602' title='bbox 1849 1084 1939 1113; x_wconf 90' lang='lat' dir='ltr'>erant</span> <span class='ocrx_word' id='word_1_603' title='bbox 1966 1081 2025 1113; x_wconf 90' lang='lat' dir='ltr'>sub</span> <span class='ocrx_word' id='word_1_604' title='bbox 2049 1081 2147 1122; x_wconf 76' lang='lat' dir='ltr'>Lege;</span> 
     </span>
     <span class='ocr_line' id='line_1_92' title="bbox 1186 1132 2147 1176; baseline 0 -10"><span class='ocrx_word' id='word_1_605' title='bbox 1186 1132 1270 1166; x_wconf 93' lang='lat' dir='ltr'>unde</span> <span class='ocrx_word' id='word_1_606' title='bbox 1301 1136 1333 1166; x_wconf 88' lang='lat' dir='ltr'>et</span> <span class='ocrx_word' id='word_1_607' title='bbox 1364 1132 1514 1166; x_wconf 81' lang='lat' dir='ltr'>Glossa⁹:</span> <span class='ocrx_word' id='word_1_608' title='bbox 1553 1147 1569 1162; x_wconf 90' lang='lat'>«</span> <span class='ocrx_word' id='word_1_609' title='bbox 1593 1133 1706 1166; x_wconf 88' lang='lat' dir='ltr'>Decem</span> <span class='ocrx_word' id='word_1_610' title='bbox 1741 1143 1830 1167; x_wconf 90' lang='lat' dir='ltr'>mnas</span> <span class='ocrx_word' id='word_1_611' title='bbox 1861 1134 2044 1176; x_wconf 87' lang='lat' dir='ltr'>acquisivit,</span> <span class='ocrx_word' id='word_1_612' title='bbox 2073 1134 2147 1166; x_wconf 88' lang='lat' dir='ltr'>dum</span> 
     </span>
     <span class='ocr_line' id='line_1_93' title="bbox 1185 1185 2147 1229; baseline 0.001 -10"><span class='ocrx_word' id='word_1_613' title='bbox 1185 1187 1340 1229; x_wconf 90' lang='lat' dir='ltr'>populum</span> <span class='ocrx_word' id='word_1_614' title='bbox 1363 1187 1424 1220; x_wconf 90' lang='lat' dir='ltr'>sub</span> <span class='ocrx_word' id='word_1_615' title='bbox 1448 1185 1528 1229; x_wconf 84' lang='lat' dir='ltr'>Lege</span> <span class='ocrx_word' id='word_1_616' title='bbox 1551 1185 1760 1220; x_wconf 80' lang='lat' dir='ltr'>constitutum</span> <span class='ocrx_word' id='word_1_617' title='bbox 1785 1187 1924 1220; x_wconf 91' lang='lat' dir='ltr'>docendo</span> <span class='ocrx_word' id='word_1_618' title='bbox 1952 1188 2075 1221; x_wconf 86' lang='lat' dir='ltr'>sibimet</span> <span class='ocrx_word' id='word_1_619' title='bbox 2099 1197 2147 1220; x_wconf 90' lang='lat' dir='ltr'>so-</span> 
     </span>
     <span class='ocr_line' id='line_1_94' title="bbox 1185 1239 2149 1282; baseline 0.001 -10"><span class='ocrx_word' id='word_1_620' title='bbox 1185 1239 1280 1272; x_wconf 89' lang='lat' dir='ltr'>ciavit</span> <span class='ocrx_word' id='word_1_621' title='bbox 1296 1252 1327 1279; x_wconf 75' lang='lat'>»;</span> <span class='ocrx_word' id='word_1_622' title='bbox 1352 1239 1486 1272; x_wconf 83' lang='lat' dir='ltr'>Actuum</span> <span class='ocrx_word' id='word_1_623' title='bbox 1510 1240 1644 1282; x_wconf 90' lang='lat' dir='ltr'>quinto:</span> <span class='ocrx_word' id='word_1_624' title='bbox 1673 1253 1689 1269; x_wconf 74' lang='grc' dir='ltr'><strong>α</strong></span> <span class='ocrx_word' id='word_1_625' title='bbox 1707 1240 1803 1282; x_wconf 78' lang='lat' dir='ltr'>Magis</span> <span class='ocrx_word' id='word_1_626' title='bbox 1826 1240 2003 1282; x_wconf 86' lang='lat' dir='ltr'>augebatur</span> <span class='ocrx_word' id='word_1_627' title='bbox 2019 1240 2149 1273; x_wconf 86' lang='lat' dir='ltr'>creden-</span> 
     </span>
     <span class='ocr_line' id='line_1_95' title="bbox 1187 1292 2149 1332; baseline 0.001 -7"><span class='ocrx_word' id='word_1_628' title='bbox 1187 1293 1265 1326; x_wconf 92' lang='lat' dir='ltr'>tium</span> <span class='ocrx_word' id='word_1_629' title='bbox 1289 1293 1320 1325; x_wconf 95' lang='lat' dir='ltr'>in</span> <span class='ocrx_word' id='word_1_630' title='bbox 1346 1292 1479 1326; x_wconf 92' lang='lat' dir='ltr'>Domino</span> <span class='ocrx_word' id='word_1_631' title='bbox 1499 1293 1670 1326; x_wconf 88' lang='lat' dir='ltr'>multitudo</span> <span class='ocrx_word' id='word_1_632' title='bbox 1689 1293 1831 1326; x_wconf 88' lang='lat' dir='ltr'>virorum</span> <span class='ocrx_word' id='word_1_633' title='bbox 1848 1302 1883 1326; x_wconf 88' lang='lat' dir='ltr'>ac</span> <span class='ocrx_word' id='word_1_634' title='bbox 1900 1294 2089 1332; x_wconf 88' lang='lat' dir='ltr'>mulierum,</span> <span class='ocrx_word' id='word_1_635' title='bbox 2107 1294 2149 1326; x_wconf 82' lang='lat' dir='ltr'>ita</span> 
     </span>
     <span class='ocr_line' id='line_1_96' title="bbox 1185 1338 2147 1388; baseline 0 -9"><span class='ocrx_word' id='word_1_636' title='bbox 1185 1349 1222 1379; x_wconf 90' lang='lat' dir='ltr'>ut</span> <span class='ocrx_word' id='word_1_637' title='bbox 1244 1346 1276 1378; x_wconf 92' lang='lat' dir='ltr'>in</span> <span class='ocrx_word' id='word_1_638' title='bbox 1300 1346 1420 1388; x_wconf 86' lang='lat' dir='ltr'>plateas</span> <span class='ocrx_word' id='word_1_639' title='bbox 1442 1346 1594 1379; x_wconf 91' lang='lat' dir='ltr'>eiicerent</span> <span class='ocrx_word' id='word_1_640' title='bbox 1618 1346 1778 1386; x_wconf 85' lang='lat' dir='ltr'>infirmos,</span> <span class='ocrx_word' id='word_1_641' title='bbox 1804 1338 1859 1386; x_wconf 86' lang='lat' dir='ltr'>ut,</span> <span class='ocrx_word' id='word_1_642' title='bbox 1882 1346 2027 1379; x_wconf 85' lang='lat' dir='ltr'>veniente</span> <span class='ocrx_word' id='word_1_643' title='bbox 2043 1347 2147 1385; x_wconf 83' lang='lat' dir='ltr'>Petro,</span> 
     </span>
     <span class='ocr_line' id='line_1_97' title="bbox 1185 1399 2147 1433; baseline -0.001 -1"><span class='ocrx_word' id='word_1_644' title='bbox 1185 1399 1456 1432; x_wconf 82' lang='lat' dir='ltr'>obumbrarentur</span> <span class='ocrx_word' id='word_1_645' title='bbox 1479 1403 1511 1433; x_wconf 90' lang='lat' dir='ltr'>et</span> <span class='ocrx_word' id='word_1_646' title='bbox 1535 1399 1748 1433; x_wconf 88' lang='lat' dir='ltr'>liberarentur</span> <span class='ocrx_word' id='word_1_647' title='bbox 1764 1400 1804 1432; x_wconf 87' lang='lat' dir='ltr'>ab</span> <span class='ocrx_word' id='word_1_648' title='bbox 1821 1400 2002 1432; x_wconf 84' lang='lat' dir='ltr'>infirmitate</span> <span class='ocrx_word' id='word_1_649' title='bbox 2019 1413 2049 1431; x_wconf 66' lang='grc' dir='ltr'>ι).</span> <span class='ocrx_word' id='word_1_650' title='bbox 2067 1400 2147 1431; x_wconf 85' lang='lat' dir='ltr'>Hanc</span> 
     </span>
     <span class='ocr_line' id='line_1_98' title="bbox 1185 1453 2149 1496; baseline -0.001 -10"><span class='ocrx_word' id='word_1_651' title='bbox 1185 1462 1261 1496; x_wconf 87' lang='lat' dir='ltr'>ergo</span> <span class='ocrx_word' id='word_1_652' title='bbox 1284 1453 1409 1496; x_wconf 87' lang='lat' dir='ltr'>plebem</span> <span class='ocrx_word' id='word_1_653' title='bbox 1431 1453 1618 1496; x_wconf 89' lang='lat' dir='ltr'>acquisitam</span> <span class='ocrx_word' id='word_1_654' title='bbox 1643 1453 1775 1486; x_wconf 92' lang='lat' dir='ltr'>Domino</span> <span class='ocrx_word' id='word_1_655' title='bbox 1799 1453 1890 1486; x_wconf 86' lang='lat' dir='ltr'>oss&#39;ert</span> <span class='ocrx_word' id='word_1_656' title='bbox 1915 1457 2063 1495; x_wconf 84' lang='lat' dir='ltr'>tanquam</span> <span class='ocrx_word' id='word_1_657' title='bbox 2085 1462 2149 1485; x_wconf 87' lang='lat' dir='ltr'>me-</span> 
     </span>
     <span class='ocr_line' id='line_1_99' title="bbox 1186 1505 2148 1550; baseline -0.003 -9"><span class='ocrx_word' id='word_1_658' title='bbox 1186 1508 1294 1541; x_wconf 91' lang='lat' dir='ltr'>ritum.</span> <span class='ocrx_word' id='word_1_659' title='bbox 1312 1508 1345 1540; x_wconf 89' lang='lat' dir='ltr'>ln</span> <span class='ocrx_word' id='word_1_660' title='bbox 1362 1508 1455 1541; x_wconf 92' lang='lat' dir='ltr'>cuius</span> <span class='ocrx_word' id='word_1_661' title='bbox 1478 1507 1614 1550; x_wconf 83' lang='lat' dir='ltr'>figuram</span> <span class='ocrx_word' id='word_1_662' title='bbox 1638 1507 1766 1540; x_wconf 89' lang='lat' dir='ltr'>Genesis</span> <span class='ocrx_word' id='word_1_663' title='bbox 1789 1505 1938 1550; x_wconf 84' lang='lat' dir='ltr'>vigesimo</span> <span class='ocrx_word' id='word_1_664' title='bbox 1960 1507 2091 1549; x_wconf 88' lang='lat' dir='ltr'>septimo</span> <span class='ocrx_word' id='word_1_665' title='bbox 2105 1507 2148 1538; x_wconf 87' lang='lat'>¹⁰:</span> 
     </span>
     <span class='ocr_line' id='line_1_100' title="bbox 1191 1560 2150 1603; baseline -0.002 -9"><span class='ocrx_word' id='word_1_666' title='bbox 1191 1562 1344 1603; x_wconf 72' lang='lat' dir='ltr'>«Surge,</span> <span class='ocrx_word' id='word_1_667' title='bbox 1377 1560 1505 1594; x_wconf 91' lang='lat' dir='ltr'>comede</span> <span class='ocrx_word' id='word_1_668' title='bbox 1536 1560 1575 1594; x_wconf 91' lang='lat' dir='ltr'>de</span> <span class='ocrx_word' id='word_1_669' title='bbox 1607 1561 1772 1594; x_wconf 90' lang='lat' dir='ltr'>venatione</span> <span class='ocrx_word' id='word_1_670' title='bbox 1803 1569 1888 1600; x_wconf 90' lang='lat' dir='ltr'>mea,</span> <span class='ocrx_word' id='word_1_671' title='bbox 1920 1564 1957 1593; x_wconf 90' lang='lat' dir='ltr'>ut</span> <span class='ocrx_word' id='word_1_672' title='bbox 1988 1560 2150 1593; x_wconf 84' lang='lat' dir='ltr'>benedicat</span> 
     </span>
     <span class='ocr_line' id='line_1_101' title="bbox 1186 1613 2150 1657; baseline -0.001 -10"><span class='ocrx_word' id='word_1_673' title='bbox 1186 1614 1264 1648; x_wconf 89' lang='lat' dir='ltr'>mihi</span> <span class='ocrx_word' id='word_1_674' title='bbox 1288 1614 1393 1647; x_wconf 86' lang='lat' dir='ltr'>anima</span> <span class='ocrx_word' id='word_1_675' title='bbox 1417 1618 1472 1647; x_wconf 87' lang='lat' dir='ltr'>tua</span> <span class='ocrx_word' id='word_1_676' title='bbox 1488 1628 1518 1647; x_wconf 87' lang='lat'>».</span> <span class='ocrx_word' id='word_1_677' title='bbox 1544 1633 1588 1638; x_wconf 90' lang='lat'>—-</span> <span class='ocrx_word' id='word_1_678' title='bbox 1613 1614 1648 1647; x_wconf 87' lang='lat' dir='ltr'>Et</span> <span class='ocrx_word' id='word_1_679' title='bbox 1672 1617 1763 1654; x_wconf 84' lang='lat' dir='ltr'>nota,</span> <span class='ocrx_word' id='word_1_680' title='bbox 1788 1614 1873 1657; x_wconf 90' lang='lat' dir='ltr'>quod</span> <span class='ocrx_word' id='word_1_681' title='bbox 1897 1623 1960 1647; x_wconf 91' lang='lat' dir='ltr'>non</span> <span class='ocrx_word' id='word_1_682' title='bbox 1984 1613 2076 1647; x_wconf 90' lang='lat' dir='ltr'>dicit:</span> <span class='ocrx_word' id='word_1_683' title='bbox 2094 1623 2150 1657; x_wconf 68' lang='lat' dir='ltr'>eqo</span> 
     </span>
     <span class='ocr_line' id='line_1_102' title="bbox 1187 1667 2151 1712; baseline -0.002 -11"><span class='ocrx_word' id='word_1_684' title='bbox 1187 1668 1374 1712; x_wconf 66' lang='lat' dir='ltr'>acquisivi,</span> <span class='ocrx_word' id='word_1_685' title='bbox 1398 1667 1470 1701; x_wconf 89' lang='lat' dir='ltr'>sed:</span> <span class='ocrx_word' id='word_1_686' title='bbox 1495 1677 1595 1707; x_wconf 83' lang='lat' dir='ltr'>mna,</span> <span class='ocrx_word' id='word_1_687' title='bbox 1621 1670 1657 1701; x_wconf 92' lang='lat' dir='ltr'>ut</span> <span class='ocrx_word' id='word_1_688' title='bbox 1679 1667 1763 1701; x_wconf 90' lang='lat' dir='ltr'>dicat</span> <span class='ocrx_word' id='word_1_689' title='bbox 1786 1667 1864 1701; x_wconf 93' lang='lat' dir='ltr'>illud</span> <span class='ocrx_word' id='word_1_690' title='bbox 1889 1667 1984 1701; x_wconf 87' lang='lat' dir='ltr'>Isaiae</span> <span class='ocrx_word' id='word_1_691' title='bbox 2001 1667 2151 1710; x_wconf 85' lang='lat' dir='ltr'>vigesimo</span> 
     </span>
     <span class='ocr_line' id='line_1_103' title="bbox 1187 1721 2151 1764; baseline -0.002 -9"><span class='ocrx_word' id='word_1_692' title='bbox 1187 1725 1299 1755; x_wconf 84' lang='lat' dir='ltr'>sexto:</span> <span class='ocrx_word' id='word_1_693' title='bbox 1329 1734 1345 1751; x_wconf 70' lang='grc' dir='ltr'><strong>α</strong></span> <span class='ocrx_word' id='word_1_694' title='bbox 1362 1721 1474 1754; x_wconf 88' lang='lat' dir='ltr'>Omnia</span> <span class='ocrx_word' id='word_1_695' title='bbox 1505 1731 1602 1764; x_wconf 89' lang='lat' dir='ltr'>opera</span> <span class='ocrx_word' id='word_1_696' title='bbox 1625 1724 1734 1755; x_wconf 91' lang='lat' dir='ltr'>nostra</span> <span class='ocrx_word' id='word_1_697' title='bbox 1757 1721 1789 1754; x_wconf 92' lang='lat' dir='ltr'>in</span> <span class='ocrx_word' id='word_1_698' title='bbox 1814 1721 1904 1754; x_wconf 90' lang='lat' dir='ltr'>nobis</span> <span class='ocrx_word' id='word_1_699' title='bbox 1927 1724 2077 1764; x_wconf 88' lang='lat' dir='ltr'>operatus</span> <span class='ocrx_word' id='word_1_700' title='bbox 2100 1729 2151 1759; x_wconf 85' lang='lat' dir='ltr'>es,</span> 
     </span>
     <span class='ocr_line' id='line_1_104' title="bbox 1187 1774 2151 1818; baseline -0.003 -9"><span class='ocrx_word' id='word_1_701' title='bbox 1187 1776 1319 1809; x_wconf 91' lang='lat' dir='ltr'>Domine</span> <span class='ocrx_word' id='word_1_702' title='bbox 1335 1788 1366 1816; x_wconf 73' lang='grc' dir='ltr'>»ς</span> <span class='ocrx_word' id='word_1_703' title='bbox 1380 1779 1412 1809; x_wconf 88' lang='lat' dir='ltr'>et</span> <span class='ocrx_word' id='word_1_704' title='bbox 1424 1775 1502 1809; x_wconf 93' lang='lat' dir='ltr'>illud</span> <span class='ocrx_word' id='word_1_705' title='bbox 1515 1775 1636 1818; x_wconf 88' lang='lat' dir='ltr'>primae</span> <span class='ocrx_word' id='word_1_706' title='bbox 1648 1775 1686 1808; x_wconf 94' lang='lat' dir='ltr'>ad</span> <span class='ocrx_word' id='word_1_707' title='bbox 1699 1775 1878 1808; x_wconf 91' lang='lat' dir='ltr'>Corinthios</span> <span class='ocrx_word' id='word_1_708' title='bbox 1890 1774 2010 1808; x_wconf 92' lang='lat' dir='ltr'>decimo</span> <span class='ocrx_word' id='word_1_709' title='bbox 2023 1774 2151 1817; x_wconf 87' lang='lat' dir='ltr'>quinto:</span> 
     </span>
     <span class='ocr_line' id='line_1_105' title="bbox 1192 1829 2002 1873; baseline -0.002 -10"><span class='ocrx_word' id='word_1_710' title='bbox 1192 1843 1209 1859; x_wconf 72' lang='grc' dir='ltr'><em>α</em></span> <span class='ocrx_word' id='word_1_711' title='bbox 1225 1830 1291 1863; x_wconf 92' lang='grc' dir='ltr'>Νο0</span> <span class='ocrx_word' id='word_1_712' title='bbox 1316 1833 1423 1863; x_wconf 86' lang='lat' dir='ltr'>autem</span> <span class='ocrx_word' id='word_1_713' title='bbox 1447 1838 1523 1873; x_wconf 88' lang='lat' dir='ltr'>ego,</span> <span class='ocrx_word' id='word_1_714' title='bbox 1547 1829 1600 1863; x_wconf 91' lang='lat' dir='ltr'>sed</span> <span class='ocrx_word' id='word_1_715' title='bbox 1625 1829 1727 1872; x_wconf 84' lang='lat' dir='ltr'>gratia</span> <span class='ocrx_word' id='word_1_716' title='bbox 1749 1829 1805 1862; x_wconf 92' lang='lat' dir='ltr'>Dei</span> <span class='ocrx_word' id='word_1_717' title='bbox 1829 1838 1953 1862; x_wconf 86' lang='lat' dir='ltr'>mecum</span> <span class='ocrx_word' id='word_1_718' title='bbox 1972 1842 2002 1861; x_wconf 67' lang='lat' dir='ltr'>n.</span> 
     </span>
    </p>

    <p class='ocr_par' dir='ltr' id='par_1_33' title="bbox 1187 1881 2152 2406">
     <span class='ocr_line' id='line_1_106' title="bbox 1278 1881 2152 1926; baseline -0.005 -9"><span class='ocrx_word' id='word_1_719' title='bbox 1278 1885 1331 1917; x_wconf 88' lang='grc'>27.</span> <span class='ocrx_word' id='word_1_720' title='bbox 1350 1883 1453 1925; x_wconf 93' lang='lat' dir='ltr'>(Vers.</span> <span class='ocrx_word' id='word_1_721' title='bbox 1472 1885 1547 1925; x_wconf 89' lang='lat'>17.).</span> <span class='ocrx_word' id='word_1_722' title='bbox 1565 1883 1708 1917; x_wconf 90' lang='lat' dir='ltr'>Secundo</span> <span class='ocrx_word' id='word_1_723' title='bbox 1728 1886 1882 1926; x_wconf 88' lang='lat' dir='ltr'>quantum</span> <span class='ocrx_word' id='word_1_724' title='bbox 1899 1882 1937 1915; x_wconf 90' lang='lat' dir='ltr'>ad</span> <span class='ocrx_word' id='word_1_725' title='bbox 1954 1881 2152 1924; x_wconf 81' lang='lat' dir='ltr'>acceptatio—</span> 
     </span>
     <span class='ocr_line' id='line_1_107' title="bbox 1187 1936 2150 1981; baseline -0.004 -10"><span class='ocrx_word' id='word_1_726' title='bbox 1187 1947 1261 1971; x_wconf 83' lang='lat' dir='ltr'>nem</span> <span class='ocrx_word' id='word_1_727' title='bbox 1277 1938 1419 1981; x_wconf 81' lang='lat' dir='ltr'>superni</span> <span class='ocrx_word' id='word_1_728' title='bbox 1433 1937 1555 1971; x_wconf 82' lang='lat' dir='ltr'>iudicii</span> <span class='ocrx_word' id='word_1_729' title='bbox 1577 1937 1700 1970; x_wconf 83' lang='lat' dir='ltr'>subdit:</span> <span class='ocrx_word' id='word_1_730' title='bbox 1719 1938 1760 1969; x_wconf 89' lang='lat' dir='ltr'>Et</span> <span class='ocrx_word' id='word_1_731' title='bbox 1782 1937 1831 1969; x_wconf 86' lang='lat' dir='ltr'>ait</span> <span class='ocrx_word' id='word_1_732' title='bbox 1848 1936 1916 1969; x_wconf 82' lang='lat' dir='ltr'>illi.-</span> <span class='ocrx_word' id='word_1_733' title='bbox 1934 1937 2042 1977; x_wconf 66' lang='lat' dir='ltr'>Euge,</span> <span class='ocrx_word' id='word_1_734' title='bbox 2059 1944 2150 1967; x_wconf 79' lang='lat' dir='ltr'>serve</span> 
     </span>
     <span class='ocr_line' id='line_1_108' title="bbox 1188 1987 2151 2035; baseline -0.005 -11"><span class='ocrx_word' id='word_1_735' title='bbox 1188 1991 1287 2031; x_wconf 84' lang='lat' dir='ltr'>bone,</span> <span class='ocrx_word' id='word_1_736' title='bbox 1312 1991 1396 2035; x_wconf 83' lang='lat' dir='ltr'>quia</span> <span class='ocrx_word' id='word_1_737' title='bbox 1419 1991 1456 2024; x_wconf 84' lang='lat' dir='ltr'>in</span> <span class='ocrx_word' id='word_1_738' title='bbox 1478 1991 1608 2024; x_wconf 78' lang='lat' dir='ltr'>modico</span> <span class='ocrx_word' id='word_1_739' title='bbox 1631 1988 1733 2033; x_wconf 73' lang='lat' dir='ltr'>fuisti</span> <span class='ocrx_word' id='word_1_740' title='bbox 1753 1989 1868 2031; x_wconf 79' lang='lat' dir='ltr'>fidelis.</span> <span class='ocrx_word' id='word_1_741' title='bbox 1896 1989 1930 2021; x_wconf 88' lang='lat' dir='ltr'>Et</span> <span class='ocrx_word' id='word_1_742' title='bbox 1954 1991 2041 2027; x_wconf 86' lang='lat' dir='ltr'>nota,</span> <span class='ocrx_word' id='word_1_743' title='bbox 2066 1987 2151 2030; x_wconf 91' lang='lat' dir='ltr'>quod</span> 
     </span>
     <span class='ocr_line' id='line_1_109' title="bbox 1187 2040 2150 2087; baseline -0.006 -9"><span class='ocrx_word' id='word_1_744' title='bbox 1187 2055 1267 2087; x_wconf 70' lang='lat' dir='ltr'>euqe</span> <span class='ocrx_word' id='word_1_745' title='bbox 1289 2044 1460 2087; x_wconf 86' lang='lat' dir='ltr'>aliquando</span> <span class='ocrx_word' id='word_1_746' title='bbox 1475 2047 1522 2077; x_wconf 90' lang='lat' dir='ltr'>est</span> <span class='ocrx_word' id='word_1_747' title='bbox 1539 2043 1735 2076; x_wconf 85' lang='lat' dir='ltr'>irrisorium</span> <span class='ocrx_word' id='word_1_748' title='bbox 1746 2069 1756 2082; x_wconf 91' lang='lat'><em>‚</em></span> <span class='ocrx_word' id='word_1_749' title='bbox 1782 2041 1955 2075; x_wconf 89' lang='lat' dir='ltr'>secundum</span> <span class='ocrx_word' id='word_1_750' title='bbox 1973 2040 2051 2073; x_wconf 91' lang='lat' dir='ltr'>illud</span> <span class='ocrx_word' id='word_1_751' title='bbox 2068 2040 2150 2073; x_wconf 85' lang='lat' dir='ltr'>Psal-</span> 
     </span>
     <span class='ocr_line' id='line_1_110' title="bbox 1188 2093 2150 2139; baseline -0.007 -8"><span class='ocrx_word' id='word_1_752' title='bbox 1188 2098 1229 2131; x_wconf 92' lang='lat' dir='ltr'>mi</span> <span class='ocrx_word' id='word_1_753' title='bbox 1245 2099 1292 2130; x_wconf 89' lang='lat'>¹¹:</span> <span class='ocrx_word' id='word_1_754' title='bbox 1325 2110 1341 2126; x_wconf 87' lang='lat'>«</span> <span class='ocrx_word' id='word_1_755' title='bbox 1358 2097 1537 2130; x_wconf 89' lang='lat' dir='ltr'>Dixerunt:</span> <span class='ocrx_word' id='word_1_756' title='bbox 1563 2097 1664 2139; x_wconf 83' lang='lat' dir='ltr'>Euge,</span> <span class='ocrx_word' id='word_1_757' title='bbox 1693 2104 1772 2138; x_wconf 84' lang='lat' dir='ltr'>euge</span> <span class='ocrx_word' id='word_1_758' title='bbox 1783 2121 1796 2134; x_wconf 84' lang='lat'>‚.</span> <span class='ocrx_word' id='word_1_759' title='bbox 1815 2094 1962 2127; x_wconf 87' lang='lat' dir='ltr'>viderunt</span> <span class='ocrx_word' id='word_1_760' title='bbox 1989 2093 2070 2126; x_wconf 91' lang='lat' dir='ltr'>oculi</span> <span class='ocrx_word' id='word_1_761' title='bbox 2094 2102 2150 2125; x_wconf 93' lang='lat' dir='ltr'>no-</span> 
     </span>
     <span class='ocr_line' id='line_1_111' title="bbox 1187 2147 2149 2194; baseline -0.007 -10"><span class='ocrx_word' id='word_1_762' title='bbox 1187 2151 1293 2184; x_wconf 82' lang='lat' dir='ltr'>stri».</span> <span class='ocrx_word' id='word_1_763' title='bbox 1317 2151 1491 2194; x_wconf 82' lang='lat' dir='ltr'>Aliquando</span> <span class='ocrx_word' id='word_1_764' title='bbox 1515 2149 1767 2187; x_wconf 81' lang='lat' dir='ltr'>adulatorium‚·</span> <span class='ocrx_word' id='word_1_765' title='bbox 1789 2147 1945 2180; x_wconf 78' lang='lat' dir='ltr'>psalmus:</span> <span class='ocrx_word' id='word_1_766' title='bbox 1968 2159 1984 2174; x_wconf 69' lang='grc' dir='ltr'>«τ</span> <span class='ocrx_word' id='word_1_767' title='bbox 2001 2147 2149 2179; x_wconf 75' lang='lat' dir='ltr'>Avertan-</span> 
     </span>
     <span class='ocr_line' id='line_1_112' title="bbox 1187 2200 2149 2245; baseline -0.006 -8"><span class='ocrx_word' id='word_1_768' title='bbox 1187 2207 1241 2237; x_wconf 91' lang='lat' dir='ltr'>tur</span> <span class='ocrx_word' id='word_1_769' title='bbox 1279 2204 1385 2237; x_wconf 85' lang='lat' dir='ltr'>statim</span> <span class='ocrx_word' id='word_1_770' title='bbox 1417 2205 1639 2238; x_wconf 86' lang='lat' dir='ltr'>erubescentes</span> <span class='ocrx_word' id='word_1_771' title='bbox 1678 2202 1732 2245; x_wconf 88' lang='lat' dir='ltr'>qui</span> <span class='ocrx_word' id='word_1_772' title='bbox 1768 2201 1878 2234; x_wconf 88' lang='lat' dir='ltr'>dicunt</span> <span class='ocrx_word' id='word_1_773' title='bbox 1913 2200 2011 2232; x_wconf 90' lang='lat' dir='ltr'>mihi:</span> <span class='ocrx_word' id='word_1_774' title='bbox 2049 2200 2149 2241; x_wconf 83' lang='lat' dir='ltr'>Euge,</span> 
     </span>
     <span class='ocr_line' id='line_1_113' title="bbox 1187 2253 2148 2301; baseline -0.008 -9"><span class='ocrx_word' id='word_1_775' title='bbox 1187 2267 1267 2301; x_wconf 86' lang='lat' dir='ltr'>euge</span> <span class='ocrx_word' id='word_1_776' title='bbox 1284 2270 1315 2298; x_wconf 83' lang='lat'>»;</span> <span class='ocrx_word' id='word_1_777' title='bbox 1339 2261 1371 2291; x_wconf 92' lang='lat' dir='ltr'>et</span> <span class='ocrx_word' id='word_1_778' title='bbox 1399 2258 1535 2291; x_wconf 89' lang='lat' dir='ltr'>iterum:</span> <span class='ocrx_word' id='word_1_779' title='bbox 1565 2270 1581 2286; x_wconf 73' lang='grc' dir='ltr'><em>α</em></span> <span class='ocrx_word' id='word_1_780' title='bbox 1598 2257 1710 2290; x_wconf 87' lang='lat' dir='ltr'>Ferant</span> <span class='ocrx_word' id='word_1_781' title='bbox 1740 2254 1902 2288; x_wconf 83' lang='lat' dir='ltr'>confestim</span> <span class='ocrx_word' id='word_1_782' title='bbox 1935 2253 2148 2286; x_wconf 84' lang='lat' dir='ltr'>confusionem</span> 
     </span>
     <span class='ocr_line' id='line_1_114' title="bbox 1187 2305 2150 2353; baseline -0.007 -10"><span class='ocrx_word' id='word_1_783' title='bbox 1187 2319 1278 2343; x_wconf 87' lang='lat' dir='ltr'>suam</span> <span class='ocrx_word' id='word_1_784' title='bbox 1302 2310 1358 2353; x_wconf 88' lang='lat' dir='ltr'>qui</span> <span class='ocrx_word' id='word_1_785' title='bbox 1382 2310 1491 2343; x_wconf 88' lang='lat' dir='ltr'>dicunt</span> <span class='ocrx_word' id='word_1_786' title='bbox 1514 2310 1610 2343; x_wconf 88' lang='lat' dir='ltr'>mihi:</span> <span class='ocrx_word' id='word_1_787' title='bbox 1636 2309 1738 2351; x_wconf 81' lang='lat' dir='ltr'>Euge,</span> <span class='ocrx_word' id='word_1_788' title='bbox 1759 2316 1838 2350; x_wconf 82' lang='lat' dir='ltr'>euge</span> <span class='ocrx_word' id='word_1_789' title='bbox 1854 2319 1885 2346; x_wconf 78' lang='grc' dir='ltr'>»ς</span> <span class='ocrx_word' id='word_1_790' title='bbox 1911 2306 1985 2349; x_wconf 89' lang='lat' dir='ltr'>quia</span> <span class='ocrx_word' id='word_1_791' title='bbox 2012 2305 2150 2338; x_wconf 86' lang='lat' dir='ltr'>adulatio</span> 
     </span>
     <span class='ocr_line' id='line_1_115' title="bbox 1187 2358 2148 2406; baseline -0.008 -9"><span class='ocrx_word' id='word_1_792' title='bbox 1187 2366 1235 2397; x_wconf 91' lang='lat' dir='ltr'>est</span> <span class='ocrx_word' id='word_1_793' title='bbox 1246 2363 1396 2396; x_wconf 90' lang='lat' dir='ltr'>citissime</span> <span class='ocrx_word' id='word_1_794' title='bbox 1409 2363 1597 2406; x_wconf 87' lang='lat' dir='ltr'>repellenda.</span> <span class='ocrx_word' id='word_1_795' title='bbox 1616 2361 1791 2405; x_wconf 78' lang='lat' dir='ltr'>Aliquando</span> <span class='ocrx_word' id='word_1_796' title='bbox 1804 2364 1851 2394; x_wconf 89' lang='lat' dir='ltr'>est</span> <span class='ocrx_word' id='word_1_797' title='bbox 1868 2358 2148 2396; x_wconf 75' lang='lat' dir='ltr'>adhortatorium,</span> 
     </span>
    </p>
   </div>
   <div class='ocr_carea' id='block_1_24' title="bbox 1188 2574 2150 2660">
    <p class='ocr_par' dir='ltr' id='par_1_34' title="bbox 1188 2574 2150 2660">
     <span class='ocr_line' id='line_1_116' title="bbox 1188 2574 2150 2613; baseline -0.008 -6"><span class='ocrx_word' id='word_1_798' title='bbox 1188 2580 1280 2607; x_wconf 83' lang='lat' dir='ltr'>dicore</span> <span class='ocrx_word' id='word_1_799' title='bbox 1300 2580 1345 2613; x_wconf 86' lang='lat' dir='ltr'>(ita</span> <span class='ocrx_word' id='word_1_800' title='bbox 1366 2580 1444 2606; x_wconf 80' lang='lat' dir='ltr'>etiam</span> <span class='ocrx_word' id='word_1_801' title='bbox 1464 2579 1545 2612; x_wconf 82' lang='lat' dir='ltr'>Beda)</span> <span class='ocrx_word' id='word_1_802' title='bbox 1566 2579 1656 2605; x_wconf 80' lang='lat' dir='ltr'>Glossa</span> <span class='ocrx_word' id='word_1_803' title='bbox 1675 2577 1775 2604; x_wconf 84' lang='lat' dir='ltr'>missus</span> <span class='ocrx_word' id='word_1_804' title='bbox 1803 2579 1840 2603; x_wconf 84' lang='lat' dir='ltr'>est</span> <span class='ocrx_word' id='word_1_805' title='bbox 1866 2574 2034 2610; x_wconf 78' lang='lat' dir='ltr'>praedicere.</span> <span class='ocrx_word' id='word_1_806' title='bbox 2055 2588 2089 2593; x_wconf 97' lang='lat'><strong>—</strong></span> <span class='ocrx_word' id='word_1_807' title='bbox 2109 2575 2150 2599; x_wconf 78' lang='lat' dir='ltr'>Se-</span> 
     </span>
     <span class='ocr_line' id='line_1_117' title="bbox 1188 2624 1493 2660; baseline -0.007 -8"><span class='ocrx_word' id='word_1_808' title='bbox 1188 2626 1279 2660; x_wconf 83' lang='lat' dir='ltr'>quitur</span> <span class='ocrx_word' id='word_1_809' title='bbox 1299 2626 1366 2657; x_wconf 76' lang='lat' dir='ltr'>Epli.</span> <span class='ocrx_word' id='word_1_810' title='bbox 1387 2625 1416 2657; x_wconf 66' lang='lat' dir='ltr'>ti,</span> <span class='ocrx_word' id='word_1_811' title='bbox 1438 2624 1493 2650; x_wconf 81' lang='lat'>3-5.</span> 
     </span>
    </p>
   </div>
   <div class='ocr_carea' id='block_1_25' title="bbox 1261 2664 2150 2703">
    <p class='ocr_par' dir='ltr' id='par_1_35' title="bbox 1261 2664 2150 2703">
     <span class='ocr_line' id='line_1_118' title="bbox 1261 2664 2150 2703; baseline -0.011 -6"><span class='ocrx_word' id='word_1_812' title='bbox 1261 2669 1272 2685; x_wconf 82' lang='lat'>⁹</span> <span class='ocrx_word' id='word_1_813' title='bbox 1292 2671 1396 2696; x_wconf 86' lang='lat' dir='ltr'>Scilicet</span> <span class='ocrx_word' id='word_1_814' title='bbox 1415 2669 1559 2697; x_wconf 81' lang='lat' dir='ltr'>ordinaria</span> <span class='ocrx_word' id='word_1_815' title='bbox 1580 2670 1619 2703; x_wconf 88' lang='lat' dir='ltr'>(ex</span> <span class='ocrx_word' id='word_1_816' title='bbox 1639 2668 1735 2701; x_wconf 84' lang='lat' dir='ltr'>Beda),</span> <span class='ocrx_word' id='word_1_817' title='bbox 1761 2667 1801 2693; x_wconf 89' lang='lat' dir='ltr'>cui</span> <span class='ocrx_word' id='word_1_818' title='bbox 1828 2665 2015 2692; x_wconf 85' lang='lat' dir='ltr'>subnectuntur</span> <span class='ocrx_word' id='word_1_819' title='bbox 2039 2666 2093 2689; x_wconf 68' lang='lat' dir='ltr'>Act.</span> <span class='ocrx_word' id='word_1_820' title='bbox 2121 2664 2150 2693; x_wconf 76' lang='grc' dir='ltr'>ὕ,</span> 
     </span>
    </p>
   </div>
   <div class='ocr_carea' id='block_1_26' title="bbox 1191 2716 2150 2838">
    <p class='ocr_par' dir='ltr' id='par_1_36' title="bbox 1191 2716 2150 2838">
     <span class='ocr_line' id='line_1_119' title="bbox 1191 2716 2150 2792; baseline -0.011 -5"><span class='ocrx_word' id='word_1_821' title='bbox 1191 2716 1232 2744; x_wconf 36' lang='grc' dir='ltr'>Μ.</span> <span class='ocrx_word' id='word_1_822' title='bbox 1252 2719 1284 2774; x_wconf 62' lang='lat'>‘²¹²0</span> <span class='ocrx_word' id='word_1_823' title='bbox 1301 2716 1380 2786; x_wconf 38' lang='lat' dir='ltr'>liti-ers.</span> <span class='ocrx_word' id='word_1_824' title='bbox 1404 2760 1448 2792; x_wconf 84' lang='grc'>19;</span> <span class='ocrx_word' id='word_1_825' title='bbox 1469 2760 1516 2785; x_wconf 82' lang='lat' dir='ltr'>cl&#39;r.</span> <span class='ocrx_word' id='word_1_826' title='bbox 1538 2766 1563 2784; x_wconf 89' lang='lat' dir='ltr'>v.</span> <span class='ocrx_word' id='word_1_827' title='bbox 1584 2759 1625 2783; x_wconf 88' lang='grc'>31.</span> <span class='ocrx_word' id='word_1_828' title='bbox 1639 2771 1674 2776; x_wconf 95' lang='grc'>-</span> <span class='ocrx_word' id='word_1_829' title='bbox 1689 2757 1744 2782; x_wconf 86' lang='lat' dir='ltr'>Duo</span> <span class='ocrx_word' id='word_1_830' title='bbox 1758 2755 1806 2781; x_wconf 83' lang='lat' dir='ltr'>loci</span> <span class='ocrx_word' id='word_1_831' title='bbox 1821 2761 1893 2787; x_wconf 84' lang='lat' dir='ltr'>seqq.</span> <span class='ocrx_word' id='word_1_832' title='bbox 1908 2757 1967 2779; x_wconf 77' lang='lat' dir='ltr'>sunt</span> <span class='ocrx_word' id='word_1_833' title='bbox 1982 2753 2038 2778; x_wconf 81' lang='lat' dir='ltr'>lsai.</span> <span class='ocrx_word' id='word_1_834' title='bbox 2053 2753 2094 2783; x_wconf 76' lang='grc'>26,</span> <span class='ocrx_word' id='word_1_835' title='bbox 2113 2752 2150 2777; x_wconf 74' lang='lat' dir='ltr'>te.</span> 
     </span>
     <span class='ocr_line' id='line_1_120' title="bbox 1191 2796 2150 2838; baseline -0.01 -7"><span class='ocrx_word' id='word_1_836' title='bbox 1191 2805 1249 2838; x_wconf 81' lang='lat' dir='ltr'>(cfr.</span> <span class='ocrx_word' id='word_1_837' title='bbox 1268 2811 1347 2836; x_wconf 80' lang='lat' dir='ltr'>snpra</span> <span class='ocrx_word' id='word_1_838' title='bbox 1368 2811 1431 2836; x_wconf 85' lang='lat' dir='ltr'>pag.</span> <span class='ocrx_word' id='word_1_839' title='bbox 1451 2804 1512 2834; x_wconf 89' lang='grc'>261,</span> <span class='ocrx_word' id='word_1_840' title='bbox 1531 2806 1590 2828; x_wconf 86' lang='lat' dir='ltr'>nota</span> <span class='ocrx_word' id='word_1_841' title='bbox 1613 2802 1664 2833; x_wconf 89' lang='grc'>12.)</span> <span class='ocrx_word' id='word_1_842' title='bbox 1686 2805 1709 2826; x_wconf 83' lang='lat' dir='ltr'>et</span> <span class='ocrx_word' id='word_1_843' title='bbox 1736 2801 1752 2826; x_wconf 91' lang='lat' dir='ltr'>l.</span> <span class='ocrx_word' id='word_1_844' title='bbox 1778 2799 1838 2826; x_wconf 87' lang='lat' dir='ltr'>Cor.</span> <span class='ocrx_word' id='word_1_845' title='bbox 1862 2799 1905 2829; x_wconf 80' lang='grc'>15,</span> <span class='ocrx_word' id='word_1_846' title='bbox 1930 2798 1967 2822; x_wconf 77' lang='lat' dir='ltr'>tt).</span> <span class='ocrx_word' id='word_1_847' title='bbox 1986 2811 2021 2815; x_wconf 96' lang='lat'><strong>—</strong></span> <span class='ocrx_word' id='word_1_848' title='bbox 2041 2796 2150 2821; x_wconf 73' lang='lat' dir='ltr'>inferius</span> 
     </span>
    </p>
   </div>
   <div class='ocr_carea' id='block_1_27' title="bbox 1189 2842 2152 3452">
    <p class='ocr_par' dir='ltr' id='par_1_37' title="bbox 1190 2842 1860 2882">
     <span class='ocr_line' id='line_1_121' title="bbox 1190 2842 1860 2882; baseline -0.012 -6"><span class='ocrx_word' id='word_1_849' title='bbox 1190 2852 1249 2882; x_wconf 88' lang='lat' dir='ltr'>post</span> <span class='ocrx_word' id='word_1_850' title='bbox 1267 2848 1315 2875; x_wconf 84' lang='lat' dir='ltr'>sed</span> <span class='ocrx_word' id='word_1_851' title='bbox 1332 2855 1398 2875; x_wconf 82' lang='lat' dir='ltr'>mna</span> <span class='ocrx_word' id='word_1_852' title='bbox 1417 2848 1438 2873; x_wconf 89' lang='grc' dir='ltr'>Π</span> <span class='ocrx_word' id='word_1_853' title='bbox 1458 2847 1531 2873; x_wconf 84' lang='lat' dir='ltr'>addit</span> <span class='ocrx_word' id='word_1_854' title='bbox 1550 2848 1612 2878; x_wconf 83' lang='lat' dir='ltr'>tua,</span> <span class='ocrx_word' id='word_1_855' title='bbox 1634 2846 1692 2870; x_wconf 77' lang='lat' dir='ltr'>Vat.</span> <span class='ocrx_word' id='word_1_856' title='bbox 1711 2842 1860 2877; x_wconf 64' lang='lat' dir='ltr'>acquisivit.</span> 
     </span>
    </p>

    <p class='ocr_par' dir='ltr' id='par_1_38' title="bbox 1189 2884 2152 3452">
     <span class='ocr_line' id='line_1_122' title="bbox 1262 2884 2152 2923; baseline -0.012 -4"><span class='ocrx_word' id='word_1_857' title='bbox 1262 2892 1282 2907; x_wconf 88' lang='lat'>¹¹</span> <span class='ocrx_word' id='word_1_858' title='bbox 1304 2893 1397 2918; x_wconf 74' lang='lat' dir='ltr'>psalm.</span> <span class='ocrx_word' id='word_1_859' title='bbox 1418 2891 1466 2922; x_wconf 69' lang='lat'>34,</span> <span class='ocrx_word' id='word_1_860' title='bbox 1487 2892 1530 2916; x_wconf 93' lang='grc'>21.</span> <span class='ocrx_word' id='word_1_861' title='bbox 1544 2891 1603 2923; x_wconf 84' lang='lat' dir='ltr'>(pro</span> <span class='ocrx_word' id='word_1_862' title='bbox 1622 2888 1696 2916; x_wconf 79' lang='lat' dir='ltr'>oculi</span> <span class='ocrx_word' id='word_1_863' title='bbox 1713 2887 1801 2914; x_wconf 79' lang='lat' dir='ltr'>nostri</span> <span class='ocrx_word' id='word_1_864' title='bbox 1818 2888 1836 2912; x_wconf 68' lang='lat' dir='ltr'>A</span> <span class='ocrx_word' id='word_1_865' title='bbox 1849 2886 1957 2911; x_wconf 85' lang='lat' dir='ltr'>CDFli</span> <span class='ocrx_word' id='word_1_866' title='bbox 1977 2884 2085 2911; x_wconf 77' lang='lat' dir='ltr'>animae</span> <span class='ocrx_word' id='word_1_867' title='bbox 2106 2891 2152 2910; x_wconf 79' lang='lat' dir='ltr'>uo-</span> 
     </span>
     <span class='ocr_line' id='line_1_123' title="bbox 1962 2929 2150 2954; baseline -0.005 0"><span class='ocrx_word' id='word_1_868' title='bbox 1962 2930 2009 2954; x_wconf 73' lang='lat' dir='ltr'>Yel</span> <span class='ocrx_word' id='word_1_869' title='bbox 2030 2929 2150 2954; x_wconf 78' lang='lat' dir='ltr'>dixerunt</span> 
     </span>
     <span class='ocr_line' id='line_1_124' title="bbox 1189 2972 2151 3014; baseline -0.012 -6"><span class='ocrx_word' id='word_1_870' title='bbox 1189 2981 1338 3008; x_wconf 79' lang='lat' dir='ltr'>insultando</span> <span class='ocrx_word' id='word_1_871' title='bbox 1357 2987 1432 3014; x_wconf 73' lang='lat' dir='ltr'>euqe,</span> <span class='ocrx_word' id='word_1_872' title='bbox 1446 2986 1521 3013; x_wconf 73' lang='lat' dir='ltr'>euqe.</span> <span class='ocrx_word' id='word_1_873' title='bbox 1536 2979 1590 3004; x_wconf 81' lang='lat' dir='ltr'>Vox</span> <span class='ocrx_word' id='word_1_874' title='bbox 1610 2977 1725 3003; x_wconf 83' lang='lat' dir='ltr'>irrisoria</span> <span class='ocrx_word' id='word_1_875' title='bbox 1745 2979 1783 3001; x_wconf 82' lang='lat' dir='ltr'>est</span> <span class='ocrx_word' id='word_1_876' title='bbox 1802 2979 1827 3001; x_wconf 86' lang='lat' dir='ltr'>et</span> <span class='ocrx_word' id='word_1_877' title='bbox 1847 2973 2024 3004; x_wconf 73' lang='lat' dir='ltr'>insultatoria3</span> <span class='ocrx_word' id='word_1_878' title='bbox 2045 2973 2095 2997; x_wconf 79' lang='lat' dir='ltr'>iani</span> <span class='ocrx_word' id='word_1_879' title='bbox 2117 2972 2151 2998; x_wconf 77' lang='lat' dir='ltr'>ri-</span> 
     </span>
     <span class='ocr_line' id='line_1_125' title="bbox 1190 3016 2150 3053; baseline -0.013 0"><span class='ocrx_word' id='word_1_880' title='bbox 1190 3026 1288 3053; x_wconf 72' lang='lat' dir='ltr'>det-unt</span> <span class='ocrx_word' id='word_1_881' title='bbox 1308 3024 1381 3051; x_wconf 79' lang='lat' dir='ltr'>oculi</span> <span class='ocrx_word' id='word_1_882' title='bbox 1400 3023 1490 3050; x_wconf 80' lang='lat' dir='ltr'>nostri</span> <span class='ocrx_word' id='word_1_883' title='bbox 1508 3025 1571 3049; x_wconf 77' lang='lat' dir='ltr'>tactu</span> <span class='ocrx_word' id='word_1_884' title='bbox 1592 3026 1633 3048; x_wconf 81' lang='lat' dir='ltr'>tua</span> <span class='ocrx_word' id='word_1_885' title='bbox 1654 3025 1679 3047; x_wconf 88' lang='lat' dir='ltr'>et</span> <span class='ocrx_word' id='word_1_886' title='bbox 1698 3020 1826 3046; x_wconf 83' lang='lat' dir='ltr'>mirabilia</span> <span class='ocrx_word' id='word_1_887' title='bbox 1847 3023 1898 3045; x_wconf 81' lang='lat' dir='ltr'>tua.</span> <span class='ocrx_word' id='word_1_888' title='bbox 1914 3018 1959 3044; x_wconf 90' lang='lat' dir='ltr'>liic</span> <span class='ocrx_word' id='word_1_889' title='bbox 1973 3016 2150 3047; x_wconf 73' lang='lat' dir='ltr'>estem-istus,</span> 
     </span>
     <span class='ocr_line' id='line_1_126' title="bbox 1190 3062 2151 3102; baseline -0.01 -6"><span class='ocrx_word' id='word_1_890' title='bbox 1190 3073 1216 3097; x_wconf 91' lang='lat' dir='ltr'>et</span> <span class='ocrx_word' id='word_1_891' title='bbox 1234 3070 1255 3096; x_wconf 90' lang='lat' dir='ltr'>sl</span> <span class='ocrx_word' id='word_1_892' title='bbox 1275 3070 1332 3102; x_wconf 89' lang='lat' dir='ltr'>ipse</span> <span class='ocrx_word' id='word_1_893' title='bbox 1350 3071 1389 3094; x_wconf 88' lang='lat' dir='ltr'>est</span> <span class='ocrx_word' id='word_1_894' title='bbox 1407 3066 1525 3094; x_wconf 82' lang='lat' dir='ltr'>Christus</span> <span class='ocrx_word' id='word_1_895' title='bbox 1545 3073 1596 3093; x_wconf 70' lang='lat' dir='ltr'>reat</span> <span class='ocrx_word' id='word_1_896' title='bbox 1616 3065 1714 3097; x_wconf 80' lang='lat' dir='ltr'>Israel,</span> <span class='ocrx_word' id='word_1_897' title='bbox 1736 3063 1877 3091; x_wconf 78' lang='lat' dir='ltr'>descendat</span> <span class='ocrx_word' id='word_1_898' title='bbox 1895 3062 1926 3088; x_wconf 84' lang='lat' dir='ltr'>de</span> <span class='ocrx_word' id='word_1_899' title='bbox 1945 3068 2040 3093; x_wconf 76' lang='lat' dir='ltr'>cruce,</span> <span class='ocrx_word' id='word_1_900' title='bbox 2060 3063 2083 3087; x_wconf 85' lang='lat' dir='ltr'>et</span> <span class='ocrx_word' id='word_1_901' title='bbox 2097 3068 2151 3087; x_wconf 79' lang='lat' dir='ltr'>cre-</span> 
     </span>
     <span class='ocr_line' id='line_1_127' title="bbox 1190 3106 2150 3147; baseline -0.011 -6"><span class='ocrx_word' id='word_1_902' title='bbox 1190 3114 1279 3141; x_wconf 83' lang='lat' dir='ltr'>dimus</span> <span class='ocrx_word' id='word_1_903' title='bbox 1298 3112 1324 3140; x_wconf 84' lang='lat' dir='ltr'>ei</span> <span class='ocrx_word' id='word_1_904' title='bbox 1342 3112 1440 3147; x_wconf 83' lang='lat' dir='ltr'>[Matth.</span> <span class='ocrx_word' id='word_1_905' title='bbox 1460 3111 1508 3142; x_wconf 87' lang='grc'>27,</span> <span class='ocrx_word' id='word_1_906' title='bbox 1530 3109 1591 3144; x_wconf 66' lang='grc'>42].</span> <span class='ocrx_word' id='word_1_907' title='bbox 1612 3124 1645 3128; x_wconf 95' lang='grc'><strong>-</strong></span> <span class='ocrx_word' id='word_1_908' title='bbox 1665 3110 1722 3135; x_wconf 88' lang='lat' dir='ltr'>Duo</span> <span class='ocrx_word' id='word_1_909' title='bbox 1748 3115 1822 3141; x_wconf 86' lang='lat' dir='ltr'>seqq.</span> <span class='ocrx_word' id='word_1_910' title='bbox 1848 3107 1895 3133; x_wconf 86' lang='lat' dir='ltr'>loci</span> <span class='ocrx_word' id='word_1_911' title='bbox 1916 3110 1976 3132; x_wconf 79' lang='lat' dir='ltr'>sunt</span> <span class='ocrx_word' id='word_1_912' title='bbox 1997 3107 2035 3131; x_wconf 56' lang='grc' dir='ltr'>ΡΞ.</span> <span class='ocrx_word' id='word_1_913' title='bbox 2056 3106 2104 3136; x_wconf 85' lang='grc'>69,</span> <span class='ocrx_word' id='word_1_914' title='bbox 2127 3106 2150 3131; x_wconf 69' lang='lat' dir='ltr'>k.</span> 
     </span>
     <span class='ocr_line' id='line_1_128' title="bbox 1189 3151 2150 3189; baseline -0.01 -5"><span class='ocrx_word' id='word_1_915' title='bbox 1189 3162 1215 3185; x_wconf 90' lang='lat' dir='ltr'>et</span> <span class='ocrx_word' id='word_1_916' title='bbox 1235 3159 1281 3189; x_wconf 80' lang='grc'>39,</span> <span class='ocrx_word' id='word_1_917' title='bbox 1303 3157 1346 3183; x_wconf 88' lang='grc'>16.</span> <span class='ocrx_word' id='word_1_918' title='bbox 1364 3157 1390 3182; x_wconf 88' lang='grc'>10</span> <span class='ocrx_word' id='word_1_919' title='bbox 1410 3156 1526 3188; x_wconf 89' lang='lat' dir='ltr'>priorem</span> <span class='ocrx_word' id='word_1_920' title='bbox 1547 3155 1595 3180; x_wconf 88' lang='lat' dir='ltr'>loc.</span> <span class='ocrx_word' id='word_1_921' title='bbox 1615 3154 1650 3179; x_wconf 81' lang='lat' dir='ltr'>nit</span> <span class='ocrx_word' id='word_1_922' title='bbox 1668 3153 1734 3178; x_wconf 75' lang='lat' dir='ltr'>Petr.</span> <span class='ocrx_word' id='word_1_923' title='bbox 1764 3151 1904 3177; x_wconf 75' lang='lat' dir='ltr'>Lombnrd.</span> <span class='ocrx_word' id='word_1_924' title='bbox 1935 3151 1975 3183; x_wconf 87' lang='lat' dir='ltr'>(ex</span> <span class='ocrx_word' id='word_1_925' title='bbox 1995 3151 2104 3181; x_wconf 77' lang='lat' dir='ltr'>August.</span> <span class='ocrx_word' id='word_1_926' title='bbox 2126 3154 2150 3175; x_wconf 82' lang='lat' dir='ltr'>ct</span> 
     </span>
     <span class='ocr_line' id='line_1_129' title="bbox 1190 3193 2149 3234; baseline -0.011 -6"><span class='ocrx_word' id='word_1_927' title='bbox 1190 3201 1367 3234; x_wconf 74' lang='lat' dir='ltr'>Cassiodor.):</span> <span class='ocrx_word' id='word_1_928' title='bbox 1389 3209 1402 3223; x_wconf 69' lang='grc' dir='ltr'><strong>α</strong></span> <span class='ocrx_word' id='word_1_929' title='bbox 1416 3199 1505 3232; x_wconf 74' lang='lat' dir='ltr'>Euqe,</span> <span class='ocrx_word' id='word_1_930' title='bbox 1518 3205 1598 3231; x_wconf 63' lang='grc' dir='ltr'>θυαε,</span> <span class='ocrx_word' id='word_1_931' title='bbox 1619 3196 1744 3227; x_wconf 85' lang='lat' dir='ltr'>irrisorie,</span> <span class='ocrx_word' id='word_1_932' title='bbox 1764 3195 1805 3221; x_wconf 83' lang='lat' dir='ltr'>vel</span> <span class='ocrx_word' id='word_1_933' title='bbox 1824 3193 1977 3220; x_wconf 79' lang='lat' dir='ltr'>adulatorie.</span> <span class='ocrx_word' id='word_1_934' title='bbox 1997 3194 2054 3219; x_wconf 91' lang='lat' dir='ltr'>Duo</span> <span class='ocrx_word' id='word_1_935' title='bbox 2080 3193 2149 3218; x_wconf 86' lang='lat' dir='ltr'>enirn</span> 
     </span>
     <span class='ocr_line' id='line_1_130' title="bbox 1190 3236 2152 3278; baseline -0.01 -6"><span class='ocrx_word' id='word_1_936' title='bbox 1190 3249 1250 3272; x_wconf 87' lang='lat' dir='ltr'>sunt</span> <span class='ocrx_word' id='word_1_937' title='bbox 1268 3251 1364 3278; x_wconf 82' lang='lat' dir='ltr'>genera</span> <span class='ocrx_word' id='word_1_938' title='bbox 1385 3242 1617 3276; x_wconf 82' lang='lat' dir='ltr'>persequentium:</span> <span class='ocrx_word' id='word_1_939' title='bbox 1635 3239 1839 3272; x_wconf 78' lang='lat' dir='ltr'>vituperantium</span> <span class='ocrx_word' id='word_1_940' title='bbox 1854 3242 1879 3264; x_wconf 89' lang='lat' dir='ltr'>et</span> <span class='ocrx_word' id='word_1_941' title='bbox 1891 3238 2061 3264; x_wconf 78' lang='lat' dir='ltr'>adulantium.</span> <span class='ocrx_word' id='word_1_942' title='bbox 2076 3236 2152 3264; x_wconf 59' lang='lat' dir='ltr'>Sit-ut</span> 
     </span>
     <span class='ocr_line' id='line_1_131' title="bbox 1189 3280 2147 3321; baseline -0.013 -5"><span class='ocrx_word' id='word_1_943' title='bbox 1189 3289 1260 3316; x_wconf 76' lang='lat' dir='ltr'>enim</span> <span class='ocrx_word' id='word_1_944' title='bbox 1287 3287 1349 3321; x_wconf 70' lang='lat' dir='ltr'>ione</span> <span class='ocrx_word' id='word_1_945' title='bbox 1377 3293 1482 3313; x_wconf 74' lang='lat' dir='ltr'>aarum</span> <span class='ocrx_word' id='word_1_946' title='bbox 1506 3283 1657 3319; x_wconf 72' lang='lat' dir='ltr'>probatur,</span> <span class='ocrx_word' id='word_1_947' title='bbox 1687 3283 1724 3309; x_wconf 83' lang='lat' dir='ltr'>ita</span> <span class='ocrx_word' id='word_1_948' title='bbox 1752 3282 1794 3309; x_wconf 72' lang='lat' dir='ltr'>tir</span> <span class='ocrx_word' id='word_1_949' title='bbox 1824 3281 1918 3315; x_wconf 73' lang='lat' dir='ltr'>linqua</span> <span class='ocrx_word' id='word_1_950' title='bbox 1946 3280 2147 3308; x_wconf 74' lang='lat' dir='ltr'>adulantium»</span> 
     </span>
     <span class='ocr_line' id='line_1_132' title="bbox 1190 3325 2149 3368; baseline -0.009 -9"><span class='ocrx_word' id='word_1_951' title='bbox 1190 3332 1278 3368; x_wconf 77' lang='lat' dir='ltr'>[prov.</span> <span class='ocrx_word' id='word_1_952' title='bbox 1296 3332 1345 3363; x_wconf 89' lang='grc'>27,</span> <span class='ocrx_word' id='word_1_953' title='bbox 1365 3330 1430 3365; x_wconf 74' lang='lat' dir='ltr'>2t.}</span> <span class='ocrx_word' id='word_1_954' title='bbox 1441 3333 1489 3356; x_wconf 87' lang='lat' dir='ltr'>etc.</span> <span class='ocrx_word' id='word_1_955' title='bbox 1510 3329 1580 3356; x_wconf 87' lang='lat' dir='ltr'>idem</span> <span class='ocrx_word' id='word_1_956' title='bbox 1610 3328 1635 3354; x_wconf 90' lang='lat' dir='ltr'>in</span> <span class='ocrx_word' id='word_1_957' title='bbox 1664 3327 1835 3360; x_wconf 83' lang='lat' dir='ltr'>posteriorem</span> <span class='ocrx_word' id='word_1_958' title='bbox 1866 3327 1915 3352; x_wconf 87' lang='lat' dir='ltr'>loc.</span> <span class='ocrx_word' id='word_1_959' title='bbox 1944 3326 1985 3359; x_wconf 83' lang='lat' dir='ltr'>(ex</span> <span class='ocrx_word' id='word_1_960' title='bbox 2009 3325 2149 3357; x_wconf 79' lang='lat' dir='ltr'>August.):</span> 
     </span>
     <span class='ocr_line' id='line_1_133' title="bbox 1191 3369 2150 3409; baseline -0.009 -6"><span class='ocrx_word' id='word_1_961' title='bbox 1191 3376 1245 3409; x_wconf 74' lang='lat' dir='ltr'>Qut</span> <span class='ocrx_word' id='word_1_962' title='bbox 1262 3375 1354 3403; x_wconf 71' lang='lat' dir='ltr'>dicunt</span> <span class='ocrx_word' id='word_1_963' title='bbox 1373 3373 1453 3406; x_wconf 73' lang='lat' dir='ltr'>mihi,</span> <span class='ocrx_word' id='word_1_964' title='bbox 1474 3372 1632 3403; x_wconf 79' lang='lat' dir='ltr'>adulatorie,</span> <span class='ocrx_word' id='word_1_965' title='bbox 1651 3378 1731 3406; x_wconf 74' lang='lat' dir='ltr'>euye,</span> <span class='ocrx_word' id='word_1_966' title='bbox 1753 3377 1834 3405; x_wconf 72' lang='lat' dir='ltr'>euqe,</span> <span class='ocrx_word' id='word_1_967' title='bbox 1856 3370 1882 3396; x_wconf 90' lang='lat' dir='ltr'>id</span> <span class='ocrx_word' id='word_1_968' title='bbox 1902 3373 1955 3403; x_wconf 81' lang='lat' dir='ltr'>est,</span> <span class='ocrx_word' id='word_1_969' title='bbox 1981 3369 2025 3403; x_wconf 83' lang='lat' dir='ltr'>qui</span> <span class='ocrx_word' id='word_1_970' title='bbox 2045 3369 2150 3402; x_wconf 81' lang='lat' dir='ltr'>applau-</span> 
     </span>
     <span class='ocr_line' id='line_1_134' title="bbox 1189 3416 1635 3452; baseline -0.011 -5"><span class='ocrx_word' id='word_1_971' title='bbox 1189 3421 1254 3447; x_wconf 92' lang='lat' dir='ltr'>dunt</span> <span class='ocrx_word' id='word_1_972' title='bbox 1274 3419 1336 3446; x_wconf 88' lang='lat' dir='ltr'>mihi</span> <span class='ocrx_word' id='word_1_973' title='bbox 1356 3418 1430 3452; x_wconf 83' lang='lat' dir='ltr'>quusi</span> <span class='ocrx_word' id='word_1_974' title='bbox 1449 3417 1520 3443; x_wconf 85' lang='lat' dir='ltr'>bono</span> <span class='ocrx_word' id='word_1_975' title='bbox 1539 3416 1635 3443; x_wconf 83' lang='lat' dir='ltr'>animo.</span> 
     </span>
    </p>
   </div>
   <div class='ocr_carea' id='block_1_28' title="bbox 2010 3468 2038 3492">
    <p class='ocr_par' dir='ltr' id='par_1_39' title="bbox 2010 3468 2038 3492">
     <span class='ocr_line' id='line_1_135' title="bbox 2010 3468 2038 3492; baseline 0 0"><span class='ocrx_word' id='word_1_976' title='bbox 2010 3468 2038 3492; x_wconf 87' lang='grc'>61</span> 
     </span>
    </p>
   </div>
   <div class='ocr_carea' id='block_1_29' title="bbox 2169 1514 2252 1541">
    <p class='ocr_par' dir='ltr' id='par_1_40' title="bbox 2169 1514 2252 1541">
     <span class='ocr_line' id='line_1_136' title="bbox 2169 1514 2252 1541; baseline -0.012 -6"><span class='ocrx_word' id='word_1_977' title='bbox 2169 1514 2252 1541; x_wconf 75' lang='lat' dir='ltr'>Figura.</span> 
     </span>
    </p>
   </div>
   <div class='ocr_carea' id='block_1_30' title="bbox 2172 1621 2300 1643">
    <p class='ocr_par' dir='ltr' id='par_1_41' title="bbox 2172 1621 2300 1643">
     <span class='ocr_line' id='line_1_137' title="bbox 2172 1621 2300 1643; baseline 0.008 -1"><span class='ocrx_word' id='word_1_978' title='bbox 2172 1621 2300 1643; x_wconf 62' lang='lat' dir='ltr'>Notandum.</span> 
     </span>
    </p>
   </div>
   <div class='ocr_carea' id='block_1_31' title="bbox 2173 1888 2301 1910">
    <p class='ocr_par' dir='ltr' id='par_1_42' title="bbox 2173 1888 2301 1910">
     <span class='ocr_line' id='line_1_138' title="bbox 2173 1888 2301 1910; baseline 0 -1"><span class='ocrx_word' id='word_1_979' title='bbox 2173 1888 2301 1910; x_wconf 87' lang='lat' dir='ltr'>Secundum.</span> 
     </span>
    </p>
   </div>
  </div>
 </body>
</html>
