2476 3921
195 515 265 536 Ratio.

135 1678 271 1708 Profunditas

153 1707 256 1731 mysterii.

144 1994 230 2021 Triplex
245 1995 276 2015 di-

134 2022 203 2047 gnitas
217 2021 277 2042 Chri-

136 2049 164 2068 sti
173 2050 194 2068 et
209 2048 278 2074 perse·

136 2075 187 2095 ctio.

288 260 352 291 468

287 350 543 380 resurrecturum
556 355 618 378 non
631 346 855 379 dubitarent».
873 344 1025 377 praedicit
1041 347 1146 377 autem
1164 345 1245 376 11300

286 401 424 433 suturam
450 400 481 432 in
506 400 684 432 Ierusalem.
709 399 803 437 Nam,
828 399 910 431 sicut
933 407 1030 439 supra
1045 397 1165 430 decimo
1182 401 1245 429 ter-

287 454 330 485 tio
345 455 355 472 ¹
371 453 490 485 dictum
508 456 573 491 est,
602 465 617 480 α
634 461 695 484 000
714 452 810 493 capit,
829 452 1015 493 Prophetam
1032 450 1137 492 perIre
1152 452 1246 482 extra

287 506 453 539 Ierusalem
472 519 501 537 ».
527 505 614 537 Ratio
637 508 741 537 3111010
767 505 863 537 huius
886 507 951 542 est,
968 503 1041 545 quia
1059 503 1245 543 lerosolyma

286 564 353 592 erat
377 560 482 597 100115,
507 559 538 590 10
559 568 623 600 quo
640 561 708 590 erat
723 557 812 590 sedes
828 557 941 599 requi,
957 556 1154 594 sacerdotii,
1173 565 1244 592 ma,-

285 612 416 655 9ister2'i
439 616 470 645 et
493 603 635 649 iudici&
659 614 690 644 et
714 610 782 644 ideo
805 610 846 643 ibi
871 610 1004 642 debebat
1028 609 1091 651 pati
1115 609 1167 641 ille
1188 608 1242 650 qui

286 668 334 698 est
357 675 416 697 rex
440 668 471 697 et
494 664 669 702 sacerdos,
694 663 853 705 mayister
877 666 908 695 et
932 662 1051 700 iudex,
1078 665 1112 694 ut
1136 661 1181 693 sic
1202 669 1243 693 ex

289 718 456 751 Ierusalem
473 718 576 750 exiret
600 720 631 749 et
654 717 805 758 inciperet
822 715 937 748 Christi
955 724 1114 757 reyuum,
1132 723 1243 746 secun-

288 772 363 805 dum
396 771 473 804 illud
506 770 615 803 Psalmi
631 771 664 802 2:
695 783 710 798 «
727 770 852 811 Virgam
877 769 1004 801 virtutis
1028 772 1100 800 tuae
1124 767 1244 799 emittet

292 825 442 857 Dominus
465 832 504 856 ex
530 823 601 855 Sion
618 836 633 851 »
656 826 732 861 etc.;
750 822 853 854 exiret
868 821 962 854 satus
979 830 1035 853 seu
1052 819 1243 857 remedium;

290 878 382 910 Isaiae
407 876 602 918 sexagesimo
625 875 809 908 secundo-‘N
840 875 1000 916 «Propter
1025 874 1095 905 Sion
1120 882 1181 905 non
1198 876 1244 904 ta-

289 931 365 964 cebo
389 934 420 963 et
440 933 569 972 propter
587 929 753 961 Ierusalem
772 938 833 960 non
850 928 1026 970 quiescam,
1042 927 1140 959 donec
1156 935 1245 968 egre-

288 984 393 1016 diatur
418 986 453 1015 ut
477 982 624 1024 splendor
648 982 751 1014 iustus
774 982 842 1014 eins
858 993 889 1019 »;
914 981 1017 1013 exiret
1038 980 1131 1012 etiam
1149 979 1198 1011 lea:
1214 983 1245 1011 et

289 1036 477 1073 iuctz'cz'um;
501 1036 595 1068 Isaiae
619 1034 776 1067 secundo:
804 1047 818 1062 a
836 1034 961 1072 Venite,
986 1037 1016 1065 et
1040 1032 1245 1066 ascendamus

288 1090 327 1122 ad
350 1092 487 1121 montem
512 1088 634 1120 Domini
649 1100 679 1125 »;
705 1091 736 1120 et
759 1090 848 1128 post:
879 1100 894 1114 «
911 1086 991 1127 Quia
1014 1086 1052 1118 de
1075 1086 1146 1117 Sion
1176 1085 1245 1117 exi-

289 1142 333 1174 bit
358 1142 427 1180 leX‚
452 1145 483 1174 et
507 1141 638 1173 verbum
671 1140 793 1173 Domini
818 1140 856 1172 de
881 1139 1047 1171 Ierusalem
1065 1151 1095 1169 n.
1120 1138 1189 1170 Ideo
1213 1138 1245 1169 10

292 1194 526 1237 lerosolymam
544 1194 692 1225 aseendit
707 1193 851 1225 Christus
862 1218 869 1231 ,
886 1196 937 1230 ut,
954 1192 985 1224 in
1002 1200 1097 1223 cruce
1114 1191 1244 1232 patiens,

242 1273 245 1275 .
289 1258 430 1291 reguum
462 1247 606 1285 virtutis,
630 1246 852 1278 sacerdotium
884 1245 1056 1277 sanctitatis
1087 1248 1118 1276 01
1146 1244 1245 1286 109010

289 1301 395 1333 iudicii
427 1304 458 1332 et
489 1300 630 1332 veritatis
653 1299 798 1341 gentibus
821 1299 918 1330 daret.
946 1298 1075 1339 Propter
1099 1297 1184 1339 quod
1215 1299 1246 1329 et

290 1354 357 1395 ipsa
381 1353 549 1385 Ierusalem
567 1357 676 1394 typum
699 1352 781 1393 gerit
806 1351 985 1389 Ecclesiae,
1011 1351 1145 1382 animae
1167 1359 1246 1381 san-

292 1410 362 1438 ctae
385 1409 416 1438 et
440 1404 620 1437 Jerusalem
643 1414 816 1446 supernae.
850 1404 935 1436 Unde
967 1403 1061 1435 Isaiae
1085 1403 1245 1444 quarto4:

297 1459 454 1498 «Omnis,
478 1459 531 1500 qui
554 1458 685 1490 relictus
708 1458 804 1490 fuerit
828 1458 857 1489 in
883 1457 953 1489 Sion
986 1460 1017 1489 et
1040 1455 1188 1488 residuus
1215 1455 1245 1487 in

292 1512 474 1550 Ierusalem,
492 1515 619 1544 sanctus
635 1511 765 1543 Domino
782 1510 954 1549 vocabitur,
971 1509 1082 1547 omnis,
1099 1509 1154 1551 qui
1170 1509 1248 1541 scri-

293 1569 365 1607 ptus
388 1565 483 1597 fuerit
507 1565 538 1596 in
563 1564 623 1596 vita
649 1564 679 1596 10
706 1564 919 1596 Ierusalem».

385 1618 436 1649 54.
462 1617 603 1649 Secundo
627 1620 779 1658 quantum
811 1615 848 1647 ad
876 1614 1143 1657 profunditatem
1177 1624 1244 1657 my-

290 1671 385 1703 sterii
407 1670 576 1703 subditur:
603 1671 641 1702 Et
664 1668 988 1702 consummabuntur
1004 1668 1137 1706 omnia,
1162 1677 1247 1711 quae

289 1724 417 1766 scripta
448 1727 525 1755 suut
553 1733 614 1765 per
641 1722 821 1765 Prophetas
845 1723 883 1754 de
908 1722 993 1754 Filio
1018 1721 1185 1759 lzomiuis;
1216 1721 1248 1753 in

291 1787 355 1820 quo
376 1780 509 1818 apparet
532 1777 612 1808 mira
636 1776 832 1818 profunditas
857 1775 995 1817 mysterii
1019 1775 1171 1817 passionis
1194 1774 1249 1806 do-

291 1830 440 1868 minicae,
466 1838 523 1871 pro
547 1838 583 1861 eo
607 1829 690 1871 quod
715 1829 745 1860 10
764 1829 830 1870 ipsa
846 1832 893 1861 est
909 1827 1136 1861 consummatio
1154 1827 1250 1859 totius

292 1882 489 1915 revelationis
513 1881 722 1923 propheticae.
741 1881 855 1913 Omnes
872 1880 954 1913 enim
973 1881 1146 1921 Prophetae
1162 1879 1249 1921 prin-

256 1963 259 1966 .
292 1935 421 1977 cipalem
434 1939 595 1976 aspectum
610 1934 791 1966 habuerunt
806 1934 844 1966 ad
862 1933 1147 1975 praenuntiandum
1159 1933 1250 1965 Chri-

292 1992 375 2021 stum
407 1988 579 2020 secundum
617 1987 772 2028 triplicem
803 1986 1016 2028 dignitatem,
1050 1986 1168 2018 scilicet
1199 1995 1249 2017 re-

291 2041 368 2083 qui,
392 2040 579 2082 anaqisterz'i
602 2043 632 2072 et
655 2039 856 2076 sacerdotii,·
880 2042 911 2071 et
942 2039 1116 2071 secundum
1141 2039 1250 2080 ›tripli-

293 2102 361 2126 cem
383 2091 634 2134 perfectionem,
660 2092 794 2123 virtutis
817 2091 951 2129 scilicet,
976 2091 1127 2123 veritatis
1143 2094 1174 2123 et
1198 2090 1251 2123 bo-

294 2146 427 2183 nitatis,
461 2145 635 2177 secundum
670 2144 753 2186 quod
785 2144 900 2177 dicitur
931 2144 969 2176 de
1000 2144 1125 2176 Christo
1157 2144 1251 2176 Isaiae

294 2199 453 2241 trigesimo
470 2198 561 2231 tertio
574 2198 604 2230 ⁵:
627 2211 642 2226 «
656 2198 806 2230 Dominus
822 2206 881 2230 rex
897 2200 1021 2236 noster,
1039 2197 1192 2230 Dominus
1208 2197 1251 2230 le-

856 256 1048 288 COMMENT.
1074 256 1110 289 IN
1134 255 1372 288 EVANGELIUM
1397 253 1513 286 LUCAE
1538 252 1569 285 C.
1596 252 1695 285 XVIII.

1309 341 1502 384 Prophetae.
1520 341 1742 373 consummata
1758 348 1897 382 namque
1913 342 1987 372 sunt
2001 343 2181 382 praecepta
2196 349 2269 382 pro·
2287 348 2412 389 rfaecema.

1308 398 1378 436 pter
1401 394 1531 426 nimiam
1556 393 1717 425 caritatem
1729 418 1736 430 ,
1761 392 1835 433 quia
1861 404 1877 420 α
1894 392 1965 424 finis
1982 392 2138 434 praecepti
2156 395 2204 425 est
2219 400 2270 425 ca-

1308 448 1385 480 ritas
1401 461 1432 486 »,
1457 447 1578 489 primae
1602 446 1641 478 ad
1665 446 1866 478 Timotheum
1895 445 2042 486 primo⁶,
2073 445 2112 478 de
2143 453 2208 487 qua
2237 446 2270 478 in

1308 501 1449 534 Psalmo:
1479 513 1495 528 «
1512 499 1622 532 010015
1645 495 1926 531 consummationis
1950 498 2011 530 vidi
2033 498 2147 537 tinem,
2171 498 2271 531 latum

1307 554 1490 586 mandatum
1516 556 1607 585 tuum
1632 552 1726 584 nimis
1743 565 1772 583 υ.
1797 552 2021 584 consummata
2044 555 2119 584 sunt
2141 551 2271 584 iudicia
2289 559 2377 580 iudicia.

1308 611 1439 649 propter
1471 606 1599 638 nimiam
1631 605 1848 643 severitatem,
1880 613 1977 647 quam
2010 604 2123 637 habuit
2145 604 2183 637 ad
2215 613 2270 643 se;

1307 660 1401 692 Isaiae
1424 660 1545 692 decimo
1559 659 1592 691 ⁷:
1616 650 1631 687 ¹«
1648 658 1881 691 Consummatio
1901 657 2084 690 abbreviata
2106 657 2273 690 inundabit

1307 713 1458 746 iustitiam
1475 725 1506 751 »;
1538 715 1570 744 et
1599 712 1715 745 iterum
1746 711 1897 753 vigesimo
1925 713 2056 743 octavo:
2086 723 2102 739 (ι
2119 711 2272 744 Consum—

1308 767 1476 799 mationem
1500 769 1532 799 et
1555 765 1822 798 abbreviationem
1846 763 1950 797 audivi
1977 773 1995 796 a
2018 763 2150 796 Domino
2167 777 2182 793 :n
2210 766 2270 796 etc.

1308 820 1530 852 Consummata
1560 818 1747 862 mysteria,·
1770 817 1970 859 Apocalypsis
1993 816 2161 850 decimo⁸:
2191 829 2207 845 «
2238 817 2272 849 In

1307 872 1419 905 diebus
1435 871 1519 904 vocis
1535 871 1657 912 septimi
1673 870 1777 912 Angeli
1797 869 2069 902 consummabitur
2085 869 2272 911 mysterium

1308 925 1382 963 Dei,
1406 925 1488 957 sicut
1511 923 1736 966 evangelizavit
1760 932 1816 965 per
1833 931 1942 956 servos
1958 931 2033 955 suos
2049 922 2223 964 Prophetas
2239 935 2270 954 1».

1308 978 1532 1010 Consummata
1555 976 1728 1018 exempta,·
1744 976 1781 1008 ad
1805 976 1959 1008 Hebraeos
1976 975 2158 1008 secundo⁹z
2181 988 2196 1004 α
2213 975 2271 1008 De-

1309 1030 1399 1063 cebat
1415 1039 1502 1068 eum,
1528 1033 1657 1071 propter
1674 1038 1768 1071 quem
1785 1028 1889 1061 omnia
1912 1031 1943 1061 et
1960 1037 2016 1070 per
2040 1037 2134 1070 quem
2151 1028 2271 1067 omnia,

1308 1083 1363 1125 qui
1388 1083 1504 1115 multos
1527 1082 1607 1114 filios
1630 1082 1808 1121 adduxerat
1824 1082 1856 1114 in
1872 1081 2019 1123 gloriam,
2044 1084 2205 1113 auctorem
2223 1089 2273 1113 sa-

1309 1136 1384 1168 lutis
1407 1145 1519 1168 eorum
1540 1144 1597 1177 per
1620 1135 1796 1177 passionem
1825 1143 2046 1167 consummare
2062 1147 2078 1163 »
2106 1137 2164 1166 010.
2193 1133 2273 1166 Con-

1310 1192 1466 1222 summata
1478 1191 1552 1221 sunt
1563 1187 1754 1230 saerificia;
1772 1188 1855 1221 unde
1872 1187 1911 1220 ad
1926 1187 2082 1220 Hebraeos
2098 1186 2219 1219 decimo
2230 1187 2271 1219 ¹⁰:

1316 1257 1331 1272 α
1350 1243 1416 1276 Una
1446 1242 1603 1275 oblatione
1630 1241 1860 1275 consummavit
1886 1241 1918 1273 in
1950 1240 2179 1282 sempiternum
2202 1248 2274 1272 530-

1311 1296 1462 1329 ctificatos
1474 1308 1504 1334 »;
1522 1295 1591 1328 ideo
1611 1294 1740 1328 secundi
1757 1294 2018 1328 Machabaeorum
2035 1293 2152 1335 primo:
2170 1305 2186 1321 α
2199 1292 2274 1325 013-

1310 1349 1427 1381 tionem
1443 1348 1597 1380 faciebant
1620 1347 1811 1386 sacerdotes,
1828 1346 1904 1379 dum
1925 1347 2201 1379 consummaretur
2225 1354 2274 1378 sa-

1311 1402 1466 1434 crificium
1480 1415 1496 1429 »
1513 1404 1572 1433 etc.
1590 1401 1813 1433 Consummata
1825 1404 1900 1432 sunt
1913 1400 2151 1437 Sacramenta;
2163 1398 2208 1437 ad,
2218 1399 2273 1432 He-

1311 1455 1423 1487 braeos
1439 1457 1548 1487 octavo
1563 1455 1603 1486 ¹1:
1629 1466 1644 1482 «
1662 1453 1894 1486 Consummabo
1913 1462 2010 1494 super
2026 1452 2156 1485 domum
2177 1452 2273 1485 Israel

1312 1512 1343 1541 et
1366 1517 1462 1549 super
1486 1507 1612 1539 domum
1631 1507 1705 1540 Iuda
1729 1509 1951 1539 testamentum
1968 1515 2085 1539 novum
2104 1518 2139 1544 »;
2164 1509 2195 1538 et
2214 1506 2275 1538 hoc

1312 1564 1533 1594 testamentum
1558 1564 1811 1593 consummatum
1836 1562 1884 1592 est
1907 1560 1939 1592 in
1963 1559 2115 1601 sanguine
2137 1559 2272 1598 Christi;

1312 1614 1350 1646 ad
1376 1612 1529 1646 Hebraeos
1553 1622 1652 1645 nono:
1682 1625 1696 1641 α
1715 1613 1774 1645 1510
1805 1611 1933 1654 sanguis
1961 1611 2157 1650 testamenti,
2189 1610 2274 1653 quod

1279 1702 1285 1707 ,
1314 1667 1503 1700 mandavit»
1525 1671 1584 1700 etc.
1603 1667 1638 1699 Et
1655 1676 1696 1699 ex
1714 1667 1773 1699 hoc
1797 1665 1962 1708 impletum
1979 1669 2026 1698 est
2051 1668 2274 1697 testamentum

1315 1724 1422 1759 vetus,
1447 1724 1478 1753 et
1501 1720 1608 1752 omnia
1632 1723 1707 1752 sunt
1730 1722 1956 1752 consummata.
1983 1719 2018 1750 Et
2034 1717 2104 1750 ideo
2127 1717 2160 1750 10
2177 1716 2274 1750 110105

1314 1774 1448 1815 figuram
1466 1782 1563 1814 supra
1579 1772 1699 1805 decimo
1724 1771 1817 1804 tertio
1832 1772 1871 1803 ¹2:
1894 1784 1909 1799 α
1924 1771 2014 1809 Εο00,
2039 1770 2187 1803 sanitates
2203 1778 2276 1812 per-

1314 1826 1385 1859 ficio
1418 1825 1510 1858 hodie
1537 1829 1568 1858 et
1599 1834 1669 1858 cras
1696 1828 1727 1857 et
1753 1824 1846 1857 tertia
1873 1823 1923 1856 die
1952 1832 2154 1856 consummor
2177 1834 2212 1862 ”3
2244 1825 2276 1855 et

1314 1879 1384 1912 ideo
1400 1878 1521 1911 Ioannis
1536 1878 1657 1911 decimo
1680 1887 1777 1910 nono:
1801 1890 1816 1905 «
1833 1877 1939 1925 Sciens
1956 1877 2056 1915 Iesus,
2081 1875 2156 1918 quia
2171 1875 2277 1908 omnia

1315 1935 1531 1964 consummata
1546 1935 1630 1970 sunt,
1646 1931 1741 1963 dixit:
1759 1930 1834 1963 Sitio
1847 1944 1877 1962 ι).
1893 1932 1913 1959 ’«
1925 1930 2002 1962 Cum
2016 1939 2091 1972 ergo
2106 1929 2278 1971 accepisset

1316 1985 1401 2017 Iesus
1423 1988 1564 2023 acetum,
1589 1984 1688 2016 dixit:
1705 1983 1965 2015 Consummatum
1990 1986 2047 2015 est.
2068 1982 2105 2014 Et
2127 1981 2276 2014 inclinato

1316 2037 1431 2078 capite,
1456 2036 1559 2069 emisit
1583 2036 1728 2078 spiritum
1746 2049 1777 2067 n.
1795 2035 1831 2068 Et
1847 2036 1891 2068 sic
1907 2035 2104 2068 verificatum
2129 2037 2176 2067 est
2199 2033 2278 2067 illud

1317 2088 1520 2122 Ecclesiastici
1538 2088 1698 2131 trigesimo
1713 2091 1828 2130 quarto
1838 2088 1878 2120 ¹³:
1905 2100 1921 2116 «
1938 2087 2010 2120 Sine
2025 2086 2187 2120 mendacio
2203 2095 2278 2120 con-

1317 2142 1528 2175 summabitur
1553 2142 1685 2175 verbum
1706 2141 1803 2184 legis,
1828 2144 1859 2174 et
1882 2141 2035 2183 sapientia
2050 2141 2081 2174 in
2105 2150 2161 2174 ore
2176 2140 2277 2174 fidelis

1317 2196 1567 2238 complanabitur
1584 2209 1614 2227 ».
2284 2197 2285 2202 ¹

2290 822 2398 850 mysteria.

2290 981 2400 1008 Exempla.

2291 1192 2408 1215 Sacrificia.

2292 1403 2436 1427 Sacramenta.

295 2252 372 2293 gifer
397 2256 521 2290 noster,
552 2251 706 2283 Dominus
729 2251 826 2283 iudex
851 2253 979 2289 noster;
1004 2251 1071 2292 ipse
1094 2250 1198 2283 veniet
1221 2253 1253 2282 et

297 2304 428 2337 salvabit
451 2313 506 2336 nos
523 2317 552 2335 τι.
577 2302 756 2336 Secundum
786 2303 870 2345 quod
903 2313 962 2335 rex
994 2303 1075 2345 regit
1106 2312 1163 2335 nos
1195 2311 1252 2344 per

297 2360 462 2399 praecepta
485 2360 516 2389 et
539 2356 672 2395 iudicia;
698 2356 870 2388 secundum
887 2356 971 2397 quod
994 2356 1155 2397 mayister
1178 2364 1252 2388 eru-

296 2410 341 2442 dit
364 2418 421 2451 per
445 2409 594 2450 mysteria
616 2412 647 2441 et
670 2409 835 2450 exempla;
853 2408 1026 2441 secundum
1042 2408 1126 2450 quod
1142 2417 1252 2440 saeer-

139 2471 281 2492 1ncrueesex
297 2463 355 2495 (tos
379 2462 551 2495 sanctificat
575 2471 631 2504 per
655 2462 807 2494 sacrificia
830 2465 861 2494 et
884 2462 1092 2494 Sacramenta.
1110 2481 1153 2486 —
1170 2462 1253 2503 Quo-

1406 2250 1457 2281 55.
1477 2249 1578 2290 (Vers.
1596 2248 1674 2289 32).
1696 2248 1801 2281 Tertio
1825 2252 1980 2290 quantum
2003 2248 2042 2281 ad
2066 2247 2279 2280 acerbitatem
2304 2254 2417 2285 Acerbitas

1315 2302 1473 2344 supplicii
1488 2302 1611 2335 subdit:
1637 2302 1805 2334 Tradetur-
1818 2302 1906 2334 enim
1920 2299 2091 2344 yentibus,
2108 2304 2145 2334 ut
2165 2304 2276 2333 extra·
2291 2281 2442 2356 cflffiiffi'tssa-

1315 2366 1409 2394 neus,
1422 2356 1594 2389 secundum
1609 2355 1693 2398 quod
1709 2355 1901 2397 praedicitur
1914 2365 1932 2387 3
1944 2355 2041 2393 David
2055 2354 2087 2391 in
2100 2355 2221 2388 Psalmo
2234 2354 2276 2387 ³⁴:

1321 2421 1336 2437 α
1349 2408 1495 2441 Traditus
1511 2417 1581 2441 sum
1597 2412 1628 2441 et
1641 2418 1703 2441 non
1715 2408 1898 2450 egrediebar
1911 2421 1942 2439 ».
1957 2407 2055 2440 Huius
2070 2407 2174 2449 figura
2186 2415 2277 2449 prae·
2295 2414 2382 2441 Figura-

1316 2462 1409 2494 cessit
1425 2462 1456 2494 in
1480 2462 1605 2504 Ioseph,
1620 2462 1658 2495 de
1674 2471 1738 2503 quo
1761 2461 1876 2494 dicitur
1893 2461 2020 2494 Genesis
2044 2461 2206 2503 trigesimo
2227 2469 2276 2493 se-

130 2500 282 2544 fflffffflm'
296 2516 380 2548 niam
404 2524 479 2557 ergo
503 2515 534 2547 in
558 2524 652 2547 cruce
676 2519 750 2547 sunt
767 2515 843 2547 haec
860 2523 916 2547 sex
934 2517 1166 2553 consummata,
1183 2514 1253 2547 ideo

296 2570 445 2602 dicuntur
469 2573 701 2601 consummata
725 2568 857 2606 omnia,
874 2577 958 2611 quae
982 2567 1071 2600 dicta·
1094 2572 1172 2600 sunt
1192 2577 1253 2610 per

369 2790 376 2805 ¹
399 2792 473 2816 Vers.
493 2791 535 2816 33.
555 2798 581 2816 n.
604 2791 651 2821 69,
671 2790 717 2815 ubi
737 2790 814 2815 etiam
836 2794 977 2822 tanguntur
997 2794 1048 2815 tres
1062 2791 1163 2822 priores
1176 2791 1254 2816 ratio-

297 2843 358 2867 nes,
377 2843 445 2868 11030
464 2835 571 2860 inferius
589 2836 740 2866 allegantur.

367 2878 377 2893 ²
398 2879 489 2904 Psalm.
513 2879 575 2911 109,
595 2880 620 2904 2.

368 2922 378 2936 ²³
398 2923 473 2948 Vers.
494 2923 518 2947 4.
537 2926 562 2947 01
581 2922 677 2948 deinde
697 2923 726 2953 2,
747 2923 772 2947 3.

367 2966 377 2980 ⁴¹
398 2967 473 2992 Vers.
492 2967 522 2998 3,
541 2973 620 2999 quem
641 2967 743 2991 Hieron.
765 2960 797 2992 ita
817 2966 937 2998 exponit:
958 2967 986 2991 Et
1005 2969 1079 2997 nota,
1104 2966 1177 2999 quod
1202 2973 1255 2991 non

297 3011 382 3036 omnis
401 3011 477 3036 lsrael
496 3011 624 3042 salvetur,
644 3010 690 3035 sed
710 3010 833 3043 reliquiae
854 3010 944 3042 populi
964 3010 1024 3035 Sion
1044 3013 1069 3035 et
1088 3010 1210 3035 residuus
1228 3010 1255 3035 in

296 3055 450 3086 Ierusaleni;
470 3054 569 3085 omnis,
588 3055 633 3087 qui
652 3055 765 3086 scriptus
783 3057 822 3080 est
842 3054 865 3079 in
887 3054 938 3079 vita
953 3054 977 3079 in
991 3054 1143 3086 Ierusalem,
1157 3053 1255 3087 quibus

296 3103 322 3124 et
341 3099 467 3124 Dominus
486 3098 641 3131 loquebatur
661 3097 736 3132 [Luc.
761 3099 805 3129 10,
826 3097 901 3131 20.]:
920 3097 1053 3130 Gaudete,
1068 3097 1197 3131 quoniam
1210 3104 1255 3123 πο-

297 3142 372 3169 mina
390 3145 479 3169 vestra
497 3142 599 3176 scripta
617 3144 683 3168 sunt
699 3142 728 3168 in
746 3142 835 3168 caelis.
856 3142 991 3173 Significat
1010 3146 1098 3167 autem
1117 3142 1255 3173 Apostolos

296 3191 322 3213 et
341 3194 386 3212 eos
405 3187 450 3219 qui
471 3194 517 3218 per
536 3188 673 3218 Apostolos
692 3187 868 3212 crediderunt.

367 3230 378 3244 ⁶
398 3231 472 3256 Yers.
492 3232 535 3256 22.
553 3245 588 3250 -
607 3231 696 3256 Glossa
725 3230 868 3256 ordinaria
898 3230 938 3263 (ex
959 3230 1059 3263 Beda):
1081 3231 1114 3257 Et
1132 3236 1255 3256 consum-

297 3274 444 3301 mabuntur
456 3285 465 3307 ,·
486 3276 511 3300 in
532 3277 581 3300 hoc
600 3275 726 3307 ostendit,
746 3275 877 3307 quidquid
898 3276 1042 3307 Prophetae
1070 3275 1256 3307 praedixerunt

296 3320 330 3345 ad
350 3327 412 3345 suae
432 3320 633 3351 dispensationis
660 3320 814 3351 mysterium
843 3320 984 3345 intendisse
1007 3322 1055 3345 etc.
1076 3334 1109 3338 —
1129 3319 1257 3351 Superius

298 3371 346 3395 pro
360 3363 395 3390 ad
404 3363 656 3397 praenuntiandum
676 3363 813 3397 Qhristum
826 3364 885 3389 Vnt.
899 3363 935 3389 ad
944 3363 1130 3397 praesentiam
1143 3362 1255 3394 Christi,

297 3411 323 3433 et
341 3407 454 3433 subinde
474 3414 522 3439 pro
540 3407 688 3434 secuudum
708 3407 780 3441 quod
799 3408 817 3434 C
829 3408 877 3433 DF
896 3407 1045 3434 secundum
1064 3414 1156 3441 quam.

1316 2515 1428 2556 ptimo,
1446 2515 1530 2557 quod
1548 2515 1690 2547 «fratres
1705 2515 1753 2547 sui
1767 2514 1966 2547 tradiderunt
1981 2523 2054 2547 eum
2071 2513 2233 2547 lsmaelitis
2245 2526 2277 2552 »,

1316 2572 1347 2601 et
1370 2569 1402 2600 in
1419 2569 1583 2608 Samsone,
1607 2568 1646 2601 de
1662 2577 1726 2610 quo
1746 2568 1887 2601 ludicum
1903 2568 2024 2601 decimo
2040 2571 2132 2601 sexto
2149 2567 2277 2605 dicitur,

1386 2790 1399 2805 θ
1420 2791 1495 2816 Vers.
1514 2791 1544 2821 5,
1564 2794 1623 2822 post
1641 2798 1722 2823 quem
1743 2791 1783 2816 Ps.
1804 2791 1870 2821 IIS,
1891 2790 1934 2815 96.

1389 2833 1399 2848 ⁷
1420 2835 1495 2860 Vers.
1515 2835 1557 2859 22.
1578 2837 1602 2859 01
1621 2835 1718 2860 deinde
1737 2835 1785 2865 28,
1806 2835 1850 2860 22.

1389 2877 1399 2892 ⁸
1420 2879 1496 2904 vers.
1514 2878 1540 2904 7.

1389 2921 1400 2936 ⁹
1420 2923 1494 2948 Vers.
1515 2923 1558 2948 to.

1390 2966 1413 2980 ¹⁰
1433 2967 1508 2992 Vers.
1531 2967 1574 2998 14,
1594 2967 1636 2993 eui
1661 2967 1825 2993 subnectitur
1843 2968 1870 2992 11.
1889 2967 1973 2992 Mach.
1992 2967 2021 2997 ’1,
2041 2967 2083 2992 23.
2297 2985 2303 2987 -

1391 3010 1410 3024 ¹¹
1433 3011 1507 3036 Vers.
1527 3012 1551 3036 8.
1572 3011 1627 3043 (cfr.
1649 3012 1694 3037 ler.
1709 3012 1751 3043 31,
1771 3011 1840 3043 3¹.),
1860 3010 1905 3036 ubi
1925 3017 1974 3042 pro
1993 3009 2104 3037 domum
2123 3010 2211 3037 Israel
2229 3010 2279 3036 AC

1321 3055 1401 3080 DFG
1421 3054 1532 3081 domum
1551 3055 1638 3081 David
1647 3065 1658 3088 ,·
1677 3059 1702 3081 et
1721 3055 1816 3081 deinde
1835 3056 1867 3086 9,
1887 3055 1929 3080 20.

1391 3098 1412 3112 ¹²
1433 3099 1506 3124 Vers.
1528 3099 1570 3124 32.
1591 3113 1624 3118 —
1644 3100 1795 3131 Sequuntur
1808 3100 1883 3137 1030.
1905 3099 1952 3130 40,
1973 3099 2018 3125 28.
2037 3101 2062 3124 01
2081 3099 2125 3125 30.

1392 3141 1413 3156 ¹³
1436 3143 1510 3168 vers.
1530 3143 1560 3173 8,
1575 3142 1620 3168 ubi
1633 3150 1682 3175 pro
1700 3142 1786 3177 fidelis
1805 3142 1823 3168 C
1836 3143 1883 3167 DF
1901 3141 1975 3176 fideli
1988 3142 2183 3175 (Septuagintaz
2203 3145 2229 3168 et
2241 3149 2281 3168 sa·

1321 3186 1416 3218 pientia
1436 3187 1474 3211 ori
1495 3186 1564 3212 1111011
1582 3187 1794 3219 consummatio).

1392 3229 1413 3244 ¹⁴
1433 3231 1528 3255 Psalm.
1554 3230 1600 3261 87,
1620 3231 1645 3256 9.
1666 3245 1699 3248 —
1719 3231 1776 3256 Duo
1796 3237 1868 3263 seqq.
1889 3230 1939 3256 loci
1958 3233 2019 3256 sunt
2037 3232 2100 3256 Gen.
2122 3230 2169 3262 37,
2190 3230 2232 3255 28.
2252 3233 2279 3255 et

1320 3274 1399 3300 ludic.
1421 3275 1466 3305 16,
1486 3274 1510 3299 6.
1530 3281 1605 3307 seqq.
1624 3274 1693 3307 (Vat.
1713 3276 1782 3300 hunc
1799 3274 1914 3305 omittit).
1935 3289 1966 3293 —
1986 3275 2077 3303 Glossa
2096 3273 2279 3301 interlinearis

1321 3318 1378 3351 (011.
1398 3318 1498 3344 naban.
1518 3319 1542 3344 in
1568 3319 1682 3345 eundem
1707 3319 1769 3352 loc.)
1794 3318 1819 3344 in
1839 3319 1924 3344 Matth.
1951 3319 1999 3350 20,
2027 3320 2076 3345 19:
2099 3319 2134 3346 Et
2156 3317 2277 3350 tradent,

1320 3362 1421 3395 ludaei,
1441 3369 1502 3389 eum
1521 3362 1658 3396 pentibus.
1679 3363 1757 3388 Pilato
1776 3365 1801 3387 et
1820 3363 1944 3389 ministris
1963 3363 2152 3389 Romanorum.
