2476 3921
40 1741 157 1763 Difficultas

46 1768 142 1790 solvitur.

756 148 952 182 COMMENT.
978 149 1016 182 [N
1039 148 1279 182 EVANGELIUM
1303 150 1422 183 LUCAE
1447 151 1479 183 C.
1503 151 1591 184 ΧΧΙΙ.
2106 155 2166 188 541

181 251 196 267 «
212 237 290 270 Cum
314 237 600 279 multiplicaveritis
623 237 816 277 orationem,
841 246 904 270 non
928 237 1096 271 exaudiam
1110 250 1140 270 n.

176 291 262 324 Unde
297 294 328 324 et
359 290 391 330 hi
427 299 499 324 cum
535 291 693 324 adiutorio
722 291 917 324 scribarum
945 291 1142 333 quaerebant

175 344 353 378 interficere
376 344 536 377 doctorem
554 344 746 383 veridicum,
764 344 941 377 secundum
959 343 1037 376 illud
1054 343 1141 376 loan-

174 398 223 431 nis
246 397 422 440 septim01:
451 411 467 426 α
484 397 566 440 Quid
591 406 639 431 me
670 398 823 440 quaeritis
854 397 1051 436 interficere,
1084 396 1141 429 ho-

174 451 309 491 minem,
334 452 389 494 qui
415 460 489 485 vera
512 452 637 485 locutus
661 461 732 485 sum
758 451 844 485 vobis
861 454 897 484 »ἵ
913 470 957 475 -—
974 451 1008 484 Hi
1032 454 1139 484 autem

174 505 394 538 fraudulenter
417 505 628 547 quaerebant3
653 504 723 538 ideo
746 504 849 538 addit:
875 504 1048 538 Timebant
1063 513 1140 536 vero

171 558 315 601 plebem;
338 558 422 591 unde
454 558 706 600 Hieronymusss:
736 571 751 587 (ι
768 559 834 592 Non
867 558 1052 592 seditionem
1077 567 1141 591 me-

175 615 317 652 tuentes,
341 612 396 645 sed
419 621 459 645 ne
482 612 604 645 auxilio
626 612 735 654 populi
759 612 798 646 de
821 612 888 645 suis
913 612 1059 645 manibus
1080 612 1139 645 tol-

174 666 296 699 leretur
312 680 343 699 ».
368 666 404 698 Et
428 665 497 699 ideo
520 665 637 702 dicitur
653 666 747 699 Marci
764 665 886 699 decimo
902 669 1036 708 quarto:
1059 665 1140 698 «Di-

174 719 286 753 cebant
308 717 432 752 au'tem:
457 719 524 752 Non
547 719 579 751 in
603 719 653 752 die
677 719 773 758 festo,
798 728 837 752 ne
868 719 950 752 forte
982 719 1140 752 tumultus

174 773 265 806 fieret
288 773 320 805 in
344 772 489 815 populo»
497 785 505 812 ;
529 775 560 805 et
583 772 653 806 ideo
677 773 737 806 hoc
762 773 908 806 volebant
928 772 1031 806 facere
1048 772 1139 815 quasi

174 827 206 860 in
229 827 362 860 occulto.
388 827 465 860 Nam
501 827 553 860 hic
588 830 636 860 est
659 836 727 860 mos
759 835 1002 869 perversorum,
1027 836 1139 860 secun-

173 881 250 914 dum
274 881 352 914 illud
377 880 620 914 Proverbiorum
645 881 785 923 primo³:
815 894 831 910 «
846 881 940 914 Pedes
964 890 1076 914 eorum
1100 880 1139 913 ad

173 934 293 967 malum
328 938 465 967 currunt
499 937 531 967 et
564 933 732 974 festinant,
755 936 792 967 ut
823 934 986 967 effundant
1013 934 1140 976 sangui-

174 997 247 1021 nem
264 999 295 1027 »;
320 991 351 1021 et
374 990 459 1030 post:
490 1001 506 1017 «ι
522 987 580 1030 Ipsi
607 991 717 1021 contra
741 988 925 1031 sanguinem
944 997 1038 1021 suum
1064 987 1139 1020 insi-

173 1040 302 1074 diantur
333 1044 365 1074 et
388 1041 564 1074 moliuntur
588 1041 716 1074 fraudes
739 1045 850 1074 contra
873 1041 994 1074 animas
1021 1050 1138 1081 suas»;

174 1094 266 1137 quia,
291 1094 367 1127 dum
391 1099 551 1138 quaerunt
574 1095 753 1128 interficere
785 1095 903 1128 fontem
928 1095 1027 1135 vitae,
1053 1095 1140 1128 inve—

173 1147 266 1180 niunt
289 1151 441 1188 mortem,
466 1149 641 1190 secundum
669 1148 747 1181 illud
771 1148 1016 1182 Proverbiorum
1040 1148 1140 1182 unde-

174 1201 274 1234 cimo:
304 1202 414 1235 «Bene
438 1202 600 1245 consurgit
631 1202 771 1235 diluculo
806 1203 861 1245 qui
886 1203 1011 1245 quaerit
1040 1203 1138 1242 bona;

174 1256 229 1298 qui
268 1259 375 1289 autem
411 1256 615 1298 investigator
655 1256 812 1288 malorum
852 1259 899 1289 est
939 1256 1140 1298 opprimetur

174 1307 214 1343 ab
237 1310 282 1343 eis
299 1323 328 1342 ».

263 1363 293 1396 [ι.
319 1363 420 1405 (Vers.
439 1362 493 1403 3.).
512 1362 617 1396 Tertio
633 1366 788 1405 quantum
805 1362 844 1395 ad
860 1362 1045 1395 diabolicae
1060 1372 1140 1405 suy-

24 1419 160 1475 {3222‘5’22532
172 1417 328 1461 yeslionis
353 1416 596 1459 improbitatem
612 1416 772 1459 adiungit:
790 1417 985 1449 Intraverat
996 1416 1010 1435 4
1027 1420 1140 1448 aulem

24 1474 156 1502 improbitas.

174 1474 316 1504 satanas
339 1470 375 1503 in
399 1470 539 1509 Iudam,
556 1470 616 1514 qui
631 1470 933 1512 coynominabatur
950 1470 1138 1508 [scariotem

176 1534 283 1558 unum
307 1524 346 1557 de
369 1524 551 1557 duodecim.
578 1524 727 1557 Intrasse
743 1527 849 1557 autem
867 1523 985 1557 dicitur
1001 1533 1064 1556 non
1081 1532 1139 1565 per

174 1579 322 1621 illapsum
345 1577 514 1617 essentiae,
539 1577 594 1610 sed
617 1586 674 1619 per
706 1578 938 1620 suggestionem
964 1576 1139 1620 nequitiae,

176 1631 350 1665 secundum
374 1631 453 1664 illud
477 1631 599 1664 loannis
626 1631 749 1664 decimo
773 1631 909 1664 tertio-'³2
941 1644 956 1660 «
971 1630 1050 1663 Cum
1074 1630 1139 1663 dia-

175 1686 268 1719 bolus
292 1685 428 1718 misisset
451 1685 481 1717 in
507 1694 579 1724 cor,
604 1688 640 1717 ut
664 1684 804 1718 traderet
827 1693 900 1717 eum
926 1684 1017 1717 Iudas
1041 1683 1140 1716 Simo-

175 1740 224 1773 nis
248 1739 404 1773 Iscariotis
416 1752 448 1771 ».
473 1758 517 1762 —
533 1738 592 1771 Sed
610 1739 738 1772 loannes
754 1738 847 1778 dicit,
864 1738 950 1781 quod
966 1738 1141 1771 intraverat

175 1797 248 1837 post
265 1792 445 1826 buccellam
469 1802 487 1825 a
511 1792 644 1826 Domino
659 1792 781 1831 datam;
799 1792 923 1825 Ioannis
938 1791 1060 1825 decimo
1078 1795 1140 1824 ter-

176 1848 236 1881 tio:
266 1861 281 1876 «ι
300 1847 335 1880 Et
359 1849 429 1889 post
452 1846 627 1879 buc-cellam
660 1845 790 1879 intravit
813 1845 844 1878 in
869 1854 942 1878 eum
968 1848 1092 1878 satanas
1108 1858 1138 1877 ν.

177 1901 236 1935 Sed
259 1900 391 1934 Glossa⁶
416 1899 558 1933 dissolvit
580 1899 701 1932 dicens:
732 1901 837 1932 «Ante
860 1899 1036 1932 buccellam
1053 1898 1141 1931 inva-

177 1957 262 1988 serat
285 1963 357 1987 eum
383 1956 521 1993 satanas,
546 1956 577 1986 et
600 1962 695 1995 quem
721 1953 811 1995 prius
827 1952 1019 1991 intraverat,
1037 1955 1073 1985 ut
1088 1951 1142 1984 de-

177 2008 313 2050 ciperet,
338 2007 539 2050 postmodum
556 2007 702 2046 intravit,
720 2011 756 2039 ut
772 2006 830 2039 sibi
849 2006 1001 2039 traditum
1017 2005 1148 2048 plenius.

177 2061 351 2104 possideret
368 2074 398 2093 ».
417 2079 459 2084 —
478 2060 547 2093 Ideo
570 2064 677 2093 autem
701 2059 913 2103 coynominat
936 2069 1027 2099 eum,
1045 2062 1081 2108 ut
1096 2059 1143 2092 di-

177 2115 316 2157 stinguat
339 2123 358 2147 a
382 2113 471 2153 Iuda,
496 2113 595 2146 fratre
619 2113 734 2153 lacobi;
760 2113 825 2146 sive
849 2113 924 2155 quia
940 2112 1142 2146 Iscariotes⁷

178 2169 406 2210 interpretatur
430 2167 583 2200 memoria
606 2166 821 2206 mortalitatis,
838 2169 869 2199 et
885 2165 954 2198 ideo
972 2166 1031 2199 hoc
1050 2166 1142 2206 dicit,

178 2221 253 2264 quia
276 2221 308 2253 in
333 2221 393 2253 hoc
416 2219 611 2258 insinnatur,
636 2219 721 2262 quod
757 2229 820 2252 non
855 2222 985 2261 repente
1013 2228 1144 2261 persua-

178 2283 251 2314 sus,
275 2274 330 2307 sed
353 2273 409 2306 diu
432 2273 536 2306 fuerat
559 2273 729 2306 meditatus
744 2273 858 2306 scelus.
877 2272 1034 2315 Exprimit
1049 2273 1144 2306 etiam

178 2328 247 2361 eius
271 2327 485 2370 diynitacem,
511 2329 547 2359 ut
571 2326 714 2359 ostendat
746 2326 846 2368 ipsius
870 2326 1143 2368 ingratitudinem;

179 2381 301 2414 loannis
323 2380 444 2413 decimo
467 2380 618 2422 quint0⁸:
649 2393 665 2409 (κ
681 2380 747 2412 Non
771 2388 827 2412 vos
851 2389 901 2413 me
925 2380 1072 2422 elegistis,
1090 2380 1144 2414 sed

179 2444 236 2477 ego
260 2434 337 2477 elegi
362 2442 418 2467 vos
435 2445 465 2472 »;
488 2437 519 2466 et
543 2433 719 2475 specialiter
743 2433 905 2475 Apostolos
921 2433 1014 2476 elegit
1035 2433 1073 2467 de
1089 2443 1145 2467 nu-

253 2622 261 2636 ¹
284 2623 358 2648 Vers.
378 2623 420 2648 20.
440 2625 466 2647 et
485 2623 513 2653 8,
535 2622 582 2653 403
602 2623 646 2647 cfr.
667 2629 747 2654 supra
768 2629 830 2654 pag.
849 2622 915 2653 500,
936 2626 996 2648 nota
1016 2623 1040 2648 9.

252 2665 262 2680 ²
282 2666 352 2692 Libr.
372 2667 415 2693 lV.
433 2666 580 2693 Comment.
600 2666 626 2692 in
646 2667 733 2692 Mattli.
754 2667 799 2699 26,
820 2667 845 2692 3.
869 2674 953 2700 seqq„
982 2673 1013 2692 ex
1032 2673 1086 2700 quo
1106 2670 1145 2693 est

181 2711 271 2736 Glossa
291 2710 476 2738 interlinearis
495 2711 520 2737 in
540 2712 602 2737 Luc.
622 2712 671 2742 22,
692 2712 716 2736 2.
735 2725 771 2731 -
790 2711 914 2744 Sequitur
934 2711 1012 2737 Marc.
1033 2711 1081 2743 14,
1101 2712 1125 2737 2.

253 2754 265 2769 ⁸
284 2755 359 2781 Vers.
384 2756 422 2781 16.
441 2758 467 2782 et
492 2757 534 2788 18,
554 2759 614 2788 post
632 2763 700 2789 quos
719 2756 796 2782 Prov.
818 2756 844 2781 -11
859 2775 865 2786 ,
885 2755 928 2781 27.

252 2799 263 2814 4
284 2800 342 2825 Vat.
360 2807 422 2826 cum
442 2800 555 2833 Vulgata
574 2800 690 2827 Intravit
697 2810 706 2832 ,·
726 2800 839 2826 subinde
867 2807 916 2832 pro
935 2799 1145 2834 coqnominaba-

181 2846 228 2870 tur
248 2843 389 2871 Iscariotes
408 2844 522 2871 CDGH
542 2845 751 2879 cognominatur
772 2845 852 2876 (Beda
872 2845 997 2878 vocatur)
1017 2844 1145 2871 scarioth

184 2889 228 2922 (ita
247 2888 323 2915 Card.
343 2889 420 2921 nugo
440 2892 465 2915 et
483 2890 511 2915 B.
530 2889 655 2923 Albert.);
674 2891 720 2916 cfr.
739 2897 819 2922 supra
839 2897 901 2922 pag.
923 2889 989 2921 ⁴45,
1009 2892 1070 2915 nota
1090 2889 1116 2915 3.

253 2932 264 2947 ⁶
284 2934 360 2959 Vers.
379 2935 404 2959 2.
423 2938 449 2960 et
467 2934 562 2961 deinde
581 2942 607 2960 v.
628 2935 671 2961 27.
684 2949 719 2954 -
732 2935 793 2961 Vat.
804 2935 900 2961 omittit
913 2934 981 2962 Cum
994 2933 1145 2961 diabolus...

183 2985 201 3005 a
221 2978 334 3005 Domino
353 2978 455 3006 datam.
671 2978 683 2994 ⁶
703 2980 805 3006 Scilicet
828 2979 971 3006 ordinaria
992 2980 1032 3013 (ex
1052 2979 1145 3013 Beda).

255 3022 264 3037 '¹
284 3022 367 3049 Codd.
386 3023 522 3050 Scarioth.
541 3024 656 3056 Hieron,
675 3025 709 3050 de
737 3024 867 3051 Nominib.
887 3024 1007 3051 Hebraic.
1027 3032 1093 3050 nov.
1111 3027 1147 3050 te-

184 3070 261 3093 stam.
282 3067 316 3093 de
335 3068 478 3093 Matthaeo:
497 3067 644 3101 Iscariolli‚
667 3069 821 3095 memoriale
840 3069 958 3101 Domini;
972 3069 1045 3103 quod
1057 3069 1079 3095 si
1099 3075 1160 3095 vo-.

184 3111 310 3137 luet-imus
329 3111 417 3143 legere
447 3111 643 3144 issacharioth,
665 3112 865 3145 interpretatur:
886 3116 925 3139 est
953 3120 1054 3139 merces
1081 3113 1146 3139 eius.

186 3156 271 3181 Potest
289 3158 376 3181 autem
397 3156 448 3181 dici
468 3159 493 3181 et
513 3156 639 3182 memoria
659 3157 760 3182 mortis.

255 3198 266 3213 Β
288 3199 362 3225 Vera.
382 3200 424 3225 16.
443 3204 469 3226 et
486 3199 600 3226 subinde
619 3200 650 3233 6,
668 3200 712 3226 71.
738 3208 804 3234 seq„
830 3201 875 3227 ubi
902 3209 951 3234 pro
970 3201 1002 3229 de
1021 3201 1089 3229 Iuda
1108 3201 1149 3229 Si-

184 3242 272 3270 monis
292 3243 438 3270 !scariolae
457 3244 514 3277 (cfr.
534 3245 643 3276 Bonav„
662 3244 810 3272 Comment.
830 3246 856 3272 in
883 3247 954 3273 hunc
973 3247 1076 3279 locum,
1102 3246 1148 3273 ubi

187 3288 292 3321 ponitur
310 3288 465 3321 [scariotis;
485 3289 562 3315 codd.
582 3289 601 3316 C
614 3289 634 3315 D
653 3289 795 3323 Scariotis)
817 3290 930 3323 Vulgata
949 3291 1047 3318 ludam
1060 3291 1148 3318 Simo-

189 3331 231 3359 nis
249 3332 413 3359 Isca-riclam.

1206 246 1296 270 mero
1319 238 1548 281 discipulorum
1572 240 1707 273 aliorum
1730 241 1769 274 ad
1790 242 1985 285 diynilatem
2009 243 2171 284 pontifica-

1206 294 1268 324 tus.
1286 292 1372 325 Unde
1389 292 1510 326 loannis
1527 298 1636 327 sexto:
1658 308 1674 323 «ι
1686 295 1794 328 Nonne
1809 296 1975 329 duodecim
1992 306 2048 330 vos
2063 297 2142 339 elegi
2158 301 2171 330 ἱ)

1205 348 1237 378 et
1261 354 1303 378 ex
1324 345 1424 379 vobis
1459 355 1544 379 unus
1578 347 1722 381 diabolus
1753 352 1809 381 est.
1843 349 1971 382 Dicebat
2001 354 2109 383 autem
2132 351 2171 384 de

1205 398 1281 431 luda
1316 399 1450 433 Simonis
1482 400 1660 440 [scariotae3
1685 402 1737 435 hic
1772 403 1856 436 enim
1890 407 1959 436 erat
1994 404 2172 438 traditurus

1204 461 1296 492 eum,
1320 462 1393 485 cum
1425 457 1508 486 esset
1539 463 1624 487 unus
1656 464 1698 488 ex
1730 455 1895 489 duodecim
1913 471 1943 489 ι».
1971 458 2031 491 Hoc
2063 462 2171 491 autem
2192 464 2322 486 Notandum-

1204 505 1357 538 Dominus
1379 505 1590 548 dispensative
1613 507 1687 540 fecit
1702 508 1741 541 ad
1759 509 1911 542 timorem
1928 511 2169 550 incutiendum,

1204 558 1379 591 secundum
1403 559 1481 592 illud
1505 560 1652 593 Matthaei
1677 561 1866 604 vigesimo⁹:
1888 576 1904 591 α
1922 564 2008 596 Multi
2027 568 2101 596 sunt
2117 573 2171 597 vo-

1204 612 1282 651 cati,
1307 613 1399 654 pauci
1435 622 1512 646 vero
1543 614 1632 647 electi
1647 626 1677 654 ¹³3
1703 619 1734 648 et
1757 615 1796 648 ad
1820 616 1989 648 iustorum
2016 617 2170 649 animum

1204 664 1484 708 confortandum,
1510 671 1548 700 ut
1570 677 1633 700 non
1658 669 1909 702 scandalizentur
1926 679 1985 711 pro
2006 679 2070 703 uno
2086 671 2169 703 malo

1204 724 1315 753 contra
1337 721 1611 764 congregationem
1637 721 1812 762 iustorum,
1837 723 1912 765 quia
1937 724 2058 765 primae
2082 724 2169 757 loan-

1203 772 1252 806 nis
1276 773 1432 806 secundo:
1461 786 1477 803 α
1495 774 1541 806 Ex
1565 774 1656 807 nobis
1680 775 1881 817 prodierunt,
1907 776 1961 809 sed
1992 786 2055 809 non
2080 780 2170 810 erant

1203 835 1246 859 ex
1268 826 1360 860 nobis
1377 840 1406 859 ι).

1294 881 1324 913 5.
1349 881 1451 922 (Vers.
1476 881 1531 922 4.).
1557 882 1677 924 Quarto
1700 885 1855 925 quantum
1879 883 1918 916 ad
1935 883 2040 916 Iudae
2053 884 2170 926 prodi·
2183 890 2248 921 1ndat÷
2264 891 2336 921 prod}-

1204 934 1288 967 toris
1312 935 1527 978 cupiditatem
1561 936 1783 978 subiungitur:
1810 938 1850 969 El
1881 937 1964 970 abiit
1977 938 2004 957 ²⁰
2028 942 2057 970 ec
2081 937 2169 970 lucae
2209 920 2336 965 ffissfnm'

1205 992 1258 1020 lus
1281 992 1327 1021 est
1350 998 1427 1021 cum
1447 989 1661 1032 principibus
1691 990 1904 1023 sacerdotum
1927 995 1954 1023 el
1985 991 2168 1034 magistra-

1205 1042 1302 1075 tibus.
1328 1042 1406 1075 Cum
1431 1043 1492 1076 illis
1516 1043 1642 1076 locutus
1664 1047 1730 1083 est,
1755 1044 1830 1086 quia
1862 1045 1994 1084 sciebat,
2018 1045 2103 1087 quod
2127 1045 2168 1078 si-

1205 1095 1324 1129 tiebant
1359 1096 1544 1138 sanguinem
1580 1097 1705 1130 Christi.
1740 1116 1781 1121 —
1814 1098 1951 1131 Locutus
1983 1102 2030 1131 est
2061 1102 2167 1131 autem

1205 1149 1302 1182 verba
1326 1149 1526 1191 proditionis,
1549 1153 1581 1183 et
1604 1150 1674 1183 ideo
1697 1150 1800 1183 addit:
1827 1151 2113 1192 Quemadmodum
2130 1151 2168 1184 il-

1205 1202 1274 1236 lum
1300 1203 1447 1237 traderet
1469 1204 1536 1243 eis;
1560 1204 1590 1236 in
1616 1214 1680 1247 qua
1703 1205 1831 1247 quidem
1857 1205 2013 1238 locutione
2031 1205 2167 1247 pretium

1205 1257 1367 1299 sanguinis
1390 1257 1497 1300 petiit,
1522 1258 1698 1291 secundum
1733 1258 1811 1291 illud
1846 1258 1991 1291 Matthaei
2020 1258 2169 1301 vigesimo

1205 1313 1296 1343 sexto
1310 1311 1354 1343 ¹¹:
1384 1323 1400 1340 α
1417 1311 1499 1352 Quid
1523 1311 1619 1344 vultis
1644 1311 1721 1344 mihi
1745 1311 1844 1345 dare?
1867 1315 1899 1345 et
1919 1321 1976 1354 ego
1992 1321 2065 1345 eum
2082 1311 2170 1344 vobis

1205 1363 1326 1396 tradam
1345 1377 1376 1396 ».
1402 1364 1488 1397 Unde
1512 1364 1580 1397 sitis
1604 1365 1784 1407 cupiditatis
1808 1365 2024 1398 commovebat
2049 1365 2168 1404 ludam,

1205 1421 1236 1449 et
1260 1416 1328 1449 sitis
1351 1417 1547 1450 crudelitatis
1579 1418 1797 1451 commovebat
1832 1418 1991 1460 prinpres
2026 1418 2170 1451 sacerdo-

1206 1473 1288 1509 tum;
1313 1474 1344 1502 et
1365 1470 1434 1503 ideo
1451 1470 1545 1503 simul
1569 1471 1600 1503 in
1622 1481 1722 1504 unum
1740 1472 1966 1504 commercium
1983 1480 2170 1514 perversum

1205 1526 1236 1556 et
1261 1523 1393 1565 impium
1418 1527 1656 1557 consenserunt.
1840 1516 1842 1519 ⁸

1296 1577 1325 1609 6.
1351 1577 1453 1619 (Vers.
1479 1577 1533 1618 5.).
1559 1578 1690 1620 Propter
1714 1578 1799 1620 quod
1823 1577 1984 1620 adiungit:
2003 1579 2043 1610 El
2056 1577 2172 1620 gavisi
2193 1586 2318 1617 ludaeorum

1203 1634 1284 1662 sunt
1306 1635 1334 1662 el
1354 1630 1450 1673 pacti
1470 1635 1550 1663 sunt
1563 1631 1744 1673 pecuniam
1761 1631 1812 1663 illi
1834 1632 1926 1664 dare.
1949 1631 2069 1664 Gauisi
2091 1635 2171 1663 sunt
2190 1619 2233 1660 ειιζῖᾸ
2229 1613 2322 1667 13¹2?ssss-

1204 1682 1243 1716 de
1259 1682 1392 1722 malitia,
1410 1683 1585 1716 secundum
1609 1683 1685 1716 illud
1711 1684 1955 1717 Proverbiorum
1971 1683 2110 1716 secundo
2124 1683 2168 1715 ¹²:

1210 1749 1225 1765 ιι
1242 1737 1430 1776 Laetantur,
1455 1746 1528 1770 cum
1556 1738 1638 1770 male
1669 1737 1832 1771 fecerint»
1862 1741 1921 1771 etc.
1947 1738 2048 1770 Paeti
2070 1742 2168 1776 sunt,

1205 1790 1295 1833 quasi
1320 1794 1448 1833 pactum
1466 1790 1627 1830 fecerunt,
1652 1794 1683 1824 et
1704 1800 1829 1824 summa
1849 1791 1908 1824 fuit
1923 1790 1962 1824 de
1979 1791 2107 1833 triginta
2123 1799 2171 1823 ar-

1205 1843 1342 1886 genteis;
1360 1844 1505 1877 Matthaei
1523 1844 1674 1886 vigesimo
1698 1848 1807 1877 sexto:
1838 1857 1854 1873 «
1870 1844 1906 1877 At
1930 1844 1974 1876 illi
1999 1844 2170 1877 constitue-

1206 1900 1283 1930 runt
1306 1897 1335 1930 ei
1359 1897 1488 1940 triginta
1511 1901 1677 1940 argenteos
1694 1911 1723 1930 n.
1748 1898 1860 1931 Valent
1890 1901 1996 1931 autem
2028 1897 2169 1940 argentei

1206 1951 1335 1994 triginta
1358 1954 1515 1984 trecentos
1542 1951 1688 1984 denarios
1711 1951 1849 1984 usuales.
1875 1951 1911 1984 Et
1932 1952 1991 1984 hoc
2013 1951 2077 1984 fuit
2098 1960 2169 1993 pre-

1208 2005 1287 2038 tium
1307 2005 1477 2047 unguenti,
1502 2004 1587 2047 quod
1610 2004 1789 2047 Magdalena
1812 2014 1909 2048 super
1934 2008 2029 2047 caput
2052 2005 2169 2038 Christi

1207 2058 1328 2098 effudit,
1349 2058 1524 2092 secundum
1537 2058 1613 2092 illud
1628 2059 1750 2092 Ioannis
1762 2058 1950 2092 duodecimo
1963 2059 2008 2091 l³³:
2032 2072 2047 2088 «
2064 2060 2170 2101 Quare

1209 2113 1269 2146 hoc
1289 2116 1489 2155 unguentum
1515 2122 1578 2145 non
1602 2112 1750 2145 venditur
1786 2113 1934 2146 trecentis
1969 2112 2107 2146 denariis
2140 2118 2171 2146 et

1208 2167 1317 2200 datum
1342 2170 1390 2200 est
1418 2167 1549 2210 egenis?
1580 2166 1668 2199 Dixit
1699 2170 1805 2200 autem
1838 2167 1915 2206 hoc,
1940 2176 2003 2199 non
2027 2167 2103 2209 quia
2133 2166 2171 2200 de

1208 2220 1315 2262 egenis
1339 2219 1516 2262 pertinebat
1538 2219 1578 2252 ad
1601 2228 1693 2259 eum,
1718 2219 1772 2253 sed
1796 2219 1871 2261 quia
1893 2219 1946 2252 fur
1970 2224 2055 2259 erat,
2080 2223 2112 2253 et
2127 2220 2172 2253 lo-

1209 2274 1298 2307 culos
1321 2273 1459 2313 habens,
1485 2283 1522 2307 ea
1553 2282 1635 2316 quae
1666 2273 1892 2313 mittebantur,
1917 2273 2062 2316 portabat
2079 2287 2109 2306 υ.
2136 2274 2171 2307 Et

1209 2327 1278 2360 ideo
1295 2327 1355 2360 hoc
1371 2327 1509 2369 pretium
1527 2326 1827 2369 recompensabatur
1843 2327 2020 2360 venditione
2037 2327 2170 2360 Domini.

1209 2380 1308 2413 Huius
1331 2381 1436 2423 figura
1459 2381 1630 2423 praecessit
1646 2381 1677 2413 in
1702 2380 1881 2414 venditione
1897 2381 2026 2423 Ioseph,
2043 2380 2171 2414 Genesis
2191 2388 2276 2415 Figura·

1210 2434 1371 2477 trigesimo
1395 2434 1529 2477 septimo
1543 2434 1585 2475 1⁴,
1612 2434 1668 2468 ubi
1691 2434 1807 2468 dicitur
1832 2434 2006 2468 secundum
2035 2434 2172 2468 litteram

1280 2621 1291 2637 ⁹
1311 2623 1387 2649 Vers.
1408 2624 1448 2649 16.
1469 2637 1502 2642 —
1523 2622 1641 2649 Subinde
1659 2624 1807 2655 allegantur
1826 2624 1843 2649 1.
1863 2623 1933 2649 loun.
1954 2624 1985 2655 2,
2010 2623 2048 2649 19.

1281 2667 1304 2682 ¹⁰
1323 2668 1414 2694 Glossa
1434 2667 1619 2694 interlinearis
1639 2668 1681 2699 <ex
1699 2668 1797 2701 Beda):
1818 2668 1873 2694 Non
1892 2675 1906 2693 a
1926 2667 2093 2700 principibus
2110 2667 2174 2693 invi·

1209 2716 1291 2746 tatur,
1311 2714 1382 2739 nulla
1402 2713 1556 2739 necessitate
1583 2713 1786 2745 constringitur,
1806 2713 1854 2739 sed
1882 2712 1991 2744 propria
2010 2715 2104 2744 sponte
2122 2719 2175 2738 sce-

1208 2758 1304 2783 leratae
1324 2758 1418 2784 mentis
1438 2758 1493 2783 iniit
1511 2758 1658 2784 consilium.

1281 2800 1302 2816 ¹¹
1323 2801 1398 2827 Vers.
1418 2802 1461 2828 45.
1479 2815 1515 2821 -
1534 2801 1677 2844 chrysost.)
1696 2801 1791 2827 Homil.
1811 2801 1852 2826 80.
1874 2801 1949 2833 (alias
1973 2801 2027 2834 81.)
2047 2801 2074 2826 in
2087 2801 2181 2835 Manli.-

1209 2853 1234 2871 n.
1255 2846 1284 2872 3:
1304 2846 1418 2872 Tantum
1440 2849 1480 2872 est
1507 2846 1615 2872 avaritia
1646 2846 1760 2878 malum;
1788 2847 1854 2871 haec
1882 2846 1982 2878 quippe
2001 2845 2072 2870 illum
2093 2849 2119 2870 et
2137 2851 2175 2870 sa-

1209 2890 1337 2922 crilegum
1357 2893 1383 2916 et
1402 2890 1564 2922 proditorem
1584 2890 1678 2916 effecit.
1697 2890 1806 2920 Audite,
1825 2896 1918 2915 omnes
1936 2889 2022 2920 avari,
2036 2889 2082 2922 qui
2095 2888 2174 2914 Iudae

1210 2933 1304 2960 morbo
1324 2933 1459 2966 laboratis;
1478 2934 1567 2960 audite
1586 2936 1611 2959 et
1630 2937 1722 2959 cavete
1740 2933 1819 2960 vobis
1838 2933 1872 2958 ab
1892 2933 1934 2959 illo
1953 2932 2047 2958 morbo
2066 2937 2116 2958 etc.

1282 2976 1304 2993 ¹²
1324 2978 1399 3004 Vers.
1420 2978 1462 3004 ⁴4.
1482 2991 1517 2997 -·
1536 2977 1661 3011 Sequitur
1679 2978 1767 3003 Matth.
1788 2977 1835 3008 26,
1856 2977 1898 3003 15.

1282 3021 1305 3037 ²³
1324 3022 1399 3048 Vers.
1420 3022 1445 3047 5.
1463 3025 1490 3047 et
1508 3022 1534 3048 6.

1283 3066 1305 3082 ¹⁴
1324 3067 1399 3093 Vers.
1414 3067 1456 3093 28.
1469 3067 1604 3092 Romanae
1621 3066 1797 3092 correctiones
1814 3066 1943 3098 Vulgatae
1955 3065 2039 3098 (iussu
2053 3065 2115 3091 Sixti
2129 3065 2171 3098 Υ.)

1211 3113 1236 3139 in
1255 3113 1318 3139 Gen.
1338 3112 1387 3144 37,
1407 3112 1454 3138 28:
1477 3121 1491 3134 ι
1504 3111 1605 3137 Deinde
1624 3117 1672 3136 nec
1691 3110 1733 3136 hic
1753 3117 1880 3136 numerus
1907 3109 2004 3144 viginti
2029 3110 2173 3136 mutandus

1210 3160 1250 3184 est
1268 3164 1329 3183 cum
1349 3156 1448 3182 maiore
1462 3155 1575 3189 triginta
1585 3165 1611 3181 n.
1630 3155 1715 3186 Beda,
1728 3155 1754 3180 in
1768 3155 1831 3181 Gen.
1846 3155 1894 3181 37:
1913 3164 1924 3178 ε
1939 3155 1980 3180 llle
1993 3153 2112 3188 [loseph]
2126 3161 2173 3187 per

1210 3202 1290 3228 Iudae
1309 3201 1446 3227 consilium
1466 3199 1578 3234 triginta
1598 3199 1763 3230 distrahitur,
1783 3202 1809 3225 et
1828 3199 1870 3225 hic
1889 3198 2028 3233 [Christus]
2049 3205 2096 3231 per
2114 3206 2173 3225 con-

1211 3247 1297 3273 silium
1317 3245 1396 3272 iudae
1415 3245 1538 3271 iscarioth
1552 3244 1658 3276 triginta
1671 3244 1802 3276 argenteis
1815 3243 1982 3269 venundatur
1992 3253 2016 3269 υ.
2037 3242 2172 3275 Ambros.,

1211 3291 1245 3317 de
1263 3291 1356 3323 loseph
1376 3290 1538 3321 patriarcha,
1567 3296 1590 3315 c.
1619 3289 1642 3315 3.
1663 3296 1689 3314 n.
1710 3288 1760 3314 ⁴4:
1784 3298 1797 3312 ι(
1815 3288 1875 3314 Ideo
1900 3288 1961 3314 alibi
1980 3287 2089 3322 viginti,
2112 3287 2172 3314 alibi

1211 3333 1308 3370 viginti
1333 3335 1358 3361 et
1386 3332 1504 3367 quinque
1531 3333 1632 3364 aureis,
1660 3331 1720 3358 alibi
1745 3331 1859 3366 tr-iyinta
1878 3332 2028 3359 invenimus
2052 3336 2172 3365 emptum
