<?xml version="1.0" encoding="UTF-8"?>
<!DOCTYPE html PUBLIC "-//W3C//DTD XHTML 1.0 Transitional//EN"
    "http://www.w3.org/TR/xhtml1/DTD/xhtml1-transitional.dtd">
<html xmlns="http://www.w3.org/1999/xhtml" xml:lang="en" lang="en">
 <head>
  <title>
</title>
<meta http-equiv="Content-Type" content="text/html;charset=utf-8" />
  <meta name='ocr-system' content='tesseract 3.04.00' />
  <meta name='ocr-capabilities' content='ocr_page ocr_carea ocr_par ocr_line ocrx_word'/>
</head>
<body>
  <div class='ocr_page' id='page_1' title='image "./doctorisseraphic07bona_0743.png"; bbox 0 0 2427 3872; ppageno 0'>
   <div class='ocr_carea' id='block_1_1' title="bbox 115 226 780 3368">
    <p class='ocr_par' dir='ltr' id='par_1_1' title="bbox 365 226 506 260">
     <span class='ocr_line' id='line_1_1' title="bbox 365 226 506 260; baseline -0.014 -6"><span class='ocrx_word' id='word_1_1' title='bbox 365 227 431 254; x_wconf 75' lang='lat' dir='ltr'><strong>CER</strong></span> <span class='ocrx_word' id='word_1_2' title='bbox 451 226 506 260; x_wconf 91' lang='grc'><strong>(26)</strong></span> 
     </span>
    </p>

    <p class='ocr_par' dir='ltr' id='par_1_2' title="bbox 115 270 759 570">
     <span class='ocr_line' id='line_1_2' title="bbox 124 270 759 306; baseline -0.006 -7"><span class='ocrx_word' id='word_1_3' title='bbox 124 272 239 306; x_wconf 89' lang='lat' dir='ltr'><strong>potentia</strong></span> <span class='ocrx_word' id='word_1_4' title='bbox 264 270 326 298; x_wconf 83' lang='lat' dir='ltr'><strong><em>ibid.</em></strong></span> <span class='ocrx_word' id='word_1_5' title='bbox 349 286 385 290; x_wconf 97' lang='lat'><strong>—</strong></span> <span class='ocrx_word' id='word_1_6' title='bbox 404 274 465 297; x_wconf 89' lang='lat' dir='ltr'><strong>ante</strong></span> <span class='ocrx_word' id='word_1_7' title='bbox 488 270 706 297; x_wconf 79' lang='lat' dir='ltr'><strong>resurrectionem</strong></span> <span class='ocrx_word' id='word_1_8' title='bbox 726 270 759 295; x_wconf 90' lang='lat' dir='ltr'><strong>ci-</strong></span> 
     </span>
     <span class='ocr_line' id='line_1_3' title="bbox 119 315 759 347; baseline -0.005 -4"><span class='ocrx_word' id='word_1_9' title='bbox 119 316 184 343; x_wconf 88' lang='lat' dir='ltr'><strong>bum</strong></span> <span class='ocrx_word' id='word_1_10' title='bbox 204 316 298 343; x_wconf 82' lang='lat' dir='ltr'>sumsit</span> <span class='ocrx_word' id='word_1_11' title='bbox 321 322 352 342; x_wconf 84' lang='lat' dir='ltr'><strong>ex</strong></span> <span class='ocrx_word' id='word_1_12' title='bbox 376 315 543 347; x_wconf 76' lang='lat' dir='ltr'><strong>necessitate,</strong></span> <span class='ocrx_word' id='word_1_13' title='bbox 568 317 629 347; x_wconf 89' lang='lat' dir='ltr'><strong>post</strong></span> <span class='ocrx_word' id='word_1_14' title='bbox 645 320 759 340; x_wconf 81' lang='lat' dir='ltr'><strong>resurre-</strong></span> 
     </span>
     <span class='ocr_line' id='line_1_4' title="bbox 116 357 758 392; baseline -0.006 -5"><span class='ocrx_word' id='word_1_15' title='bbox 116 361 230 388; x_wconf 86' lang='lat' dir='ltr'><strong>ctionem</strong></span> <span class='ocrx_word' id='word_1_16' title='bbox 249 359 394 386; x_wconf 80' lang='lat' dir='ltr'><strong>consumsit</strong></span> <span class='ocrx_word' id='word_1_17' title='bbox 411 359 519 392; x_wconf 90' lang='lat' dir='ltr'><strong>propria</strong></span> <span class='ocrx_word' id='word_1_18' title='bbox 539 359 635 385; x_wconf 90' lang='lat' dir='ltr'><strong>virtute</strong></span> <span class='ocrx_word' id='word_1_19' title='bbox 648 357 711 384; x_wconf 80' lang='lat' dir='ltr'><strong>ibid.</strong></span> <span class='ocrx_word' id='word_1_20' title='bbox 723 372 758 376; x_wconf 97' lang='lat'><strong>—</strong></span> 
     </span>
     <span class='ocr_line' id='line_1_5' title="bbox 118 402 757 432; baseline -0.006 0"><span class='ocrx_word' id='word_1_21' title='bbox 118 405 220 432; x_wconf 81' lang='lat' dir='ltr'><strong>Veritas</strong></span> <span class='ocrx_word' id='word_1_22' title='bbox 238 404 406 431; x_wconf 82' lang='lat' dir='ltr'><strong>comestionis</strong></span> <span class='ocrx_word' id='word_1_23' title='bbox 423 404 450 430; x_wconf 91' lang='lat' dir='ltr'><strong>in</strong></span> <span class='ocrx_word' id='word_1_24' title='bbox 475 402 578 430; x_wconf 90' lang='lat' dir='ltr'><strong>Christo</strong></span> <span class='ocrx_word' id='word_1_25' title='bbox 597 402 645 429; x_wconf 86' lang='lat' dir='ltr'><strong>suit</strong></span> <span class='ocrx_word' id='word_1_26' title='bbox 663 408 757 428; x_wconf 87' lang='lat' dir='ltr'><strong>verum</strong></span> 
     </span>
     <span class='ocr_line' id='line_1_6' title="bbox 115 446 759 482; baseline -0.006 -6"><span class='ocrx_word' id='word_1_27' title='bbox 115 451 303 482; x_wconf 76' lang='lat' dir='ltr'><strong>argumentum</strong></span> <span class='ocrx_word' id='word_1_28' title='bbox 329 448 528 474; x_wconf 88' lang='lat' dir='ltr'><strong>resurrectionis</strong></span> <span class='ocrx_word' id='word_1_29' title='bbox 546 446 609 474; x_wconf 82' lang='lat' dir='ltr'><strong>ibid.</strong></span> <span class='ocrx_word' id='word_1_30' title='bbox 629 460 665 466; x_wconf 96' lang='lat'><strong>—</strong></span> <span class='ocrx_word' id='word_1_31' title='bbox 684 453 759 472; x_wconf 89' lang='lat' dir='ltr'><strong>man-</strong></span> 
     </span>
     <span class='ocr_line' id='line_1_7' title="bbox 117 492 758 526; baseline -0.005 -6"><span class='ocrx_word' id='word_1_32' title='bbox 117 494 241 521; x_wconf 89' lang='lat' dir='ltr'><strong>ducando</strong></span> <span class='ocrx_word' id='word_1_33' title='bbox 260 492 384 526; x_wconf 86' lang='lat' dir='ltr'><strong>probavit</strong></span> <span class='ocrx_word' id='word_1_34' title='bbox 394 492 613 519; x_wconf 87' lang='lat' dir='ltr'><strong>resurrectionem</strong></span> <span class='ocrx_word' id='word_1_35' title='bbox 627 498 703 518; x_wconf 86' lang='lat' dir='ltr'><strong>suam</strong></span> <span class='ocrx_word' id='word_1_36' title='bbox 716 498 758 518; x_wconf 87' lang='lat' dir='ltr'><strong>ve-</strong></span> 
     </span>
     <span class='ocr_line' id='line_1_8' title="bbox 117 536 596 570; baseline -0.004 -6"><span class='ocrx_word' id='word_1_37' title='bbox 117 545 189 570; x_wconf 88' lang='lat' dir='ltr'><strong>ram,</strong></span> <span class='ocrx_word' id='word_1_38' title='bbox 207 544 260 564; x_wconf 90' lang='lat' dir='ltr'><strong>non</strong></span> <span class='ocrx_word' id='word_1_39' title='bbox 279 537 471 570; x_wconf 78' lang='lat' dir='ltr'><strong>phantasticam</strong></span> <span class='ocrx_word' id='word_1_40' title='bbox 491 536 543 562; x_wconf 93' lang='grc'><strong>216</strong></span> <span class='ocrx_word' id='word_1_41' title='bbox 561 536 596 562; x_wconf 99' lang='grc'><strong>97</strong></span> 
     </span>
    </p>

    <p class='ocr_par' dir='ltr' id='par_1_3' title="bbox 116 580 760 919">
     <span class='ocr_line' id='line_1_9' title="bbox 171 580 758 614; baseline -0.003 -6"><span class='ocrx_word' id='word_1_42' title='bbox 171 596 208 602; x_wconf 94' lang='grc'>-</span> <span class='ocrx_word' id='word_1_43' title='bbox 224 582 346 614; x_wconf 81' lang='lat' dir='ltr'><strong>ostendit,</strong></span> <span class='ocrx_word' id='word_1_44' title='bbox 358 589 387 607; x_wconf 86' lang='lat' dir='ltr'><strong>se</strong></span> <span class='ocrx_word' id='word_1_45' title='bbox 399 588 458 608; x_wconf 87' lang='lat' dir='ltr'><strong>esse</strong></span> <span class='ocrx_word' id='word_1_46' title='bbox 475 581 590 607; x_wconf 91' lang='lat' dir='ltr'><strong>eundem</strong></span> <span class='ocrx_word' id='word_1_47' title='bbox 603 580 650 614; x_wconf 91' lang='lat' dir='ltr'><strong>qui</strong></span> <span class='ocrx_word' id='word_1_48' title='bbox 664 587 758 613; x_wconf 87' lang='lat' dir='ltr'><strong>passus</strong></span> 
     </span>
     <span class='ocr_line' id='line_1_10' title="bbox 117 624 757 659; baseline -0.005 -6"><span class='ocrx_word' id='word_1_49' title='bbox 117 628 213 658; x_wconf 87' lang='lat' dir='ltr'><strong>fuerat,</strong></span> <span class='ocrx_word' id='word_1_50' title='bbox 231 632 280 659; x_wconf 91' lang='lat' dir='ltr'><strong>per</strong></span> <span class='ocrx_word' id='word_1_51' title='bbox 297 626 407 652; x_wconf 87' lang='lat' dir='ltr'><strong>vulnera</strong></span> <span class='ocrx_word' id='word_1_52' title='bbox 426 627 452 651; x_wconf 92' lang='lat' dir='ltr'><strong>et</strong></span> <span class='ocrx_word' id='word_1_53' title='bbox 464 625 598 651; x_wconf 80' lang='lat' dir='ltr'><strong>cicatrices</strong></span> <span class='ocrx_word' id='word_1_54' title='bbox 611 624 644 650; x_wconf 95' lang='lat' dir='ltr'><strong>Vl</strong></span> <span class='ocrx_word' id='word_1_55' title='bbox 658 624 710 651; x_wconf 91' lang='grc'><strong>512</strong></span> <span class='ocrx_word' id='word_1_56' title='bbox 724 624 757 650; x_wconf 92' lang='grc'><strong>40</strong></span> 
     </span>
     <span class='ocr_line' id='line_1_11' title="bbox 116 667 758 702; baseline -0.006 -5"><span class='ocrx_word' id='word_1_57' title='bbox 116 684 153 690; x_wconf 93' lang='grc'>-</span> <span class='ocrx_word' id='word_1_58' title='bbox 170 670 285 697; x_wconf 83' lang='lat' dir='ltr'><strong>ostendit</strong></span> <span class='ocrx_word' id='word_1_59' title='bbox 302 670 437 702; x_wconf 89' lang='lat' dir='ltr'><strong>discipulis</strong></span> <span class='ocrx_word' id='word_1_60' title='bbox 456 676 533 696; x_wconf 89' lang='lat' dir='ltr'><strong>veras</strong></span> <span class='ocrx_word' id='word_1_61' title='bbox 551 669 687 695; x_wconf 81' lang='lat' dir='ltr'><strong>cicatrices</strong></span> <span class='ocrx_word' id='word_1_62' title='bbox 705 667 758 694; x_wconf 88' lang='grc'><strong>517</strong></span> 
     </span>
     <span class='ocr_line' id='line_1_12' title="bbox 117 713 759 741; baseline -0.005 0"><span class='ocrx_word' id='word_1_63' title='bbox 117 714 151 741; x_wconf 91' lang='grc'><strong>64</strong></span> <span class='ocrx_word' id='word_1_64' title='bbox 170 728 207 734; x_wconf 95' lang='grc'>-</span> <span class='ocrx_word' id='word_1_65' title='bbox 224 714 259 741; x_wconf 85' lang='grc'><strong>33</strong></span> <span class='ocrx_word' id='word_1_66' title='bbox 277 714 405 741; x_wconf 85' lang='lat' dir='ltr'><strong>maiorem</strong></span> <span class='ocrx_word' id='word_1_67' title='bbox 432 713 616 740; x_wconf 87' lang='lat' dir='ltr'><strong>certitudinem</strong></span> <span class='ocrx_word' id='word_1_68' title='bbox 635 719 699 739; x_wconf 90' lang='lat' dir='ltr'><strong>suae</strong></span> <span class='ocrx_word' id='word_1_69' title='bbox 717 719 759 738; x_wconf 93' lang='lat' dir='ltr'><strong>re-</strong></span> 
     </span>
     <span class='ocr_line' id='line_1_13' title="bbox 117 756 758 791; baseline -0.005 -6"><span class='ocrx_word' id='word_1_70' title='bbox 117 758 284 785; x_wconf 91' lang='lat' dir='ltr'><strong>surrectionis</strong></span> <span class='ocrx_word' id='word_1_71' title='bbox 301 758 416 785; x_wconf 86' lang='lat' dir='ltr'><strong>ostendit</strong></span> <span class='ocrx_word' id='word_1_72' title='bbox 427 757 546 791; x_wconf 89' lang='lat' dir='ltr'><strong>corporis</strong></span> <span class='ocrx_word' id='word_1_73' title='bbox 563 757 697 784; x_wconf 79' lang='lat' dir='ltr'><strong>cicatrices</strong></span> <span class='ocrx_word' id='word_1_74' title='bbox 716 756 758 782; x_wconf 92' lang='lat' dir='ltr'><strong>Vll</strong></span> 
     </span>
     <span class='ocr_line' id='line_1_14' title="bbox 118 795 760 829; baseline -0.003 0"><span class='ocrx_word' id='word_1_75' title='bbox 118 795 170 829; x_wconf 92' lang='grc'><strong>600</strong></span> <span class='ocrx_word' id='word_1_76' title='bbox 189 803 223 829; x_wconf 88' lang='grc'><strong>52</strong></span> <span class='ocrx_word' id='word_1_77' title='bbox 242 817 278 822; x_wconf 90' lang='lat'>—</span> <span class='ocrx_word' id='word_1_78' title='bbox 296 803 430 829; x_wconf 85' lang='lat' dir='ltr'><strong>cicatrices</strong></span> <span class='ocrx_word' id='word_1_79' title='bbox 457 802 574 829; x_wconf 88' lang='lat' dir='ltr'><strong>servavit</strong></span> <span class='ocrx_word' id='word_1_80' title='bbox 591 801 627 828; x_wconf 88' lang='lat' dir='ltr'><strong>ad</strong></span> <span class='ocrx_word' id='word_1_81' title='bbox 645 804 760 828; x_wconf 88' lang='lat' dir='ltr'><strong>astruen-</strong></span> 
     </span>
     <span class='ocr_line' id='line_1_15' title="bbox 117 842 759 877; baseline -0.003 -3"><span class='ocrx_word' id='word_1_82' title='bbox 117 842 181 874; x_wconf 83' lang='lat' dir='ltr'><strong>dam</strong></span> <span class='ocrx_word' id='word_1_83' title='bbox 200 848 280 874; x_wconf 85' lang='lat' dir='ltr'><strong>fidem</strong></span> <span class='ocrx_word' id='word_1_84' title='bbox 308 847 507 877; x_wconf 89' lang='lat' dir='ltr'><strong>resurrectionis</strong></span> <span class='ocrx_word' id='word_1_85' title='bbox 534 850 560 873; x_wconf 86' lang='lat' dir='ltr'><strong>et</strong></span> <span class='ocrx_word' id='word_1_86' title='bbox 583 847 618 873; x_wconf 94' lang='lat' dir='ltr'><strong>ad</strong></span> <span class='ocrx_word' id='word_1_87' title='bbox 637 847 759 872; x_wconf 79' lang='lat' dir='ltr'><strong>affectum</strong></span> 
     </span>
     <span class='ocr_line' id='line_1_16' title="bbox 118 891 558 919; baseline -0.002 0"><span class='ocrx_word' id='word_1_88' title='bbox 118 896 237 919; x_wconf 89' lang='lat' dir='ltr'><strong>nostrum</strong></span> <span class='ocrx_word' id='word_1_89' title='bbox 256 892 476 918; x_wconf 87' lang='lat' dir='ltr'><strong>inflammandum</strong></span> <span class='ocrx_word' id='word_1_90' title='bbox 496 891 558 918; x_wconf 85' lang='lat' dir='ltr'><strong>ibid.</strong></span> 
     </span>
    </p>

    <p class='ocr_par' dir='ltr' id='par_1_4' title="bbox 118 936 762 1453">
     <span class='ocr_line' id='line_1_17' title="bbox 171 936 758 970; baseline -0.003 -7"><span class='ocrx_word' id='word_1_91' title='bbox 171 951 207 957; x_wconf 98' lang='lat'><strong>—</strong></span> <span class='ocrx_word' id='word_1_92' title='bbox 225 940 286 970; x_wconf 90' lang='lat' dir='ltr'><strong>post</strong></span> <span class='ocrx_word' id='word_1_93' title='bbox 297 937 517 964; x_wconf 81' lang='lat' dir='ltr'><strong>resurrectionem</strong></span> <span class='ocrx_word' id='word_1_94' title='bbox 529 939 586 962; x_wconf 89' lang='lat' dir='ltr'><strong>erat</strong></span> <span class='ocrx_word' id='word_1_95' title='bbox 599 936 684 968; x_wconf 83' lang='lat' dir='ltr'><strong>magis</strong></span> <span class='ocrx_word' id='word_1_96' title='bbox 697 942 758 962; x_wconf 91' lang='lat' dir='ltr'><strong>cum</strong></span> 
     </span>
     <span class='ocr_line' id='line_1_18' title="bbox 118 980 761 1014; baseline -0.005 -6"><span class='ocrx_word' id='word_1_97' title='bbox 118 982 264 1008; x_wconf 88' lang='lat' dir='ltr'><strong>reverentia</strong></span> <span class='ocrx_word' id='word_1_98' title='bbox 283 981 430 1014; x_wconf 88' lang='lat' dir='ltr'><strong>tangendus</strong></span> <span class='ocrx_word' id='word_1_99' title='bbox 457 987 507 1007; x_wconf 90' lang='lat' dir='ltr'><strong>nec</strong></span> <span class='ocrx_word' id='word_1_100' title='bbox 531 984 587 1007; x_wconf 90' lang='lat' dir='ltr'><strong>erat</strong></span> <span class='ocrx_word' id='word_1_101' title='bbox 605 987 667 1007; x_wconf 90' lang='lat' dir='ltr'><strong>cum</strong></span> <span class='ocrx_word' id='word_1_102' title='bbox 686 980 761 1006; x_wconf 92' lang='lat' dir='ltr'><strong>disci-</strong></span> 
     </span>
     <span class='ocr_line' id='line_1_19' title="bbox 118 1024 761 1060; baseline -0.002 -8"><span class='ocrx_word' id='word_1_103' title='bbox 118 1027 187 1060; x_wconf 87' lang='lat' dir='ltr'><strong>pulis</strong></span> <span class='ocrx_word' id='word_1_104' title='bbox 215 1028 244 1052; x_wconf 94' lang='lat' dir='ltr'><strong>ut</strong></span> <span class='ocrx_word' id='word_1_105' title='bbox 271 1026 344 1058; x_wconf 91' lang='lat' dir='ltr'><strong>prius</strong></span> <span class='ocrx_word' id='word_1_106' title='bbox 372 1026 405 1052; x_wconf 95' lang='lat' dir='ltr'><strong>Vl</strong></span> <span class='ocrx_word' id='word_1_107' title='bbox 425 1026 477 1051; x_wconf 89' lang='grc'><strong>509</strong></span> <span class='ocrx_word' id='word_1_108' title='bbox 497 1026 530 1052; x_wconf 91' lang='grc'><strong>26</strong></span> <span class='ocrx_word' id='word_1_109' title='bbox 549 1039 585 1045; x_wconf 89' lang='lat'>-</span> <span class='ocrx_word' id='word_1_110' title='bbox 603 1032 632 1052; x_wconf 92' lang='lat' dir='ltr'><strong>se</strong></span> <span class='ocrx_word' id='word_1_111' title='bbox 655 1024 761 1051; x_wconf 82' lang='lat' dir='ltr'><strong>exhibet</strong></span> 
     </span>
     <span class='ocr_line' id='line_1_20' title="bbox 118 1069 761 1103; baseline -0.003 -6"><span class='ocrx_word' id='word_1_112' title='bbox 118 1071 237 1097; x_wconf 81' lang='lat' dir='ltr'><strong>&#39;rhomae</strong></span> <span class='ocrx_word' id='word_1_113' title='bbox 255 1070 417 1103; x_wconf 89' lang='lat' dir='ltr'><strong>palpandum</strong></span> <span class='ocrx_word' id='word_1_114' title='bbox 436 1070 488 1096; x_wconf 85' lang='grc'><strong>516</strong></span> <span class='ocrx_word' id='word_1_115' title='bbox 508 1070 542 1096; x_wconf 93' lang='grc'><strong>57</strong></span> <span class='ocrx_word' id='word_1_116' title='bbox 561 1084 597 1089; x_wconf 95' lang='grc'>-</span> <span class='ocrx_word' id='word_1_117' title='bbox 610 1069 715 1096; x_wconf 78' lang='lat' dir='ltr'><strong>exhibet</strong></span> <span class='ocrx_word' id='word_1_118' title='bbox 732 1077 761 1096; x_wconf 92' lang='lat' dir='ltr'><strong>se</strong></span> 
     </span>
     <span class='ocr_line' id='line_1_21' title="bbox 118 1109 762 1148; baseline -0.002 -7"><span class='ocrx_word' id='word_1_119' title='bbox 118 1109 281 1148; x_wconf 88' lang='lat' dir='ltr'><strong>palpandum</strong></span> <span class='ocrx_word' id='word_1_120' title='bbox 299 1115 327 1141; x_wconf 91' lang='lat' dir='ltr'><strong>in</strong></span> <span class='ocrx_word' id='word_1_121' title='bbox 351 1117 537 1147; x_wconf 79' lang='lat' dir='ltr'><strong>argumentum</strong></span> <span class='ocrx_word' id='word_1_122' title='bbox 565 1121 630 1140; x_wconf 88' lang='lat' dir='ltr'><strong>suae</strong></span> <span class='ocrx_word' id='word_1_123' title='bbox 647 1121 762 1140; x_wconf 90' lang='lat' dir='ltr'><strong>resurre-</strong></span> 
     </span>
     <span class='ocr_line' id='line_1_22' title="bbox 118 1158 758 1191; baseline -0.003 -5"><span class='ocrx_word' id='word_1_124' title='bbox 118 1159 212 1186; x_wconf 91' lang='lat' dir='ltr'><strong>ctionis</strong></span> <span class='ocrx_word' id='word_1_125' title='bbox 229 1162 256 1185; x_wconf 86' lang='lat' dir='ltr'><strong>et</strong></span> <span class='ocrx_word' id='word_1_126' title='bbox 273 1162 378 1185; x_wconf 89' lang='lat' dir='ltr'><strong>nostrae</strong></span> <span class='ocrx_word' id='word_1_127' title='bbox 391 1159 588 1191; x_wconf 85' lang='lat' dir='ltr'><strong>glorificationis</strong></span> <span class='ocrx_word' id='word_1_128' title='bbox 601 1159 644 1185; x_wconf 92' lang='lat' dir='ltr'><strong>Vll</strong></span> <span class='ocrx_word' id='word_1_129' title='bbox 658 1159 709 1185; x_wconf 87' lang='grc'><strong>599</strong></span> <span class='ocrx_word' id='word_1_130' title='bbox 725 1158 758 1184; x_wconf 91' lang='grc'><strong>50</strong></span> 
     </span>
     <span class='ocr_line' id='line_1_23' title="bbox 119 1202 761 1237; baseline -0.002 -7"><span class='ocrx_word' id='word_1_131' title='bbox 119 1218 156 1224; x_wconf 95' lang='grc'>-</span> <span class='ocrx_word' id='word_1_132' title='bbox 173 1207 233 1237; x_wconf 92' lang='lat' dir='ltr'><strong>post</strong></span> <span class='ocrx_word' id='word_1_133' title='bbox 250 1204 469 1230; x_wconf 80' lang='lat' dir='ltr'><strong>resurrectionem</strong></span> <span class='ocrx_word' id='word_1_134' title='bbox 489 1202 581 1229; x_wconf 88' lang='lat' dir='ltr'><strong>habuit</strong></span> <span class='ocrx_word' id='word_1_135' title='bbox 599 1210 697 1235; x_wconf 91' lang='lat' dir='ltr'><strong>corpus</strong></span> <span class='ocrx_word' id='word_1_136' title='bbox 709 1203 761 1236; x_wconf 88' lang='lat' dir='ltr'><strong>pal-</strong></span> 
     </span>
     <span class='ocr_line' id='line_1_24' title="bbox 119 1241 761 1282; baseline -0.003 -7"><span class='ocrx_word' id='word_1_137' title='bbox 119 1248 207 1282; x_wconf 85' lang='lat' dir='ltr'><strong>pabile</strong></span> <span class='ocrx_word' id='word_1_138' title='bbox 225 1252 251 1274; x_wconf 90' lang='lat' dir='ltr'><strong>et</strong></span> <span class='ocrx_word' id='word_1_139' title='bbox 269 1248 347 1274; x_wconf 91' lang='lat' dir='ltr'><strong>simul</strong></span> <span class='ocrx_word' id='word_1_140' title='bbox 366 1247 460 1274; x_wconf 84' lang='lat' dir='ltr'><strong>subtile</strong></span> <span class='ocrx_word' id='word_1_141' title='bbox 479 1241 531 1273; x_wconf 90' lang='grc'><strong>600</strong></span> <span class='ocrx_word' id='word_1_142' title='bbox 545 1247 588 1279; x_wconf 87' lang='grc'><strong>50,</strong></span> <span class='ocrx_word' id='word_1_143' title='bbox 602 1247 631 1274; x_wconf 90' lang='grc'><strong>51</strong></span> <span class='ocrx_word' id='word_1_144' title='bbox 651 1261 685 1266; x_wconf 90' lang='grc'>-</span> <span class='ocrx_word' id='word_1_145' title='bbox 697 1246 761 1273; x_wconf 89' lang='lat' dir='ltr'><strong>Cor-</strong></span> 
     </span>
     <span class='ocr_line' id='line_1_25' title="bbox 120 1291 762 1326; baseline -0.005 -6"><span class='ocrx_word' id='word_1_146' title='bbox 120 1300 172 1326; x_wconf 90' lang='lat' dir='ltr'><strong>pus</strong></span> <span class='ocrx_word' id='word_1_147' title='bbox 189 1292 284 1320; x_wconf 85' lang='lat' dir='ltr'><strong>Christi</strong></span> <span class='ocrx_word' id='word_1_148' title='bbox 303 1295 358 1319; x_wconf 91' lang='lat' dir='ltr'><strong>erat</strong></span> <span class='ocrx_word' id='word_1_149' title='bbox 376 1292 508 1325; x_wconf 84' lang='lat' dir='ltr'><strong>palpabile</strong></span> <span class='ocrx_word' id='word_1_150' title='bbox 531 1299 584 1318; x_wconf 93' lang='lat' dir='ltr'><strong>non</strong></span> <span class='ocrx_word' id='word_1_151' title='bbox 602 1299 633 1318; x_wconf 83' lang='lat' dir='ltr'><strong>ex</strong></span> <span class='ocrx_word' id='word_1_152' title='bbox 651 1291 762 1317; x_wconf 89' lang='lat' dir='ltr'><strong>necessi-</strong></span> 
     </span>
     <span class='ocr_line' id='line_1_26' title="bbox 119 1335 762 1370; baseline -0.005 -6"><span class='ocrx_word' id='word_1_153' title='bbox 119 1340 186 1370; x_wconf 87' lang='lat' dir='ltr'><strong>tate,</strong></span> <span class='ocrx_word' id='word_1_154' title='bbox 214 1337 262 1364; x_wconf 91' lang='lat' dir='ltr'><strong>sed</strong></span> <span class='ocrx_word' id='word_1_155' title='bbox 289 1344 321 1363; x_wconf 83' lang='lat' dir='ltr'><strong>ex</strong></span> <span class='ocrx_word' id='word_1_156' title='bbox 347 1337 459 1370; x_wconf 91' lang='lat' dir='ltr'><strong>virtute,</strong></span> <span class='ocrx_word' id='word_1_157' title='bbox 486 1343 541 1370; x_wconf 88' lang='lat' dir='ltr'><strong>quo</strong></span> <span class='ocrx_word' id='word_1_158' title='bbox 564 1336 686 1362; x_wconf 82' lang='lat' dir='ltr'><strong>terminat</strong></span> <span class='ocrx_word' id='word_1_159' title='bbox 715 1335 762 1361; x_wconf 91' lang='lat' dir='ltr'><strong>im-</strong></span> 
     </span>
     <span class='ocr_line' id='line_1_27' title="bbox 120 1380 761 1415; baseline -0.005 -7"><span class='ocrx_word' id='word_1_160' title='bbox 120 1382 227 1415; x_wconf 90' lang='lat' dir='ltr'><strong>pulsum</strong></span> <span class='ocrx_word' id='word_1_161' title='bbox 257 1381 314 1408; x_wconf 89' lang='lat' dir='ltr'><strong>eius</strong></span> <span class='ocrx_word' id='word_1_162' title='bbox 344 1381 418 1415; x_wconf 94' lang='lat' dir='ltr'><strong>quod</strong></span> <span class='ocrx_word' id='word_1_163' title='bbox 440 1383 542 1414; x_wconf 88' lang='lat' dir='ltr'><strong>poterat</strong></span> <span class='ocrx_word' id='word_1_164' title='bbox 567 1383 703 1413; x_wconf 86' lang='lat' dir='ltr'><strong>penetrare</strong></span> <span class='ocrx_word' id='word_1_165' title='bbox 727 1380 761 1406; x_wconf 81' lang='lat' dir='ltr'><strong>Vl</strong></span> 
     </span>
     <span class='ocr_line' id='line_1_28' title="bbox 121 1426 227 1453; baseline -0.009 0"><span class='ocrx_word' id='word_1_166' title='bbox 121 1427 173 1453; x_wconf 93' lang='grc'><strong>518</strong></span> <span class='ocrx_word' id='word_1_167' title='bbox 193 1426 227 1452; x_wconf 90' lang='grc'><strong>65</strong></span> 
     </span>
    </p>

    <p class='ocr_par' dir='ltr' id='par_1_5' title="bbox 116 1469 766 2082">
     <span class='ocr_line' id='line_1_29' title="bbox 175 1469 762 1503; baseline -0.002 -7"><span class='ocrx_word' id='word_1_168' title='bbox 175 1485 210 1490; x_wconf 92' lang='grc'>-</span> <span class='ocrx_word' id='word_1_169' title='bbox 227 1473 287 1503; x_wconf 86' lang='lat' dir='ltr'><strong>post</strong></span> <span class='ocrx_word' id='word_1_170' title='bbox 304 1470 523 1497; x_wconf 87' lang='lat' dir='ltr'><strong>resurrectionem</strong></span> <span class='ocrx_word' id='word_1_171' title='bbox 550 1469 672 1503; x_wconf 89' lang='lat' dir='ltr'><strong>apparuit</strong></span> <span class='ocrx_word' id='word_1_172' title='bbox 689 1472 762 1496; x_wconf 86' lang='lat' dir='ltr'><strong>stans</strong></span> 
     </span>
     <span class='ocr_line' id='line_1_30' title="bbox 121 1514 762 1549; baseline -0.002 -8"><span class='ocrx_word' id='word_1_173' title='bbox 121 1515 148 1542; x_wconf 90' lang='lat' dir='ltr'><strong>in</strong></span> <span class='ocrx_word' id='word_1_174' title='bbox 167 1515 252 1542; x_wconf 89' lang='lat' dir='ltr'><strong>littore</strong></span> <span class='ocrx_word' id='word_1_175' title='bbox 270 1518 391 1542; x_wconf 83' lang='lat' dir='ltr'><strong>aeternae</strong></span> <span class='ocrx_word' id='word_1_176' title='bbox 408 1515 504 1549; x_wconf 90' lang='lat' dir='ltr'><strong>quietis</strong></span> <span class='ocrx_word' id='word_1_177' title='bbox 532 1515 566 1540; x_wconf 93' lang='lat' dir='ltr'><strong>Vl</strong></span> <span class='ocrx_word' id='word_1_178' title='bbox 585 1515 631 1541; x_wconf 89' lang='grc'><strong>521</strong></span> <span class='ocrx_word' id='word_1_179' title='bbox 657 1515 668 1540; x_wconf 90' lang='grc'><strong>4</strong></span> <span class='ocrx_word' id='word_1_180' title='bbox 675 1514 700 1540; x_wconf 85' lang='lat'><strong>5.</strong></span> <span class='ocrx_word' id='word_1_181' title='bbox 719 1514 762 1540; x_wconf 90' lang='lat' dir='ltr'><strong>Vll</strong></span> 
     </span>
     <span class='ocr_line' id='line_1_31' title="bbox 122 1559 764 1593; baseline -0.003 -7"><span class='ocrx_word' id='word_1_182' title='bbox 122 1560 174 1586; x_wconf 93' lang='grc'><strong>446</strong></span> <span class='ocrx_word' id='word_1_183' title='bbox 195 1560 228 1586; x_wconf 87' lang='grc'><strong>42</strong></span> <span class='ocrx_word' id='word_1_184' title='bbox 246 1574 282 1579; x_wconf 88' lang='lat'><em>-</em></span> <span class='ocrx_word' id='word_1_185' title='bbox 300 1560 436 1593; x_wconf 67' lang='lat' dir='ltr'><strong>apparitio</strong></span> <span class='ocrx_word' id='word_1_186' title='bbox 454 1559 550 1586; x_wconf 83' lang='lat' dir='ltr'><strong>Christi</strong></span> <span class='ocrx_word' id='word_1_187' title='bbox 567 1559 689 1592; x_wconf 84' lang='lat' dir='ltr'><strong>exprimit</strong></span> <span class='ocrx_word' id='word_1_188' title='bbox 706 1559 764 1591; x_wconf 88' lang='lat' dir='ltr'><strong>glo—</strong></span> 
     </span>
     <span class='ocr_line' id='line_1_32' title="bbox 116 1603 764 1643; baseline -0.002 -13"><span class='ocrx_word' id='word_1_189' title='bbox 116 1604 189 1643; x_wconf 76' lang='lat' dir='ltr'><strong>riam</strong></span> <span class='ocrx_word' id='word_1_190' title='bbox 208 1607 269 1637; x_wconf 92' lang='lat' dir='ltr'><strong>post</strong></span> <span class='ocrx_word' id='word_1_191' title='bbox 295 1605 515 1631; x_wconf 86' lang='lat' dir='ltr'><strong>resurrectionem</strong></span> <span class='ocrx_word' id='word_1_192' title='bbox 539 1604 583 1630; x_wconf 90' lang='lat' dir='ltr'><strong>Vll</strong></span> <span class='ocrx_word' id='word_1_193' title='bbox 603 1604 650 1630; x_wconf 92' lang='grc'><strong>231</strong></span> <span class='ocrx_word' id='word_1_194' title='bbox 676 1603 708 1629; x_wconf 91' lang='grc'><strong>48</strong></span> <span class='ocrx_word' id='word_1_195' title='bbox 727 1617 764 1623; x_wconf 90' lang='grc'>-</span> 
     </span>
     <span class='ocr_line' id='line_1_33' title="bbox 123 1648 764 1682; baseline 0 -7"><span class='ocrx_word' id='word_1_196' title='bbox 123 1649 235 1682; x_wconf 89' lang='lat' dir='ltr'><strong>imperat</strong></span> <span class='ocrx_word' id='word_1_197' title='bbox 253 1653 389 1682; x_wconf 87' lang='lat' dir='ltr'><strong>capturam</strong></span> <span class='ocrx_word' id='word_1_198' title='bbox 403 1649 536 1682; x_wconf 57' lang='lat' dir='ltr'><strong>piscium„</strong></span> <span class='ocrx_word' id='word_1_199' title='bbox 545 1652 573 1675; x_wconf 94' lang='lat' dir='ltr'><strong>ut</strong></span> <span class='ocrx_word' id='word_1_200' title='bbox 586 1649 707 1675; x_wconf 87' lang='lat' dir='ltr'><strong>ostendat</strong></span> <span class='ocrx_word' id='word_1_201' title='bbox 719 1648 764 1675; x_wconf 90' lang='lat' dir='ltr'><strong>do-</strong></span> 
     </span>
     <span class='ocr_line' id='line_1_34' title="bbox 122 1693 763 1721; baseline -0.002 -1"><span class='ocrx_word' id='word_1_202' title='bbox 122 1694 234 1720; x_wconf 90' lang='lat' dir='ltr'><strong>minium</strong></span> <span class='ocrx_word' id='word_1_203' title='bbox 259 1701 338 1720; x_wconf 92' lang='lat' dir='ltr'><strong>suum</strong></span> <span class='ocrx_word' id='word_1_204' title='bbox 366 1695 393 1720; x_wconf 88' lang='lat' dir='ltr'><strong>in</strong></span> <span class='ocrx_word' id='word_1_205' title='bbox 416 1694 504 1721; x_wconf 89' lang='lat' dir='ltr'><strong>omnia</strong></span> <span class='ocrx_word' id='word_1_206' title='bbox 534 1694 585 1720; x_wconf 92' lang='grc'><strong>415</strong></span> <span class='ocrx_word' id='word_1_207' title='bbox 605 1693 638 1719; x_wconf 87' lang='grc'><strong>40</strong></span> <span class='ocrx_word' id='word_1_208' title='bbox 657 1707 693 1713; x_wconf 91' lang='grc'>-</span> <span class='ocrx_word' id='word_1_209' title='bbox 711 1700 763 1719; x_wconf 88' lang='grc'><strong>11011</strong></span> 
     </span>
     <span class='ocr_line' id='line_1_35' title="bbox 123 1737 765 1772; baseline -0.003 -7"><span class='ocrx_word' id='word_1_210' title='bbox 123 1738 237 1765; x_wconf 85' lang='lat' dir='ltr'><strong>ostendit</strong></span> <span class='ocrx_word' id='word_1_211' title='bbox 254 1746 283 1765; x_wconf 89' lang='lat' dir='ltr'><strong>se</strong></span> <span class='ocrx_word' id='word_1_212' title='bbox 300 1739 389 1772; x_wconf 89' lang='lat' dir='ltr'><strong>ipsum</strong></span> <span class='ocrx_word' id='word_1_213' title='bbox 416 1738 566 1771; x_wconf 86' lang='lat' dir='ltr'><strong>discipulis,</strong></span> <span class='ocrx_word' id='word_1_214' title='bbox 585 1737 632 1764; x_wconf 88' lang='lat' dir='ltr'><strong>sed</strong></span> <span class='ocrx_word' id='word_1_215' title='bbox 651 1745 699 1770; x_wconf 90' lang='lat' dir='ltr'><strong>per</strong></span> <span class='ocrx_word' id='word_1_216' title='bbox 718 1737 765 1763; x_wconf 92' lang='lat' dir='ltr'><strong>mi-</strong></span> 
     </span>
     <span class='ocr_line' id='line_1_36' title="bbox 125 1782 764 1816; baseline -0.003 -6"><span class='ocrx_word' id='word_1_217' title='bbox 125 1783 234 1812; x_wconf 84' lang='lat' dir='ltr'><strong>rabilem</strong></span> <span class='ocrx_word' id='word_1_218' title='bbox 254 1786 391 1816; x_wconf 89' lang='lat' dir='ltr'><strong>capturam</strong></span> <span class='ocrx_word' id='word_1_219' title='bbox 410 1783 523 1816; x_wconf 88' lang='lat' dir='ltr'><strong>piscium</strong></span> <span class='ocrx_word' id='word_1_220' title='bbox 542 1783 711 1815; x_wconf 82' lang='lat' dir='ltr'><strong>cognoscitur</strong></span> <span class='ocrx_word' id='word_1_221' title='bbox 729 1782 764 1808; x_wconf 88' lang='lat' dir='ltr'><strong>Vl</strong></span> 
     </span>
     <span class='ocr_line' id='line_1_37' title="bbox 124 1827 765 1861; baseline -0.003 -7"><span class='ocrx_word' id='word_1_222' title='bbox 124 1828 177 1854; x_wconf 88' lang='grc'><strong>520</strong></span> <span class='ocrx_word' id='word_1_223' title='bbox 206 1828 221 1854; x_wconf 93' lang='grc'><strong>6</strong></span> <span class='ocrx_word' id='word_1_224' title='bbox 243 1843 276 1847; x_wconf 91' lang='grc'><strong>--</strong></span> <span class='ocrx_word' id='word_1_225' title='bbox 301 1827 415 1861; x_wconf 88' lang='lat' dir='ltr'><strong>benigne</strong></span> <span class='ocrx_word' id='word_1_226' title='bbox 439 1828 532 1855; x_wconf 86' lang='lat' dir='ltr'><strong>invitat</strong></span> <span class='ocrx_word' id='word_1_227' title='bbox 559 1827 703 1860; x_wconf 90' lang='lat' dir='ltr'><strong>discipulos</strong></span> <span class='ocrx_word' id='word_1_228' title='bbox 730 1827 765 1853; x_wconf 86' lang='lat' dir='ltr'><strong>ad</strong></span> 
     </span>
     <span class='ocr_line' id='line_1_38' title="bbox 124 1870 766 1905; baseline -0.003 -6"><span class='ocrx_word' id='word_1_229' title='bbox 124 1873 266 1905; x_wconf 90' lang='lat' dir='ltr'><strong>prandium</strong></span> <span class='ocrx_word' id='word_1_230' title='bbox 295 1872 346 1898; x_wconf 86' lang='grc'><strong>523</strong></span> <span class='ocrx_word' id='word_1_231' title='bbox 375 1874 409 1899; x_wconf 89' lang='grc'><strong>22</strong></span> <span class='ocrx_word' id='word_1_232' title='bbox 428 1887 464 1892; x_wconf 96' lang='grc'>-</span> <span class='ocrx_word' id='word_1_233' title='bbox 483 1872 608 1899; x_wconf 79' lang='lat' dir='ltr'><strong>munifice</strong></span> <span class='ocrx_word' id='word_1_234' title='bbox 634 1870 766 1898; x_wconf 86' lang='lat' dir='ltr'><strong>distribuit</strong></span> 
     </span>
     <span class='ocr_line' id='line_1_39' title="bbox 124 1916 766 1950; baseline -0.003 -6"><span class='ocrx_word' id='word_1_235' title='bbox 124 1917 261 1950; x_wconf 84' lang='lat' dir='ltr'><strong>discipulis</strong></span> <span class='ocrx_word' id='word_1_236' title='bbox 279 1916 378 1943; x_wconf 89' lang='lat' dir='ltr'><strong>cibaria</strong></span> <span class='ocrx_word' id='word_1_237' title='bbox 396 1916 430 1944; x_wconf 81' lang='lat' dir='ltr'><strong>ib.</strong></span> <span class='ocrx_word' id='word_1_238' title='bbox 450 1917 483 1943; x_wconf 90' lang='grc'><strong>24</strong></span> <span class='ocrx_word' id='word_1_239' title='bbox 496 1932 532 1936; x_wconf 91' lang='grc'><strong>-</strong></span> <span class='ocrx_word' id='word_1_240' title='bbox 544 1916 710 1943; x_wconf 87' lang='lat' dir='ltr'><strong>infallibilitas</strong></span> <span class='ocrx_word' id='word_1_241' title='bbox 722 1923 766 1948; x_wconf 90' lang='lat' dir='ltr'><strong>ap-</strong></span> 
     </span>
     <span class='ocr_line' id='line_1_40' title="bbox 125 1961 766 1995; baseline -0.003 -7"><span class='ocrx_word' id='word_1_242' title='bbox 125 1962 261 1995; x_wconf 89' lang='lat' dir='ltr'><strong>paritionis</strong></span> <span class='ocrx_word' id='word_1_243' title='bbox 278 1961 374 1988; x_wconf 89' lang='lat' dir='ltr'><strong>Christi</strong></span> <span class='ocrx_word' id='word_1_244' title='bbox 392 1962 587 1988; x_wconf 90' lang='lat' dir='ltr'><strong>demonstratur</strong></span> <span class='ocrx_word' id='word_1_245' title='bbox 599 1968 648 1994; x_wconf 88' lang='lat' dir='ltr'><strong>per</strong></span> <span class='ocrx_word' id='word_1_246' title='bbox 661 1962 766 1987; x_wconf 87' lang='lat' dir='ltr'><strong>authen-</strong></span> 
     </span>
     <span class='ocr_line' id='line_1_41' title="bbox 125 2004 766 2037; baseline -0.002 -6"><span class='ocrx_word' id='word_1_247' title='bbox 125 2005 207 2031; x_wconf 93' lang='lat' dir='ltr'><strong>ticum</strong></span> <span class='ocrx_word' id='word_1_248' title='bbox 225 2005 405 2031; x_wconf 85' lang='lat' dir='ltr'><strong>testimonium</strong></span> <span class='ocrx_word' id='word_1_249' title='bbox 424 2005 573 2037; x_wconf 90' lang='lat' dir='ltr'><strong>Scripturae</strong></span> <span class='ocrx_word' id='word_1_250' title='bbox 592 2008 618 2030; x_wconf 91' lang='lat' dir='ltr'><strong>et</strong></span> <span class='ocrx_word' id='word_1_251' title='bbox 637 2011 685 2037; x_wconf 88' lang='lat' dir='ltr'><strong>per</strong></span> <span class='ocrx_word' id='word_1_252' title='bbox 703 2004 766 2030; x_wconf 80' lang='lat' dir='ltr'><strong>iniu-</strong></span> 
     </span>
     <span class='ocr_line' id='line_1_42' title="bbox 126 2049 682 2082; baseline -0.004 -6"><span class='ocrx_word' id='word_1_253' title='bbox 126 2057 186 2076; x_wconf 92' lang='lat' dir='ltr'><strong>sum</strong></span> <span class='ocrx_word' id='word_1_254' title='bbox 204 2050 294 2076; x_wconf 88' lang='lat' dir='ltr'><strong>lumen</strong></span> <span class='ocrx_word' id='word_1_255' title='bbox 313 2050 495 2082; x_wconf 81' lang='lat' dir='ltr'><strong>intelligentiae</strong></span> <span class='ocrx_word' id='word_1_256' title='bbox 514 2049 558 2075; x_wconf 91' lang='lat' dir='ltr'><strong>Vll</strong></span> <span class='ocrx_word' id='word_1_257' title='bbox 577 2049 623 2074; x_wconf 91' lang='grc'><strong>604</strong></span> <span class='ocrx_word' id='word_1_258' title='bbox 648 2049 682 2075; x_wconf 92' lang='grc'><strong>56</strong></span> 
     </span>
    </p>

    <p class='ocr_par' dir='ltr' id='par_1_6' title="bbox 119 2093 768 2254">
     <span class='ocr_line' id='line_1_43' title="bbox 180 2093 766 2125; baseline -0.003 -5"><span class='ocrx_word' id='word_1_259' title='bbox 180 2108 216 2114; x_wconf 95' lang='grc'>-</span> <span class='ocrx_word' id='word_1_260' title='bbox 235 2094 263 2120; x_wconf 91' lang='lat' dir='ltr'><strong>in</strong></span> <span class='ocrx_word' id='word_1_261' title='bbox 280 2094 472 2121; x_wconf 89' lang='lat' dir='ltr'><strong>resurrectione</strong></span> <span class='ocrx_word' id='word_1_262' title='bbox 491 2093 608 2120; x_wconf 85' lang='lat' dir='ltr'><strong>ascendit</strong></span> <span class='ocrx_word' id='word_1_263' title='bbox 626 2096 686 2119; x_wconf 86' lang='lat' dir='ltr'><strong>ante</strong></span> <span class='ocrx_word' id='word_1_264' title='bbox 703 2100 766 2125; x_wconf 89' lang='lat' dir='ltr'><strong>nos,</strong></span> 
     </span>
     <span class='ocr_line' id='line_1_44' title="bbox 119 2137 768 2171; baseline -0.002 -7"><span class='ocrx_word' id='word_1_265' title='bbox 119 2139 211 2165; x_wconf 55' lang='grc' dir='ltr'><strong>Ὶ3133</strong></span> <span class='ocrx_word' id='word_1_266' title='bbox 229 2138 386 2171; x_wconf 84' lang='lat' dir='ltr'><strong>erigendum</strong></span> <span class='ocrx_word' id='word_1_267' title='bbox 413 2145 462 2164; x_wconf 86' lang='grc'><strong>1105</strong></span> <span class='ocrx_word' id='word_1_268' title='bbox 475 2137 561 2164; x_wconf 83' lang='lat' dir='ltr'><strong>-nobis</strong></span> <span class='ocrx_word' id='word_1_269' title='bbox 589 2144 698 2164; x_wconf 87' lang='lat' dir='ltr'><strong>manum</strong></span> <span class='ocrx_word' id='word_1_270' title='bbox 727 2144 768 2163; x_wconf 89' lang='lat' dir='ltr'><strong>ex-</strong></span> 
     </span>
     <span class='ocr_line' id='line_1_45' title="bbox 132 2181 768 2209; baseline -0.002 0"><span class='ocrx_word' id='word_1_271' title='bbox 132 2183 249 2209; x_wconf 88' lang='lat' dir='ltr'><strong>tenderet</strong></span> <span class='ocrx_word' id='word_1_272' title='bbox 267 2183 302 2209; x_wconf 89' lang='lat' dir='ltr'><strong>ad</strong></span> <span class='ocrx_word' id='word_1_273' title='bbox 320 2183 462 2209; x_wconf 89' lang='lat' dir='ltr'><strong>trahendos</strong></span> <span class='ocrx_word' id='word_1_274' title='bbox 480 2186 598 2209; x_wconf 89' lang='lat' dir='ltr'><strong>mortuos</strong></span> <span class='ocrx_word' id='word_1_275' title='bbox 617 2181 651 2208; x_wconf 89' lang='lat' dir='ltr'><strong>ab</strong></span> <span class='ocrx_word' id='word_1_276' title='bbox 681 2182 768 2208; x_wconf 84' lang='lat' dir='ltr'><strong>inferis</strong></span> 
     </span>
     <span class='ocr_line' id='line_1_46' title="bbox 128 2227 269 2254; baseline 0.007 -1"><span class='ocrx_word' id='word_1_277' title='bbox 128 2227 163 2254; x_wconf 90' lang='lat' dir='ltr'><strong>Vl</strong></span> <span class='ocrx_word' id='word_1_278' title='bbox 181 2228 228 2253; x_wconf 91' lang='grc'><strong>621</strong></span> <span class='ocrx_word' id='word_1_279' title='bbox 253 2227 269 2254; x_wconf 97' lang='grc'><strong>4</strong></span> 
     </span>
    </p>

    <p class='ocr_par' dir='ltr' id='par_1_7' title="bbox 130 2271 770 2437">
     <span class='ocr_line' id='line_1_47' title="bbox 181 2271 769 2303; baseline -0.002 -5"><span class='ocrx_word' id='word_1_280' title='bbox 181 2286 218 2292; x_wconf 90' lang='grc'><strong>-</strong></span> <span class='ocrx_word' id='word_1_281' title='bbox 236 2272 401 2298; x_wconf 80' lang='lat' dir='ltr'><strong>Resurrectio</strong></span> <span class='ocrx_word' id='word_1_282' title='bbox 414 2271 508 2298; x_wconf 88' lang='lat' dir='ltr'><strong>Christi</strong></span> <span class='ocrx_word' id='word_1_283' title='bbox 521 2271 655 2303; x_wconf 88' lang='lat' dir='ltr'><strong>divulgata</strong></span> <span class='ocrx_word' id='word_1_284' title='bbox 669 2273 708 2297; x_wconf 88' lang='lat' dir='ltr'><strong>est</strong></span> <span class='ocrx_word' id='word_1_285' title='bbox 721 2278 769 2303; x_wconf 90' lang='lat' dir='ltr'><strong>per</strong></span> 
     </span>
     <span class='ocr_line' id='line_1_48' title="bbox 133 2316 770 2349; baseline -0.002 -7"><span class='ocrx_word' id='word_1_286' title='bbox 133 2317 259 2349; x_wconf 86' lang='lat' dir='ltr'><strong>Spiritum</strong></span> <span class='ocrx_word' id='word_1_287' title='bbox 287 2319 406 2343; x_wconf 90' lang='lat' dir='ltr'><strong>sanctum</strong></span> <span class='ocrx_word' id='word_1_288' title='bbox 432 2317 523 2343; x_wconf 90' lang='lat' dir='ltr'><strong>datum</strong></span> <span class='ocrx_word' id='word_1_289' title='bbox 551 2316 682 2349; x_wconf 73' lang='lat' dir='ltr'><strong>Apostolis</strong></span> <span class='ocrx_word' id='word_1_290' title='bbox 709 2318 770 2348; x_wconf 90' lang='lat' dir='ltr'><strong>post</strong></span> 
     </span>
     <span class='ocr_line' id='line_1_49' title="bbox 130 2359 768 2387; baseline -0.005 0"><span class='ocrx_word' id='word_1_291' title='bbox 130 2361 310 2387; x_wconf 83' lang='lat' dir='ltr'><strong>ascensionem</strong></span> <span class='ocrx_word' id='word_1_292' title='bbox 330 2360 424 2387; x_wconf 87' lang='lat' dir='ltr'><strong>Christi</strong></span> <span class='ocrx_word' id='word_1_293' title='bbox 442 2361 487 2387; x_wconf 93' lang='lat' dir='ltr'><strong>Vll</strong></span> <span class='ocrx_word' id='word_1_294' title='bbox 506 2361 558 2386; x_wconf 94' lang='grc'><strong>602</strong></span> <span class='ocrx_word' id='word_1_295' title='bbox 577 2361 611 2386; x_wconf 92' lang='grc'><strong>60</strong></span> <span class='ocrx_word' id='word_1_296' title='bbox 624 2374 660 2380; x_wconf 90' lang='grc'>-</span> <span class='ocrx_word' id='word_1_297' title='bbox 674 2359 768 2386; x_wconf 89' lang='lat' dir='ltr'><strong>Christi</strong></span> 
     </span>
     <span class='ocr_line' id='line_1_50' title="bbox 130 2403 769 2437; baseline -0.002 -6"><span class='ocrx_word' id='word_1_298' title='bbox 130 2405 329 2431; x_wconf 87' lang='lat' dir='ltr'><strong>resurrectionis</strong></span> <span class='ocrx_word' id='word_1_299' title='bbox 347 2408 426 2431; x_wconf 89' lang='lat' dir='ltr'><strong>testes</strong></span> <span class='ocrx_word' id='word_1_300' title='bbox 451 2405 555 2431; x_wconf 76' lang='lat' dir='ltr'><strong>fuerunt</strong></span> <span class='ocrx_word' id='word_1_301' title='bbox 572 2404 688 2437; x_wconf 87' lang='lat' dir='ltr'><strong>Apostoli</strong></span> <span class='ocrx_word' id='word_1_302' title='bbox 707 2403 769 2431; x_wconf 81' lang='lat' dir='ltr'><strong>ibid.</strong></span> 
     </span>
    </p>

    <p class='ocr_par' dir='ltr' id='par_1_8' title="bbox 131 2448 771 2609">
     <span class='ocr_line' id='line_1_51' title="bbox 183 2448 770 2482; baseline -0.002 -7"><span class='ocrx_word' id='word_1_303' title='bbox 183 2463 219 2469; x_wconf 93' lang='lat'><em>-</em></span> <span class='ocrx_word' id='word_1_304' title='bbox 249 2456 391 2482; x_wconf 82' lang='lat' dir='ltr'><strong>resurgens</strong></span> <span class='ocrx_word' id='word_1_305' title='bbox 421 2449 548 2481; x_wconf 82' lang='lat' dir='ltr'><strong>dignitate</strong></span> <span class='ocrx_word' id='word_1_306' title='bbox 576 2448 770 2481; x_wconf 78' lang='lat' dir='ltr'><strong>glorificationis</strong></span> 
     </span>
     <span class='ocr_line' id='line_1_52' title="bbox 132 2493 769 2520; baseline -0.002 0"><span class='ocrx_word' id='word_1_307' title='bbox 132 2494 184 2520; x_wconf 89' lang='lat' dir='ltr'><strong>iam</strong></span> <span class='ocrx_word' id='word_1_308' title='bbox 203 2497 259 2520; x_wconf 90' lang='lat' dir='ltr'><strong>erat</strong></span> <span class='ocrx_word' id='word_1_309' title='bbox 277 2494 386 2520; x_wconf 87' lang='lat' dir='ltr'><strong>idoneus</strong></span> <span class='ocrx_word' id='word_1_310' title='bbox 406 2493 443 2519; x_wconf 92' lang='lat' dir='ltr'><strong>ire</strong></span> <span class='ocrx_word' id='word_1_311' title='bbox 461 2494 487 2519; x_wconf 93' lang='grc'><strong>111</strong></span> <span class='ocrx_word' id='word_1_312' title='bbox 507 2494 607 2519; x_wconf 87' lang='lat' dir='ltr'><strong>caelum</strong></span> <span class='ocrx_word' id='word_1_313' title='bbox 623 2494 655 2520; x_wconf 94' lang='lat' dir='ltr'><strong>Vl</strong></span> <span class='ocrx_word' id='word_1_314' title='bbox 669 2493 721 2519; x_wconf 92' lang='grc'><strong>510</strong></span> <span class='ocrx_word' id='word_1_315' title='bbox 735 2493 769 2519; x_wconf 91' lang='grc'><strong>26</strong></span> 
     </span>
     <span class='ocr_line' id='line_1_53' title="bbox 131 2537 771 2564; baseline 0 0"><span class='ocrx_word' id='word_1_316' title='bbox 131 2551 168 2558; x_wconf 93' lang='lat'><strong>—-</strong></span> <span class='ocrx_word' id='word_1_317' title='bbox 186 2538 211 2564; x_wconf 93' lang='lat' dir='ltr'><strong>in</strong></span> <span class='ocrx_word' id='word_1_318' title='bbox 230 2545 278 2564; x_wconf 88' lang='lat' dir='ltr'><strong>sua</strong></span> <span class='ocrx_word' id='word_1_319' title='bbox 296 2538 487 2564; x_wconf 85' lang='lat' dir='ltr'><strong>resurrectione</strong></span> <span class='ocrx_word' id='word_1_320' title='bbox 505 2537 636 2564; x_wconf 91' lang='lat' dir='ltr'><strong>mundum</strong></span> <span class='ocrx_word' id='word_1_321' title='bbox 656 2537 771 2564; x_wconf 87' lang='lat' dir='ltr'><strong>deseruit</strong></span> 
     </span>
     <span class='ocr_line' id='line_1_54' title="bbox 132 2581 699 2609; baseline -0.002 0"><span class='ocrx_word' id='word_1_322' title='bbox 132 2585 158 2609; x_wconf 89' lang='lat' dir='ltr'><strong>et</strong></span> <span class='ocrx_word' id='word_1_323' title='bbox 176 2583 210 2609; x_wconf 89' lang='lat' dir='ltr'><strong>ad</strong></span> <span class='ocrx_word' id='word_1_324' title='bbox 227 2583 330 2609; x_wconf 89' lang='lat' dir='ltr'><strong>Patrem</strong></span> <span class='ocrx_word' id='word_1_325' title='bbox 348 2581 527 2609; x_wconf 72' lang='grc' dir='ltr'><strong>3533113114θὸ</strong></span> <span class='ocrx_word' id='word_1_326' title='bbox 548 2582 591 2608; x_wconf 96' lang='grc'><strong>42.</strong></span> <span class='ocrx_word' id='word_1_327' title='bbox 611 2583 663 2608; x_wconf 90' lang='grc'><strong>620</strong></span> <span class='ocrx_word' id='word_1_328' title='bbox 683 2583 699 2608; x_wconf 91' lang='grc'><strong>2</strong></span> 
     </span>
    </p>

    <p class='ocr_par' dir='ltr' id='par_1_9' title="bbox 133 2627 772 2794">
     <span class='ocr_line' id='line_1_55' title="bbox 186 2627 772 2660; baseline -0.002 -7"><span class='ocrx_word' id='word_1_329' title='bbox 186 2641 221 2647; x_wconf 89' lang='grc'>-</span> <span class='ocrx_word' id='word_1_330' title='bbox 231 2627 357 2654; x_wconf 87' lang='lat' dir='ltr'><strong>subtraxit</strong></span> <span class='ocrx_word' id='word_1_331' title='bbox 370 2627 545 2660; x_wconf 86' lang='lat' dir='ltr'><strong>praesentiam</strong></span> <span class='ocrx_word' id='word_1_332' title='bbox 558 2634 634 2653; x_wconf 90' lang='lat' dir='ltr'><strong>suam</strong></span> <span class='ocrx_word' id='word_1_333' title='bbox 649 2627 673 2652; x_wconf 93' lang='lat' dir='ltr'><strong>in</strong></span> <span class='ocrx_word' id='word_1_334' title='bbox 686 2633 772 2653; x_wconf 71' lang='lat' dir='ltr'><strong>aseen-</strong></span> 
     </span>
     <span class='ocr_line' id='line_1_56' title="bbox 133 2671 771 2698; baseline -0.002 0"><span class='ocrx_word' id='word_1_335' title='bbox 133 2671 204 2698; x_wconf 82' lang='lat' dir='ltr'><strong>sione</strong></span> <span class='ocrx_word' id='word_1_336' title='bbox 231 2673 274 2698; x_wconf 84' lang='lat' dir='ltr'><strong>Vll</strong></span> <span class='ocrx_word' id='word_1_337' title='bbox 301 2672 350 2698; x_wconf 90' lang='grc'><strong>478</strong></span> <span class='ocrx_word' id='word_1_338' title='bbox 373 2672 404 2697; x_wconf 86' lang='grc'><strong>18</strong></span> <span class='ocrx_word' id='word_1_339' title='bbox 424 2686 457 2690; x_wconf 90' lang='grc'>-</span> <span class='ocrx_word' id='word_1_340' title='bbox 476 2672 584 2697; x_wconf 89' lang='lat' dir='ltr'><strong>recessit</strong></span> <span class='ocrx_word' id='word_1_341' title='bbox 610 2671 637 2697; x_wconf 90' lang='lat' dir='ltr'><strong>in</strong></span> <span class='ocrx_word' id='word_1_342' title='bbox 661 2678 771 2697; x_wconf 89' lang='lat' dir='ltr'><strong>ascensu</strong></span> 
     </span>
     <span class='ocr_line' id='line_1_57' title="bbox 134 2715 771 2742; baseline -0.002 0"><span class='ocrx_word' id='word_1_343' title='bbox 134 2717 168 2742; x_wconf 93' lang='lat' dir='ltr'><strong>ad</strong></span> <span class='ocrx_word' id='word_1_344' title='bbox 197 2717 298 2742; x_wconf 84' lang='lat' dir='ltr'><strong>Patrem</strong></span> <span class='ocrx_word' id='word_1_345' title='bbox 323 2719 349 2742; x_wconf 90' lang='lat' dir='ltr'><strong>et</strong></span> <span class='ocrx_word' id='word_1_346' title='bbox 373 2716 452 2742; x_wconf 85' lang='lat' dir='ltr'><strong>rediit</strong></span> <span class='ocrx_word' id='word_1_347' title='bbox 477 2716 503 2741; x_wconf 91' lang='lat' dir='ltr'><strong>in</strong></span> <span class='ocrx_word' id='word_1_348' title='bbox 529 2716 644 2742; x_wconf 90' lang='lat' dir='ltr'><strong>adventu</strong></span> <span class='ocrx_word' id='word_1_349' title='bbox 663 2716 719 2741; x_wconf 79' lang='lat' dir='ltr'><strong>eIus</strong></span> <span class='ocrx_word' id='word_1_350' title='bbox 738 2715 771 2741; x_wconf 86' lang='lat' dir='ltr'><strong>ad</strong></span> 
     </span>
     <span class='ocr_line' id='line_1_58' title="bbox 133 2760 772 2794; baseline -0.003 -7"><span class='ocrx_word' id='word_1_351' title='bbox 133 2760 277 2794; x_wconf 89' lang='lat' dir='ltr'><strong>discipulos</strong></span> <span class='ocrx_word' id='word_1_352' title='bbox 285 2761 459 2787; x_wconf 86' lang='lat' dir='ltr'><strong>assumendos</strong></span> <span class='ocrx_word' id='word_1_353' title='bbox 468 2761 494 2786; x_wconf 95' lang='lat' dir='ltr'><strong>in</strong></span> <span class='ocrx_word' id='word_1_354' title='bbox 504 2760 615 2793; x_wconf 83' lang='lat' dir='ltr'><strong>gloriam</strong></span> <span class='ocrx_word' id='word_1_355' title='bbox 625 2760 658 2786; x_wconf 90' lang='lat' dir='ltr'><strong>Vl</strong></span> <span class='ocrx_word' id='word_1_356' title='bbox 674 2760 725 2785; x_wconf 90' lang='grc'><strong>462</strong></span> <span class='ocrx_word' id='word_1_357' title='bbox 738 2760 772 2785; x_wconf 88' lang='grc'><strong>27</strong></span> 
     </span>
    </p>

    <p class='ocr_par' dir='ltr' id='par_1_10' title="bbox 134 2804 775 3008">
     <span class='ocr_line' id='line_1_59' title="bbox 187 2804 774 2838; baseline -0.003 -7"><span class='ocrx_word' id='word_1_358' title='bbox 187 2819 223 2825; x_wconf 96' lang='grc'>-</span> <span class='ocrx_word' id='word_1_359' title='bbox 241 2805 444 2838; x_wconf 84' lang='lat' dir='ltr'><strong>quadragesima</strong></span> <span class='ocrx_word' id='word_1_360' title='bbox 463 2805 506 2831; x_wconf 90' lang='lat' dir='ltr'><strong>die</strong></span> <span class='ocrx_word' id='word_1_361' title='bbox 524 2807 585 2837; x_wconf 88' lang='lat' dir='ltr'><strong>post</strong></span> <span class='ocrx_word' id='word_1_362' title='bbox 608 2804 774 2830; x_wconf 88' lang='lat' dir='ltr'><strong>resurrectio·</strong></span> 
     </span>
     <span class='ocr_line' id='line_1_60' title="bbox 135 2848 775 2879; baseline -0.005 -3"><span class='ocrx_word' id='word_1_363' title='bbox 135 2856 197 2876; x_wconf 91' lang='lat' dir='ltr'><strong>nem</strong></span> <span class='ocrx_word' id='word_1_364' title='bbox 216 2850 332 2876; x_wconf 89' lang='lat' dir='ltr'><strong>ascendit</strong></span> <span class='ocrx_word' id='word_1_365' title='bbox 350 2850 377 2875; x_wconf 90' lang='lat' dir='ltr'><strong>in</strong></span> <span class='ocrx_word' id='word_1_366' title='bbox 394 2849 494 2875; x_wconf 80' lang='lat' dir='ltr'><strong>caelum</strong></span> <span class='ocrx_word' id='word_1_367' title='bbox 513 2849 620 2874; x_wconf 50' lang='grc'><strong>1111603</strong></span> <span class='ocrx_word' id='word_1_368' title='bbox 635 2848 678 2879; x_wconf 84' lang='grc'><strong>63,</strong></span> <span class='ocrx_word' id='word_1_369' title='bbox 691 2848 725 2874; x_wconf 85' lang='grc'><strong>64</strong></span> <span class='ocrx_word' id='word_1_370' title='bbox 738 2861 775 2867; x_wconf 89' lang='grc'>-</span> 
     </span>
     <span class='ocr_line' id='line_1_61' title="bbox 134 2893 774 2925; baseline -0.003 -6"><span class='ocrx_word' id='word_1_371' title='bbox 134 2893 161 2919; x_wconf 91' lang='grc'><strong>111</strong></span> <span class='ocrx_word' id='word_1_372' title='bbox 180 2894 332 2919; x_wconf 84' lang='lat' dir='ltr'><strong>ascensione</strong></span> <span class='ocrx_word' id='word_1_373' title='bbox 360 2893 433 2919; x_wconf 92' lang='lat' dir='ltr'><strong>venit</strong></span> <span class='ocrx_word' id='word_1_374' title='bbox 460 2893 485 2919; x_wconf 93' lang='lat' dir='ltr'><strong>in</strong></span> <span class='ocrx_word' id='word_1_375' title='bbox 508 2893 619 2919; x_wconf 91' lang='lat' dir='ltr'><strong>domum</strong></span> <span class='ocrx_word' id='word_1_376' title='bbox 644 2899 774 2925; x_wconf 79' lang='lat' dir='ltr'><strong>supernae</strong></span> 
     </span>
     <span class='ocr_line' id='line_1_62' title="bbox 135 2937 775 2973; baseline -0.003 -9"><span class='ocrx_word' id='word_1_377' title='bbox 135 2938 275 2964; x_wconf 80' lang='lat' dir='ltr'><strong>Ierusalem</strong></span> <span class='ocrx_word' id='word_1_378' title='bbox 305 2938 356 2963; x_wconf 86' lang='lat'><strong>386</strong></span> <span class='ocrx_word' id='word_1_379' title='bbox 377 2938 408 2963; x_wconf 88' lang='grc'><strong>43</strong></span> <span class='ocrx_word' id='word_1_380' title='bbox 428 2951 464 2957; x_wconf 93' lang='lat'><em>-</em></span> <span class='ocrx_word' id='word_1_381' title='bbox 482 2937 599 2963; x_wconf 88' lang='lat' dir='ltr'><strong>ascendit</strong></span> <span class='ocrx_word' id='word_1_382' title='bbox 624 2937 660 2973; x_wconf 20' lang='lat' dir='ltr'><strong>‘de</strong></span> <span class='ocrx_word' id='word_1_383' title='bbox 685 2939 775 2962; x_wconf 90' lang='lat' dir='ltr'><strong>monte</strong></span> 
     </span>
     <span class='ocr_line' id='line_1_63' title="bbox 137 2981 617 3008; baseline -0.004 0"><span class='ocrx_word' id='word_1_384' title='bbox 137 2981 231 3008; x_wconf 90' lang='lat' dir='ltr'><strong>Oliveti</strong></span> <span class='ocrx_word' id='word_1_385' title='bbox 249 2983 301 3008; x_wconf 87' lang='grc'><strong>232</strong></span> <span class='ocrx_word' id='word_1_386' title='bbox 321 2982 363 3008; x_wconf 88' lang='grc'><strong>50.</strong></span> <span class='ocrx_word' id='word_1_387' title='bbox 385 2981 435 3007; x_wconf 88' lang='grc'><strong>492</strong></span> <span class='ocrx_word' id='word_1_388' title='bbox 455 2981 499 3007; x_wconf 87' lang='grc'><strong>55.</strong></span> <span class='ocrx_word' id='word_1_389' title='bbox 518 2981 570 3007; x_wconf 84' lang='grc'><strong>555</strong></span> <span class='ocrx_word' id='word_1_390' title='bbox 589 2981 617 3006; x_wconf 89' lang='grc'><strong>51</strong></span> 
     </span>
    </p>

    <p class='ocr_par' dir='ltr' id='par_1_11' title="bbox 138 3025 780 3368">
     <span class='ocr_line' id='line_1_64' title="bbox 192 3025 776 3058; baseline -0.002 -6"><span class='ocrx_word' id='word_1_391' title='bbox 192 3040 226 3045; x_wconf 82' lang='lat'><strong>——</strong></span> <span class='ocrx_word' id='word_1_392' title='bbox 244 3026 362 3052; x_wconf 89' lang='lat' dir='ltr'><strong>ascendit</strong></span> <span class='ocrx_word' id='word_1_393' title='bbox 380 3026 405 3052; x_wconf 91' lang='lat' dir='ltr'><strong>in</strong></span> <span class='ocrx_word' id='word_1_394' title='bbox 425 3027 526 3052; x_wconf 87' lang='lat' dir='ltr'><strong>caelum</strong></span> <span class='ocrx_word' id='word_1_395' title='bbox 545 3025 661 3058; x_wconf 89' lang='lat' dir='ltr'><strong>primum</strong></span> <span class='ocrx_word' id='word_1_396' title='bbox 685 3028 710 3051; x_wconf 92' lang='lat' dir='ltr'><strong>et</strong></span> <span class='ocrx_word' id='word_1_397' title='bbox 729 3032 776 3057; x_wconf 90' lang='lat' dir='ltr'><strong>per</strong></span> 
     </span>
     <span class='ocr_line' id='line_1_65' title="bbox 138 3070 777 3103; baseline -0.002 -7"><span class='ocrx_word' id='word_1_398' title='bbox 138 3077 181 3101; x_wconf 90' lang='lat' dir='ltr'><strong>se,</strong></span> <span class='ocrx_word' id='word_1_399' title='bbox 200 3073 226 3096; x_wconf 90' lang='lat' dir='ltr'><strong>et</strong></span> <span class='ocrx_word' id='word_1_400' title='bbox 244 3071 351 3103; x_wconf 85' lang='lat' dir='ltr'><strong>propria</strong></span> <span class='ocrx_word' id='word_1_401' title='bbox 370 3070 466 3096; x_wconf 89' lang='lat' dir='ltr'><strong>virtute</strong></span> <span class='ocrx_word' id='word_1_402' title='bbox 484 3070 616 3102; x_wconf 86' lang='lat' dir='ltr'><strong>clevatus,</strong></span> <span class='ocrx_word' id='word_1_403' title='bbox 629 3077 680 3095; x_wconf 89' lang='lat' dir='ltr'><strong>non</strong></span> <span class='ocrx_word' id='word_1_404' title='bbox 695 3073 777 3095; x_wconf 88' lang='lat' dir='ltr'><strong>trans-</strong></span> 
     </span>
     <span class='ocr_line' id='line_1_66' title="bbox 138 3113 778 3140; baseline -0.002 0"><span class='ocrx_word' id='word_1_405' title='bbox 138 3114 206 3140; x_wconf 89' lang='lat' dir='ltr'><strong>latus</strong></span> <span class='ocrx_word' id='word_1_406' title='bbox 223 3115 265 3140; x_wconf 80' lang='lat' dir='ltr'><strong>vel</strong></span> <span class='ocrx_word' id='word_1_407' title='bbox 284 3114 427 3140; x_wconf 83' lang='lat' dir='ltr'><strong>subvectus</strong></span> <span class='ocrx_word' id='word_1_408' title='bbox 446 3114 480 3140; x_wconf 87' lang='lat' dir='ltr'><strong>Vl</strong></span> <span class='ocrx_word' id='word_1_409' title='bbox 500 3114 552 3140; x_wconf 87' lang='grc'><strong>630</strong></span> <span class='ocrx_word' id='word_1_410' title='bbox 571 3114 586 3139; x_wconf 89' lang='grc'><strong>2</strong></span> <span class='ocrx_word' id='word_1_411' title='bbox 607 3113 625 3139; x_wconf 88' lang='lat' dir='ltr'><strong>b</strong></span> <span class='ocrx_word' id='word_1_412' title='bbox 643 3127 679 3133; x_wconf 97' lang='lat'><strong>—</strong></span> <span class='ocrx_word' id='word_1_413' title='bbox 691 3120 778 3139; x_wconf 81' lang='lat' dir='ltr'><strong>ascen-</strong></span> 
     </span>
     <span class='ocr_line' id='line_1_67' title="bbox 140 3156 777 3191; baseline -0.003 -7"><span class='ocrx_word' id='word_1_414' title='bbox 140 3158 179 3184; x_wconf 90' lang='lat' dir='ltr'><strong>dit</strong></span> <span class='ocrx_word' id='word_1_415' title='bbox 197 3165 244 3191; x_wconf 88' lang='lat' dir='ltr'><strong>per</strong></span> <span class='ocrx_word' id='word_1_416' title='bbox 264 3159 387 3184; x_wconf 91' lang='lat' dir='ltr'><strong>virtutem</strong></span> <span class='ocrx_word' id='word_1_417' title='bbox 414 3159 460 3184; x_wconf 87' lang='grc'><strong>361</strong></span> <span class='ocrx_word' id='word_1_418' title='bbox 495 3159 527 3184; x_wconf 88' lang='grc'><strong>33</strong></span> <span class='ocrx_word' id='word_1_419' title='bbox 547 3172 583 3176; x_wconf 94' lang='grc'><strong>-</strong></span> <span class='ocrx_word' id='word_1_420' title='bbox 600 3156 732 3183; x_wconf 87' lang='lat' dir='ltr'><strong>ferebatur</strong></span> <span class='ocrx_word' id='word_1_421' title='bbox 750 3158 777 3183; x_wconf 88' lang='lat' dir='ltr'><strong>in</strong></span> 
     </span>
     <span class='ocr_line' id='line_1_68' title="bbox 140 3202 777 3235; baseline -0.003 -7"><span class='ocrx_word' id='word_1_422' title='bbox 140 3203 242 3228; x_wconf 88' lang='lat' dir='ltr'><strong>caelum</strong></span> <span class='ocrx_word' id='word_1_423' title='bbox 262 3203 358 3229; x_wconf 86' lang='lat' dir='ltr'><strong>virtute</strong></span> <span class='ocrx_word' id='word_1_424' title='bbox 377 3202 498 3235; x_wconf 88' lang='lat' dir='ltr'><strong>propria,</strong></span> <span class='ocrx_word' id='word_1_425' title='bbox 516 3202 647 3230; x_wconf 85' lang='lat' dir='ltr'><strong>serviente</strong></span> <span class='ocrx_word' id='word_1_426' title='bbox 659 3204 777 3227; x_wconf 89' lang='lat' dir='ltr'><strong>creatura</strong></span> 
     </span>
     <span class='ocr_line' id='line_1_69' title="bbox 141 3245 778 3280; baseline -0.002 -9"><span class='ocrx_word' id='word_1_427' title='bbox 141 3249 195 3272; x_wconf 87' lang='lat' dir='ltr'><strong>tam</strong></span> <span class='ocrx_word' id='word_1_428' title='bbox 214 3246 340 3279; x_wconf 86' lang='lat' dir='ltr'><strong>spirituali</strong></span> <span class='ocrx_word' id='word_1_429' title='bbox 360 3253 440 3280; x_wconf 90' lang='lat' dir='ltr'><strong>quam</strong></span> <span class='ocrx_word' id='word_1_430' title='bbox 460 3246 590 3279; x_wconf 85' lang='lat' dir='ltr'><strong>corporali</strong></span> <span class='ocrx_word' id='word_1_431' title='bbox 610 3245 653 3271; x_wconf 88' lang='lat' dir='ltr'><strong>Vll</strong></span> <span class='ocrx_word' id='word_1_432' title='bbox 673 3245 724 3271; x_wconf 89' lang='grc'><strong>603</strong></span> <span class='ocrx_word' id='word_1_433' title='bbox 744 3245 778 3270; x_wconf 91' lang='grc'><strong>64</strong></span> 
     </span>
     <span class='ocr_line' id='line_1_70' title="bbox 141 3290 780 3323; baseline -0.005 -6"><span class='ocrx_word' id='word_1_434' title='bbox 141 3303 177 3309; x_wconf 90' lang='grc'><strong>-</strong></span> <span class='ocrx_word' id='word_1_435' title='bbox 196 3291 267 3317; x_wconf 86' lang='lat' dir='ltr'><strong>solus</strong></span> <span class='ocrx_word' id='word_1_436' title='bbox 286 3294 371 3323; x_wconf 87' lang='lat' dir='ltr'><strong>potest</strong></span> <span class='ocrx_word' id='word_1_437' title='bbox 389 3291 531 3317; x_wconf 87' lang='lat' dir='ltr'><strong>ascendere</strong></span> <span class='ocrx_word' id='word_1_438' title='bbox 559 3290 586 3316; x_wconf 92' lang='lat' dir='ltr'><strong>in</strong></span> <span class='ocrx_word' id='word_1_439' title='bbox 604 3290 705 3316; x_wconf 89' lang='lat' dir='ltr'><strong>caelum</strong></span> <span class='ocrx_word' id='word_1_440' title='bbox 733 3296 780 3321; x_wconf 87' lang='lat' dir='ltr'><strong>per</strong></span> 
     </span>
     <span class='ocr_line' id='line_1_71' title="bbox 142 3333 780 3368; baseline -0.002 -8"><span class='ocrx_word' id='word_1_441' title='bbox 142 3341 185 3367; x_wconf 89' lang='lat' dir='ltr'><strong>se,</strong></span> <span class='ocrx_word' id='word_1_442' title='bbox 204 3338 230 3360; x_wconf 88' lang='lat' dir='ltr'><strong>et</strong></span> <span class='ocrx_word' id='word_1_443' title='bbox 247 3342 339 3361; x_wconf 91' lang='lat' dir='ltr'><strong>omnes</strong></span> <span class='ocrx_word' id='word_1_444' title='bbox 357 3342 405 3368; x_wconf 88' lang='lat' dir='ltr'><strong>per</strong></span> <span class='ocrx_word' id='word_1_445' title='bbox 423 3335 494 3361; x_wconf 90' lang='lat' dir='ltr'><strong>illum</strong></span> <span class='ocrx_word' id='word_1_446' title='bbox 513 3334 546 3361; x_wconf 90' lang='lat' dir='ltr'><strong>Vl</strong></span> <span class='ocrx_word' id='word_1_447' title='bbox 560 3335 610 3361; x_wconf 88' lang='grc'><strong>282</strong></span> <span class='ocrx_word' id='word_1_448' title='bbox 625 3334 667 3360; x_wconf 91' lang='grc'><strong>23.</strong></span> <span class='ocrx_word' id='word_1_449' title='bbox 681 3334 732 3360; x_wconf 89' lang='grc'><strong>283</strong></span> <span class='ocrx_word' id='word_1_450' title='bbox 746 3333 780 3359; x_wconf 87' lang='grc'><strong>27</strong></span> 
     </span>
    </p>
   </div>
   <div class='ocr_carea' id='block_1_2' title="bbox 784 181 1441 216">
    <p class='ocr_par' dir='ltr' id='par_1_12' title="bbox 784 181 1441 216">
     <span class='ocr_line' id='line_1_72' title="bbox 784 181 1441 216; baseline 0.002 -2"><span class='ocrx_word' id='word_1_451' title='bbox 784 182 822 214; x_wconf 89' lang='grc' dir='ltr'><strong>ΙΝ</strong></span> <span class='ocrx_word' id='word_1_452' title='bbox 845 181 1138 215; x_wconf 79' lang='lat' dir='ltr'><strong>COMMENTARIOS</strong></span> <span class='ocrx_word' id='word_1_453' title='bbox 1161 182 1190 215; x_wconf 90' lang='lat' dir='ltr'><strong>S.</strong></span> <span class='ocrx_word' id='word_1_454' title='bbox 1215 182 1441 216; x_wconf 74' lang='lat' dir='ltr'><strong>SCRIPTURAE</strong></span> 
     </span>
    </p>
   </div>
   <div class='ocr_carea' id='block_1_3' title="bbox 794 269 1454 3320">
    <p class='ocr_par' dir='ltr' id='par_1_13' title="bbox 794 269 1439 739">
     <span class='ocr_line' id='line_1_73' title="bbox 848 269 1436 296; baseline 0.002 -1"><span class='ocrx_word' id='word_1_455' title='bbox 848 284 884 288; x_wconf 89' lang='lat'><strong>—</strong></span> <span class='ocrx_word' id='word_1_456' title='bbox 903 270 1033 296; x_wconf 84' lang='lat' dir='ltr'><strong>Ascensus</strong></span> <span class='ocrx_word' id='word_1_457' title='bbox 1052 269 1144 295; x_wconf 79' lang='lat' dir='ltr'><strong>Christi</strong></span> <span class='ocrx_word' id='word_1_458' title='bbox 1165 270 1191 295; x_wconf 89' lang='lat' dir='ltr'><strong>in</strong></span> <span class='ocrx_word' id='word_1_459' title='bbox 1211 270 1313 296; x_wconf 82' lang='lat' dir='ltr'><strong>caelum</strong></span> <span class='ocrx_word' id='word_1_460' title='bbox 1332 271 1379 296; x_wconf 83' lang='lat' dir='ltr'><strong>fuit</strong></span> <span class='ocrx_word' id='word_1_461' title='bbox 1392 277 1436 296; x_wconf 90' lang='lat' dir='ltr'><strong>no-</strong></span> 
     </span>
     <span class='ocr_line' id='line_1_74' title="bbox 795 313 1437 346; baseline 0 -7"><span class='ocrx_word' id='word_1_462' title='bbox 795 313 940 339; x_wconf 89' lang='lat' dir='ltr'><strong>bilissimus</strong></span> <span class='ocrx_word' id='word_1_463' title='bbox 957 316 1086 346; x_wconf 91' lang='lat' dir='ltr'><strong>quantum</strong></span> <span class='ocrx_word' id='word_1_464' title='bbox 1111 313 1145 340; x_wconf 86' lang='lat' dir='ltr'><strong>ad</strong></span> <span class='ocrx_word' id='word_1_465' title='bbox 1171 314 1328 346; x_wconf 88' lang='lat' dir='ltr'><strong>primatum,</strong></span> <span class='ocrx_word' id='word_1_466' title='bbox 1349 317 1437 346; x_wconf 83' lang='lat' dir='ltr'><strong>poten-</strong></span> 
     </span>
     <span class='ocr_line' id='line_1_75' title="bbox 794 358 1437 391; baseline 0 -8"><span class='ocrx_word' id='word_1_467' title='bbox 794 358 912 384; x_wconf 90' lang='lat' dir='ltr'><strong>tissimus</strong></span> <span class='ocrx_word' id='word_1_468' title='bbox 930 362 1059 391; x_wconf 88' lang='lat' dir='ltr'><strong>quantum</strong></span> <span class='ocrx_word' id='word_1_469' title='bbox 1078 358 1112 384; x_wconf 91' lang='lat' dir='ltr'><strong>ad</strong></span> <span class='ocrx_word' id='word_1_470' title='bbox 1138 358 1263 391; x_wconf 82' lang='lat' dir='ltr'><strong>modum,</strong></span> <span class='ocrx_word' id='word_1_471' title='bbox 1282 358 1437 384; x_wconf 80' lang='lat' dir='ltr'><strong>iucundissi-</strong></span> 
     </span>
     <span class='ocr_line' id='line_1_76' title="bbox 796 401 1437 435; baseline 0 -8"><span class='ocrx_word' id='word_1_472' title='bbox 796 409 856 428; x_wconf 87' lang='lat' dir='ltr'><strong>mus</strong></span> <span class='ocrx_word' id='word_1_473' title='bbox 890 404 1018 435; x_wconf 86' lang='lat' dir='ltr'><strong>quantum</strong></span> <span class='ocrx_word' id='word_1_474' title='bbox 1051 401 1086 428; x_wconf 89' lang='lat' dir='ltr'><strong>ad</strong></span> <span class='ocrx_word' id='word_1_475' title='bbox 1122 408 1266 435; x_wconf 84' lang='lat' dir='ltr'><strong>pompam,</strong></span> <span class='ocrx_word' id='word_1_476' title='bbox 1295 402 1437 428; x_wconf 90' lang='lat' dir='ltr'><strong>altissimus</strong></span> 
     </span>
     <span class='ocr_line' id='line_1_77' title="bbox 794 446 1438 484; baseline -0.003 -11"><span class='ocrx_word' id='word_1_477' title='bbox 794 449 924 480; x_wconf 89' lang='lat' dir='ltr'><strong>quantum</strong></span> <span class='ocrx_word' id='word_1_478' title='bbox 952 446 987 484; x_wconf 83' lang='lat' dir='ltr'><strong>ad</strong></span> <span class='ocrx_word' id='word_1_479' title='bbox 1012 446 1155 472; x_wconf 91' lang='lat' dir='ltr'><strong>terminum</strong></span> <span class='ocrx_word' id='word_1_480' title='bbox 1181 446 1213 472; x_wconf 90' lang='lat' dir='ltr'><strong>Vl</strong></span> <span class='ocrx_word' id='word_1_481' title='bbox 1243 446 1295 471; x_wconf 88' lang='grc'><strong>620</strong></span> <span class='ocrx_word' id='word_1_482' title='bbox 1324 447 1340 471; x_wconf 90' lang='grc'><strong>2</strong></span> <span class='ocrx_word' id='word_1_483' title='bbox 1366 446 1384 472; x_wconf 92' lang='lat' dir='ltr'><strong>b</strong></span> <span class='ocrx_word' id='word_1_484' title='bbox 1402 460 1438 465; x_wconf 96' lang='lat'><strong>—</strong></span> 
     </span>
     <span class='ocr_line' id='line_1_78' title="bbox 795 490 1436 524; baseline -0.003 -7"><span class='ocrx_word' id='word_1_485' title='bbox 795 490 967 524; x_wconf 87' lang='lat' dir='ltr'><strong>triumphavit</strong></span> <span class='ocrx_word' id='word_1_486' title='bbox 986 490 1102 523; x_wconf 87' lang='lat' dir='ltr'><strong>plenarie</strong></span> <span class='ocrx_word' id='word_1_487' title='bbox 1114 490 1140 516; x_wconf 92' lang='lat' dir='ltr'><strong>in</strong></span> <span class='ocrx_word' id='word_1_488' title='bbox 1154 490 1308 516; x_wconf 87' lang='lat' dir='ltr'><strong>ascensione</strong></span> <span class='ocrx_word' id='word_1_489' title='bbox 1326 490 1371 516; x_wconf 87' lang='lat' dir='ltr'><strong>Vll</strong></span> <span class='ocrx_word' id='word_1_490' title='bbox 1385 490 1436 516; x_wconf 89' lang='grc'><strong>604</strong></span> 
     </span>
     <span class='ocr_line' id='line_1_79' title="bbox 795 534 1439 567; baseline -0.002 -6"><span class='ocrx_word' id='word_1_491' title='bbox 795 535 829 561; x_wconf 91' lang='grc'><strong>65</strong></span> <span class='ocrx_word' id='word_1_492' title='bbox 854 549 891 555; x_wconf 92' lang='lat'>-</span> <span class='ocrx_word' id='word_1_493' title='bbox 914 541 976 561; x_wconf 91' lang='lat' dir='ltr'><strong>cum</strong></span> <span class='ocrx_word' id='word_1_494' title='bbox 1002 535 1083 567; x_wconf 78' lang='lat' dir='ltr'><strong>gloria</strong></span> <span class='ocrx_word' id='word_1_495' title='bbox 1107 537 1246 567; x_wconf 89' lang='lat' dir='ltr'><strong>susceptus</strong></span> <span class='ocrx_word' id='word_1_496' title='bbox 1273 537 1314 560; x_wconf 89' lang='lat' dir='ltr'><strong>est</strong></span> <span class='ocrx_word' id='word_1_497' title='bbox 1341 534 1366 560; x_wconf 92' lang='lat' dir='ltr'><strong>in</strong></span> <span class='ocrx_word' id='word_1_498' title='bbox 1395 534 1439 560; x_wconf 89' lang='lat' dir='ltr'><strong>die</strong></span> 
     </span>
     <span class='ocr_line' id='line_1_80' title="bbox 794 578 1439 605; baseline -0.002 0"><span class='ocrx_word' id='word_1_499' title='bbox 794 579 955 605; x_wconf 88' lang='lat' dir='ltr'><strong>ascensionis</strong></span> <span class='ocrx_word' id='word_1_500' title='bbox 975 580 1006 605; x_wconf 89' lang='lat' dir='ltr'><strong>Vl</strong></span> <span class='ocrx_word' id='word_1_501' title='bbox 1027 578 1078 605; x_wconf 85' lang='grc'><strong>424</strong></span> <span class='ocrx_word' id='word_1_502' title='bbox 1097 586 1125 604; x_wconf 82' lang='lat' dir='ltr'><strong>v.</strong></span> <span class='ocrx_word' id='word_1_503' title='bbox 1144 579 1176 604; x_wconf 88' lang='grc'><strong>48</strong></span> <span class='ocrx_word' id='word_1_504' title='bbox 1190 580 1266 605; x_wconf 90' lang='lat' dir='ltr'><strong>-ln</strong></span> <span class='ocrx_word' id='word_1_505' title='bbox 1285 578 1439 604; x_wconf 84' lang='lat' dir='ltr'><strong>ascensione</strong></span> 
     </span>
     <span class='ocr_line' id='line_1_81' title="bbox 795 623 1439 656; baseline -0.003 -6"><span class='ocrx_word' id='word_1_506' title='bbox 795 624 920 650; x_wconf 85' lang='lat' dir='ltr'><strong>exaltatus</strong></span> <span class='ocrx_word' id='word_1_507' title='bbox 948 624 975 650; x_wconf 90' lang='grc'><strong>111</strong></span> <span class='ocrx_word' id='word_1_508' title='bbox 1003 623 1086 656; x_wconf 83' lang='lat' dir='ltr'><strong>gloria</strong></span> <span class='ocrx_word' id='word_1_509' title='bbox 1115 623 1167 649; x_wconf 88' lang='grc'><strong>595</strong></span> <span class='ocrx_word' id='word_1_510' title='bbox 1193 624 1203 648; x_wconf 90' lang='grc'><strong>4</strong></span> <span class='ocrx_word' id='word_1_511' title='bbox 1233 623 1394 649; x_wconf 87' lang='lat' dir='ltr'><strong>—intravit</strong></span> <span class='ocrx_word' id='word_1_512' title='bbox 1412 623 1439 648; x_wconf 93' lang='lat' dir='ltr'><strong>in</strong></span> 
     </span>
     <span class='ocr_line' id='line_1_82' title="bbox 795 667 1438 701; baseline -0.002 -7"><span class='ocrx_word' id='word_1_513' title='bbox 795 669 906 701; x_wconf 76' lang='lat' dir='ltr'><strong>gloriam</strong></span> <span class='ocrx_word' id='word_1_514' title='bbox 934 675 982 701; x_wconf 89' lang='lat' dir='ltr'><strong>per</strong></span> <span class='ocrx_word' id='word_1_515' title='bbox 1010 667 1128 694; x_wconf 88' lang='lat' dir='ltr'><strong>laborem</strong></span> <span class='ocrx_word' id='word_1_516' title='bbox 1157 670 1183 694; x_wconf 88' lang='lat' dir='ltr'><strong>et</strong></span> <span class='ocrx_word' id='word_1_517' title='bbox 1214 668 1364 700; x_wconf 87' lang='lat' dir='ltr'><strong>passionem</strong></span> <span class='ocrx_word' id='word_1_518' title='bbox 1396 668 1438 693; x_wconf 92' lang='lat' dir='ltr'><strong>Vll</strong></span> 
     </span>
     <span class='ocr_line' id='line_1_83' title="bbox 795 713 902 739; baseline -0.009 0"><span class='ocrx_word' id='word_1_519' title='bbox 795 713 848 739; x_wconf 90' lang='grc'><strong>350</strong></span> <span class='ocrx_word' id='word_1_520' title='bbox 869 713 902 739; x_wconf 88' lang='grc'><strong>49</strong></span> 
     </span>
    </p>

    <p class='ocr_par' dir='ltr' id='par_1_14' title="bbox 796 756 1440 1052">
     <span class='ocr_line' id='line_1_84' title="bbox 849 756 1439 790; baseline -0.003 -6"><span class='ocrx_word' id='word_1_521' title='bbox 849 772 885 776; x_wconf 93' lang='lat'><strong>-—</strong></span> <span class='ocrx_word' id='word_1_522' title='bbox 903 757 968 784; x_wconf 88' lang='lat' dir='ltr'><strong>abiit</strong></span> <span class='ocrx_word' id='word_1_523' title='bbox 992 757 1026 783; x_wconf 91' lang='lat' dir='ltr'><strong>ad</strong></span> <span class='ocrx_word' id='word_1_524' title='bbox 1052 757 1157 790; x_wconf 87' lang='lat' dir='ltr'><strong>nuptias</strong></span> <span class='ocrx_word' id='word_1_525' title='bbox 1185 759 1246 789; x_wconf 88' lang='lat' dir='ltr'><strong>post</strong></span> <span class='ocrx_word' id='word_1_526' title='bbox 1272 756 1439 782; x_wconf 88' lang='lat' dir='ltr'><strong>resurrectio-</strong></span> 
     </span>
     <span class='ocr_line' id='line_1_85' title="bbox 797 800 1438 834; baseline -0.003 -6"><span class='ocrx_word' id='word_1_527' title='bbox 797 809 857 828; x_wconf 88' lang='lat' dir='ltr'><strong>nem</strong></span> <span class='ocrx_word' id='word_1_528' title='bbox 876 809 938 828; x_wconf 90' lang='lat' dir='ltr'><strong>cum</strong></span> <span class='ocrx_word' id='word_1_529' title='bbox 957 801 1064 834; x_wconf 83' lang='lat' dir='ltr'><strong>Angelis</strong></span> <span class='ocrx_word' id='word_1_530' title='bbox 1084 801 1127 827; x_wconf 88' lang='lat' dir='ltr'><strong>Vll</strong></span> <span class='ocrx_word' id='word_1_531' title='bbox 1147 801 1198 827; x_wconf 92' lang='grc'><strong>324</strong></span> <span class='ocrx_word' id='word_1_532' title='bbox 1218 801 1247 827; x_wconf 88' lang='grc'><strong>51</strong></span> <span class='ocrx_word' id='word_1_533' title='bbox 1265 816 1300 820; x_wconf 95' lang='grc'>-</span> <span class='ocrx_word' id='word_1_534' title='bbox 1314 800 1438 827; x_wconf 84' lang='lat' dir='ltr'><strong>Ascensio</strong></span> 
     </span>
     <span class='ocr_line' id='line_1_86' title="bbox 798 845 1439 879; baseline -0.003 -7"><span class='ocrx_word' id='word_1_535' title='bbox 798 847 846 873; x_wconf 83' lang='lat' dir='ltr'><strong>fuit</strong></span> <span class='ocrx_word' id='word_1_536' title='bbox 864 846 976 879; x_wconf 82' lang='lat' dir='ltr'><strong>figurata</strong></span> <span class='ocrx_word' id='word_1_537' title='bbox 1004 846 1032 872; x_wconf 91' lang='lat' dir='ltr'><strong>in</strong></span> <span class='ocrx_word' id='word_1_538' title='bbox 1060 846 1213 872; x_wconf 87' lang='lat' dir='ltr'><strong>ascensione</strong></span> <span class='ocrx_word' id='word_1_539' title='bbox 1239 845 1387 872; x_wconf 86' lang='lat' dir='ltr'><strong>nubeculae</strong></span> <span class='ocrx_word' id='word_1_540' title='bbox 1413 847 1439 871; x_wconf 89' lang='lat' dir='ltr'><strong>et</strong></span> 
     </span>
     <span class='ocr_line' id='line_1_87' title="bbox 797 889 1439 918; baseline -0.003 -1"><span class='ocrx_word' id='word_1_541' title='bbox 797 891 866 918; x_wconf 89' lang='lat' dir='ltr'><strong>Eliae</strong></span> <span class='ocrx_word' id='word_1_542' title='bbox 885 894 911 917; x_wconf 89' lang='lat' dir='ltr'><strong>et</strong></span> <span class='ocrx_word' id='word_1_543' title='bbox 928 891 955 917; x_wconf 91' lang='lat' dir='ltr'><strong>in</strong></span> <span class='ocrx_word' id='word_1_544' title='bbox 974 897 1085 917; x_wconf 87' lang='lat' dir='ltr'><strong>ascensu</strong></span> <span class='ocrx_word' id='word_1_545' title='bbox 1104 890 1166 916; x_wconf 82' lang='lat' dir='ltr'><strong>solis</strong></span> <span class='ocrx_word' id='word_1_546' title='bbox 1202 890 1254 916; x_wconf 91' lang='grc'><strong>603</strong></span> <span class='ocrx_word' id='word_1_547' title='bbox 1274 889 1308 916; x_wconf 88' lang='grc'><strong>64</strong></span> <span class='ocrx_word' id='word_1_548' title='bbox 1327 904 1361 908; x_wconf 89' lang='grc'>-</span> <span class='ocrx_word' id='word_1_549' title='bbox 1375 889 1439 915; x_wconf 90' lang='lat' dir='ltr'><strong>abiit</strong></span> 
     </span>
     <span class='ocr_line' id='line_1_88' title="bbox 796 934 1438 968; baseline -0.005 -6"><span class='ocrx_word' id='word_1_550' title='bbox 796 936 823 962; x_wconf 85' lang='lat' dir='ltr'><strong>in</strong></span> <span class='ocrx_word' id='word_1_551' title='bbox 841 936 978 968; x_wconf 83' lang='lat' dir='ltr'><strong>regionem</strong></span> <span class='ocrx_word' id='word_1_552' title='bbox 998 935 1184 968; x_wconf 84' lang='lat' dir='ltr'><strong>longinquam,</strong></span> <span class='ocrx_word' id='word_1_553' title='bbox 1202 941 1263 961; x_wconf 89' lang='lat' dir='ltr'><strong>cum</strong></span> <span class='ocrx_word' id='word_1_554' title='bbox 1276 934 1394 960; x_wconf 88' lang='lat' dir='ltr'><strong>ascendit</strong></span> <span class='ocrx_word' id='word_1_555' title='bbox 1412 934 1438 959; x_wconf 94' lang='lat' dir='ltr'><strong>in</strong></span> 
     </span>
     <span class='ocr_line' id='line_1_89' title="bbox 797 979 1440 1007; baseline -0.005 0"><span class='ocrx_word' id='word_1_556' title='bbox 797 981 899 1007; x_wconf 88' lang='lat' dir='ltr'><strong>caelum</strong></span> <span class='ocrx_word' id='word_1_557' title='bbox 919 980 970 1006; x_wconf 91' lang='grc'><strong>478</strong></span> <span class='ocrx_word' id='word_1_558' title='bbox 991 980 1024 1005; x_wconf 88' lang='grc'><strong>48</strong></span> <span class='ocrx_word' id='word_1_559' title='bbox 1043 994 1079 998; x_wconf 92' lang='grc'>-</span> <span class='ocrx_word' id='word_1_560' title='bbox 1098 979 1221 1006; x_wconf 87' lang='lat' dir='ltr'><strong>Ascendit</strong></span> <span class='ocrx_word' id='word_1_561' title='bbox 1241 980 1268 1005; x_wconf 92' lang='lat' dir='ltr'><strong>in</strong></span> <span class='ocrx_word' id='word_1_562' title='bbox 1286 979 1388 1005; x_wconf 88' lang='lat' dir='ltr'><strong>caelum</strong></span> <span class='ocrx_word' id='word_1_563' title='bbox 1404 979 1440 1005; x_wconf 92' lang='lat' dir='ltr'><strong>al-</strong></span> 
     </span>
     <span class='ocr_line' id='line_1_90' title="bbox 797 1024 1008 1052; baseline -0.009 0"><span class='ocrx_word' id='word_1_564' title='bbox 797 1026 928 1052; x_wconf 88' lang='lat' dir='ltr'><strong>tissimum</strong></span> <span class='ocrx_word' id='word_1_565' title='bbox 947 1024 1008 1051; x_wconf 85' lang='lat' dir='ltr'><strong>ibid.</strong></span> 
     </span>
    </p>

    <p class='ocr_par' dir='ltr' id='par_1_15' title="bbox 797 1068 1440 1368">
     <span class='ocr_line' id='line_1_91' title="bbox 850 1068 1439 1101; baseline -0.003 -6"><span class='ocrx_word' id='word_1_566' title='bbox 850 1083 886 1089; x_wconf 92' lang='lat'><em>—</em></span> <span class='ocrx_word' id='word_1_567' title='bbox 904 1069 1022 1095; x_wconf 90' lang='lat' dir='ltr'><strong>ascendit</strong></span> <span class='ocrx_word' id='word_1_568' title='bbox 1040 1069 1074 1095; x_wconf 90' lang='lat' dir='ltr'><strong>ad</strong></span> <span class='ocrx_word' id='word_1_569' title='bbox 1092 1069 1209 1101; x_wconf 84' lang='lat' dir='ltr'><strong>Patrem,</strong></span> <span class='ocrx_word' id='word_1_570' title='bbox 1234 1075 1296 1094; x_wconf 92' lang='lat' dir='ltr'><strong>cum</strong></span> <span class='ocrx_word' id='word_1_571' title='bbox 1321 1068 1439 1101; x_wconf 91' lang='lat' dir='ltr'><strong>aequalis</strong></span> 
     </span>
     <span class='ocr_line' id='line_1_92' title="bbox 797 1112 1439 1145; baseline -0.005 -4"><span class='ocrx_word' id='word_1_572' title='bbox 797 1114 913 1141; x_wconf 90' lang='lat' dir='ltr'><strong>creditur</strong></span> <span class='ocrx_word' id='word_1_573' title='bbox 931 1114 999 1140; x_wconf 84' lang='lat' dir='ltr'><strong>Patri</strong></span> <span class='ocrx_word' id='word_1_574' title='bbox 1025 1114 1056 1139; x_wconf 84' lang='lat' dir='ltr'><strong>vt</strong></span> <span class='ocrx_word' id='word_1_575' title='bbox 1082 1113 1134 1139; x_wconf 89' lang='grc'><strong>509</strong></span> <span class='ocrx_word' id='word_1_576' title='bbox 1154 1113 1197 1139; x_wconf 93' lang='grc'><strong>26.</strong></span> <span class='ocrx_word' id='word_1_577' title='bbox 1216 1113 1263 1139; x_wconf 90' lang='grc'><strong>541</strong></span> <span class='ocrx_word' id='word_1_578' title='bbox 1288 1112 1330 1145; x_wconf 90' lang='grc'><strong>34,</strong></span> <span class='ocrx_word' id='word_1_579' title='bbox 1351 1113 1385 1139; x_wconf 87' lang='grc'><strong>35</strong></span> <span class='ocrx_word' id='word_1_580' title='bbox 1403 1126 1439 1131; x_wconf 91' lang='grc'><strong>-</strong></span> 
     </span>
     <span class='ocr_line' id='line_1_93' title="bbox 797 1157 1440 1190; baseline -0.003 -6"><span class='ocrx_word' id='word_1_581' title='bbox 797 1159 893 1185; x_wconf 82' lang='grc'><strong>3131131</strong></span> <span class='ocrx_word' id='word_1_582' title='bbox 911 1158 1054 1184; x_wconf 89' lang='lat' dir='ltr'><strong>ascendere</strong></span> <span class='ocrx_word' id='word_1_583' title='bbox 1073 1157 1108 1184; x_wconf 89' lang='lat' dir='ltr'><strong>ad</strong></span> <span class='ocrx_word' id='word_1_584' title='bbox 1135 1157 1252 1190; x_wconf 84' lang='lat' dir='ltr'><strong>Patrem,</strong></span> <span class='ocrx_word' id='word_1_585' title='bbox 1272 1164 1325 1183; x_wconf 90' lang='lat' dir='ltr'><strong>non</strong></span> <span class='ocrx_word' id='word_1_586' title='bbox 1349 1163 1440 1183; x_wconf 91' lang='lat' dir='ltr'><strong>secun-</strong></span> 
     </span>
     <span class='ocr_line' id='line_1_94' title="bbox 797 1201 1439 1235; baseline -0.005 -6"><span class='ocrx_word' id='word_1_587' title='bbox 797 1203 862 1229; x_wconf 91' lang='lat' dir='ltr'><strong>dum</strong></span> <span class='ocrx_word' id='word_1_588' title='bbox 882 1203 976 1235; x_wconf 92' lang='lat' dir='ltr'><strong>situm,</strong></span> <span class='ocrx_word' id='word_1_589' title='bbox 995 1202 1042 1228; x_wconf 91' lang='lat' dir='ltr'><strong>sed</strong></span> <span class='ocrx_word' id='word_1_590' title='bbox 1061 1201 1095 1228; x_wconf 86' lang='lat' dir='ltr'><strong>ad</strong></span> <span class='ocrx_word' id='word_1_591' title='bbox 1114 1202 1217 1234; x_wconf 91' lang='lat' dir='ltr'><strong>locum,</strong></span> <span class='ocrx_word' id='word_1_592' title='bbox 1230 1201 1275 1227; x_wconf 90' lang='lat' dir='ltr'><strong>ubi</strong></span> <span class='ocrx_word' id='word_1_593' title='bbox 1290 1201 1365 1227; x_wconf 86' lang='lat' dir='ltr'><strong>Pater</strong></span> <span class='ocrx_word' id='word_1_594' title='bbox 1384 1208 1439 1226; x_wconf 92' lang='lat' dir='ltr'><strong>ma-</strong></span> 
     </span>
     <span class='ocr_line' id='line_1_95' title="bbox 798 1245 1439 1280; baseline -0.003 -7"><span class='ocrx_word' id='word_1_595' title='bbox 798 1248 839 1280; x_wconf 87' lang='lat' dir='ltr'><strong>gis</strong></span> <span class='ocrx_word' id='word_1_596' title='bbox 858 1247 1037 1273; x_wconf 82' lang='lat' dir='ltr'><strong>manifestatur</strong></span> <span class='ocrx_word' id='word_1_597' title='bbox 1056 1247 1082 1272; x_wconf 93' lang='lat' dir='ltr'><strong>in</strong></span> <span class='ocrx_word' id='word_1_598' title='bbox 1107 1246 1162 1272; x_wconf 92' lang='lat' dir='ltr'><strong>suis</strong></span> <span class='ocrx_word' id='word_1_599' title='bbox 1188 1245 1314 1278; x_wconf 90' lang='lat' dir='ltr'><strong>operibus</strong></span> <span class='ocrx_word' id='word_1_600' title='bbox 1333 1245 1380 1271; x_wconf 88' lang='grc'><strong>511</strong></span> <span class='ocrx_word' id='word_1_601' title='bbox 1406 1245 1439 1271; x_wconf 90' lang='grc'><strong>35</strong></span> 
     </span>
     <span class='ocr_line' id='line_1_96' title="bbox 797 1290 1439 1323; baseline -0.003 -6"><span class='ocrx_word' id='word_1_602' title='bbox 797 1305 834 1312; x_wconf 93' lang='grc'>-</span> <span class='ocrx_word' id='word_1_603' title='bbox 856 1291 952 1318; x_wconf 92' lang='lat' dir='ltr'><strong>dicitur</strong></span> <span class='ocrx_word' id='word_1_604' title='bbox 976 1298 991 1317; x_wconf 91' lang='lat' dir='ltr'><strong>a</strong></span> <span class='ocrx_word' id='word_1_605' title='bbox 1020 1291 1133 1317; x_wconf 84' lang='lat' dir='ltr'><strong>dexteris</strong></span> <span class='ocrx_word' id='word_1_606' title='bbox 1160 1290 1267 1323; x_wconf 81' lang='lat' dir='ltr'><strong>sedere,</strong></span> <span class='ocrx_word' id='word_1_607' title='bbox 1292 1290 1320 1316; x_wconf 92' lang='lat' dir='ltr'><strong>id</strong></span> <span class='ocrx_word' id='word_1_608' title='bbox 1347 1292 1386 1316; x_wconf 88' lang='lat' dir='ltr'><strong>est</strong></span> <span class='ocrx_word' id='word_1_609' title='bbox 1413 1290 1439 1315; x_wconf 92' lang='lat' dir='ltr'><strong>in</strong></span> 
     </span>
     <span class='ocr_line' id='line_1_97' title="bbox 798 1335 1122 1368; baseline 0 -6"><span class='ocrx_word' id='word_1_610' title='bbox 798 1335 946 1368; x_wconf 86' lang='lat' dir='ltr'><strong>potioribus</strong></span> <span class='ocrx_word' id='word_1_611' title='bbox 964 1335 1041 1362; x_wconf 92' lang='lat' dir='ltr'><strong>bonis</strong></span> <span class='ocrx_word' id='word_1_612' title='bbox 1059 1335 1122 1362; x_wconf 85' lang='lat' dir='ltr'><strong>ibid.</strong></span> 
     </span>
    </p>

    <p class='ocr_par' dir='ltr' id='par_1_16' title="bbox 794 1378 1445 2208">
     <span class='ocr_line' id='line_1_98' title="bbox 851 1378 1439 1413; baseline -0.003 -7"><span class='ocrx_word' id='word_1_613' title='bbox 851 1395 886 1400; x_wconf 91' lang='lat'>—</span> <span class='ocrx_word' id='word_1_614' title='bbox 905 1387 1029 1413; x_wconf 88' lang='lat' dir='ltr'><strong>egressus</strong></span> <span class='ocrx_word' id='word_1_615' title='bbox 1048 1387 1062 1405; x_wconf 91' lang='lat' dir='ltr'><strong>a</strong></span> <span class='ocrx_word' id='word_1_616' title='bbox 1082 1386 1197 1411; x_wconf 86' lang='lat' dir='ltr'><strong>summo,</strong></span> <span class='ocrx_word' id='word_1_617' title='bbox 1208 1386 1239 1405; x_wconf 93' lang='lat' dir='ltr'><strong>eo</strong></span> <span class='ocrx_word' id='word_1_618' title='bbox 1253 1379 1394 1405; x_wconf 91' lang='lat' dir='ltr'><strong>revertitur</strong></span> <span class='ocrx_word' id='word_1_619' title='bbox 1407 1378 1439 1404; x_wconf 89' lang='lat' dir='ltr'><strong>Vl</strong></span> 
     </span>
     <span class='ocr_line' id='line_1_99' title="bbox 800 1423 1440 1451; baseline -0.005 0"><span class='ocrx_word' id='word_1_620' title='bbox 800 1424 851 1451; x_wconf 89' lang='grc'><strong>465</strong></span> <span class='ocrx_word' id='word_1_621' title='bbox 872 1424 905 1450; x_wconf 88' lang='grc'><strong>42</strong></span> <span class='ocrx_word' id='word_1_622' title='bbox 924 1439 958 1444; x_wconf 90' lang='grc'>-</span> <span class='ocrx_word' id='word_1_623' title='bbox 978 1424 1004 1450; x_wconf 92' lang='lat' dir='ltr'><strong>in</strong></span> <span class='ocrx_word' id='word_1_624' title='bbox 1022 1424 1177 1450; x_wconf 87' lang='lat' dir='ltr'><strong>ascensione</strong></span> <span class='ocrx_word' id='word_1_625' title='bbox 1204 1423 1282 1449; x_wconf 90' lang='lat' dir='ltr'><strong>rediit</strong></span> <span class='ocrx_word' id='word_1_626' title='bbox 1300 1423 1335 1449; x_wconf 90' lang='lat' dir='ltr'><strong>ad</strong></span> <span class='ocrx_word' id='word_1_627' title='bbox 1353 1423 1440 1449; x_wconf 91' lang='lat' dir='ltr'><strong>locum</strong></span> 
     </span>
     <span class='ocr_line' id='line_1_100' title="bbox 794 1467 1441 1495; baseline -0.005 0"><span class='ocrx_word' id='word_1_628' title='bbox 794 1476 878 1495; x_wconf 79' lang='lat' dir='ltr'><strong>suum</strong></span> <span class='ocrx_word' id='word_1_629' title='bbox 896 1468 964 1495; x_wconf 92' lang='lat' dir='ltr'><strong>sicut</strong></span> <span class='ocrx_word' id='word_1_630' title='bbox 981 1469 1020 1494; x_wconf 87' lang='lat' dir='ltr'><strong>sol</strong></span> <span class='ocrx_word' id='word_1_631' title='bbox 1051 1469 1084 1494; x_wconf 90' lang='grc'><strong>43</strong></span> <span class='ocrx_word' id='word_1_632' title='bbox 1113 1468 1131 1494; x_wconf 91' lang='lat' dir='ltr'><strong>b</strong></span> <span class='ocrx_word' id='word_1_633' title='bbox 1149 1482 1185 1487; x_wconf 98' lang='lat'><strong>—</strong></span> <span class='ocrx_word' id='word_1_634' title='bbox 1204 1467 1323 1494; x_wconf 89' lang='lat' dir='ltr'><strong>ascendit</strong></span> <span class='ocrx_word' id='word_1_635' title='bbox 1339 1467 1367 1493; x_wconf 90' lang='lat' dir='ltr'><strong>in</strong></span> <span class='ocrx_word' id='word_1_636' title='bbox 1386 1473 1441 1493; x_wconf 89' lang='lat' dir='ltr'><strong>cae-</strong></span> 
     </span>
     <span class='ocr_line' id='line_1_101' title="bbox 798 1510 1442 1547; baseline -0.005 -7"><span class='ocrx_word' id='word_1_637' title='bbox 798 1514 869 1545; x_wconf 81' lang='lat' dir='ltr'><strong>lum,</strong></span> <span class='ocrx_word' id='word_1_638' title='bbox 888 1513 951 1547; x_wconf 89' lang='lat' dir='ltr'><strong>quia</strong></span> <span class='ocrx_word' id='word_1_639' title='bbox 969 1513 1004 1539; x_wconf 90' lang='lat' dir='ltr'><strong>de</strong></span> <span class='ocrx_word' id='word_1_640' title='bbox 1022 1513 1095 1539; x_wconf 84' lang='lat' dir='ltr'><strong>caelo</strong></span> <span class='ocrx_word' id='word_1_641' title='bbox 1114 1511 1186 1538; x_wconf 83' lang='lat' dir='ltr'><strong>venit</strong></span> <span class='ocrx_word' id='word_1_642' title='bbox 1205 1512 1251 1538; x_wconf 88' lang='grc'><strong>361</strong></span> <span class='ocrx_word' id='word_1_643' title='bbox 1276 1512 1309 1538; x_wconf 88' lang='grc'><strong>33</strong></span> <span class='ocrx_word' id='word_1_644' title='bbox 1323 1525 1359 1531; x_wconf 83' lang='grc'>-</span> <span class='ocrx_word' id='word_1_645' title='bbox 1371 1510 1442 1537; x_wconf 91' lang='lat' dir='ltr'><strong>Chri-</strong></span> 
     </span>
     <span class='ocr_line' id='line_1_102' title="bbox 799 1556 1442 1585; baseline -0.005 0"><span class='ocrx_word' id='word_1_646' title='bbox 799 1562 839 1585; x_wconf 88' lang='lat' dir='ltr'><strong>sto</strong></span> <span class='ocrx_word' id='word_1_647' title='bbox 858 1558 982 1585; x_wconf 89' lang='lat' dir='ltr'><strong>convenit</strong></span> <span class='ocrx_word' id='word_1_648' title='bbox 1008 1557 1151 1583; x_wconf 84' lang='lat' dir='ltr'><strong>ascendere</strong></span> <span class='ocrx_word' id='word_1_649' title='bbox 1175 1556 1323 1583; x_wconf 88' lang='lat' dir='ltr'><strong>secundum</strong></span> <span class='ocrx_word' id='word_1_650' title='bbox 1352 1557 1442 1582; x_wconf 92' lang='lat' dir='ltr'><strong>huma-</strong></span> 
     </span>
     <span class='ocr_line' id='line_1_103' title="bbox 799 1600 1443 1629; baseline -0.005 0"><span class='ocrx_word' id='word_1_651' title='bbox 799 1610 862 1629; x_wconf 87' lang='lat' dir='ltr'><strong>nam</strong></span> <span class='ocrx_word' id='word_1_652' title='bbox 881 1605 1002 1628; x_wconf 90' lang='lat' dir='ltr'><strong>naturam</strong></span> <span class='ocrx_word' id='word_1_653' title='bbox 1021 1602 1074 1627; x_wconf 88' lang='grc'><strong>283</strong></span> <span class='ocrx_word' id='word_1_654' title='bbox 1093 1601 1127 1626; x_wconf 91' lang='grc'><strong>27</strong></span> <span class='ocrx_word' id='word_1_655' title='bbox 1147 1600 1176 1626; x_wconf 76' lang='grc'><strong>3·</strong></span> <span class='ocrx_word' id='word_1_656' title='bbox 1195 1614 1229 1619; x_wconf 88' lang='grc'>-</span> <span class='ocrx_word' id='word_1_657' title='bbox 1248 1600 1385 1627; x_wconf 86' lang='lat' dir='ltr'><strong>descendit</strong></span> <span class='ocrx_word' id='word_1_658' title='bbox 1408 1600 1443 1627; x_wconf 90' lang='lat' dir='ltr'><strong>de</strong></span> 
     </span>
     <span class='ocr_line' id='line_1_104' title="bbox 800 1645 1442 1673; baseline -0.005 0"><span class='ocrx_word' id='word_1_659' title='bbox 800 1647 873 1673; x_wconf 89' lang='lat' dir='ltr'><strong>caelo</strong></span> <span class='ocrx_word' id='word_1_660' title='bbox 901 1646 1002 1672; x_wconf 87' lang='lat' dir='ltr'><strong>ratione</strong></span> <span class='ocrx_word' id='word_1_661' title='bbox 1030 1648 1139 1672; x_wconf 91' lang='lat' dir='ltr'><strong>naturae</strong></span> <span class='ocrx_word' id='word_1_662' title='bbox 1166 1645 1272 1671; x_wconf 82' lang='lat' dir='ltr'><strong>divinae</strong></span> <span class='ocrx_word' id='word_1_663' title='bbox 1299 1646 1380 1670; x_wconf 89' lang='lat' dir='ltr'><strong>relate</strong></span> <span class='ocrx_word' id='word_1_664' title='bbox 1409 1645 1442 1671; x_wconf 92' lang='lat' dir='ltr'><strong>ad</strong></span> 
     </span>
     <span class='ocr_line' id='line_1_105' title="bbox 801 1689 1443 1724; baseline -0.005 -6"><span class='ocrx_word' id='word_1_665' title='bbox 801 1693 953 1724; x_wconf 87' lang='lat' dir='ltr'><strong>humanam,</strong></span> <span class='ocrx_word' id='word_1_666' title='bbox 978 1691 1040 1724; x_wconf 90' lang='lat' dir='ltr'><strong>quia</strong></span> <span class='ocrx_word' id='word_1_667' title='bbox 1069 1697 1097 1717; x_wconf 88' lang='lat' dir='ltr'><strong>se</strong></span> <span class='ocrx_word' id='word_1_668' title='bbox 1116 1690 1264 1716; x_wconf 83' lang='lat' dir='ltr'><strong>humiliavit</strong></span> <span class='ocrx_word' id='word_1_669' title='bbox 1282 1689 1443 1716; x_wconf 87' lang='lat' dir='ltr'><strong>assumendo</strong></span> 
     </span>
     <span class='ocr_line' id='line_1_106' title="bbox 801 1734 1443 1767; baseline -0.006 -4"><span class='ocrx_word' id='word_1_670' title='bbox 801 1744 908 1763; x_wconf 89' lang='lat' dir='ltr'><strong>carnem</strong></span> <span class='ocrx_word' id='word_1_671' title='bbox 933 1735 996 1763; x_wconf 78' lang='lat' dir='ltr'><strong>ibid.</strong></span> <span class='ocrx_word' id='word_1_672' title='bbox 1023 1749 1060 1755; x_wconf 89' lang='lat'>—</span> <span class='ocrx_word' id='word_1_673' title='bbox 1087 1735 1204 1761; x_wconf 89' lang='lat' dir='ltr'><strong>ascendit</strong></span> <span class='ocrx_word' id='word_1_674' title='bbox 1233 1735 1258 1760; x_wconf 93' lang='lat' dir='ltr'><strong>in</strong></span> <span class='ocrx_word' id='word_1_675' title='bbox 1276 1741 1398 1767; x_wconf 89' lang='lat' dir='ltr'><strong>carnem,</strong></span> <span class='ocrx_word' id='word_1_676' title='bbox 1416 1734 1443 1760; x_wconf 92' lang='lat' dir='ltr'><strong>in</strong></span> 
     </span>
     <span class='ocr_line' id='line_1_107' title="bbox 801 1778 1444 1813; baseline -0.008 -5"><span class='ocrx_word' id='word_1_677' title='bbox 801 1788 923 1813; x_wconf 87' lang='lat' dir='ltr'><strong>crucem,</strong></span> <span class='ocrx_word' id='word_1_678' title='bbox 941 1780 976 1807; x_wconf 88' lang='lat' dir='ltr'><strong>ab</strong></span> <span class='ocrx_word' id='word_1_679' title='bbox 996 1780 1094 1811; x_wconf 86' lang='lat' dir='ltr'><strong>inseris,</strong></span> <span class='ocrx_word' id='word_1_680' title='bbox 1112 1780 1147 1806; x_wconf 89' lang='lat' dir='ltr'><strong>ad</strong></span> <span class='ocrx_word' id='word_1_681' title='bbox 1166 1780 1267 1805; x_wconf 89' lang='lat' dir='ltr'><strong>Patrem</strong></span> <span class='ocrx_word' id='word_1_682' title='bbox 1282 1779 1333 1804; x_wconf 91' lang='grc'><strong>620</strong></span> <span class='ocrx_word' id='word_1_683' title='bbox 1349 1779 1358 1804; x_wconf 91' lang='grc'><strong>4</strong></span> <span class='ocrx_word' id='word_1_684' title='bbox 1377 1778 1395 1804; x_wconf 93' lang='lat' dir='ltr'><strong>b</strong></span> <span class='ocrx_word' id='word_1_685' title='bbox 1409 1792 1444 1798; x_wconf 86' lang='lat'>—</span> 
     </span>
     <span class='ocr_line' id='line_1_108' title="bbox 802 1823 1444 1852; baseline -0.006 0"><span class='ocrx_word' id='word_1_686' title='bbox 802 1826 862 1852; x_wconf 87' lang='lat' dir='ltr'><strong>fecit</strong></span> <span class='ocrx_word' id='word_1_687' title='bbox 885 1825 1023 1851; x_wconf 90' lang='lat' dir='ltr'><strong>circuitum</strong></span> <span class='ocrx_word' id='word_1_688' title='bbox 1050 1823 1235 1850; x_wconf 87' lang='lat' dir='ltr'><strong>descendendo</strong></span> <span class='ocrx_word' id='word_1_689' title='bbox 1258 1823 1285 1849; x_wconf 92' lang='lat' dir='ltr'><strong>in</strong></span> <span class='ocrx_word' id='word_1_690' title='bbox 1312 1823 1444 1848; x_wconf 88' lang='lat' dir='ltr'><strong>mundum</strong></span> 
     </span>
     <span class='ocr_line' id='line_1_109' title="bbox 802 1867 1445 1897; baseline -0.009 0"><span class='ocrx_word' id='word_1_691' title='bbox 802 1873 828 1897; x_wconf 90' lang='lat' dir='ltr'><strong>et</strong></span> <span class='ocrx_word' id='word_1_692' title='bbox 846 1870 1013 1897; x_wconf 88' lang='lat' dir='ltr'><strong>ascendendo</strong></span> <span class='ocrx_word' id='word_1_693' title='bbox 1033 1869 1067 1895; x_wconf 91' lang='lat' dir='ltr'><strong>ad</strong></span> <span class='ocrx_word' id='word_1_694' title='bbox 1087 1869 1189 1894; x_wconf 87' lang='lat' dir='ltr'><strong>Patrem</strong></span> <span class='ocrx_word' id='word_1_695' title='bbox 1217 1867 1259 1893; x_wconf 89' lang='lat' dir='ltr'><strong>Vll</strong></span> <span class='ocrx_word' id='word_1_696' title='bbox 1284 1867 1337 1893; x_wconf 90' lang='grc'><strong>604</strong></span> <span class='ocrx_word' id='word_1_697' title='bbox 1356 1867 1390 1892; x_wconf 91' lang='grc'><strong>66</strong></span> <span class='ocrx_word' id='word_1_698' title='bbox 1408 1880 1445 1885; x_wconf 95' lang='grc'>-</span> 
     </span>
     <span class='ocr_line' id='line_1_110' title="bbox 803 1912 1445 1945; baseline -0.009 -3"><span class='ocrx_word' id='word_1_699' title='bbox 803 1916 898 1942; x_wconf 91' lang='lat' dir='ltr'><strong>dicitur</strong></span> <span class='ocrx_word' id='word_1_700' title='bbox 921 1914 1077 1945; x_wconf 81' lang='lat' dir='ltr'><strong>ascendere,</strong></span> <span class='ocrx_word' id='word_1_701' title='bbox 1106 1913 1151 1939; x_wconf 89' lang='lat' dir='ltr'><strong>ubi</strong></span> <span class='ocrx_word' id='word_1_702' title='bbox 1177 1915 1233 1938; x_wconf 87' lang='lat' dir='ltr'><strong>erat</strong></span> <span class='ocrx_word' id='word_1_703' title='bbox 1257 1912 1331 1944; x_wconf 91' lang='lat' dir='ltr'><strong>prius</strong></span> <span class='ocrx_word' id='word_1_704' title='bbox 1355 1918 1445 1937; x_wconf 90' lang='lat' dir='ltr'><strong>secun-</strong></span> 
     </span>
     <span class='ocr_line' id='line_1_111' title="bbox 803 1956 1445 1988; baseline -0.008 -2"><span class='ocrx_word' id='word_1_705' title='bbox 803 1960 867 1986; x_wconf 90' lang='lat' dir='ltr'><strong>dum</strong></span> <span class='ocrx_word' id='word_1_706' title='bbox 887 1959 1004 1985; x_wconf 89' lang='lat' dir='ltr'><strong>divinam</strong></span> <span class='ocrx_word' id='word_1_707' title='bbox 1023 1962 1153 1988; x_wconf 91' lang='lat' dir='ltr'><strong>naturam,</strong></span> <span class='ocrx_word' id='word_1_708' title='bbox 1172 1964 1223 1983; x_wconf 92' lang='lat' dir='ltr'><strong>non</strong></span> <span class='ocrx_word' id='word_1_709' title='bbox 1243 1956 1390 1982; x_wconf 87' lang='lat' dir='ltr'><strong>secundum</strong></span> <span class='ocrx_word' id='word_1_710' title='bbox 1403 1963 1445 1981; x_wconf 89' lang='lat' dir='ltr'><strong>na·</strong></span> 
     </span>
     <span class='ocr_line' id='line_1_112' title="bbox 804 2001 1445 2035; baseline -0.008 -5"><span class='ocrx_word' id='word_1_711' title='bbox 804 2007 890 2030; x_wconf 89' lang='lat' dir='ltr'><strong>turam</strong></span> <span class='ocrx_word' id='word_1_712' title='bbox 909 2005 1052 2029; x_wconf 86' lang='lat' dir='ltr'><strong>humanam</strong></span> <span class='ocrx_word' id='word_1_713' title='bbox 1065 2023 1071 2035; x_wconf 84' lang='lat'>‚</span> <span class='ocrx_word' id='word_1_714' title='bbox 1090 2009 1140 2028; x_wconf 90' lang='lat' dir='ltr'><strong>nec</strong></span> <span class='ocrx_word' id='word_1_715' title='bbox 1158 2001 1231 2035; x_wconf 92' lang='lat' dir='ltr'><strong>quod</strong></span> <span class='ocrx_word' id='word_1_716' title='bbox 1251 2001 1312 2027; x_wconf 91' lang='lat' dir='ltr'><strong>inde</strong></span> <span class='ocrx_word' id='word_1_717' title='bbox 1330 2007 1445 2026; x_wconf 89' lang='lat' dir='ltr'><strong>recesse-</strong></span> 
     </span>
     <span class='ocr_line' id='line_1_113' title="bbox 803 2044 1444 2080; baseline -0.008 -5"><span class='ocrx_word' id='word_1_718' title='bbox 803 2049 845 2080; x_wconf 86' lang='lat' dir='ltr'><strong>rit,</strong></span> <span class='ocrx_word' id='word_1_719' title='bbox 864 2048 912 2075; x_wconf 90' lang='lat' dir='ltr'><strong>sed</strong></span> <span class='ocrx_word' id='word_1_720' title='bbox 930 2047 1078 2074; x_wconf 90' lang='lat' dir='ltr'><strong>secundum</strong></span> <span class='ocrx_word' id='word_1_721' title='bbox 1097 2049 1217 2072; x_wconf 88' lang='lat' dir='ltr'><strong>naturam</strong></span> <span class='ocrx_word' id='word_1_722' title='bbox 1236 2046 1355 2072; x_wconf 88' lang='lat' dir='ltr'><strong>divinam</strong></span> <span class='ocrx_word' id='word_1_723' title='bbox 1373 2044 1444 2070; x_wconf 91' lang='lat' dir='ltr'><strong>clari-</strong></span> 
     </span>
     <span class='ocr_line' id='line_1_114' title="bbox 804 2089 1445 2126; baseline -0.008 -6"><span class='ocrx_word' id='word_1_724' title='bbox 804 2093 934 2120; x_wconf 84' lang='lat' dir='ltr'><strong>ficandam</strong></span> <span class='ocrx_word' id='word_1_725' title='bbox 953 2096 982 2119; x_wconf 94' lang='lat' dir='ltr'><strong>ut</strong></span> <span class='ocrx_word' id='word_1_726' title='bbox 1000 2092 1137 2126; x_wconf 87' lang='lat' dir='ltr'><strong>aequalem</strong></span> <span class='ocrx_word' id='word_1_727' title='bbox 1156 2091 1233 2122; x_wconf 86' lang='lat' dir='ltr'><strong>Patri,</strong></span> <span class='ocrx_word' id='word_1_728' title='bbox 1246 2097 1308 2116; x_wconf 91' lang='lat' dir='ltr'><strong>cum</strong></span> <span class='ocrx_word' id='word_1_729' title='bbox 1321 2090 1346 2116; x_wconf 93' lang='lat' dir='ltr'><strong>in</strong></span> <span class='ocrx_word' id='word_1_730' title='bbox 1359 2089 1445 2116; x_wconf 86' lang='lat' dir='ltr'><strong>carnis</strong></span> 
     </span>
     <span class='ocr_line' id='line_1_115' title="bbox 805 2134 1444 2165; baseline -0.008 -1"><span class='ocrx_word' id='word_1_731' title='bbox 805 2138 965 2165; x_wconf 91' lang='lat' dir='ltr'><strong>assumtione</strong></span> <span class='ocrx_word' id='word_1_732' title='bbox 993 2137 1128 2163; x_wconf 85' lang='lat' dir='ltr'><strong>videretur</strong></span> <span class='ocrx_word' id='word_1_733' title='bbox 1158 2142 1216 2162; x_wconf 90' lang='lat' dir='ltr'><strong>esse</strong></span> <span class='ocrx_word' id='word_1_734' title='bbox 1247 2135 1381 2161; x_wconf 85' lang='lat' dir='ltr'><strong>humiliata</strong></span> <span class='ocrx_word' id='word_1_735' title='bbox 1413 2134 1444 2160; x_wconf 93' lang='lat' dir='ltr'><strong>Vl</strong></span> 
     </span>
     <span class='ocr_line' id='line_1_116' title="bbox 805 2182 928 2208; baseline -0.008 0"><span class='ocrx_word' id='word_1_736' title='bbox 805 2182 858 2208; x_wconf 90' lang='grc'><strong>337</strong></span> <span class='ocrx_word' id='word_1_737' title='bbox 878 2182 928 2207; x_wconf 91' lang='grc'><strong>408</strong></span> 
     </span>
    </p>

    <p class='ocr_par' dir='ltr' id='par_1_17' title="bbox 806 2223 1448 2570">
     <span class='ocr_line' id='line_1_117' title="bbox 858 2223 1445 2257; baseline -0.003 -6"><span class='ocrx_word' id='word_1_738' title='bbox 858 2241 894 2246; x_wconf 92' lang='lat'><strong>—-</strong></span> <span class='ocrx_word' id='word_1_739' title='bbox 911 2226 985 2253; x_wconf 90' lang='lat' dir='ltr'><strong>vadit</strong></span> <span class='ocrx_word' id='word_1_740' title='bbox 998 2228 1058 2252; x_wconf 91' lang='lat' dir='ltr'><strong>ante</strong></span> <span class='ocrx_word' id='word_1_741' title='bbox 1070 2232 1119 2251; x_wconf 89' lang='lat' dir='ltr'><strong>nos</strong></span> <span class='ocrx_word' id='word_1_742' title='bbox 1136 2225 1170 2251; x_wconf 85' lang='lat' dir='ltr'><strong>ad</strong></span> <span class='ocrx_word' id='word_1_743' title='bbox 1183 2225 1231 2250; x_wconf 91' lang='lat' dir='ltr'><strong>iter</strong></span> <span class='ocrx_word' id='word_1_744' title='bbox 1244 2223 1445 2257; x_wconf 85' lang='lat' dir='ltr'><strong>expediendum,</strong></span> 
     </span>
     <span class='ocr_line' id='line_1_118' title="bbox 806 2268 1446 2304; baseline -0.008 -6"><span class='ocrx_word' id='word_1_745' title='bbox 806 2271 841 2298; x_wconf 88' lang='lat' dir='ltr'><strong>ad</strong></span> <span class='ocrx_word' id='word_1_746' title='bbox 859 2271 1004 2304; x_wconf 92' lang='lat' dir='ltr'><strong>hospitium</strong></span> <span class='ocrx_word' id='word_1_747' title='bbox 1023 2270 1250 2303; x_wconf 86' lang='lat' dir='ltr'><strong>praeparandum,</strong></span> <span class='ocrx_word' id='word_1_748' title='bbox 1263 2269 1296 2295; x_wconf 89' lang='lat' dir='ltr'><strong>ad</strong></span> <span class='ocrx_word' id='word_1_749' title='bbox 1311 2268 1446 2300; x_wconf 81' lang='lat' dir='ltr'><strong>negotium</strong></span> 
     </span>
     <span class='ocr_line' id='line_1_119' title="bbox 806 2313 1447 2349; baseline -0.006 -7"><span class='ocrx_word' id='word_1_750' title='bbox 806 2316 1004 2349; x_wconf 91' lang='lat' dir='ltr'><strong>procurandum</strong></span> <span class='ocrx_word' id='word_1_751' title='bbox 1023 2315 1057 2340; x_wconf 88' lang='lat' dir='ltr'><strong>Vl</strong></span> <span class='ocrx_word' id='word_1_752' title='bbox 1077 2314 1129 2340; x_wconf 90' lang='grc'><strong>605</strong></span> <span class='ocrx_word' id='word_1_753' title='bbox 1155 2315 1165 2339; x_wconf 90' lang='grc'><strong>4</strong></span> <span class='ocrx_word' id='word_1_754' title='bbox 1189 2328 1225 2332; x_wconf 93' lang='grc'>-</span> <span class='ocrx_word' id='word_1_755' title='bbox 1248 2313 1275 2339; x_wconf 88' lang='lat' dir='ltr'><strong>in</strong></span> <span class='ocrx_word' id='word_1_756' title='bbox 1294 2313 1447 2339; x_wconf 86' lang='lat' dir='ltr'><strong>ascensione</strong></span> 
     </span>
     <span class='ocr_line' id='line_1_120' title="bbox 806 2358 1447 2390; baseline -0.006 -4"><span class='ocrx_word' id='word_1_757' title='bbox 806 2360 924 2386; x_wconf 88' lang='lat' dir='ltr'><strong>ascendit</strong></span> <span class='ocrx_word' id='word_1_758' title='bbox 949 2362 1009 2386; x_wconf 89' lang='lat' dir='ltr'><strong>ante</strong></span> <span class='ocrx_word' id='word_1_759' title='bbox 1036 2366 1085 2385; x_wconf 87' lang='lat' dir='ltr'><strong>nos</strong></span> <span class='ocrx_word' id='word_1_760' title='bbox 1113 2358 1147 2385; x_wconf 90' lang='lat' dir='ltr'><strong>ad</strong></span> <span class='ocrx_word' id='word_1_761' title='bbox 1175 2358 1318 2390; x_wconf 86' lang='lat' dir='ltr'><strong>hospitium</strong></span> <span class='ocrx_word' id='word_1_762' title='bbox 1338 2363 1447 2389; x_wconf 88' lang='lat' dir='ltr'><strong>praepa-</strong></span> 
     </span>
     <span class='ocr_line' id='line_1_121' title="bbox 806 2401 1448 2430; baseline -0.006 0"><span class='ocrx_word' id='word_1_763' title='bbox 806 2404 919 2430; x_wconf 88' lang='lat' dir='ltr'><strong>randum</strong></span> <span class='ocrx_word' id='word_1_764' title='bbox 938 2404 985 2430; x_wconf 87' lang='grc'><strong>621</strong></span> <span class='ocrx_word' id='word_1_765' title='bbox 1009 2404 1026 2430; x_wconf 86' lang='grc'><strong>5</strong></span> <span class='ocrx_word' id='word_1_766' title='bbox 1044 2417 1080 2422; x_wconf 94' lang='grc'>-</span> <span class='ocrx_word' id='word_1_767' title='bbox 1099 2404 1126 2429; x_wconf 85' lang='grc'><strong>111</strong></span> <span class='ocrx_word' id='word_1_768' title='bbox 1155 2402 1306 2428; x_wconf 88' lang='lat' dir='ltr'><strong>ascensione</strong></span> <span class='ocrx_word' id='word_1_769' title='bbox 1329 2401 1448 2427; x_wconf 91' lang='lat' dir='ltr'><strong>Christus</strong></span> 
     </span>
     <span class='ocr_line' id='line_1_122' title="bbox 807 2445 1446 2481; baseline -0.008 -6"><span class='ocrx_word' id='word_1_770' title='bbox 807 2449 927 2475; x_wconf 85' lang='lat' dir='ltr'><strong>transivit</strong></span> <span class='ocrx_word' id='word_1_771' title='bbox 945 2448 1048 2481; x_wconf 90' lang='lat' dir='ltr'><strong>primus</strong></span> <span class='ocrx_word' id='word_1_772' title='bbox 1067 2454 1082 2473; x_wconf 91' lang='lat' dir='ltr'><strong>a</strong></span> <span class='ocrx_word' id='word_1_773' title='bbox 1102 2447 1208 2473; x_wconf 90' lang='lat' dir='ltr'><strong>miseria</strong></span> <span class='ocrx_word' id='word_1_774' title='bbox 1226 2447 1253 2473; x_wconf 92' lang='lat' dir='ltr'><strong>in</strong></span> <span class='ocrx_word' id='word_1_775' title='bbox 1271 2446 1382 2478; x_wconf 85' lang='lat' dir='ltr'><strong>gloriam</strong></span> <span class='ocrx_word' id='word_1_776' title='bbox 1395 2445 1446 2471; x_wconf 87' lang='grc'><strong>597</strong></span> 
     </span>
     <span class='ocr_line' id='line_1_123' title="bbox 807 2489 1448 2524; baseline -0.006 -5"><span class='ocrx_word' id='word_1_777' title='bbox 807 2494 823 2519; x_wconf 90' lang='grc'><strong>2</strong></span> <span class='ocrx_word' id='word_1_778' title='bbox 843 2508 877 2512; x_wconf 97' lang='grc'>-</span> <span class='ocrx_word' id='word_1_779' title='bbox 896 2493 921 2519; x_wconf 92' lang='grc'><strong>111</strong></span> <span class='ocrx_word' id='word_1_780' title='bbox 940 2493 1093 2519; x_wconf 87' lang='lat' dir='ltr'><strong>ascensione</strong></span> <span class='ocrx_word' id='word_1_781' title='bbox 1117 2491 1260 2524; x_wconf 86' lang='lat' dir='ltr'><strong>praecessit</strong></span> <span class='ocrx_word' id='word_1_782' title='bbox 1283 2497 1332 2516; x_wconf 91' lang='lat' dir='ltr'><strong>nos</strong></span> <span class='ocrx_word' id='word_1_783' title='bbox 1350 2489 1384 2515; x_wconf 90' lang='lat' dir='ltr'><strong>ad</strong></span> <span class='ocrx_word' id='word_1_784' title='bbox 1408 2496 1448 2519; x_wconf 85' lang='lat' dir='ltr'><strong>ae-</strong></span> 
     </span>
     <span class='ocr_line' id='line_1_124' title="bbox 808 2536 1082 2570; baseline -0.004 -7"><span class='ocrx_word' id='word_1_785' title='bbox 808 2541 881 2564; x_wconf 89' lang='lat' dir='ltr'><strong>terna</strong></span> <span class='ocrx_word' id='word_1_786' title='bbox 901 2538 952 2563; x_wconf 87' lang='grc'><strong>302</strong></span> <span class='ocrx_word' id='word_1_787' title='bbox 973 2537 1006 2563; x_wconf 93' lang='grc'><strong>83</strong></span> <span class='ocrx_word' id='word_1_788' title='bbox 1025 2536 1082 2570; x_wconf 85' lang='grc'><strong>(82)</strong></span> 
     </span>
    </p>

    <p class='ocr_par' dir='ltr' id='par_1_18' title="bbox 809 2579 1452 2968">
     <span class='ocr_line' id='line_1_125' title="bbox 861 2579 1448 2612; baseline -0.007 -4"><span class='ocrx_word' id='word_1_789' title='bbox 861 2596 897 2602; x_wconf 93' lang='lat'><strong>-—</strong></span> <span class='ocrx_word' id='word_1_790' title='bbox 915 2581 1060 2608; x_wconf 87' lang='lat' dir='ltr'><strong>ascendens</strong></span> <span class='ocrx_word' id='word_1_791' title='bbox 1077 2587 1156 2607; x_wconf 89' lang='lat' dir='ltr'><strong>ovem</strong></span> <span class='ocrx_word' id='word_1_792' title='bbox 1176 2581 1311 2606; x_wconf 85' lang='lat' dir='ltr'><strong>inventam</strong></span> <span class='ocrx_word' id='word_1_793' title='bbox 1324 2582 1411 2612; x_wconf 85' lang='lat' dir='ltr'><strong>portat</strong></span> <span class='ocrx_word' id='word_1_794' title='bbox 1423 2579 1448 2604; x_wconf 91' lang='lat' dir='ltr'><strong>in</strong></span> 
     </span>
     <span class='ocr_line' id='line_1_126' title="bbox 809 2623 1450 2658; baseline -0.006 -5"><span class='ocrx_word' id='word_1_795' title='bbox 809 2627 920 2653; x_wconf 88' lang='lat' dir='ltr'><strong>domum</strong></span> <span class='ocrx_word' id='word_1_796' title='bbox 938 2629 964 2652; x_wconf 90' lang='lat' dir='ltr'><strong>et</strong></span> <span class='ocrx_word' id='word_1_797' title='bbox 982 2628 1111 2652; x_wconf 89' lang='lat' dir='ltr'><strong>convocat</strong></span> <span class='ocrx_word' id='word_1_798' title='bbox 1128 2625 1243 2658; x_wconf 86' lang='lat' dir='ltr'><strong>Angelos</strong></span> <span class='ocrx_word' id='word_1_799' title='bbox 1261 2624 1296 2650; x_wconf 88' lang='lat' dir='ltr'><strong>ad</strong></span> <span class='ocrx_word' id='word_1_800' title='bbox 1315 2623 1450 2650; x_wconf 91' lang='lat' dir='ltr'><strong>concordi-</strong></span> 
     </span>
     <span class='ocr_line' id='line_1_127' title="bbox 809 2668 1450 2704; baseline -0.005 -7"><span class='ocrx_word' id='word_1_801' title='bbox 809 2675 848 2698; x_wconf 91' lang='lat' dir='ltr'><strong>ter</strong></span> <span class='ocrx_word' id='word_1_802' title='bbox 866 2671 1040 2704; x_wconf 86' lang='lat' dir='ltr'><strong>gaudendum</strong></span> <span class='ocrx_word' id='word_1_803' title='bbox 1059 2673 1169 2703; x_wconf 90' lang='lat' dir='ltr'><strong>propter</strong></span> <span class='ocrx_word' id='word_1_804' title='bbox 1181 2670 1292 2696; x_wconf 87' lang='lat' dir='ltr'><strong>salutem</strong></span> <span class='ocrx_word' id='word_1_805' title='bbox 1312 2668 1450 2694; x_wconf 91' lang='lat' dir='ltr'><strong>hominum</strong></span> 
     </span>
     <span class='ocr_line' id='line_1_128' title="bbox 809 2711 1451 2745; baseline -0.005 -4"><span class='ocrx_word' id='word_1_806' title='bbox 809 2716 854 2741; x_wconf 92' lang='lat' dir='ltr'><strong>Vll</strong></span> <span class='ocrx_word' id='word_1_807' title='bbox 874 2716 926 2741; x_wconf 88' lang='grc'><strong>386</strong></span> <span class='ocrx_word' id='word_1_808' title='bbox 947 2715 979 2741; x_wconf 89' lang='grc'><strong>43</strong></span> <span class='ocrx_word' id='word_1_809' title='bbox 998 2728 1035 2734; x_wconf 93' lang='lat'><strong>—-</strong></span> <span class='ocrx_word' id='word_1_810' title='bbox 1053 2714 1171 2741; x_wconf 91' lang='lat' dir='ltr'><strong>Christus</strong></span> <span class='ocrx_word' id='word_1_811' title='bbox 1190 2711 1216 2740; x_wconf 79' lang='lat' dir='ltr'><strong>ixi</strong></span> <span class='ocrx_word' id='word_1_812' title='bbox 1229 2713 1381 2739; x_wconf 83' lang='lat' dir='ltr'><strong>ascensione</strong></span> <span class='ocrx_word' id='word_1_813' title='bbox 1393 2719 1451 2745; x_wconf 89' lang='lat' dir='ltr'><strong>spo-</strong></span> 
     </span>
     <span class='ocr_line' id='line_1_129' title="bbox 810 2757 1452 2790; baseline -0.006 -4"><span class='ocrx_word' id='word_1_814' title='bbox 810 2760 883 2786; x_wconf 91' lang='lat' dir='ltr'><strong>liavit</strong></span> <span class='ocrx_word' id='word_1_815' title='bbox 910 2759 1045 2786; x_wconf 89' lang='lat' dir='ltr'><strong>diabolum</strong></span> <span class='ocrx_word' id='word_1_816' title='bbox 1065 2760 1117 2785; x_wconf 91' lang='grc'><strong>293</strong></span> <span class='ocrx_word' id='word_1_817' title='bbox 1144 2758 1177 2784; x_wconf 91' lang='grc'><strong>50</strong></span> <span class='ocrx_word' id='word_1_818' title='bbox 1195 2772 1232 2778; x_wconf 92' lang='lat'><em>-</em></span> <span class='ocrx_word' id='word_1_819' title='bbox 1249 2765 1296 2790; x_wconf 85' lang='lat' dir='ltr'><strong>per</strong></span> <span class='ocrx_word' id='word_1_820' title='bbox 1325 2757 1452 2784; x_wconf 87' lang='lat' dir='ltr'><strong>ascensio-</strong></span> 
     </span>
     <span class='ocr_line' id='line_1_130' title="bbox 811 2800 1451 2833; baseline -0.006 -3"><span class='ocrx_word' id='word_1_821' title='bbox 811 2811 871 2830; x_wconf 88' lang='lat' dir='ltr'><strong>nem</strong></span> <span class='ocrx_word' id='word_1_822' title='bbox 891 2804 1033 2830; x_wconf 86' lang='lat' dir='ltr'><strong>Ecclesiam</strong></span> <span class='ocrx_word' id='word_1_823' title='bbox 1053 2803 1185 2829; x_wconf 82' lang='lat' dir='ltr'><strong>ordinavit</strong></span> <span class='ocrx_word' id='word_1_824' title='bbox 1203 2802 1230 2828; x_wconf 89' lang='lat' dir='ltr'><strong>iu</strong></span> <span class='ocrx_word' id='word_1_825' title='bbox 1249 2802 1304 2828; x_wconf 87' lang='lat' dir='ltr'><strong>suis</strong></span> <span class='ocrx_word' id='word_1_826' title='bbox 1324 2800 1451 2833; x_wconf 86' lang='lat' dir='ltr'><strong>gradibus</strong></span> 
     </span>
     <span class='ocr_line' id='line_1_131' title="bbox 811 2846 1452 2874; baseline -0.006 0"><span class='ocrx_word' id='word_1_827' title='bbox 811 2849 862 2874; x_wconf 88' lang='grc'><strong>603</strong></span> <span class='ocrx_word' id='word_1_828' title='bbox 876 2848 910 2874; x_wconf 87' lang='grc'><strong>64</strong></span> <span class='ocrx_word' id='word_1_829' title='bbox 920 2862 956 2868; x_wconf 90' lang='lat'><strong>—-</strong></span> <span class='ocrx_word' id='word_1_830' title='bbox 968 2848 1090 2874; x_wconf 81' lang='lat' dir='ltr'><strong>Ascensio</strong></span> <span class='ocrx_word' id='word_1_831' title='bbox 1101 2847 1193 2874; x_wconf 86' lang='lat' dir='ltr'><strong>Christi</strong></span> <span class='ocrx_word' id='word_1_832' title='bbox 1208 2846 1301 2872; x_wconf 88' lang='lat' dir='ltr'><strong>liberat</strong></span> <span class='ocrx_word' id='word_1_833' title='bbox 1313 2846 1348 2871; x_wconf 89' lang='lat' dir='ltr'><strong>ab</strong></span> <span class='ocrx_word' id='word_1_834' title='bbox 1361 2851 1452 2871; x_wconf 87' lang='lat' dir='ltr'><strong>amore</strong></span> 
     </span>
     <span class='ocr_line' id='line_1_132' title="bbox 811 2890 1451 2923; baseline -0.006 -4"><span class='ocrx_word' id='word_1_835' title='bbox 811 2896 985 2923; x_wconf 89' lang='lat' dir='ltr'><strong>terrenorum,</strong></span> <span class='ocrx_word' id='word_1_836' title='bbox 1004 2891 1175 2918; x_wconf 85' lang='lat' dir='ltr'><strong>illuminando</strong></span> <span class='ocrx_word' id='word_1_837' title='bbox 1189 2891 1223 2917; x_wconf 90' lang='lat' dir='ltr'><strong>ad</strong></span> <span class='ocrx_word' id='word_1_838' title='bbox 1237 2890 1398 2916; x_wconf 87' lang='lat' dir='ltr'><strong>desiderium</strong></span> <span class='ocrx_word' id='word_1_839' title='bbox 1411 2896 1451 2915; x_wconf 88' lang='lat' dir='ltr'><strong>ae-</strong></span> 
     </span>
     <span class='ocr_line' id='line_1_133' title="bbox 812 2935 1201 2968; baseline -0.005 -6"><span class='ocrx_word' id='word_1_840' title='bbox 812 2940 947 2963; x_wconf 88' lang='lat' dir='ltr'><strong>ternorum</strong></span> <span class='ocrx_word' id='word_1_841' title='bbox 967 2937 1000 2962; x_wconf 93' lang='lat' dir='ltr'><strong>Vl</strong></span> <span class='ocrx_word' id='word_1_842' title='bbox 1019 2936 1071 2962; x_wconf 87' lang='grc'><strong>302</strong></span> <span class='ocrx_word' id='word_1_843' title='bbox 1091 2936 1124 2961; x_wconf 87' lang='grc'><strong>83</strong></span> <span class='ocrx_word' id='word_1_844' title='bbox 1145 2935 1201 2968; x_wconf 89' lang='grc'><strong>(82)</strong></span> 
     </span>
    </p>

    <p class='ocr_par' dir='ltr' id='par_1_19' title="bbox 813 2975 1454 3277">
     <span class='ocr_line' id='line_1_134' title="bbox 867 2975 1451 3012; baseline -0.01 -5"><span class='ocrx_word' id='word_1_845' title='bbox 867 2995 900 2999; x_wconf 97' lang='grc'>-</span> <span class='ocrx_word' id='word_1_846' title='bbox 928 2984 988 3012; x_wconf 89' lang='lat' dir='ltr'><strong>post</strong></span> <span class='ocrx_word' id='word_1_847' title='bbox 1016 2980 1196 3006; x_wconf 82' lang='lat' dir='ltr'><strong>ascensionem</strong></span> <span class='ocrx_word' id='word_1_848' title='bbox 1225 2978 1296 3004; x_wconf 88' lang='lat' dir='ltr'><strong>misit</strong></span> <span class='ocrx_word' id='word_1_849' title='bbox 1323 2975 1451 3011; x_wconf 75' lang='lat' dir='ltr'><strong>Spiritum</strong></span> 
     </span>
     <span class='ocr_line' id='line_1_135' title="bbox 813 3020 1451 3051; baseline -0.009 0"><span class='ocrx_word' id='word_1_850' title='bbox 813 3024 932 3051; x_wconf 73' lang='lat' dir='ltr'><strong>sanatum</strong></span> <span class='ocrx_word' id='word_1_851' title='bbox 952 3025 994 3050; x_wconf 74' lang='lat' dir='ltr'><strong>vti</strong></span> <span class='ocrx_word' id='word_1_852' title='bbox 1013 3024 1065 3050; x_wconf 88' lang='grc'><strong>334</strong></span> <span class='ocrx_word' id='word_1_853' title='bbox 1085 3024 1118 3049; x_wconf 89' lang='grc'><strong>82</strong></span> <span class='ocrx_word' id='word_1_854' title='bbox 1137 3037 1173 3043; x_wconf 90' lang='grc'>-</span> <span class='ocrx_word' id='word_1_855' title='bbox 1191 3023 1216 3048; x_wconf 92' lang='grc'><strong>111</strong></span> <span class='ocrx_word' id='word_1_856' title='bbox 1234 3029 1339 3048; x_wconf 79' lang='lat' dir='ltr'><strong>recessu</strong></span> <span class='ocrx_word' id='word_1_857' title='bbox 1358 3020 1451 3048; x_wconf 88' lang='lat' dir='ltr'><strong>Christi</strong></span> 
     </span>
     <span class='ocr_line' id='line_1_136' title="bbox 813 3065 1451 3101; baseline -0.008 -6"><span class='ocrx_word' id='word_1_858' title='bbox 813 3069 936 3101; x_wconf 89' lang='lat' dir='ltr'><strong>impletur</strong></span> <span class='ocrx_word' id='word_1_859' title='bbox 954 3068 1094 3101; x_wconf 87' lang='lat' dir='ltr'><strong>promissio</strong></span> <span class='ocrx_word' id='word_1_860' title='bbox 1115 3067 1226 3099; x_wconf 87' lang='lat' dir='ltr'><strong>Spiritus</strong></span> <span class='ocrx_word' id='word_1_861' title='bbox 1244 3066 1327 3092; x_wconf 90' lang='lat' dir='ltr'><strong>sancti</strong></span> <span class='ocrx_word' id='word_1_862' title='bbox 1347 3066 1380 3091; x_wconf 91' lang='lat' dir='ltr'><strong>Vt</strong></span> <span class='ocrx_word' id='word_1_863' title='bbox 1401 3065 1451 3091; x_wconf 89' lang='grc'><strong>458</strong></span> 
     </span>
     <span class='ocr_line' id='line_1_137' title="bbox 817 3110 1454 3139; baseline -0.008 0"><span class='ocrx_word' id='word_1_864' title='bbox 817 3113 848 3138; x_wconf 86' lang='grc'><strong>13</strong></span> <span class='ocrx_word' id='word_1_865' title='bbox 869 3126 903 3131; x_wconf 96' lang='grc'><strong>-</strong></span> <span class='ocrx_word' id='word_1_866' title='bbox 921 3113 970 3139; x_wconf 85' lang='lat' dir='ltr'><strong>Per</strong></span> <span class='ocrx_word' id='word_1_867' title='bbox 997 3112 1177 3138; x_wconf 88' lang='lat' dir='ltr'><strong>ascensionem</strong></span> <span class='ocrx_word' id='word_1_868' title='bbox 1202 3110 1297 3137; x_wconf 90' lang='lat' dir='ltr'><strong>Christi</strong></span> <span class='ocrx_word' id='word_1_869' title='bbox 1320 3110 1397 3136; x_wconf 84' lang='lat' dir='ltr'><strong>datus</strong></span> <span class='ocrx_word' id='word_1_870' title='bbox 1414 3113 1454 3134; x_wconf 82' lang='lat' dir='ltr'><strong>est</strong></span> 
     </span>
     <span class='ocr_line' id='line_1_138' title="bbox 815 3155 1453 3189; baseline -0.006 -7"><span class='ocrx_word' id='word_1_871' title='bbox 815 3157 892 3189; x_wconf 89' lang='lat' dir='ltr'><strong>plene</strong></span> <span class='ocrx_word' id='word_1_872' title='bbox 910 3157 1022 3189; x_wconf 86' lang='lat' dir='ltr'><strong>Spiritus</strong></span> <span class='ocrx_word' id='word_1_873' title='bbox 1050 3159 1154 3182; x_wconf 89' lang='lat' dir='ltr'><strong>sanctus</strong></span> <span class='ocrx_word' id='word_1_874' title='bbox 1174 3155 1216 3181; x_wconf 89' lang='lat' dir='ltr'><strong>Vll</strong></span> <span class='ocrx_word' id='word_1_875' title='bbox 1236 3155 1269 3180; x_wconf 90' lang='grc'><strong>40</strong></span> <span class='ocrx_word' id='word_1_876' title='bbox 1290 3155 1323 3180; x_wconf 93' lang='grc'><strong>40</strong></span> <span class='ocrx_word' id='word_1_877' title='bbox 1341 3167 1377 3173; x_wconf 93' lang='grc'>-</span> <span class='ocrx_word' id='word_1_878' title='bbox 1401 3160 1453 3179; x_wconf 89' lang='grc'><strong>11011</strong></span> 
     </span>
     <span class='ocr_line' id='line_1_139' title="bbox 815 3199 1452 3230; baseline -0.005 -4"><span class='ocrx_word' id='word_1_879' title='bbox 815 3200 926 3227; x_wconf 84' lang='lat' dir='ltr'><strong>decebat</strong></span> <span class='ocrx_word' id='word_1_880' title='bbox 945 3201 1037 3226; x_wconf 88' lang='lat' dir='ltr'><strong>dotare</strong></span> <span class='ocrx_word' id='word_1_881' title='bbox 1055 3207 1118 3226; x_wconf 85' lang='lat' dir='ltr'><strong>suos</strong></span> <span class='ocrx_word' id='word_1_882' title='bbox 1136 3199 1292 3230; x_wconf 85' lang='lat' dir='ltr'><strong>servitores,</strong></span> <span class='ocrx_word' id='word_1_883' title='bbox 1311 3201 1452 3230; x_wconf 84' lang='lat' dir='ltr'><strong>antequam</strong></span> 
     </span>
     <span class='ocr_line' id='line_1_140' title="bbox 816 3242 1280 3277; baseline -0.004 -7"><span class='ocrx_word' id='word_1_884' title='bbox 816 3247 956 3277; x_wconf 80' lang='lat' dir='ltr'><strong>appareret</strong></span> <span class='ocrx_word' id='word_1_885' title='bbox 973 3245 1104 3276; x_wconf 77' lang='lat' dir='ltr'><strong>gloriosus</strong></span> <span class='ocrx_word' id='word_1_886' title='bbox 1122 3244 1155 3270; x_wconf 93' lang='lat' dir='ltr'><strong>Vl</strong></span> <span class='ocrx_word' id='word_1_887' title='bbox 1176 3244 1227 3270; x_wconf 88' lang='grc'><strong>460</strong></span> <span class='ocrx_word' id='word_1_888' title='bbox 1247 3242 1280 3268; x_wconf 87' lang='grc'><strong>24</strong></span> 
     </span>
    </p>

    <p class='ocr_par' dir='ltr' id='par_1_20' title="bbox 870 3285 1453 3320">
     <span class='ocr_line' id='line_1_141' title="bbox 870 3285 1453 3320; baseline -0.007 -6"><span class='ocrx_word' id='word_1_889' title='bbox 870 3302 906 3308; x_wconf 88' lang='grc'><strong>-</strong></span> <span class='ocrx_word' id='word_1_890' title='bbox 923 3288 969 3314; x_wconf 82' lang='grc'><strong>(131</strong></span> <span class='ocrx_word' id='word_1_891' title='bbox 996 3288 1121 3320; x_wconf 90' lang='lat' dir='ltr'><strong>Spiritum</strong></span> <span class='ocrx_word' id='word_1_892' title='bbox 1145 3290 1264 3314; x_wconf 85' lang='lat' dir='ltr'><strong>sanctum</strong></span> <span class='ocrx_word' id='word_1_893' title='bbox 1288 3286 1321 3312; x_wconf 93' lang='lat' dir='ltr'><strong>Vl</strong></span> <span class='ocrx_word' id='word_1_894' title='bbox 1349 3286 1401 3311; x_wconf 87' lang='grc'><strong>292</strong></span> <span class='ocrx_word' id='word_1_895' title='bbox 1421 3285 1453 3310; x_wconf 89' lang='grc'><strong>48</strong></span> 
     </span>
    </p>
   </div>
   <div class='ocr_carea' id='block_1_4' title="bbox 1723 187 2111 262">
    <p class='ocr_par' dir='ltr' id='par_1_21' title="bbox 1723 187 2111 262">
     <span class='ocr_line' id='line_1_142' title="bbox 2047 187 2111 219; baseline 0 -1"><span class='ocrx_word' id='word_1_896' title='bbox 2047 187 2111 219; x_wconf 86' lang='grc'><strong>717</strong></span> 
     </span>
     <span class='ocr_line' id='line_1_143' title="bbox 1723 228 1863 262; baseline 0.007 -8"><span class='ocrx_word' id='word_1_897' title='bbox 1723 228 1787 255; x_wconf 80' lang='lat' dir='ltr'><strong>cun</strong></span> <span class='ocrx_word' id='word_1_898' title='bbox 1807 228 1863 262; x_wconf 77' lang='lat'>(27)</span> 
     </span>
    </p>
   </div>
   <div class='ocr_carea' id='block_1_5' title="bbox 1472 272 2134 3314">
    <p class='ocr_par' dir='ltr' id='par_1_22' title="bbox 1472 272 2115 604">
     <span class='ocr_line' id='line_1_144' title="bbox 1473 272 2112 306; baseline 0.005 -10"><span class='ocrx_word' id='word_1_899' title='bbox 1473 273 1592 297; x_wconf 88' lang='lat' dir='ltr'><strong>sanctum</strong></span> <span class='ocrx_word' id='word_1_900' title='bbox 1614 272 1664 297; x_wconf 89' lang='grc'><strong>350</strong></span> <span class='ocrx_word' id='word_1_901' title='bbox 1685 272 1719 298; x_wconf 88' lang='grc'><strong>55</strong></span> <span class='ocrx_word' id='word_1_902' title='bbox 1739 286 1772 291; x_wconf 81' lang='lat'>—</span> <span class='ocrx_word' id='word_1_903' title='bbox 1792 274 1940 306; x_wconf 84' lang='lat' dir='ltr'><strong>frequenter</strong></span> <span class='ocrx_word' id='word_1_904' title='bbox 1954 274 2072 306; x_wconf 84' lang='lat' dir='ltr'><strong>promisit</strong></span> <span class='ocrx_word' id='word_1_905' title='bbox 2086 274 2112 299; x_wconf 91' lang='lat' dir='ltr'><strong>in</strong></span> 
     </span>
     <span class='ocr_line' id='line_1_145' title="bbox 1474 315 2107 348; baseline 0.005 -8"><span class='ocrx_word' id='word_1_906' title='bbox 1474 315 1616 347; x_wconf 80' lang='lat' dir='ltr'><strong>Evangelio</strong></span> <span class='ocrx_word' id='word_1_907' title='bbox 1642 316 1768 348; x_wconf 89' lang='lat' dir='ltr'><strong>Spiritum</strong></span> <span class='ocrx_word' id='word_1_908' title='bbox 1796 321 1915 342; x_wconf 86' lang='lat' dir='ltr'><strong>sanctum</strong></span> <span class='ocrx_word' id='word_1_909' title='bbox 1945 318 1987 343; x_wconf 76' lang='lat' dir='ltr'><strong>Vll</strong></span> <span class='ocrx_word' id='word_1_910' title='bbox 2008 318 2058 343; x_wconf 88' lang='grc'><strong>602</strong></span> <span class='ocrx_word' id='word_1_911' title='bbox 2078 318 2107 343; x_wconf 89' lang='grc'><strong>61</strong></span> 
     </span>
     <span class='ocr_line' id='line_1_146' title="bbox 1472 359 2115 393; baseline 0.006 -9"><span class='ocrx_word' id='word_1_912' title='bbox 1472 372 1508 377; x_wconf 95' lang='grc'><strong>-</strong></span> <span class='ocrx_word' id='word_1_913' title='bbox 1527 359 1574 384; x_wconf 81' lang='lat' dir='ltr'><strong>Per</strong></span> <span class='ocrx_word' id='word_1_914' title='bbox 1603 359 1735 386; x_wconf 83' lang='lat' dir='ltr'><strong>Christum</strong></span> <span class='ocrx_word' id='word_1_915' title='bbox 1764 360 1841 386; x_wconf 89' lang='lat' dir='ltr'><strong>datur</strong></span> <span class='ocrx_word' id='word_1_916' title='bbox 1870 361 1981 393; x_wconf 86' lang='lat' dir='ltr'><strong>Spiritus</strong></span> <span class='ocrx_word' id='word_1_917' title='bbox 2009 366 2115 388; x_wconf 84' lang='lat' dir='ltr'><strong>sanctus</strong></span> 
     </span>
     <span class='ocr_line' id='line_1_147' title="bbox 1474 402 2115 432; baseline 0.008 -5"><span class='ocrx_word' id='word_1_918' title='bbox 1474 402 1507 428; x_wconf 88' lang='lat' dir='ltr'><strong>Vt</strong></span> <span class='ocrx_word' id='word_1_919' title='bbox 1527 403 1579 428; x_wconf 89' lang='grc'><strong>602</strong></span> <span class='ocrx_word' id='word_1_920' title='bbox 1600 403 1610 428; x_wconf 89' lang='grc'><strong>4</strong></span> <span class='ocrx_word' id='word_1_921' title='bbox 1643 417 1678 422; x_wconf 92' lang='grc'><strong>-</strong></span> <span class='ocrx_word' id='word_1_922' title='bbox 1704 405 1848 430; x_wconf 89' lang='lat' dir='ltr'><strong>secundum</strong></span> <span class='ocrx_word' id='word_1_923' title='bbox 1875 406 2017 431; x_wconf 86' lang='lat' dir='ltr'><strong>humanam</strong></span> <span class='ocrx_word' id='word_1_924' title='bbox 2043 409 2115 432; x_wconf 83' lang='lat' dir='ltr'><strong>natu-</strong></span> 
     </span>
     <span class='ocr_line' id='line_1_148' title="bbox 1473 448 2112 481; baseline 0.006 -10"><span class='ocrx_word' id='word_1_925' title='bbox 1473 453 1530 472; x_wconf 89' lang='lat' dir='ltr'><strong>ram</strong></span> <span class='ocrx_word' id='word_1_926' title='bbox 1550 454 1601 473; x_wconf 94' lang='lat' dir='ltr'><strong>non</strong></span> <span class='ocrx_word' id='word_1_927' title='bbox 1622 450 1724 479; x_wconf 88' lang='lat' dir='ltr'><strong>poterat</strong></span> <span class='ocrx_word' id='word_1_928' title='bbox 1742 448 1805 474; x_wconf 86' lang='lat' dir='ltr'><strong>dare</strong></span> <span class='ocrx_word' id='word_1_929' title='bbox 1825 449 1948 481; x_wconf 85' lang='lat' dir='ltr'><strong>Spiritum</strong></span> <span class='ocrx_word' id='word_1_930' title='bbox 1978 453 2112 480; x_wconf 80' lang='lat' dir='ltr'><strong>sanctum,</strong></span> 
     </span>
     <span class='ocr_line' id='line_1_149' title="bbox 1473 490 2113 523; baseline 0.003 -6"><span class='ocrx_word' id='word_1_931' title='bbox 1473 490 1519 517; x_wconf 81' lang='lat' dir='ltr'><strong>sed</strong></span> <span class='ocrx_word' id='word_1_932' title='bbox 1539 490 1680 523; x_wconf 85' lang='lat' dir='ltr'><strong>impetrare</strong></span> <span class='ocrx_word' id='word_1_933' title='bbox 1698 492 1754 518; x_wconf 88' lang='lat' dir='ltr'><strong>eius</strong></span> <span class='ocrx_word' id='word_1_934' title='bbox 1773 492 1939 518; x_wconf 89' lang='lat' dir='ltr'><strong>donationem</strong></span> <span class='ocrx_word' id='word_1_935' title='bbox 1960 493 2011 519; x_wconf 89' lang='grc'><strong>442</strong></span> <span class='ocrx_word' id='word_1_936' title='bbox 2031 494 2064 519; x_wconf 86' lang='grc'><strong>35</strong></span> <span class='ocrx_word' id='word_1_937' title='bbox 2078 507 2113 513; x_wconf 86' lang='grc'><strong>-</strong></span> 
     </span>
     <span class='ocr_line' id='line_1_150' title="bbox 1475 534 2115 569; baseline 0.006 -10"><span class='ocrx_word' id='word_1_938' title='bbox 1475 534 1500 560; x_wconf 83' lang='grc'><strong>111</strong></span> <span class='ocrx_word' id='word_1_939' title='bbox 1530 535 1653 561; x_wconf 91' lang='lat' dir='ltr'><strong>missione</strong></span> <span class='ocrx_word' id='word_1_940' title='bbox 1682 536 1793 567; x_wconf 87' lang='lat' dir='ltr'><strong>Spiritus</strong></span> <span class='ocrx_word' id='word_1_941' title='bbox 1817 537 1899 562; x_wconf 85' lang='lat' dir='ltr'><strong>sancti</strong></span> <span class='ocrx_word' id='word_1_942' title='bbox 1919 537 2026 562; x_wconf 89' lang='lat' dir='ltr'><strong>contulit</strong></span> <span class='ocrx_word' id='word_1_943' title='bbox 2055 544 2115 569; x_wconf 86' lang='lat' dir='ltr'><strong>gra-</strong></span> 
     </span>
     <span class='ocr_line' id='line_1_151' title="bbox 1477 578 1727 604; baseline 0 0"><span class='ocrx_word' id='word_1_944' title='bbox 1477 578 1540 604; x_wconf 87' lang='lat' dir='ltr'><strong>tiam</strong></span> <span class='ocrx_word' id='word_1_945' title='bbox 1560 579 1602 604; x_wconf 90' lang='lat' dir='ltr'><strong>Vll</strong></span> <span class='ocrx_word' id='word_1_946' title='bbox 1623 579 1673 604; x_wconf 85' lang='grc'><strong>478</strong></span> <span class='ocrx_word' id='word_1_947' title='bbox 1695 580 1727 604; x_wconf 88' lang='grc'><strong>19</strong></span> 
     </span>
    </p>

    <p class='ocr_par' dir='ltr' id='par_1_23' title="bbox 1475 623 2117 879">
     <span class='ocr_line' id='line_1_152' title="bbox 1529 623 2114 657; baseline 0.003 -8"><span class='ocrx_word' id='word_1_948' title='bbox 1529 638 1564 642; x_wconf 93' lang='lat'><strong>—-</strong></span> <span class='ocrx_word' id='word_1_949' title='bbox 1583 623 1655 650; x_wconf 87' lang='lat' dir='ltr'><strong>dedit</strong></span> <span class='ocrx_word' id='word_1_950' title='bbox 1674 624 1803 656; x_wconf 82' lang='lat' dir='ltr'><strong>Apostolis</strong></span> <span class='ocrx_word' id='word_1_951' title='bbox 1816 625 1941 657; x_wconf 85' lang='lat' dir='ltr'><strong>Spiritum</strong></span> <span class='ocrx_word' id='word_1_952' title='bbox 1956 629 2073 651; x_wconf 85' lang='lat' dir='ltr'><strong>sanctum</strong></span> <span class='ocrx_word' id='word_1_953' title='bbox 2089 626 2114 651; x_wconf 90' lang='lat' dir='ltr'><strong>in</strong></span> 
     </span>
     <span class='ocr_line' id='line_1_153' title="bbox 1476 668 2114 696; baseline 0.002 -2"><span class='ocrx_word' id='word_1_954' title='bbox 1476 668 1538 694; x_wconf 88' lang='lat' dir='ltr'><strong>flatu</strong></span> <span class='ocrx_word' id='word_1_955' title='bbox 1565 668 1667 694; x_wconf 86' lang='lat' dir='ltr'><strong>occulte</strong></span> <span class='ocrx_word' id='word_1_956' title='bbox 1695 669 1737 694; x_wconf 90' lang='lat' dir='ltr'><strong>Vll</strong></span> <span class='ocrx_word' id='word_1_957' title='bbox 1766 669 1817 694; x_wconf 90' lang='grc'><strong>602</strong></span> <span class='ocrx_word' id='word_1_958' title='bbox 1837 670 1866 694; x_wconf 91' lang='grc'><strong>61</strong></span> <span class='ocrx_word' id='word_1_959' title='bbox 1896 684 1930 688; x_wconf 90' lang='lat'><strong>—-</strong></span> <span class='ocrx_word' id='word_1_960' title='bbox 1950 670 2009 696; x_wconf 84' lang='lat' dir='ltr'><strong>licet</strong></span> <span class='ocrx_word' id='word_1_961' title='bbox 2027 670 2114 695; x_wconf 82' lang='lat' dir='ltr'><strong>statim</strong></span> 
     </span>
     <span class='ocr_line' id='line_1_154' title="bbox 1476 712 2116 745; baseline 0.003 -8"><span class='ocrx_word' id='word_1_962' title='bbox 1476 712 1601 745; x_wconf 88' lang='lat' dir='ltr'><strong>Spiritum</strong></span> <span class='ocrx_word' id='word_1_963' title='bbox 1620 716 1740 739; x_wconf 91' lang='lat' dir='ltr'><strong>sanctum</strong></span> <span class='ocrx_word' id='word_1_964' title='bbox 1760 716 1849 745; x_wconf 89' lang='lat' dir='ltr'><strong>posset</strong></span> <span class='ocrx_word' id='word_1_965' title='bbox 1867 713 1945 745; x_wconf 85' lang='lat' dir='ltr'><strong>dare,</strong></span> <span class='ocrx_word' id='word_1_966' title='bbox 1966 714 2047 739; x_wconf 85' lang='lat' dir='ltr'><strong>voluit</strong></span> <span class='ocrx_word' id='word_1_967' title='bbox 2066 713 2116 739; x_wconf 88' lang='lat' dir='ltr'><strong>dif-</strong></span> 
     </span>
     <span class='ocr_line' id='line_1_155' title="bbox 1476 757 2116 789; baseline 0.002 -7"><span class='ocrx_word' id='word_1_968' title='bbox 1476 758 1543 782; x_wconf 86' lang='lat' dir='ltr'><strong>ferre</strong></span> <span class='ocrx_word' id='word_1_969' title='bbox 1562 760 1670 789; x_wconf 89' lang='lat' dir='ltr'><strong>propter</strong></span> <span class='ocrx_word' id='word_1_970' title='bbox 1688 757 1849 784; x_wconf 88' lang='lat' dir='ltr'><strong>desiderium</strong></span> <span class='ocrx_word' id='word_1_971' title='bbox 1870 758 2060 789; x_wconf 87' lang='lat' dir='ltr'><strong>discipulorum</strong></span> <span class='ocrx_word' id='word_1_972' title='bbox 2081 758 2116 783; x_wconf 91' lang='lat' dir='ltr'><strong>in·</strong></span> 
     </span>
     <span class='ocr_line' id='line_1_156' title="bbox 1476 801 2117 834; baseline 0 -7"><span class='ocrx_word' id='word_1_973' title='bbox 1476 801 1681 833; x_wconf 83' lang='lat' dir='ltr'><strong>ssamtnandum,</strong></span> <span class='ocrx_word' id='word_1_974' title='bbox 1701 805 1810 834; x_wconf 90' lang='lat' dir='ltr'><strong>propter</strong></span> <span class='ocrx_word' id='word_1_975' title='bbox 1837 802 1992 834; x_wconf 90' lang='lat' dir='ltr'><strong>mystcrium</strong></span> <span class='ocrx_word' id='word_1_976' title='bbox 2012 808 2117 828; x_wconf 84' lang='lat' dir='ltr'><strong>servan-</strong></span> 
     </span>
     <span class='ocr_line' id='line_1_157' title="bbox 1475 845 2003 879; baseline -0.002 -7"><span class='ocrx_word' id='word_1_977' title='bbox 1475 845 1540 872; x_wconf 89' lang='lat' dir='ltr'><strong>dum</strong></span> <span class='ocrx_word' id='word_1_978' title='bbox 1559 849 1585 872; x_wconf 91' lang='lat' dir='ltr'><strong>et</strong></span> <span class='ocrx_word' id='word_1_979' title='bbox 1603 849 1711 878; x_wconf 88' lang='lat' dir='ltr'><strong>propter</strong></span> <span class='ocrx_word' id='word_1_980' title='bbox 1729 847 1879 879; x_wconf 87' lang='lat' dir='ltr'><strong>exemplum</strong></span> <span class='ocrx_word' id='word_1_981' title='bbox 1899 846 1950 872; x_wconf 84' lang='lat'>603</span> <span class='ocrx_word' id='word_1_982' title='bbox 1971 846 2003 871; x_wconf 94' lang='grc'><strong>62</strong></span> 
     </span>
    </p>

    <p class='ocr_par' dir='ltr' id='par_1_24' title="bbox 1475 890 2117 1138">
     <span class='ocr_line' id='line_1_158' title="bbox 1511 890 2116 917; baseline 0 -1"><span class='ocrx_word' id='word_1_983' title='bbox 1511 890 1544 916; x_wconf 88' lang='grc'><strong>27</strong></span> <span class='ocrx_word' id='word_1_984' title='bbox 1563 904 1600 910; x_wconf 92' lang='lat'><strong>—-</strong></span> <span class='ocrx_word' id='word_1_985' title='bbox 1618 898 1633 916; x_wconf 93' lang='lat' dir='ltr'><strong>a</strong></span> <span class='ocrx_word' id='word_1_986' title='bbox 1652 890 1820 917; x_wconf 87' lang='lat' dir='ltr'><strong>credentibus</strong></span> <span class='ocrx_word' id='word_1_987' title='bbox 1840 891 1982 917; x_wconf 87' lang='lat' dir='ltr'><strong>imitandus</strong></span> <span class='ocrx_word' id='word_1_988' title='bbox 2001 890 2044 916; x_wconf 91' lang='lat' dir='ltr'><strong>Vll</strong></span> <span class='ocrx_word' id='word_1_989' title='bbox 2064 890 2116 916; x_wconf 90' lang='grc'><strong>227</strong></span> 
     </span>
     <span class='ocr_line' id='line_1_159' title="bbox 1475 934 2115 968; baseline -0.003 -7"><span class='ocrx_word' id='word_1_990' title='bbox 1475 934 1510 960; x_wconf 86' lang='grc'><strong>37</strong></span> <span class='ocrx_word' id='word_1_991' title='bbox 1522 949 1558 953; x_wconf 89' lang='grc'>-</span> <span class='ocrx_word' id='word_1_992' title='bbox 1576 935 1676 961; x_wconf 89' lang='lat' dir='ltr'><strong>Fideles</strong></span> <span class='ocrx_word' id='word_1_993' title='bbox 1694 938 1840 968; x_wconf 88' lang='lat' dir='ltr'><strong>sequuntur</strong></span> <span class='ocrx_word' id='word_1_994' title='bbox 1852 934 1984 961; x_wconf 90' lang='lat' dir='ltr'><strong>Christum</strong></span> <span class='ocrx_word' id='word_1_995' title='bbox 1998 941 2045 967; x_wconf 90' lang='lat' dir='ltr'><strong>per</strong></span> <span class='ocrx_word' id='word_1_996' title='bbox 2060 934 2115 960; x_wconf 86' lang='lat' dir='ltr'><strong>imi-</strong></span> 
     </span>
     <span class='ocr_line' id='line_1_160' title="bbox 1475 978 2116 1011; baseline -0.002 -6"><span class='ocrx_word' id='word_1_997' title='bbox 1475 980 1599 1005; x_wconf 83' lang='lat' dir='ltr'><strong>tatlonem</strong></span> <span class='ocrx_word' id='word_1_998' title='bbox 1611 979 1644 1005; x_wconf 97' lang='lat' dir='ltr'><strong>Vl</strong></span> <span class='ocrx_word' id='word_1_999' title='bbox 1657 980 1704 1005; x_wconf 91' lang='grc'><strong>391</strong></span> <span class='ocrx_word' id='word_1_1000' title='bbox 1724 980 1757 1005; x_wconf 90' lang='grc'><strong>38</strong></span> <span class='ocrx_word' id='word_1_1001' title='bbox 1767 994 1803 998; x_wconf 94' lang='grc'><strong>-</strong></span> <span class='ocrx_word' id='word_1_1002' title='bbox 1816 979 1937 1011; x_wconf 90' lang='lat' dir='ltr'><strong>discipuli</strong></span> <span class='ocrx_word' id='word_1_1003' title='bbox 1950 978 2043 1006; x_wconf 91' lang='lat' dir='ltr'><strong>Christi</strong></span> <span class='ocrx_word' id='word_1_1004' title='bbox 2054 981 2116 1005; x_wconf 90' lang='lat' dir='ltr'><strong>sunt</strong></span> 
     </span>
     <span class='ocr_line' id='line_1_161' title="bbox 1475 1023 2117 1056; baseline -0.002 -7"><span class='ocrx_word' id='word_1_1005' title='bbox 1475 1030 1523 1056; x_wconf 90' lang='lat' dir='ltr'><strong>per</strong></span> <span class='ocrx_word' id='word_1_1006' title='bbox 1542 1024 1713 1050; x_wconf 84' lang='lat' dir='ltr'><strong>imitationem</strong></span> <span class='ocrx_word' id='word_1_1007' title='bbox 1741 1024 1793 1049; x_wconf 90' lang='grc'><strong>363</strong></span> <span class='ocrx_word' id='word_1_1008' title='bbox 1814 1024 1847 1050; x_wconf 89' lang='grc'><strong>47</strong></span> <span class='ocrx_word' id='word_1_1009' title='bbox 1866 1038 1900 1042; x_wconf 91' lang='lat'><strong>-—</strong></span> <span class='ocrx_word' id='word_1_1010' title='bbox 1920 1024 1970 1056; x_wconf 91' lang='lat' dir='ltr'><strong>Qui</strong></span> <span class='ocrx_word' id='word_1_1011' title='bbox 1989 1030 2040 1049; x_wconf 89' lang='lat' dir='ltr'><strong>non</strong></span> <span class='ocrx_word' id='word_1_1012' title='bbox 2060 1023 2117 1049; x_wconf 78' lang='lat' dir='ltr'><strong>vult</strong></span> 
     </span>
     <span class='ocr_line' id='line_1_162' title="bbox 1475 1067 2114 1100; baseline 0 -7"><span class='ocrx_word' id='word_1_1013' title='bbox 1475 1075 1536 1094; x_wconf 92' lang='lat' dir='ltr'><strong>eum</strong></span> <span class='ocrx_word' id='word_1_1014' title='bbox 1561 1068 1656 1094; x_wconf 84' lang='lat' dir='ltr'><strong>imitari</strong></span> <span class='ocrx_word' id='word_1_1015' title='bbox 1683 1075 1734 1094; x_wconf 89' lang='lat' dir='ltr'><strong>nou</strong></span> <span class='ocrx_word' id='word_1_1016' title='bbox 1759 1071 1799 1094; x_wconf 92' lang='lat' dir='ltr'><strong>est</strong></span> <span class='ocrx_word' id='word_1_1017' title='bbox 1822 1068 1879 1094; x_wconf 89' lang='lat' dir='ltr'><strong>eius</strong></span> <span class='ocrx_word' id='word_1_1018' title='bbox 1906 1068 2050 1100; x_wconf 87' lang='lat' dir='ltr'><strong>discipulus</strong></span> <span class='ocrx_word' id='word_1_1019' title='bbox 2070 1067 2114 1093; x_wconf 79' lang='lat' dir='ltr'><strong>Vll</strong></span> 
     </span>
     <span class='ocr_line' id='line_1_163' title="bbox 1476 1112 1581 1138; baseline 0.01 -1"><span class='ocrx_word' id='word_1_1020' title='bbox 1476 1112 1527 1138; x_wconf 88' lang='grc'><strong>376</strong></span> <span class='ocrx_word' id='word_1_1021' title='bbox 1547 1112 1581 1138; x_wconf 87' lang='grc'><strong>55</strong></span> 
     </span>
    </p>

    <p class='ocr_par' dir='ltr' id='par_1_25' title="bbox 1476 1156 2120 1493">
     <span class='ocr_line' id='line_1_164' title="bbox 1529 1156 2115 1189; baseline -0.002 -7"><span class='ocrx_word' id='word_1_1022' title='bbox 1529 1170 1565 1176; x_wconf 89' lang='grc'>-</span> <span class='ocrx_word' id='word_1_1023' title='bbox 1583 1157 1639 1182; x_wconf 85' lang='lat' dir='ltr'><strong>Non</strong></span> <span class='ocrx_word' id='word_1_1024' title='bbox 1658 1157 1727 1183; x_wconf 86' lang='lat' dir='ltr'><strong>valet</strong></span> <span class='ocrx_word' id='word_1_1025' title='bbox 1744 1157 1858 1189; x_wconf 83' lang='lat' dir='ltr'><strong>cognitio</strong></span> <span class='ocrx_word' id='word_1_1026' title='bbox 1877 1156 1971 1183; x_wconf 87' lang='lat' dir='ltr'><strong>Christi</strong></span> <span class='ocrx_word' id='word_1_1027' title='bbox 1990 1156 2045 1182; x_wconf 89' lang='lat' dir='ltr'><strong>sine</strong></span> <span class='ocrx_word' id='word_1_1028' title='bbox 2059 1156 2115 1182; x_wconf 91' lang='lat' dir='ltr'><strong>imi-</strong></span> 
     </span>
     <span class='ocr_line' id='line_1_165' title="bbox 1476 1201 2118 1234; baseline -0.002 -7"><span class='ocrx_word' id='word_1_1029' title='bbox 1476 1201 1572 1227; x_wconf 89' lang='lat' dir='ltr'><strong>tatione</strong></span> <span class='ocrx_word' id='word_1_1030' title='bbox 1590 1204 1616 1227; x_wconf 93' lang='lat' dir='ltr'><strong>ct</strong></span> <span class='ocrx_word' id='word_1_1031' title='bbox 1639 1207 1721 1234; x_wconf 87' lang='lat' dir='ltr'><strong>opere</strong></span> <span class='ocrx_word' id='word_1_1032' title='bbox 1748 1201 1792 1227; x_wconf 71' lang='lat' dir='ltr'><strong>vit</strong></span> <span class='ocrx_word' id='word_1_1033' title='bbox 1820 1201 1872 1226; x_wconf 88' lang='grc'><strong>352</strong></span> <span class='ocrx_word' id='word_1_1034' title='bbox 1892 1201 1925 1226; x_wconf 87' lang='grc'><strong>58</strong></span> <span class='ocrx_word' id='word_1_1035' title='bbox 1945 1215 1980 1219; x_wconf 91' lang='lat'><strong>——</strong></span> <span class='ocrx_word' id='word_1_1036' title='bbox 2003 1207 2118 1233; x_wconf 86' lang='lat' dir='ltr'><strong>operans</strong></span> 
     </span>
     <span class='ocr_line' id='line_1_166' title="bbox 1478 1244 2117 1278; baseline -0.002 -7"><span class='ocrx_word' id='word_1_1037' title='bbox 1478 1249 1504 1271; x_wconf 90' lang='lat' dir='ltr'><strong>et</strong></span> <span class='ocrx_word' id='word_1_1038' title='bbox 1518 1246 1636 1278; x_wconf 81' lang='lat' dir='ltr'><strong>exempla</strong></span> <span class='ocrx_word' id='word_1_1039' title='bbox 1656 1245 1723 1271; x_wconf 87' lang='lat' dir='ltr'><strong>daus</strong></span> <span class='ocrx_word' id='word_1_1040' title='bbox 1748 1245 1879 1271; x_wconf 89' lang='lat' dir='ltr'><strong>videndus</strong></span> <span class='ocrx_word' id='word_1_1041' title='bbox 1907 1245 1940 1271; x_wconf 91' lang='lat' dir='ltr'><strong>ad</strong></span> <span class='ocrx_word' id='word_1_1042' title='bbox 1960 1244 2117 1271; x_wconf 90' lang='lat' dir='ltr'><strong>imitandum</strong></span> 
     </span>
     <span class='ocr_line' id='line_1_167' title="bbox 1477 1289 2119 1323; baseline -0.002 -8"><span class='ocrx_word' id='word_1_1043' title='bbox 1477 1290 1510 1316; x_wconf 87' lang='lat' dir='ltr'><strong>Vl</strong></span> <span class='ocrx_word' id='word_1_1044' title='bbox 1529 1290 1580 1316; x_wconf 89' lang='grc'><strong>630</strong></span> <span class='ocrx_word' id='word_1_1045' title='bbox 1602 1290 1634 1315; x_wconf 90' lang='grc'><strong>43</strong></span> <span class='ocrx_word' id='word_1_1046' title='bbox 1653 1303 1689 1309; x_wconf 89' lang='lat'><strong>--</strong></span> <span class='ocrx_word' id='word_1_1047' title='bbox 1707 1289 1862 1323; x_wconf 88' lang='lat' dir='ltr'><strong>sequendus</strong></span> <span class='ocrx_word' id='word_1_1048' title='bbox 1886 1293 1915 1315; x_wconf 89' lang='lat' dir='ltr'><strong>ut</strong></span> <span class='ocrx_word' id='word_1_1049' title='bbox 1933 1294 2007 1321; x_wconf 91' lang='lat' dir='ltr'><strong>pater</strong></span> <span class='ocrx_word' id='word_1_1050' title='bbox 2026 1290 2069 1314; x_wconf 77' lang='lat' dir='ltr'><strong>vel</strong></span> <span class='ocrx_word' id='word_1_1051' title='bbox 2089 1292 2119 1314; x_wconf 93' lang='lat' dir='ltr'><strong>ut</strong></span> 
     </span>
     <span class='ocr_line' id='line_1_168' title="bbox 1477 1332 2120 1367; baseline -0.003 -7"><span class='ocrx_word' id='word_1_1052' title='bbox 1477 1334 1602 1367; x_wconf 83' lang='lat' dir='ltr'><strong>magister</strong></span> <span class='ocrx_word' id='word_1_1053' title='bbox 1621 1334 1664 1360; x_wconf 92' lang='lat' dir='ltr'><strong>Vll</strong></span> <span class='ocrx_word' id='word_1_1054' title='bbox 1684 1334 1735 1360; x_wconf 89' lang='grc'><strong>250</strong></span> <span class='ocrx_word' id='word_1_1055' title='bbox 1765 1334 1826 1359; x_wconf 90' lang='grc'><strong>406.</strong></span> <span class='ocrx_word' id='word_1_1056' title='bbox 1851 1333 1898 1359; x_wconf 89' lang='grc'><strong>251</strong></span> <span class='ocrx_word' id='word_1_1057' title='bbox 1924 1333 1974 1359; x_wconf 90' lang='grc'><strong>409</strong></span> <span class='ocrx_word' id='word_1_1058' title='bbox 1993 1347 2027 1352; x_wconf 93' lang='lat'><strong>--</strong></span> <span class='ocrx_word' id='word_1_1059' title='bbox 2047 1332 2120 1359; x_wconf 87' lang='lat' dir='ltr'><strong>Chri-</strong></span> 
     </span>
     <span class='ocr_line' id='line_1_169' title="bbox 1476 1377 2117 1411; baseline -0.002 -7"><span class='ocrx_word' id='word_1_1060' title='bbox 1476 1382 1546 1405; x_wconf 90' lang='lat' dir='ltr'><strong>stum</strong></span> <span class='ocrx_word' id='word_1_1061' title='bbox 1565 1377 1695 1404; x_wconf 88' lang='lat' dir='ltr'><strong>debemus</strong></span> <span class='ocrx_word' id='word_1_1062' title='bbox 1713 1378 1787 1411; x_wconf 89' lang='lat' dir='ltr'><strong>sequi</strong></span> <span class='ocrx_word' id='word_1_1063' title='bbox 1806 1381 1932 1411; x_wconf 86' lang='lat' dir='ltr'><strong>tanquam</strong></span> <span class='ocrx_word' id='word_1_1064' title='bbox 1960 1384 2053 1403; x_wconf 77' lang='lat' dir='ltr'><strong>servus</strong></span> <span class='ocrx_word' id='word_1_1065' title='bbox 2072 1377 2117 1403; x_wconf 86' lang='lat' dir='ltr'><strong>do-</strong></span> 
     </span>
     <span class='ocr_line' id='line_1_170' title="bbox 1478 1421 2117 1456; baseline -0.003 -7"><span class='ocrx_word' id='word_1_1066' title='bbox 1478 1423 1589 1455; x_wconf 88' lang='lat' dir='ltr'><strong>minum,</strong></span> <span class='ocrx_word' id='word_1_1067' title='bbox 1601 1425 1727 1456; x_wconf 88' lang='lat' dir='ltr'><strong>tanquam</strong></span> <span class='ocrx_word' id='word_1_1068' title='bbox 1740 1422 1886 1454; x_wconf 91' lang='lat' dir='ltr'><strong>discipulus</strong></span> <span class='ocrx_word' id='word_1_1069' title='bbox 1907 1422 2062 1454; x_wconf 81' lang='lat' dir='ltr'><strong>magistrum</strong></span> <span class='ocrx_word' id='word_1_1070' title='bbox 2082 1421 2117 1447; x_wconf 76' lang='lat' dir='ltr'><strong>Vt</strong></span> 
     </span>
     <span class='ocr_line' id='line_1_171' title="bbox 1478 1467 1583 1493; baseline -0.01 0"><span class='ocrx_word' id='word_1_1071' title='bbox 1478 1468 1530 1493; x_wconf 93' lang='grc'><strong>265</strong></span> <span class='ocrx_word' id='word_1_1072' title='bbox 1550 1467 1583 1492; x_wconf 89' lang='grc'><strong>90</strong></span> 
     </span>
    </p>

    <p class='ocr_par' dir='ltr' id='par_1_26' title="bbox 1479 1509 2124 1811">
     <span class='ocr_line' id='line_1_172' title="bbox 1531 1509 2118 1543; baseline -0.005 -5"><span class='ocrx_word' id='word_1_1073' title='bbox 1531 1525 1567 1531; x_wconf 89' lang='grc'>-</span> <span class='ocrx_word' id='word_1_1074' title='bbox 1585 1511 1681 1538; x_wconf 88' lang='lat' dir='ltr'><strong>imitari</strong></span> <span class='ocrx_word' id='word_1_1075' title='bbox 1695 1510 1824 1537; x_wconf 84' lang='lat' dir='ltr'><strong>debemus</strong></span> <span class='ocrx_word' id='word_1_1076' title='bbox 1836 1517 1917 1543; x_wconf 92' lang='lat' dir='ltr'><strong>opera</strong></span> <span class='ocrx_word' id='word_1_1077' title='bbox 1930 1509 2025 1537; x_wconf 85' lang='lat' dir='ltr'><strong>Christi</strong></span> <span class='ocrx_word' id='word_1_1078' title='bbox 2037 1509 2071 1536; x_wconf 86' lang='lat' dir='ltr'><strong>Vl</strong></span> <span class='ocrx_word' id='word_1_1079' title='bbox 2084 1509 2118 1535; x_wconf 88' lang='grc'><strong>78</strong></span> 
     </span>
     <span class='ocr_line' id='line_1_173' title="bbox 1479 1554 2119 1588; baseline -0.005 -6"><span class='ocrx_word' id='word_1_1080' title='bbox 1479 1564 1504 1583; x_wconf 89' lang='lat' dir='ltr'><strong>v.</strong></span> <span class='ocrx_word' id='word_1_1081' title='bbox 1535 1556 1578 1582; x_wconf 90' lang='grc'><strong>45.</strong></span> <span class='ocrx_word' id='word_1_1082' title='bbox 1598 1555 1648 1582; x_wconf 88' lang='grc'><strong>448</strong></span> <span class='ocrx_word' id='word_1_1083' title='bbox 1679 1556 1707 1581; x_wconf 80' lang='lat' dir='ltr'><strong>tt</strong></span> <span class='ocrx_word' id='word_1_1084' title='bbox 1731 1569 1767 1575; x_wconf 90' lang='lat'>—</span> <span class='ocrx_word' id='word_1_1085' title='bbox 1785 1555 1871 1588; x_wconf 85' lang='lat' dir='ltr'><strong>Opera</strong></span> <span class='ocrx_word' id='word_1_1086' title='bbox 1899 1555 2007 1581; x_wconf 90' lang='lat' dir='ltr'><strong>humilia</strong></span> <span class='ocrx_word' id='word_1_1087' title='bbox 2025 1554 2119 1581; x_wconf 84' lang='lat' dir='ltr'><strong>Christi</strong></span> 
     </span>
     <span class='ocr_line' id='line_1_174' title="bbox 1479 1599 2120 1627; baseline -0.003 0"><span class='ocrx_word' id='word_1_1088' title='bbox 1479 1601 1606 1627; x_wconf 90' lang='lat' dir='ltr'><strong>imitanda</strong></span> <span class='ocrx_word' id='word_1_1089' title='bbox 1627 1600 1678 1626; x_wconf 88' lang='grc'><strong>427</strong></span> <span class='ocrx_word' id='word_1_1090' title='bbox 1700 1601 1730 1626; x_wconf 90' lang='grc'><strong>18</strong></span> <span class='ocrx_word' id='word_1_1091' title='bbox 1750 1613 1786 1619; x_wconf 90' lang='grc'>-</span> <span class='ocrx_word' id='word_1_1092' title='bbox 1804 1600 1937 1626; x_wconf 90' lang='lat' dir='ltr'><strong>Christum</strong></span> <span class='ocrx_word' id='word_1_1093' title='bbox 1956 1600 2051 1626; x_wconf 86' lang='lat' dir='ltr'><strong>imitari</strong></span> <span class='ocrx_word' id='word_1_1094' title='bbox 2074 1599 2120 1625; x_wconf 87' lang='lat' dir='ltr'><strong>de-</strong></span> 
     </span>
     <span class='ocr_line' id='line_1_175' title="bbox 1481 1643 2119 1677; baseline -0.005 -5"><span class='ocrx_word' id='word_1_1095' title='bbox 1481 1645 1576 1672; x_wconf 89' lang='lat' dir='ltr'><strong>bemus</strong></span> <span class='ocrx_word' id='word_1_1096' title='bbox 1590 1645 1614 1671; x_wconf 93' lang='lat' dir='ltr'><strong>in</strong></span> <span class='ocrx_word' id='word_1_1097' title='bbox 1629 1644 1775 1671; x_wconf 87' lang='lat' dir='ltr'><strong>actionibus</strong></span> <span class='ocrx_word' id='word_1_1098' title='bbox 1787 1648 1813 1670; x_wconf 91' lang='lat' dir='ltr'><strong>et</strong></span> <span class='ocrx_word' id='word_1_1099' title='bbox 1824 1643 1992 1677; x_wconf 86' lang='lat' dir='ltr'><strong>passionibus</strong></span> <span class='ocrx_word' id='word_1_1100' title='bbox 2006 1644 2047 1669; x_wconf 90' lang='lat' dir='ltr'><strong>Vll</strong></span> <span class='ocrx_word' id='word_1_1101' title='bbox 2067 1643 2119 1669; x_wconf 79' lang='grc'><strong>376</strong></span> 
     </span>
     <span class='ocr_line' id='line_1_176' title="bbox 1480 1686 2124 1721; baseline -0.003 -5"><span class='ocrx_word' id='word_1_1102' title='bbox 1480 1690 1514 1716; x_wconf 90' lang='grc'><strong>56</strong></span> <span class='ocrx_word' id='word_1_1103' title='bbox 1533 1705 1568 1709; x_wconf 96' lang='grc'><strong>-</strong></span> <span class='ocrx_word' id='word_1_1104' title='bbox 1587 1690 1729 1716; x_wconf 88' lang='lat' dir='ltr'><strong>imitandus</strong></span> <span class='ocrx_word' id='word_1_1105' title='bbox 1747 1690 1774 1715; x_wconf 94' lang='lat' dir='ltr'><strong>in</strong></span> <span class='ocrx_word' id='word_1_1106' title='bbox 1792 1690 1885 1715; x_wconf 78' lang='lat' dir='ltr'><strong>effectu</strong></span> <span class='ocrx_word' id='word_1_1107' title='bbox 1905 1688 2064 1721; x_wconf 87' lang='lat' dir='ltr'><strong>operationis</strong></span> <span class='ocrx_word' id='word_1_1108' title='bbox 2077 1686 2124 1714; x_wconf 89' lang='lat' dir='ltr'><strong>bo·</strong></span> 
     </span>
     <span class='ocr_line' id='line_1_177' title="bbox 1480 1732 2122 1766; baseline -0.003 -6"><span class='ocrx_word' id='word_1_1109' title='bbox 1480 1741 1538 1766; x_wconf 92' lang='lat' dir='ltr'><strong>nae,</strong></span> <span class='ocrx_word' id='word_1_1110' title='bbox 1558 1735 1585 1760; x_wconf 92' lang='lat' dir='ltr'><strong>in</strong></span> <span class='ocrx_word' id='word_1_1111' title='bbox 1604 1734 1694 1760; x_wconf 89' lang='lat' dir='ltr'><strong>habitu</strong></span> <span class='ocrx_word' id='word_1_1112' title='bbox 1721 1733 1926 1760; x_wconf 87' lang='lat' dir='ltr'><strong>conversationis</strong></span> <span class='ocrx_word' id='word_1_1113' title='bbox 1950 1736 2069 1765; x_wconf 87' lang='lat' dir='ltr'><strong>sanctae,</strong></span> <span class='ocrx_word' id='word_1_1114' title='bbox 2096 1732 2122 1758; x_wconf 90' lang='lat' dir='ltr'><strong>in</strong></span> 
     </span>
     <span class='ocr_line' id='line_1_178' title="bbox 1481 1777 2018 1811; baseline -0.004 -6"><span class='ocrx_word' id='word_1_1115' title='bbox 1481 1779 1615 1805; x_wconf 88' lang='lat' dir='ltr'><strong>tolerantia</strong></span> <span class='ocrx_word' id='word_1_1116' title='bbox 1635 1778 1764 1811; x_wconf 88' lang='lat' dir='ltr'><strong>passionis</strong></span> <span class='ocrx_word' id='word_1_1117' title='bbox 1783 1777 1894 1804; x_wconf 86' lang='lat' dir='ltr'><strong>acerbae</strong></span> <span class='ocrx_word' id='word_1_1118' title='bbox 1914 1778 1965 1803; x_wconf 90' lang='grc'><strong>213</strong></span> <span class='ocrx_word' id='word_1_1119' title='bbox 1984 1778 2018 1803; x_wconf 88' lang='grc'><strong>86</strong></span> 
     </span>
    </p>

    <p class='ocr_par' dir='ltr' id='par_1_27' title="bbox 1480 1820 2124 2160">
     <span class='ocr_line' id='line_1_179' title="bbox 1533 1820 2122 1854; baseline -0.005 -5"><span class='ocrx_word' id='word_1_1120' title='bbox 1533 1837 1568 1842; x_wconf 88' lang='lat'><strong>—-</strong></span> <span class='ocrx_word' id='word_1_1121' title='bbox 1587 1823 1652 1849; x_wconf 86' lang='lat' dir='ltr'><strong>Nulli</strong></span> <span class='ocrx_word' id='word_1_1122' title='bbox 1673 1823 1807 1848; x_wconf 85' lang='lat' dir='ltr'><strong>imitantur</strong></span> <span class='ocrx_word' id='word_1_1123' title='bbox 1826 1821 1958 1848; x_wconf 86' lang='lat' dir='ltr'><strong>Christum</strong></span> <span class='ocrx_word' id='word_1_1124' title='bbox 1978 1821 2027 1847; x_wconf 90' lang='lat' dir='ltr'><strong>nisi</strong></span> <span class='ocrx_word' id='word_1_1125' title='bbox 2047 1820 2092 1854; x_wconf 91' lang='lat' dir='ltr'><strong>qui</strong></span> <span class='ocrx_word' id='word_1_1126' title='bbox 2106 1827 2122 1846; x_wconf 92' lang='lat' dir='ltr'><strong>a</strong></span> 
     </span>
     <span class='ocr_line' id='line_1_180' title="bbox 1480 1864 2120 1893; baseline -0.005 0"><span class='ocrx_word' id='word_1_1127' title='bbox 1480 1868 1592 1893; x_wconf 89' lang='lat' dir='ltr'><strong>Domino</strong></span> <span class='ocrx_word' id='word_1_1128' title='bbox 1611 1870 1739 1893; x_wconf 81' lang='lat' dir='ltr'><strong>vocantur</strong></span> <span class='ocrx_word' id='word_1_1129' title='bbox 1759 1866 1791 1891; x_wconf 85' lang='lat' dir='ltr'><strong>Vt</strong></span> <span class='ocrx_word' id='word_1_1130' title='bbox 1813 1865 1863 1891; x_wconf 88' lang='grc'><strong>447</strong></span> <span class='ocrx_word' id='word_1_1131' title='bbox 1884 1866 1917 1892; x_wconf 90' lang='grc'><strong>36</strong></span> <span class='ocrx_word' id='word_1_1132' title='bbox 1937 1879 1972 1885; x_wconf 88' lang='grc'>-</span> <span class='ocrx_word' id='word_1_1133' title='bbox 1991 1864 2120 1891; x_wconf 85' lang='lat' dir='ltr'><strong>Possibili-</strong></span> 
     </span>
     <span class='ocr_line' id='line_1_181' title="bbox 1480 1909 2122 1944; baseline -0.006 -6"><span class='ocrx_word' id='word_1_1134' title='bbox 1480 1915 1519 1938; x_wconf 88' lang='lat' dir='ltr'><strong>tas</strong></span> <span class='ocrx_word' id='word_1_1135' title='bbox 1537 1911 1690 1944; x_wconf 86' lang='lat' dir='ltr'><strong>imperfecta</strong></span> <span class='ocrx_word' id='word_1_1136' title='bbox 1717 1910 1836 1936; x_wconf 89' lang='lat' dir='ltr'><strong>imitandi</strong></span> <span class='ocrx_word' id='word_1_1137' title='bbox 1864 1910 2012 1942; x_wconf 83' lang='lat' dir='ltr'><strong>passionem</strong></span> <span class='ocrx_word' id='word_1_1138' title='bbox 2031 1912 2071 1935; x_wconf 87' lang='lat' dir='ltr'><strong>est</strong></span> <span class='ocrx_word' id='word_1_1139' title='bbox 2094 1909 2122 1934; x_wconf 93' lang='lat' dir='ltr'><strong>in</strong></span> 
     </span>
     <span class='ocr_line' id='line_1_182' title="bbox 1481 1954 2121 1989; baseline -0.005 -7"><span class='ocrx_word' id='word_1_1140' title='bbox 1481 1956 1570 1989; x_wconf 90' lang='lat' dir='ltr'><strong>nobis,</strong></span> <span class='ocrx_word' id='word_1_1141' title='bbox 1589 1956 1635 1982; x_wconf 89' lang='lat' dir='ltr'><strong>sed</strong></span> <span class='ocrx_word' id='word_1_1142' title='bbox 1655 1958 1770 1988; x_wconf 88' lang='lat' dir='ltr'><strong>potestas</strong></span> <span class='ocrx_word' id='word_1_1143' title='bbox 1787 1955 1919 1987; x_wconf 84' lang='lat' dir='ltr'><strong>completa</strong></span> <span class='ocrx_word' id='word_1_1144' title='bbox 1931 1961 1981 1987; x_wconf 88' lang='lat' dir='ltr'><strong>per</strong></span> <span class='ocrx_word' id='word_1_1145' title='bbox 1994 1954 2121 1986; x_wconf 88' lang='lat' dir='ltr'><strong>Spiritum</strong></span> 
     </span>
     <span class='ocr_line' id='line_1_183' title="bbox 1481 1997 2124 2032; baseline -0.005 -6"><span class='ocrx_word' id='word_1_1146' title='bbox 1481 2003 1602 2027; x_wconf 87' lang='lat' dir='ltr'><strong>sanctum</strong></span> <span class='ocrx_word' id='word_1_1147' title='bbox 1621 1999 1672 2025; x_wconf 89' lang='grc'><strong>434</strong></span> <span class='ocrx_word' id='word_1_1148' title='bbox 1693 2000 1726 2026; x_wconf 89' lang='grc'><strong>53</strong></span> <span class='ocrx_word' id='word_1_1149' title='bbox 1745 2013 1780 2018; x_wconf 91' lang='lat'><strong>—-</strong></span> <span class='ocrx_word' id='word_1_1150' title='bbox 1802 1999 1844 2025; x_wconf 81' lang='lat' dir='ltr'><strong>Ad</strong></span> <span class='ocrx_word' id='word_1_1151' title='bbox 1867 1997 2031 2032; x_wconf 88' lang='lat' dir='ltr'><strong>sequendum</strong></span> <span class='ocrx_word' id='word_1_1152' title='bbox 2051 1997 2124 2024; x_wconf 90' lang='lat' dir='ltr'><strong>Chri-</strong></span> 
     </span>
     <span class='ocr_line' id='line_1_184' title="bbox 1481 2042 2120 2077; baseline -0.006 -5"><span class='ocrx_word' id='word_1_1153' title='bbox 1481 2049 1551 2072; x_wconf 90' lang='lat' dir='ltr'><strong>stum</strong></span> <span class='ocrx_word' id='word_1_1154' title='bbox 1570 2045 1653 2077; x_wconf 89' lang='lat' dir='ltr'><strong>gratia</strong></span> <span class='ocrx_word' id='word_1_1155' title='bbox 1672 2044 1718 2070; x_wconf 87' lang='lat' dir='ltr'><strong>Dei</strong></span> <span class='ocrx_word' id='word_1_1156' title='bbox 1737 2042 1815 2070; x_wconf 90' lang='lat' dir='ltr'><strong>nobis</strong></span> <span class='ocrx_word' id='word_1_1157' title='bbox 1833 2047 1937 2076; x_wconf 89' lang='lat' dir='ltr'><strong>praesto</strong></span> <span class='ocrx_word' id='word_1_1158' title='bbox 1960 2045 2006 2075; x_wconf 91' lang='lat' dir='ltr'><strong>est,</strong></span> <span class='ocrx_word' id='word_1_1159' title='bbox 2026 2042 2047 2068; x_wconf 90' lang='lat' dir='ltr'><strong>si</strong></span> <span class='ocrx_word' id='word_1_1160' title='bbox 2068 2048 2120 2068; x_wconf 90' lang='lat' dir='ltr'><strong>non</strong></span> 
     </span>
     <span class='ocr_line' id='line_1_185' title="bbox 1482 2087 2124 2116; baseline -0.006 0"><span class='ocrx_word' id='word_1_1161' title='bbox 1482 2090 1549 2116; x_wconf 90' lang='lat' dir='ltr'><strong>desit</strong></span> <span class='ocrx_word' id='word_1_1162' title='bbox 1567 2090 1690 2115; x_wconf 88' lang='lat' dir='ltr'><strong>voluntas</strong></span> <span class='ocrx_word' id='word_1_1163' title='bbox 1717 2089 1762 2115; x_wconf 83' lang='lat' dir='ltr'><strong>vu</strong></span> <span class='ocrx_word' id='word_1_1164' title='bbox 1787 2089 1838 2114; x_wconf 88' lang='grc'><strong>228</strong></span> <span class='ocrx_word' id='word_1_1165' title='bbox 1858 2088 1891 2114; x_wconf 89' lang='grc'><strong>38</strong></span> <span class='ocrx_word' id='word_1_1166' title='bbox 1911 2102 1947 2106; x_wconf 96' lang='grc'>-</span> <span class='ocrx_word' id='word_1_1167' title='bbox 1965 2087 2042 2113; x_wconf 83' lang='lat' dir='ltr'><strong>Pauci</strong></span> <span class='ocrx_word' id='word_1_1168' title='bbox 2061 2087 2124 2113; x_wconf 82' lang='lat' dir='ltr'><strong>sunt</strong></span> 
     </span>
     <span class='ocr_line' id='line_1_186' title="bbox 1482 2132 1896 2160; baseline -0.005 0"><span class='ocrx_word' id='word_1_1169' title='bbox 1482 2135 1626 2160; x_wconf 88' lang='lat' dir='ltr'><strong>imitatores</strong></span> <span class='ocrx_word' id='word_1_1170' title='bbox 1643 2133 1737 2160; x_wconf 88' lang='lat' dir='ltr'><strong>Christi</strong></span> <span class='ocrx_word' id='word_1_1171' title='bbox 1755 2133 1789 2159; x_wconf 89' lang='lat' dir='ltr'><strong>Vl</strong></span> <span class='ocrx_word' id='word_1_1172' title='bbox 1809 2132 1860 2159; x_wconf 87' lang='grc'><strong>384</strong></span> <span class='ocrx_word' id='word_1_1173' title='bbox 1880 2133 1896 2159; x_wconf 89' lang='grc'><strong>5</strong></span> 
     </span>
    </p>

    <p class='ocr_par' dir='ltr' id='par_1_28' title="bbox 1483 2176 2128 2739">
     <span class='ocr_line' id='line_1_187' title="bbox 1535 2176 2124 2208; baseline -0.005 -3"><span class='ocrx_word' id='word_1_1174' title='bbox 1535 2193 1571 2199; x_wconf 92' lang='grc'>-</span> <span class='ocrx_word' id='word_1_1175' title='bbox 1590 2179 1630 2205; x_wconf 82' lang='lat' dir='ltr'><strong>Ad</strong></span> <span class='ocrx_word' id='word_1_1176' title='bbox 1649 2177 1803 2204; x_wconf 89' lang='lat' dir='ltr'><strong>imitandum</strong></span> <span class='ocrx_word' id='word_1_1177' title='bbox 1817 2176 1962 2208; x_wconf 85' lang='lat' dir='ltr'><strong>Christum,</strong></span> <span class='ocrx_word' id='word_1_1178' title='bbox 1975 2176 2055 2202; x_wconf 88' lang='lat' dir='ltr'><strong>multa</strong></span> <span class='ocrx_word' id='word_1_1179' title='bbox 2068 2182 2124 2202; x_wconf 89' lang='lat' dir='ltr'><strong>mo-</strong></span> 
     </span>
     <span class='ocr_line' id='line_1_188' title="bbox 1483 2220 2124 2250; baseline -0.006 0"><span class='ocrx_word' id='word_1_1180' title='bbox 1483 2227 1546 2250; x_wconf 85' lang='lat' dir='ltr'><strong>vent</strong></span> <span class='ocrx_word' id='word_1_1181' title='bbox 1563 2226 1589 2249; x_wconf 87' lang='lat' dir='ltr'><strong>et</strong></span> <span class='ocrx_word' id='word_1_1182' title='bbox 1616 2223 1727 2249; x_wconf 85' lang='lat' dir='ltr'><strong>invitant</strong></span> <span class='ocrx_word' id='word_1_1183' title='bbox 1753 2222 1871 2248; x_wconf 80' lang='lat' dir='ltr'><strong>Vll-228</strong></span> <span class='ocrx_word' id='word_1_1184' title='bbox 1901 2221 1943 2247; x_wconf 89' lang='lat'><strong>37.</strong></span> <span class='ocrx_word' id='word_1_1185' title='bbox 1962 2221 2013 2247; x_wconf 87' lang='grc'><strong>229</strong></span> <span class='ocrx_word' id='word_1_1186' title='bbox 2035 2220 2067 2247; x_wconf 88' lang='grc'><strong>42</strong></span> <span class='ocrx_word' id='word_1_1187' title='bbox 2086 2233 2124 2240; x_wconf 84' lang='grc'><strong>-</strong></span> 
     </span>
     <span class='ocr_line' id='line_1_189' title="bbox 1483 2264 2122 2302; baseline -0.006 -8"><span class='ocrx_word' id='word_1_1188' title='bbox 1483 2268 1604 2302; x_wconf 88' lang='lat' dir='ltr'><strong>promisit</strong></span> <span class='ocrx_word' id='word_1_1189' title='bbox 1630 2274 1660 2294; x_wconf 89' lang='lat' dir='ltr'><strong>se</strong></span> <span class='ocrx_word' id='word_1_1190' title='bbox 1687 2266 1849 2293; x_wconf 86' lang='lat' dir='ltr'><strong>imitantibus</strong></span> <span class='ocrx_word' id='word_1_1191' title='bbox 1874 2265 2062 2292; x_wconf 88' lang='lat' dir='ltr'><strong>beatitudinem</strong></span> <span class='ocrx_word' id='word_1_1192' title='bbox 2087 2264 2122 2291; x_wconf 90' lang='lat' dir='ltr'><strong>Vl</strong></span> 
     </span>
     <span class='ocr_line' id='line_1_190' title="bbox 1485 2309 2123 2339; baseline -0.006 0"><span class='ocrx_word' id='word_1_1193' title='bbox 1485 2313 1535 2339; x_wconf 90' lang='grc'><strong>428</strong></span> <span class='ocrx_word' id='word_1_1194' title='bbox 1556 2313 1584 2338; x_wconf 93' lang='grc'><strong>21</strong></span> <span class='ocrx_word' id='word_1_1195' title='bbox 1609 2326 1642 2331; x_wconf 94' lang='lat'><strong>——</strong></span> <span class='ocrx_word' id='word_1_1196' title='bbox 1662 2310 1837 2338; x_wconf 85' lang='lat' dir='ltr'><strong>imitatoribus</strong></span> <span class='ocrx_word' id='word_1_1197' title='bbox 1855 2310 1950 2337; x_wconf 90' lang='lat' dir='ltr'><strong>Christi</strong></span> <span class='ocrx_word' id='word_1_1198' title='bbox 1977 2309 2123 2336; x_wconf 87' lang='lat' dir='ltr'><strong>ostenditur</strong></span> 
     </span>
     <span class='ocr_line' id='line_1_191' title="bbox 1484 2354 2123 2389; baseline -0.008 -6"><span class='ocrx_word' id='word_1_1199' title='bbox 1484 2364 1597 2389; x_wconf 88' lang='lat' dir='ltr'><strong>regnum</strong></span> <span class='ocrx_word' id='word_1_1200' title='bbox 1617 2356 1665 2382; x_wconf 90' lang='lat' dir='ltr'><strong>Dei</strong></span> <span class='ocrx_word' id='word_1_1201' title='bbox 1683 2363 1732 2388; x_wconf 90' lang='lat' dir='ltr'><strong>per</strong></span> <span class='ocrx_word' id='word_1_1202' title='bbox 1750 2355 1866 2389; x_wconf 86' lang='lat' dir='ltr'><strong>aliquam</strong></span> <span class='ocrx_word' id='word_1_1203' title='bbox 1891 2354 2030 2387; x_wconf 89' lang='lat' dir='ltr'><strong>specialem</strong></span> <span class='ocrx_word' id='word_1_1204' title='bbox 2050 2360 2123 2379; x_wconf 76' lang='lat' dir='ltr'><strong>reve-</strong></span> 
     </span>
     <span class='ocr_line' id='line_1_192' title="bbox 1484 2398 2125 2433; baseline -0.006 -5"><span class='ocrx_word' id='word_1_1205' title='bbox 1484 2402 1607 2428; x_wconf 91' lang='lat' dir='ltr'><strong>lationem</strong></span> <span class='ocrx_word' id='word_1_1206' title='bbox 1626 2401 1654 2427; x_wconf 87' lang='lat' dir='ltr'><strong>in</strong></span> <span class='ocrx_word' id='word_1_1207' title='bbox 1673 2402 1722 2426; x_wconf 91' lang='lat' dir='ltr'><strong>hac</strong></span> <span class='ocrx_word' id='word_1_1208' title='bbox 1741 2400 1809 2433; x_wconf 80' lang='lat' dir='ltr'><strong>vita,</strong></span> <span class='ocrx_word' id='word_1_1209' title='bbox 1828 2403 1857 2426; x_wconf 90' lang='lat' dir='ltr'><strong>ut</strong></span> <span class='ocrx_word' id='word_1_1210' title='bbox 1884 2406 1976 2426; x_wconf 90' lang='lat' dir='ltr'><strong>eorum</strong></span> <span class='ocrx_word' id='word_1_1211' title='bbox 1995 2398 2125 2430; x_wconf 87' lang='lat' dir='ltr'><strong>complea-</strong></span> 
     </span>
     <span class='ocr_line' id='line_1_193' title="bbox 1485 2444 2125 2472; baseline -0.006 0"><span class='ocrx_word' id='word_1_1212' title='bbox 1485 2449 1527 2472; x_wconf 93' lang='lat' dir='ltr'><strong>tur</strong></span> <span class='ocrx_word' id='word_1_1213' title='bbox 1545 2445 1707 2472; x_wconf 88' lang='lat' dir='ltr'><strong>desiderium</strong></span> <span class='ocrx_word' id='word_1_1214' title='bbox 1735 2445 1780 2470; x_wconf 91' lang='lat' dir='ltr'><strong>Vll</strong></span> <span class='ocrx_word' id='word_1_1215' title='bbox 1805 2444 1857 2470; x_wconf 82' lang='grc'><strong>229</strong></span> <span class='ocrx_word' id='word_1_1216' title='bbox 1878 2444 1911 2470; x_wconf 87' lang='grc'><strong>42</strong></span> <span class='ocrx_word' id='word_1_1217' title='bbox 1929 2457 1966 2464; x_wconf 91' lang='grc'>-</span> <span class='ocrx_word' id='word_1_1218' title='bbox 1984 2444 2125 2469; x_wconf 79' lang='lat' dir='ltr'><strong>servantes</strong></span> 
     </span>
     <span class='ocr_line' id='line_1_194' title="bbox 1485 2488 2125 2521; baseline -0.006 -5"><span class='ocrx_word' id='word_1_1219' title='bbox 1485 2497 1633 2517; x_wconf 89' lang='lat' dir='ltr'><strong>sermonem</strong></span> <span class='ocrx_word' id='word_1_1220' title='bbox 1653 2489 1748 2516; x_wconf 91' lang='lat' dir='ltr'><strong>Christi</strong></span> <span class='ocrx_word' id='word_1_1221' title='bbox 1768 2496 1823 2515; x_wconf 89' lang='lat' dir='ltr'><strong>non</strong></span> <span class='ocrx_word' id='word_1_1222' title='bbox 1840 2488 1985 2521; x_wconf 82' lang='lat' dir='ltr'><strong>gustabunt</strong></span> <span class='ocrx_word' id='word_1_1223' title='bbox 2003 2490 2125 2519; x_wconf 91' lang='lat' dir='ltr'><strong>mortem,</strong></span> 
     </span>
     <span class='ocr_line' id='line_1_195' title="bbox 1486 2531 2125 2565; baseline -0.005 -5"><span class='ocrx_word' id='word_1_1224' title='bbox 1486 2534 1533 2561; x_wconf 89' lang='grc'><strong>533</strong></span> <span class='ocrx_word' id='word_1_1225' title='bbox 1551 2533 1698 2560; x_wconf 89' lang='lat' dir='ltr'><strong>transibunt</strong></span> <span class='ocrx_word' id='word_1_1226' title='bbox 1716 2533 1750 2560; x_wconf 87' lang='lat' dir='ltr'><strong>ad</strong></span> <span class='ocrx_word' id='word_1_1227' title='bbox 1774 2534 1857 2559; x_wconf 87' lang='lat' dir='ltr'><strong>vitam</strong></span> <span class='ocrx_word' id='word_1_1228' title='bbox 1880 2531 1943 2560; x_wconf 82' lang='lat' dir='ltr'><strong>ibid.</strong></span> <span class='ocrx_word' id='word_1_1229' title='bbox 1961 2546 1996 2551; x_wconf 93' lang='lat'>—</span> <span class='ocrx_word' id='word_1_1230' title='bbox 2014 2537 2125 2565; x_wconf 86' lang='lat' dir='ltr'><strong>sequen-</strong></span> 
     </span>
     <span class='ocr_line' id='line_1_196' title="bbox 1487 2576 2126 2609; baseline -0.006 -3"><span class='ocrx_word' id='word_1_1231' title='bbox 1487 2583 1525 2606; x_wconf 89' lang='lat' dir='ltr'><strong>tes</strong></span> <span class='ocrx_word' id='word_1_1232' title='bbox 1543 2586 1571 2605; x_wconf 89' lang='lat' dir='ltr'><strong>se</strong></span> <span class='ocrx_word' id='word_1_1233' title='bbox 1598 2581 1687 2609; x_wconf 90' lang='lat' dir='ltr'><strong>sanat,</strong></span> <span class='ocrx_word' id='word_1_1234' title='bbox 1707 2577 1810 2604; x_wconf 85' lang='lat' dir='ltr'><strong>instruit</strong></span> <span class='ocrx_word' id='word_1_1235' title='bbox 1836 2580 1862 2603; x_wconf 92' lang='lat' dir='ltr'><strong>et</strong></span> <span class='ocrx_word' id='word_1_1236' title='bbox 1880 2577 1963 2604; x_wconf 84' lang='lat' dir='ltr'><strong>reficit</strong></span> <span class='ocrx_word' id='word_1_1237' title='bbox 1981 2577 2014 2603; x_wconf 90' lang='lat' dir='ltr'><strong>Vl</strong></span> <span class='ocrx_word' id='word_1_1238' title='bbox 2033 2576 2086 2602; x_wconf 87' lang='lat'><strong>585</strong></span> <span class='ocrx_word' id='word_1_1239' title='bbox 2109 2576 2126 2602; x_wconf 86' lang='grc'><strong>9</strong></span> 
     </span>
     <span class='ocr_line' id='line_1_197' title="bbox 1486 2619 2128 2657; baseline -0.006 -7"><span class='ocrx_word' id='word_1_1240' title='bbox 1486 2639 1522 2643; x_wconf 95' lang='grc'><strong>-</strong></span> <span class='ocrx_word' id='word_1_1241' title='bbox 1541 2622 1717 2657; x_wconf 86' lang='lat' dir='ltr'><strong>Sequentibus</strong></span> <span class='ocrx_word' id='word_1_1242' title='bbox 1737 2622 1877 2648; x_wconf 89' lang='lat' dir='ltr'><strong>Dominum</strong></span> <span class='ocrx_word' id='word_1_1243' title='bbox 1888 2621 2049 2654; x_wconf 85' lang='lat' dir='ltr'><strong>promittitur</strong></span> <span class='ocrx_word' id='word_1_1244' title='bbox 2066 2619 2128 2647; x_wconf 81' lang='lat' dir='ltr'><strong>sub-</strong></span> 
     </span>
     <span class='ocr_line' id='line_1_198' title="bbox 1488 2665 2127 2699; baseline -0.006 -5"><span class='ocrx_word' id='word_1_1245' title='bbox 1488 2668 1583 2695; x_wconf 87' lang='lat' dir='ltr'><strong>limitas</strong></span> <span class='ocrx_word' id='word_1_1246' title='bbox 1597 2668 1702 2693; x_wconf 89' lang='lat' dir='ltr'><strong>honoris</strong></span> <span class='ocrx_word' id='word_1_1247' title='bbox 1710 2687 1716 2698; x_wconf 92' lang='lat'><strong>,</strong></span> <span class='ocrx_word' id='word_1_1248' title='bbox 1727 2667 1858 2699; x_wconf 88' lang='lat' dir='ltr'><strong>possessio</strong></span> <span class='ocrx_word' id='word_1_1249' title='bbox 1868 2665 2026 2696; x_wconf 86' lang='lat' dir='ltr'><strong>hereditatis,</strong></span> <span class='ocrx_word' id='word_1_1250' title='bbox 2036 2665 2127 2691; x_wconf 93' lang='lat' dir='ltr'><strong>lumen</strong></span> 
     </span>
     <span class='ocr_line' id='line_1_199' title="bbox 1489 2708 2127 2739; baseline -0.006 -1"><span class='ocrx_word' id='word_1_1251' title='bbox 1489 2712 1656 2739; x_wconf 89' lang='lat' dir='ltr'><strong>iucunditatis</strong></span> <span class='ocrx_word' id='word_1_1252' title='bbox 1675 2715 1701 2737; x_wconf 87' lang='lat' dir='ltr'><strong>et</strong></span> <span class='ocrx_word' id='word_1_1253' title='bbox 1718 2711 1846 2737; x_wconf 86' lang='lat' dir='ltr'><strong>securitas</strong></span> <span class='ocrx_word' id='word_1_1254' title='bbox 1864 2709 2021 2736; x_wconf 81' lang='lat' dir='ltr'><strong>aeternitatis</strong></span> <span class='ocrx_word' id='word_1_1255' title='bbox 2038 2708 2073 2735; x_wconf 84' lang='lat' dir='ltr'><strong>ib.</strong></span> <span class='ocrx_word' id='word_1_1256' title='bbox 2094 2709 2127 2734; x_wconf 86' lang='grc'><strong>10</strong></span> 
     </span>
    </p>

    <p class='ocr_par' dir='ltr' id='par_1_29' title="bbox 1488 2753 2130 3090">
     <span class='ocr_line' id='line_1_200' title="bbox 1542 2753 2128 2789; baseline -0.007 -7"><span class='ocrx_word' id='word_1_1257' title='bbox 1542 2770 1576 2775; x_wconf 95' lang='grc'>-</span> <span class='ocrx_word' id='word_1_1258' title='bbox 1601 2756 1681 2789; x_wconf 84' lang='lat' dir='ltr'><strong>Sequi</strong></span> <span class='ocrx_word' id='word_1_1259' title='bbox 1706 2755 1848 2781; x_wconf 87' lang='lat' dir='ltr'><strong>Dominum</strong></span> <span class='ocrx_word' id='word_1_1260' title='bbox 1876 2754 1901 2787; x_wconf 81' lang='lat' dir='ltr'><strong>in</strong></span> <span class='ocrx_word' id='word_1_1261' title='bbox 1929 2753 2059 2786; x_wconf 85' lang='lat' dir='ltr'><strong>praesenti</strong></span> <span class='ocrx_word' id='word_1_1262' title='bbox 2087 2756 2128 2779; x_wconf 88' lang='lat' dir='ltr'><strong>est</strong></span> 
     </span>
     <span class='ocr_line' id='line_1_201' title="bbox 1488 2798 2129 2830; baseline -0.008 -3"><span class='ocrx_word' id='word_1_1263' title='bbox 1488 2801 1663 2827; x_wconf 86' lang='lat' dir='ltr'><strong>honorificum</strong></span> <span class='ocrx_word' id='word_1_1264' title='bbox 1682 2803 1708 2825; x_wconf 91' lang='lat' dir='ltr'><strong>et</strong></span> <span class='ocrx_word' id='word_1_1265' title='bbox 1726 2804 1810 2825; x_wconf 89' lang='lat' dir='ltr'><strong>tutum</strong></span> <span class='ocrx_word' id='word_1_1266' title='bbox 1830 2806 1844 2824; x_wconf 90' lang='lat' dir='ltr'><strong>a</strong></span> <span class='ocrx_word' id='word_1_1267' title='bbox 1863 2798 2010 2830; x_wconf 90' lang='lat' dir='ltr'><strong>perditione</strong></span> <span class='ocrx_word' id='word_1_1268' title='bbox 2022 2801 2047 2823; x_wconf 92' lang='lat' dir='ltr'><strong>et</strong></span> <span class='ocrx_word' id='word_1_1269' title='bbox 2066 2804 2129 2829; x_wconf 91' lang='lat' dir='ltr'><strong>pro-</strong></span> 
     </span>
     <span class='ocr_line' id='line_1_202' title="bbox 1488 2840 2129 2875; baseline -0.008 -4"><span class='ocrx_word' id='word_1_1270' title='bbox 1488 2845 1586 2871; x_wconf 80' lang='lat' dir='ltr'><strong>ficuum</strong></span> <span class='ocrx_word' id='word_1_1271' title='bbox 1607 2844 1639 2870; x_wconf 91' lang='lat' dir='ltr'><strong>Vl</strong></span> <span class='ocrx_word' id='word_1_1272' title='bbox 1659 2844 1711 2869; x_wconf 88' lang='lat'><strong>585</strong></span> <span class='ocrx_word' id='word_1_1273' title='bbox 1730 2844 1745 2868; x_wconf 89' lang='grc'><strong>9</strong></span> <span class='ocrx_word' id='word_1_1274' title='bbox 1764 2856 1800 2862; x_wconf 91' lang='lat'><strong>—-</strong></span> <span class='ocrx_word' id='word_1_1275' title='bbox 1819 2842 1900 2875; x_wconf 87' lang='lat' dir='ltr'><strong>Sequi</strong></span> <span class='ocrx_word' id='word_1_1276' title='bbox 1923 2840 2054 2868; x_wconf 87' lang='lat' dir='ltr'><strong>Christum</strong></span> <span class='ocrx_word' id='word_1_1277' title='bbox 2081 2847 2129 2873; x_wconf 90' lang='lat' dir='ltr'><strong>per</strong></span> 
     </span>
     <span class='ocr_line' id='line_1_203' title="bbox 1488 2884 2130 2921; baseline -0.008 -7"><span class='ocrx_word' id='word_1_1278' title='bbox 1488 2890 1669 2921; x_wconf 85' lang='lat' dir='ltr'><strong>paupertatem</strong></span> <span class='ocrx_word' id='word_1_1279' title='bbox 1689 2891 1729 2912; x_wconf 84' lang='lat' dir='ltr'><strong>est</strong></span> <span class='ocrx_word' id='word_1_1280' title='bbox 1746 2886 1824 2912; x_wconf 85' lang='lat' dir='ltr'><strong>valde</strong></span> <span class='ocrx_word' id='word_1_1281' title='bbox 1837 2885 1997 2916; x_wconf 87' lang='lat' dir='ltr'><strong>honorabile,</strong></span> <span class='ocrx_word' id='word_1_1282' title='bbox 2015 2885 2074 2910; x_wconf 89' lang='lat' dir='ltr'><strong>licet</strong></span> <span class='ocrx_word' id='word_1_1283' title='bbox 2092 2884 2130 2909; x_wconf 87' lang='lat' dir='ltr'><strong>vi-</strong></span> 
     </span>
     <span class='ocr_line' id='line_1_204' title="bbox 1488 2927 2130 2958; baseline -0.006 -1"><span class='ocrx_word' id='word_1_1284' title='bbox 1488 2933 1580 2958; x_wconf 89' lang='lat' dir='ltr'><strong>deatur</strong></span> <span class='ocrx_word' id='word_1_1285' title='bbox 1598 2932 1651 2956; x_wconf 88' lang='lat' dir='ltr'><strong>vile</strong></span> <span class='ocrx_word' id='word_1_1286' title='bbox 1670 2931 1713 2956; x_wconf 90' lang='lat' dir='ltr'><strong>th</strong></span> <span class='ocrx_word' id='word_1_1287' title='bbox 1733 2931 1784 2956; x_wconf 88' lang='grc'><strong>228</strong></span> <span class='ocrx_word' id='word_1_1288' title='bbox 1804 2930 1837 2955; x_wconf 88' lang='grc'><strong>38</strong></span> <span class='ocrx_word' id='word_1_1289' title='bbox 1851 2943 1886 2948; x_wconf 95' lang='grc'><strong>-</strong></span> <span class='ocrx_word' id='word_1_1290' title='bbox 1900 2929 2043 2955; x_wconf 83' lang='lat' dir='ltr'><strong>Ministrare</strong></span> <span class='ocrx_word' id='word_1_1291' title='bbox 2055 2927 2130 2954; x_wconf 86' lang='lat' dir='ltr'><strong>Chri-</strong></span> 
     </span>
     <span class='ocr_line' id='line_1_205' title="bbox 1489 2972 2129 3006; baseline -0.008 -4"><span class='ocrx_word' id='word_1_1292' title='bbox 1489 2980 1529 3002; x_wconf 91' lang='lat' dir='ltr'><strong>sto</strong></span> <span class='ocrx_word' id='word_1_1293' title='bbox 1547 2979 1586 3002; x_wconf 84' lang='lat' dir='ltr'><strong>est</strong></span> <span class='ocrx_word' id='word_1_1294' title='bbox 1599 2975 1712 3001; x_wconf 80' lang='lat' dir='ltr'><strong>maxime</strong></span> <span class='ocrx_word' id='word_1_1295' title='bbox 1724 2974 1911 3004; x_wconf 83' lang='lat' dir='ltr'><strong>honorificum,</strong></span> <span class='ocrx_word' id='word_1_1296' title='bbox 1924 2973 1985 3006; x_wconf 84' lang='lat' dir='ltr'><strong>quia</strong></span> <span class='ocrx_word' id='word_1_1297' title='bbox 2004 2972 2038 2998; x_wconf 89' lang='lat' dir='ltr'><strong>de</strong></span> <span class='ocrx_word' id='word_1_1298' title='bbox 2050 2979 2129 2998; x_wconf 85' lang='lat' dir='ltr'><strong>servo</strong></span> 
     </span>
     <span class='ocr_line' id='line_1_206' title="bbox 1489 3016 2129 3050; baseline -0.006 -4"><span class='ocrx_word' id='word_1_1299' title='bbox 1489 3021 1518 3046; x_wconf 87' lang='lat' dir='ltr'><strong>fit</strong></span> <span class='ocrx_word' id='word_1_1300' title='bbox 1537 3020 1605 3046; x_wconf 84' lang='lat' dir='ltr'><strong>filius</strong></span> <span class='ocrx_word' id='word_1_1301' title='bbox 1623 3019 1657 3045; x_wconf 91' lang='lat' dir='ltr'><strong>Vl</strong></span> <span class='ocrx_word' id='word_1_1302' title='bbox 1677 3019 1728 3044; x_wconf 86' lang='grc'><strong>418</strong></span> <span class='ocrx_word' id='word_1_1303' title='bbox 1748 3019 1781 3044; x_wconf 87' lang='lat'><strong>38</strong></span> <span class='ocrx_word' id='word_1_1304' title='bbox 1801 3032 1835 3038; x_wconf 96' lang='lat'>—</span> <span class='ocrx_word' id='word_1_1305' title='bbox 1854 3018 1936 3044; x_wconf 83' lang='lat' dir='ltr'><strong>Nemo</strong></span> <span class='ocrx_word' id='word_1_1306' title='bbox 1949 3020 2034 3050; x_wconf 88' lang='lat' dir='ltr'><strong>potest</strong></span> <span class='ocrx_word' id='word_1_1307' title='bbox 2050 3016 2129 3042; x_wconf 87' lang='lat' dir='ltr'><strong>simul</strong></span> 
     </span>
     <span class='ocr_line' id='line_1_207' title="bbox 1490 3061 2061 3090; baseline -0.007 0"><span class='ocrx_word' id='word_1_1308' title='bbox 1490 3064 1589 3090; x_wconf 86' lang='lat' dir='ltr'><strong>servire</strong></span> <span class='ocrx_word' id='word_1_1309' title='bbox 1607 3062 1710 3090; x_wconf 89' lang='lat' dir='ltr'><strong>Christo</strong></span> <span class='ocrx_word' id='word_1_1310' title='bbox 1729 3065 1756 3089; x_wconf 90' lang='lat' dir='ltr'><strong>et</strong></span> <span class='ocrx_word' id='word_1_1311' title='bbox 1773 3061 1879 3087; x_wconf 86' lang='lat' dir='ltr'><strong>diabolo</strong></span> <span class='ocrx_word' id='word_1_1312' title='bbox 1899 3062 1941 3087; x_wconf 87' lang='lat' dir='ltr'><strong>Vll</strong></span> <span class='ocrx_word' id='word_1_1313' title='bbox 1962 3061 2012 3087; x_wconf 85' lang='grc'><strong>410</strong></span> <span class='ocrx_word' id='word_1_1314' title='bbox 2033 3061 2061 3086; x_wconf 90' lang='grc'><strong>21</strong></span> 
     </span>
    </p>

    <p class='ocr_par' dir='ltr' id='par_1_30' title="bbox 1490 3103 2130 3266">
     <span class='ocr_line' id='line_1_208' title="bbox 1542 3103 2129 3137; baseline -0.009 -3"><span class='ocrx_word' id='word_1_1315' title='bbox 1542 3121 1578 3127; x_wconf 91' lang='grc'>-</span> <span class='ocrx_word' id='word_1_1316' title='bbox 1596 3107 1704 3133; x_wconf 77' lang='lat' dir='ltr'><strong>Animae</strong></span> <span class='ocrx_word' id='word_1_1317' title='bbox 1732 3106 1817 3132; x_wconf 82' lang='lat' dir='ltr'><strong>fidelis</strong></span> <span class='ocrx_word' id='word_1_1318' title='bbox 1844 3106 1967 3131; x_wconf 89' lang='lat' dir='ltr'><strong>meritum</strong></span> <span class='ocrx_word' id='word_1_1319' title='bbox 1996 3107 2035 3130; x_wconf 56' lang='grc' dir='ltr'><strong>ωε</strong></span> <span class='ocrx_word' id='word_1_1320' title='bbox 2054 3103 2129 3137; x_wconf 85' lang='lat' dir='ltr'><strong>sequi</strong></span> 
     </span>
     <span class='ocr_line' id='line_1_209' title="bbox 1490 3148 2129 3182; baseline -0.009 -3"><span class='ocrx_word' id='word_1_1321' title='bbox 1490 3152 1621 3179; x_wconf 89' lang='lat' dir='ltr'><strong>Christum</strong></span> <span class='ocrx_word' id='word_1_1322' title='bbox 1647 3151 1680 3176; x_wconf 83' lang='lat' dir='ltr'><strong>vt</strong></span> <span class='ocrx_word' id='word_1_1323' title='bbox 1709 3150 1760 3176; x_wconf 83' lang='lat'>583</span> <span class='ocrx_word' id='word_1_1324' title='bbox 1791 3151 1801 3175; x_wconf 93' lang='grc'><strong>4</strong></span> <span class='ocrx_word' id='word_1_1325' title='bbox 1824 3163 1858 3168; x_wconf 87' lang='grc'>-</span> <span class='ocrx_word' id='word_1_1326' title='bbox 1878 3149 1958 3182; x_wconf 88' lang='lat' dir='ltr'><strong>Sequi</strong></span> <span class='ocrx_word' id='word_1_1327' title='bbox 1986 3148 2129 3174; x_wconf 86' lang='lat' dir='ltr'><strong>Dominum</strong></span> 
     </span>
     <span class='ocr_line' id='line_1_210' title="bbox 1491 3191 2130 3227; baseline -0.009 -4"><span class='ocrx_word' id='word_1_1328' title='bbox 1491 3195 1617 3223; x_wconf 84' lang='lat' dir='ltr'><strong>imitando</strong></span> <span class='ocrx_word' id='word_1_1329' title='bbox 1644 3194 1787 3227; x_wconf 84' lang='lat' dir='ltr'><strong>requiritur</strong></span> <span class='ocrx_word' id='word_1_1330' title='bbox 1814 3193 1848 3220; x_wconf 87' lang='lat' dir='ltr'><strong>ad</strong></span> <span class='ocrx_word' id='word_1_1331' title='bbox 1875 3193 2062 3226; x_wconf 86' lang='lat' dir='ltr'><strong>perfectionem</strong></span> <span class='ocrx_word' id='word_1_1332' title='bbox 2085 3191 2130 3217; x_wconf 83' lang='lat' dir='ltr'><strong>Vll</strong></span> 
     </span>
     <span class='ocr_line' id='line_1_211' title="bbox 1493 3240 1591 3266; baseline -0.02 0"><span class='ocrx_word' id='word_1_1333' title='bbox 1493 3241 1543 3266; x_wconf 88' lang='grc'><strong>463</strong></span> <span class='ocrx_word' id='word_1_1334' title='bbox 1563 3240 1591 3265; x_wconf 88' lang='grc'><strong>41</strong></span> 
     </span>
    </p>

    <p class='ocr_par' dir='ltr' id='par_1_31' title="bbox 1546 3279 2134 3314">
     <span class='ocr_line' id='line_1_212' title="bbox 1546 3279 2134 3314; baseline -0.009 -5"><span class='ocrx_word' id='word_1_1335' title='bbox 1546 3297 1580 3302; x_wconf 91' lang='grc'>-</span> <span class='ocrx_word' id='word_1_1336' title='bbox 1598 3282 1729 3309; x_wconf 88' lang='lat' dir='ltr'><strong>Christum</strong></span> <span class='ocrx_word' id='word_1_1337' title='bbox 1749 3280 1880 3308; x_wconf 87' lang='lat' dir='ltr'><strong>debemus</strong></span> <span class='ocrx_word' id='word_1_1338' title='bbox 1898 3280 1988 3314; x_wconf 90' lang='lat' dir='ltr'><strong>sequi,</strong></span> <span class='ocrx_word' id='word_1_1339' title='bbox 2008 3282 2036 3306; x_wconf 89' lang='lat' dir='ltr'><strong>ut</strong></span> <span class='ocrx_word' id='word_1_1340' title='bbox 2049 3279 2134 3312; x_wconf 85' lang='lat' dir='ltr'><strong>possi·</strong></span> 
     </span>
    </p>
   </div>
   <div class='ocr_carea' id='block_1_6' title="bbox 817 3323 2132 3364">
    <p class='ocr_par' dir='ltr' id='par_1_32' title="bbox 817 3323 2132 3364">
     <span class='ocr_line' id='line_1_213' title="bbox 817 3323 2132 3364; baseline -0.009 -4"><span class='ocrx_word' id='word_1_1341' title='bbox 817 3346 853 3353; x_wconf 88' lang='lat'>-</span> <span class='ocrx_word' id='word_1_1342' title='bbox 871 3332 1038 3359; x_wconf 88' lang='lat' dir='ltr'><strong>credentibus</strong></span> <span class='ocrx_word' id='word_1_1343' title='bbox 1065 3332 1092 3358; x_wconf 89' lang='lat' dir='ltr'><strong>in</strong></span> <span class='ocrx_word' id='word_1_1344' title='bbox 1116 3339 1145 3358; x_wconf 84' lang='lat' dir='ltr'><strong>se</strong></span> <span class='ocrx_word' id='word_1_1345' title='bbox 1173 3330 1301 3364; x_wconf 82' lang='lat' dir='ltr'><strong>promittit</strong></span> <span class='ocrx_word' id='word_1_1346' title='bbox 1328 3329 1453 3362; x_wconf 89' lang='lat' dir='ltr'><strong>Spiritum</strong></span> <span class='ocrx_word' id='word_1_1347' title='bbox 1492 3328 1575 3354; x_wconf 89' lang='lat' dir='ltr'><strong>simus</strong></span> <span class='ocrx_word' id='word_1_1348' title='bbox 1604 3326 1730 3358; x_wconf 87' lang='lat' dir='ltr'><strong>consequi</strong></span> <span class='ocrx_word' id='word_1_1349' title='bbox 1758 3325 1791 3351; x_wconf 78' lang='lat' dir='ltr'><strong>Vl</strong></span> <span class='ocrx_word' id='word_1_1350' title='bbox 1819 3325 1872 3350; x_wconf 85' lang='grc'><strong>265</strong></span> <span class='ocrx_word' id='word_1_1351' title='bbox 1891 3325 1924 3350; x_wconf 88' lang='grc'><strong>90</strong></span> <span class='ocrx_word' id='word_1_1352' title='bbox 1943 3337 1979 3344; x_wconf 91' lang='lat'>-</span> <span class='ocrx_word' id='word_1_1353' title='bbox 1997 3323 2132 3350; x_wconf 89' lang='lat' dir='ltr'><strong>Christum</strong></span> 
     </span>
    </p>
   </div>
  </div>
 </body>
</html>
