2476 3921
145 507 257 534 Quartum.

174 1887 263 1909 Divisio.

123 2154 152 2175 De
171 2154 266 2175 contuta-

130 2180 186 2201 tione
197 2180 267 2202 detra-

120 2207 216 2228 hentium
229 2207 278 2229 duo.

138 2366 216 2390 Primo,
232 2365 268 2387 cle-

146 2393 255 2413 trahentes

128 2419 273 2440 conviciantur

141 2445 261 2472 tripliciter.

280 253 341 284 100

282 353 296 368 «
314 340 441 381 Implete
464 338 592 379 hydrias
607 346 698 379 aqua.
725 337 760 368 Et
777 336 987 378 impleverunt
1004 344 1056 368 eas
1079 344 1181 378 usque
1197 336 1237 368 ad

277 401 435 425 summum
452 405 482 423 ».

365 447 417 478 [16.
443 445 543 486 (Vers.
567 443 643 484 322).
664 443 707 475 Ad
731 442 938 476 denotandam
958 450 1034 474 vero
1058 441 1237 474 eredulita-

277 504 338 532 tem
362 499 397 531 in
421 497 631 531 multitudine
662 496 832 529 assistente
863 495 1031 528 subditur:
1065 495 1105 526 Et
1127 503 1237 526 omnes

278 552 498 585 testimonium
521 551 572 583 illi
593 550 742 588 dabant‚·
766 559 895 587 omnes,
920 548 950 581 id
981 551 1046 587 est,
1071 547 1168 590 aliqui
1199 547 1237 580 de

277 605 441 643 omnibus,
473 604 721 637 testificabantur
756 602 950 635 sanctitatem
974 605 1005 634 et
1029 600 1237 633 innocentiam

278 659 393 701 ipsius;
418 658 470 690 Iob
493 657 642 699 vigesimo
666 665 748 689 110110
762 658 787 687 ¹:
818 668 833 684 «
849 655 941 688 Auris
964 654 1095 687 audiens
1118 653 1238 686 beatifi-

277 713 366 745 cabat
401 721 468 751 me,
501 715 531 743 et
562 710 673 743 oculus
709 709 816 742 videns
850 708 1060 741 testimonium
1089 707 1239 740 reddebat

278 766 355 798 1111111
369 779 398 797 ».
413 783 454 788 —
469 765 504 796 Et
517 763 664 806 quoniam
679 762 783 795 verbis
796 771 857 794 non
869 764 1013 803 poterant
1026 761 1094 793 eius
1106 760 1238 802 gratiam

278 819 455 861 explicare,
480 818 549 850 ideo
573 816 736 849 subditur:
766 816 803 847 Et
831 814 1048 847 mirabantur
1072 814 1107 846 in
1130 812 1239 845 verbis

276 873 428 915 gratiae,
452 880 537 914 quae
557 868 774 912 procedebant
806 868 844 900 (le
875 877 930 900 ore
953 867 1024 899 eius
1042 867 1071 905 ²,
1096 865 1177 899 sicut
1208 868 1240 898 et

278 926 421 959 doctores
444 924 641 967 mirabantur
670 935 685 950 «
711 931 806 963 super
829 921 996 963 prudentia
1019 924 1050 953 et
1081 919 1240 962 responsis

279 979 347 1011 eius
364 992 400 1016 »,
425 986 522 1018 supra
554 975 700 1009 secundo.
731 975 766 1007 Et
797 974 946 1006 dicuntur
969 973 1070 1005 verba
1092 972 1238 1015 yratiae,

280 1031 452 1064 secundum
470 1029 547 1061 illud
572 1028 772 1061 Ecclesiastae
789 1027 922 1060 decimo:
953 1040 968 1055 «ι
986 1027 1088 1059 Verba
1110 1026 1175 1058 oris
1192 1034 1241 1058 sa-

281 1084 393 1126 pientis
417 1083 517 1125 gratia
532 1095 568 1121 »;
593 1085 623 1114 et
647 1081 784 1114 maxime
808 1081 922 1118 huius,
946 1080 985 1112 ad
1009 1088 1103 1121 quem
1130 1080 1241 1111 Petrus

279 1137 401 1169 dicebat
432 1135 561 1168 Ioannis
585 1138 697 1167 sexto:
728 1146 743 1162 «
763 1133 866 1165 Verba
898 1133 978 1165 vitae
1009 1135 1154 1164 aeternae
1186 1131 1257 1163 ha->

280 1190 382 1227 bes»;
407 1192 438 1221 et
462 1188 527 1229 ipse
543 1187 582 1220 de
606 1196 653 1219 se:
676 1199 691 1214 «
708 1186 828 1224 Verba,
852 1193 933 1227 quae
950 1194 1007 1226 ego
1030 1184 1154 1216 locutus
1171 1191 1241 1215 sum

281 1242 386 1280 vobis,
411 1241 541 1283 spiritus
576 1244 606 1273 et
630 1239 694 1272 vita
728 1242 802 1271 sunt
823 1252 852 1270 ».
878 1238 913 1270 Et
947 1238 1015 1270 ideo
1047 1237 1078 1269 in
1103 1236 1240 1269 Psalmo:

285 1308 300 1322 «
318 1294 436 1326 Diffusa
460 1296 507 1325 est
537 1292 638 1335 gratia
662 1292 693 1324 111
723 1291 812 1324 labiis
837 1291 917 1328 tuis,
950 1293 1117 1332 propterea
1148 1288 1242 1321 bene-

280 1347 361 1379 dixit
385 1351 414 1380 te
439 1347 522 1379 Deus
545 1346 576 1378 in
600 1348 765 1378 aeternum
783 1358 812 1376 ».

322 1462 436 1489 secundo
456 1460 566 1488 affertur
584 1459 761 1487 testimonium
781 1458 932 1493 Scripturae
952 1457 984 1484 ad
1004 1456 1206 1484 confutationem

656 1503 860 1531 detrahentium.

372 1614 423 1645 47.
453 1614 488 1645 Et
513 1613 681 1645 dicebant:
700 1611 813 1644 Nonne
834 1616 891 1644 etc.
912 1612 1076 1653 Postquam
1102 1609 1243 1642 introdu-

283 1669 331 1701 xit
356 1667 567 1700 testimonium
586 1665 805 1708 propheticum
830 1665 867 1697 ad
884 1665 1092 1697 eruditionem
1117 1663 1243 1696 creden-

284 1722 377 1760 tium,
396 1721 446 1753 hic
468 1720 639 1752 introducit
662 1718 846 1760 exemptum
867 1717 1090 1750 authenticum
1112 1717 1152 1749 ad
1168 1726 1242 1749 con-

283 1776 480 1818 futationem
503 1772 754 1806 detrahentium.
780 1772 815 1804 Et
839 1772 912 1814 quia
936 1772 1145 1809 detractores,
1170 1779 1242 1803 cum

284 1829 497 1866 confutantur,
515 1827 596 1859 fiunt
611 1826 797 1863 deteriores,
814 1825 889 1867 quia
901 1824 1082 1857 elliciuntur
1099 1832 1243 1865 persecu-

284 1886 385 1920 tore53
410 1881 479 1913 ideo
495 1881 526 1912 in
550 1880 608 1911 hac
624 1883 713 1921 parte
737 1880 811 1910 sunt
826 1877 917 1909 duae.
941 1877 971 1908 111
989 1885 1125 1918 quarum
1142 1876 1245 1917 prima

284 1935 412 1978 ponitur
432 1933 616 1976 confutatio
640 1930 903 1968 detrahentium
927 1930 958 1962 in
982 1929 1119 1962 secunda
1152 1938 1244 1967 vero,

284 1988 458 2021 declinatio
491 1985 773 2029 persequentium,
809 1983 851 2015 ibi
865 1983 876 2001 ³
900 1995 906 2014 :
946 1983 986 2014 Et
1020 1981 1134 2024 repleti
1167 1985 1247 2013 sunt

284 2050 395 2073 onmes
419 2041 454 2072 in
477 2048 651 2083 synayoya
674 2041 732 2071 etc.

375 2094 476 2126 Prima
500 2102 572 2134 pars
596 2092 691 2124 habet
713 2091 801 2123 duas.
835 2091 865 2122 [n
891 2090 992 2131 prima
1024 2091 1246 2131 proponuntur

285 2146 527 2180 detrahentium
551 2145 719 2182 conoicia;
741 2144 771 2176 in
789 2143 925 2176 secunda
941 2152 1016 2175 vero
1041 2141 1246 2174 introducun-

287 2205 339 2234 tur
356 2200 505 2242 exempla
517 2197 710 2241 prophetica
727 2197 920 2230 detractores
936 2195 1145 2233 confutanda,
1162 2194 1203 2227 ibi
1218 2195 1245 2226 ⁴:

287 2254 343 2286 Ait
367 2257 491 2285 autem:
518 2251 592 2284 Non
613 2255 658 2283 est
678 2249 840 2293 propheta
860 2253 917 2282 etc.

377 2307 428 2338 [18.
455 2305 555 2346 (Vers.
574 2305 651 2345 2⁹2).
671 2303 825 2345 Exprimit
848 2307 953 2335 autem
971 2301 1121 2334 convicia
1138 2301 1246 2333 det-ra-

288 2359 434 2392 lientiani
458 2358 634 2399 tripliciter,
658 2357 776 2389 scilicet
801 2365 856 2398 per
873 2355 1000 2388 modum
1022 2358 1156 2396 apertae
1172 2363 1247 2386 eon-

288 2412 455 2450 tuinetiae,
481 2420 536 2453 per
554 2410 681 2443 modum
707 2408 850 2442 occultae
867 2408 1014 2446 ironiae,
1039 2416 1095 2449 per
1119 2406 1247 2439 modum

288 2464 479 2497 invectionis
495 2472 676 2506 expressae.
693 2480 733 2485 —
753 2462 808 2494 Per
824 2461 967 2499 modum,
986 2460 1130 2502 inquam,
1155 2469 1247 2501 aper-

289 2665 358 2698 Quid
378 2665 429 2690 dixi
450 2669 582 2695 tempora,
601 2669 670 2695 quae
689 2662 797 2688 inaniter
817 2664 964 2693 currerent,
984 2661 1031 2686 nisi
1052 2661 1078 2686 111
1098 2661 1135 2686 eis
1160 2661 1249 2686 Domi-

288 2716 339 2734 nus
358 2709 428 2734 lesus
447 2708 663 2740 praedicaretur?
684 2706 805 2737 lmpletae
823 2709 885 2731 sunt
904 2705 1071 2737 prophetiae,
1086 2705 1177 2736 plenae
1189 2707 1249 2730 511111,

290 2753 411 2784 1111111110,
430 2752 477 2777 sed
497 2756 525 2777 ut
544 2758 612 2784 aqua
631 2751 657 2776 in
678 2750 770 2776 111111111
790 2753 971 2781 convertatur,
991 2750 1016 2775 in
1041 2750 1082 2775 illa
1112 2753 1164 2775 tota
1190 2756 1248 2781 pro-

290 2797 376 2829 phetia
396 2796 512 2822 Clu-istus
532 2796 688 2827 intelligatur
709 2794 764 2827 (cfr.
785 2795 852 2820 loan.
873 2796 896 2825 i,
921 2794 980 2827 17.).

361 2839 369 2854 ¹
393 2841 464 2866 Vers.
489 2841 528 2865 ll.
540 2854 575 2870 -ψ
589 2841 697 2865 inferius
715 2846 762 2871 pro
776 2839 832 2865 eius
852 2838 970 2872 qratiam
984 2837 1121 2872 ea‘plz'care
1134 2838 1154 2863 Α
1165 2837 1183 2863 C
1196 2838 1216 2863 D
1227 2838 1247 2863 H

290 2885 346 2912 eius
366 2892 432 2918 opus
452 2884 485 2918 [B
502 2884 686 2918 prudentiam]
707 2884 844 2917 explicare
863 2883 898 2917 [H
918 2883 990 2909 addit
1009 2883 1149 2917 totaliter}

360 2928 370 2944 ²
391 2930 501 2962 Vulgata
522 2929 615 2962 ipsius.
635 2943 669 2948 —
690 2929 806 2954 Subinde
831 2929 976 2959 allegantur
995 2928 1056 2953 Luc.
1077 2929 1108 2958 2,
1127 2927 1176 2959 47;
1203 2927 1248 2952 Ec-

290 2976 336 3000 cie.
358 2976 406 3004 1ο,
427 2975 477 3004 ta;
498 2975 564 2999 toan.
585 2974 615 3004 e,
636 2975 677 2999 1111.
697 2977 721 2999 et
740 2964 790 3004 64
811 2973 851 2998 rs.
872 2972 918 3003 tt,
939 2973 963 2997 3.

362 3016 372 3030 ³
393 3017 466 3042 Vors.
487 3017 527 3042 28.

361 3060 371 3075 ⁴
393 3062 465 3086 vers.
486 3062 537 3087 24:
558 3061 601 3087 Ait
618 3062 708 3087 aulem
719 3070 727 3086 :
747 3061 833 3087 Amen
846 3059 903 3087 dico
917 3059 1003 3090 vobis,
1021 3059 1085 3094 quia
1098 3065 1175 3086 nemo
1186 3065 1248 3092 pro·

291 3106 369 3138 pheta
388 3109 436 3131 etc.

362 3149 372 3164 ⁶
393 3151 466 3176 Vers.
486 3151 527 3176 55.
550 3165 582 3169 —
603 3149 689 3176 Verba
709 3150 807 3182 nedae,
827 3150 854 3175 11.
876 3150 898 3174 111
919 3150 980 3175 Luc.
995 3149 1024 3179 4,
1039 3150 1085 3179 22,
1105 3148 1249 3180 allegantur

292 3193 437 3221 secundum
457 3196 574 3221 Glossam
594 3194 803 3221 interlinearem.

361 3238 373 3253 ὅ
392 3241 465 3265 Vers.
487 3240 514 3264 tt
529 3259 534 3270 ‚
549 3244 607 3271 post
626 3246 704 3271 quein
726 3240 752 3264 ll.
773 3240 838 3270 ch.
857 3240 904 3269 20,
926 3239 951 3263 ’1.

363 3281 371 3296 ⁷
393 3284 491 3309 Eodem
512 3290 536 3308 v.
557 3285 600 3309 22.
619 3297 654 3302 —
673 3283 795 3316 Sequitur
815 3283 855 3308 Ps.
873 3282 920 3314 77,
936 3281 978 3307 34.
995 3282 1084 3307 Glossa
1099 3280 1249 3307 interlinea-

293 3327 331 3353 ris
351 3328 376 3352 in
396 3328 456 3352 Luc.
478 3327 506 3357 t,
527 3328 574 3352 22:
596 3327 628 3353 Et
646 3326 779 3357 dicebant,
793 3326 895 3353 scribae
908 3330 932 3352 et
947 3326 1075 3352 Pharisaei
1090 3325 1248 3351 invidentes:

294 3371 388 3397 Nonne
407 3371 448 3397 hic
467 3373 505 3397 est
523 3370 595 3405 silius
616 3370 727 3404 loseph?

364 3413 374 3428 ⁸
395 3416 468 3441 Vera.
487 3416 529 3440 33.
549 3415 690 3446 Chrysost.,
710 3416 802 3441 Homil.
823 3415 863 3440 48.
885 3415 958 3447 (alias
972 3415 1025 3443 49.)
1040 3415 1066 3440 in
1080 3414 1166 3440 Mattli.
1180 3421 1204 3440 n.
1220 3414 1228 3439 i
1243 3422 1249 3439 :

878 248 1070 280 COMMENT.
1096 248 1132 280 ΙΝ
1156 247 1394 280 EVANGELIUM
1418 248 1535 280 LUCAE
1560 248 1591 280 C.
1618 248 1664 280 lv.

1301 339 1353 367 tae
1384 336 1598 368 contumeliae
1628 336 1797 377 exprimit,
1829 345 1903 369 cum
1934 336 1994 368 ait:
2021 338 2060 368 Et
2091 336 2258 369 dicebant:

1301 387 1416 420 Nonne
1438 387 1491 420 liic
1522 393 1570 421 est
1591 388 1682 430 filius
1714 388 1856 431 Ioseph?
1880 389 1990 421 Filium
2022 389 2076 422 Dei
2109 390 2260 422 vocabant

1301 440 1401 473 filium
1424 440 1523 480 fabri,
1548 444 1734 483 conceptum
1757 441 1796 474 de
1828 441 1947 483 Spiritu
1970 445 2076 475 sancto
2107 445 2138 475 et
2168 446 2260 475 utero

1301 493 1444 534 virginali
1468 492 1612 526 dicebant
1634 494 1775 536 genitum
1800 494 1970 527 concubitu
1990 495 2160 537 coniugali3
2177 494 2260 527 unde

1301 546 1446 578 Matthaei
1484 546 1604 579 decimo
1644 547 1736 580 tertio
1753 547 1765 567 ⁵
1804 547 1935 586 dicitur,
1975 547 2059 589 quod
2097 547 2259 580 dicebant:

1307 599 1441 631 «Nonne
1465 599 1516 631 hic
1540 603 1587 632 est
1609 600 1688 632 fabri
1713 600 1853 633 filium?
1877 600 1973 632 Beda:
2003 613 2018 628 «
2032 600 2140 642 Magna
2163 600 2261 632 caeci-

1302 656 1362 690 tas,
1384 660 1471 691 cum,
1494 662 1589 694 quem
1621 653 1725 686 verbis
1748 657 1779 686 et
1803 653 1891 686 factis
1919 653 2078 686 Christum
2111 662 2179 686 esse
2210 662 2261 685 co-

1301 708 1471 746 gnoscunt,
1502 705 1543 737 ob
1566 705 1663 737 solam
1694 705 1818 747 generis
1844 706 1985 738 notitiam
2014 708 2260 738 contemnunt».

1303 758 1407 790 Simile
1429 758 1503 790 huic
1519 757 1682 791 dicebatur
1697 758 1736 791 de
1752 758 1841 797 Saul,
1858 758 1951 800 primi
1969 758 2086 800 Regum
2102 758 2222 791 decimo
2234 757 2260 790 ⁶:

1309 823 1323 839 «
1340 811 1498 852 Quaenam
1524 819 1574 843 res
1597 810 1709 843 accidit
1732 810 1796 843 filio
1818 810 1895 843 Cis?
1927 811 2007 843 Num
2029 814 2060 843 et
2085 810 2157 843 Saul
2181 810 2262 843 inter

1304 864 1474 905 Prophetas
1489 866 1534 895 »ἵ
1558 866 1589 896 et
1612 863 1739 896 secundi
1758 864 1875 905 Regum
1900 863 2065 905 vigesimo:
2096 877 2111 891 «
2128 864 2193 895 Non
2217 867 2264 896 est

1304 917 1393 950 nobis
1417 926 1490 959 pars
1521 917 1552 949 in
1577 917 1692 955 David,
1716 925 1773 949 nec
1804 916 1962 949 hereditas
1993 917 2024 948 in
2056 916 2120 948 filio
2152 916 2206 949 lsai
2232 929 2262 948 ι».

1304 971 1382 1004 Haec
1406 975 1511 1003 autem
1535 970 1696 1009 dicebant,
1721 979 1782 1003 11011
1807 979 1930 1009 omnes,
1955 969 2009 1002 sed
2033 969 2123 1007 mali,
2148 969 2265 1002 scilicet

1304 1024 1424 1056 scribae
1447 1027 1478 1056 et
1502 1023 1676 1061 Pharisaei;
1700 1023 1783 1055 unde
1815 1032 1877 1056 non
1909 1022 2094 1055 contradicit
2124 1022 2152 1054 ei
2181 1021 2265 1064 quod

1304 1076 1418 1118 prius⁷
1442 1076 1561 1109 dictum
1585 1080 1649 1115 est,
1684 1076 1768 1118 quod
1798 1089 1813 1104 «
1837 1084 1945 1108 omnes
1977 1075 2189 1107 testimonium
2221 1074 2264 1106 illi

1304 1129 1465 1161 dabant».
1491 1129 1606 1162 Similis
1630 1129 1742 1162 modus
1773 1128 1919 1171 loquendi
1945 1131 1992 1161 est
2023 1128 2054 1160 in
2084 1128 2263 1170 Scriptura:

1310 1195 1324 1209 «
1338 1181 1416 1214 Cum
1439 1182 1594 1215 occideret
1617 1191 1687 1221 eos,
1705 1182 1900 1224 quaerebant
1923 1190 1995 1214 eum
2011 1194 2041 1220 »,
2058 1189 2121 1213 non
2137 1180 2265 1219 mortui,

1305 1235 1359 1267 sed
1382 1235 1443 1267 alii.
1476 1235 1555 1267 Haec
1589 1238 1696 1267 autem
1727 1238 1775 1268 est
1797 1234 1991 1268 consuetudo
2015 1234 2190 1273 malorum,
2214 1236 2265 1273 ut,

1306 1288 1431 1330 quando
1455 1288 1592 1330 aliquem
1609 1288 1730 1320 laudari
1747 1288 1897 1327 audiunt,
1914 1288 2019 1321 statim
2036 1296 2069 1320 se
2085 1291 2264 1330 opponunt;

1306 1344 1337 1374 et
1360 1341 1384 1373 si
1410 1350 1471 1373 11011
1496 1344 1628 1382 possunt
1651 1350 1693 1373 ex
1717 1345 1806 1383 parte
1829 1350 1955 1374 morum
1972 1344 2003 1374 et
2027 1341 2189 1379 scientiae,
2206 1340 2266 1373 sal-

1307 1396 1369 1426 tem
1393 1402 1434 1426 ex
1459 1397 1547 1435 parte
1583 1397 1729 1432 naturae,
1754 1394 1928 1427 secundum
1960 1394 2037 1426 illud
2061 1393 2266 1426 Ecclesiastici

1306 1446 1514 1479 undecimoss:
1544 1460 1559 1475 «
1577 1447 1660 1479 Bona
1684 1447 1714 1479 in
1739 1448 1821 1480 mala
1852 1451 2056 1486 convertens,
2081 1447 2265 1486 insidiatur,

1307 1503 1337 1532 et
1361 1500 1391 1532 in
1416 1499 1523 1532 electis
1553 1500 1922 1541 imponetcmaculam».
1948 1520 1991 1525 -
2015 1500 2070 1533 Vel
2101 1500 2193 1533 etiam
2221 1500 2266 1532 illi

1306 1553 1418 1592 iidem,
1444 1553 1497 1595 qui
1523 1553 1612 1594 prius
1629 1553 1811 1592 laudabant,
1829 1557 1899 1595 post
1913 1553 2139 1595 despiciebant,
2156 1562 2267 1586 secun-

1305 1607 1381 1640 dum
1407 1606 1484 1639 illud
1508 1606 1634 1639 Psalmi:
1665 1619 1680 1635 a
1697 1606 1917 1639 Laudaverunt
1952 1606 2075 1639 laudem
2099 1606 2176 1639 eius.
2201 1606 2268 1639 Cito

1306 1661 1449 1694 fecerunt
1472 1663 1504 1693 et
1526 1660 1613 1692 obliti
1638 1663 1711 1692 sunt
1734 1668 1866 1701 operum
1891 1659 1960 1692 eius
1977 1673 2006 1691 ι).
2033 1679 2072 1682 -
2098 1659 2152 1692 Vel
2176 1659 2267 1692 aliter

1307 1715 1435 1756 intelligi
1462 1717 1579 1756 potest,
1597 1717 1648 1752 ut,
1666 1713 1737 1746 licet
1761 1712 1938 1746 immediate
1954 1712 2005 1745 hic
2029 1716 2189 1751 narretur,
2205 1721 2268 1744 non

1307 1773 1410 1801 tamen
1435 1768 1489 1800 fiat
1512 1767 1708 1806 immediate,
1733 1766 1786 1799 sed
1811 1769 1880 1808 post
1902 1766 2018 1799 factum
2033 1766 2055 1797 ⁹.

1397 1822 1450 1854 49.
1475 1821 1576 1861 (Vers.
1602 1820 1680 1861 aa).
1714 1820 1770 1853 Per
1805 1819 1934 1852 modum
1967 1818 2111 1851 occultae
2139 1818 2269 1851 ironiae

1308 1874 1459 1916 exprimit
1475 1883 1585 1907 eorum
1611 1873 1768 1912 convicia,
1785 1882 1858 1906 cum
1874 1872 2032 1914 adiungit:
2051 1873 2090 1904 Et
2115 1872 2164 1904 ait
2186 1871 2267 1904 iltis:

1315 1928 1428 1971 Utique
1440 1927 1553 1960 dicetis
1565 1926 1649 1959 milii
1664 1925 1750 1959 hane
1766 1926 2035 1964 siinititudinenz,·
2052 1926 2111 1958 hoc
2128 1925 2210 1958 enim
2223 1925 2269 1957 vi-

1309 1981 1401 2013 debat
1414 1990 1466 2013 eos
1478 1981 1599 2013 occulte
1612 1980 1758 2022 cogitare.
1773 1980 1860 2013 Dixit
1872 1989 1965 2022 ergo:
1984 1980 2044 2012 hoc
2064 1979 2180 2012 ironice
2198 1987 2270 2021 pro-

1309 2033 1424 2075 ponitis
1447 2037 1558 2066 contra
1583 2042 1643 2071 ine,
1660 2033 1745 2075 quod
1761 2033 1883 2066 occulte
1899 2033 1931 2065 in
1956 2032 2104 2065 cordibus
2127 2032 2270 2073 concepi-

1311 2087 1383 2124 stis,
1408 2086 1500 2128 quia,
1524 2085 1698 2118 secundum
1722 2085 1805 2127 quod
1829 2085 1945 2118 dicitur
1977 2085 2123 2118 Matthaei
2154 2084 2271 2118 duodu-

1310 2139 1437 2177 cim010,
1467 2151 1482 2167 «
1499 2147 1540 2171 ex
1564 2138 1756 2175 abundantia
1778 2138 1881 2171 cordis
1896 2147 1931 2171 os
1948 2138 2088 2181 loquitur
2101 2150 2131 2176 »;
2156 2146 2267 2179 propo-

1311 2193 1384 2225 nitis
1408 2192 1488 2225 hanc
1506 2191 1752 2231 similitudinem,
1769 2192 1887 2224 scilicet
1902 2201 1958 2234 per
1975 2191 2123 2224 ironiam:
2140 2190 2269 2230 Meclice,

1313 2256 1400 2279 cura
1424 2250 1452 2278 te
1476 2246 1606 2288 ipsunu
1630 2245 1714 2287 quod
1743 2245 1905 2277 consuevit
1939 2245 1999 2278 dici
2032 2244 2158 2277 medicis
2181 2244 2270 2276 infir-

1312 2300 1488 2338 mantibus,
1512 2309 1584 2332 cum
1608 2299 1666 2332 51111
1696 2298 1864 2331 subvenire
1888 2307 1950 2331 11011
1974 2301 2120 2340 possunt,
2145 2298 2191 2331 vel
2217 2307 2270 2331 ne-

1311 2353 1432 2392 sciunt,
1456 2356 1511 2385 aut
1536 2352 1714 2394 negligunt;
1738 2351 1823 2393 quod
1846 2355 1893 2384 est
1917 2351 2058 2393 ipsorum
2082 2351 2271 2384 derisorium

1312 2406 1455 2438 verbum.
1481 2405 1530 2437 Sic
1553 2408 1584 2437 et
1608 2409 1643 2437 tu
1668 2408 1697 2437 te
1721 2404 1843 2446 ipsum,
1867 2404 1898 2436 id
1915 2406 1963 2436 est
1985 2403 2159 2442 infirmum,
2183 2412 2268 2436 cura.

1312 2458 1401 2499 Quod
1433 2458 1576 2490 dicebant
1608 2457 1712 2499 potius
1743 2466 1783 2490 ex
1808 2457 2026 2490 incredulitate
2058 2460 2088 2489 et
2116 2457 2271 2494 derisione

1313 2660 1461 2685 Doctrinatn
1481 2662 1568 2684 autem
1589 2658 1710 2689 proponit
1730 2656 1825 2690 [lesus]
1845 2664 1897 2682 11011
1918 2657 2025 2682 1111110115
2038 2663 2118 2689 quam
2138 2656 2212 2687 signa
2226 2656 2272 2682 ad-

1312 2703 1465 2729 mirationis,
1490 2704 1521 2728 At
1545 2701 1688 2728 stultissimi
1708 2701 1841 2731 homines,
1867 2700 1974 2733 quaudo
1994 2700 2118 2726 admirari
2138 2703 2163 2725 et
2181 2699 2216 2725 ob
2234 2700 2272 2725 111-

1312 2751 1414 2773 ciorum
1435 2747 1488 2772 vim
1508 2746 1694 2778 obstupescere
1718 2752 1765 2777 par
1795 2744 1899 2776 fuisset,
1925 2744 1959 2769 1111
1983 2747 2071 2770 contra
2099 2744 2186 2775 ipsum
2216 2750 2272 2775 par-

1312 2793 1447 2823 ritaciunt,
1467 2792 1540 2825 quod
1559 2791 1601 2816 tali
1621 2794 1694 2822 patro
1713 2793 1790 2815 natus
1808 2792 1943 2821 putaretur
1967 2792 2017 2814 etc.
2032 2802 2067 2807 —
2080 2787 2197 2813 Subinde
2215 2788 2272 2813 ulle-

1313 2840 1389 2869 gatur
1409 2837 1448 2862 Ps.
1469 2837 1477 2861 i
1487 2836 1534 2866 05,
1555 2836 1596 2861 ⁴2.
1616 2838 1642 2861 et
1662 2835 1703 2860 13.

1383 2879 1394 2894 ⁰
1413 2881 1465 2907 Cir.
1484 2881 1549 2905 infra
1569 2887 1594 2905 11.
1615 2880 1657 2905 50.
1676 2893 1711 2911 ε
1731 2879 1788 2904 Vat.
1808 2878 1881 2904 addit
1899 2879 1947 2904 est.

2283 345 2324 366 Per
2338 346 2422 368 modum
2464 355 2466 370 1

2274 374 2361 398 apertae
2375 378 2422 394 cou-
2463 381 2467 396 ι

2276 399 2382 420 tumeliae.
2441 397 2442 401 ’

2286 1242 2414 1265 Notandum.

2286 1509 2361 1530 Aliter.

2286 1668 2363 1690 Aliter.

2287 1828 2348 1858 lieni,
2364 1828 2432 1858 occul-

2292 1857 2327 1876 tae
2337 1860 2425 1876 ironiae.

1385 2923 1406 2938 ¹⁰
1428 2925 1500 2950 Vers.
1514 2924 1557 2949 34.
1570 2937 1605 2943 -—
1619 2923 1745 2955 superius
1764 2925 1823 2954 post
1842 2921 1966 2965 eoqitwe
1977 2922 1995 2946 1)
2010 2922 2035 2953 (11
2049 2921 2163 2946 secunda
2180 2907 2278 2952 manui
2291 2914 2293 2916 ’

1313 2969 1495 3001 prosequitur:
1514 2966 1610 2994 Dicetis
1630 2974 1694 3000 erqo
1714 2966 1777 2997 hoc,
1800 2965 1900 2993 scilicet
1913 2965 2026 2996 ironice,
2046 2964 2074 2991 id
2092 2966 2132 2991 est
2147 2963 2272 2998 proponi-

1314 3013 1346 3038 tis
1365 3016 1413 3038 etc.
1434 3013 1452 3038 Α
1465 3012 1482 3037 C
1503 3019 1551 3043 pro
1574 3011 1647 3037 Del-rit
1664 3018 1728 3044 erqo
1748 3010 1907 3036 substituunt
1921 3009 2016 3036 Dicens
2029 3015 2107 3042 erqo,
2128 3009 2149 3034 Η
2169 3007 2271 3035 Dicens.

1313 3058 1396 3084 Codd.
1416 3058 1467 3083 ΑΙ)
1482 3057 1587 3082 interius
1601 3059 1659 3088 post
1674 3062 1724 3089 per
1744 3054 1861 3081 ironiam
1882 3062 1974 3086 parum
1994 3057 2055 3087 apte
2074 3054 2189 3080 addunt:
2208 3060 2271 3080 cum

1314 3096 1355 3128 me
1368 3109 1422 3128 non
1436 3101 1551 3128 credatis
1571 3100 1603 3134 [D
1622 3099 1744 3133 creditis]
1757 3098 1905 3131 medicum,
1919 3098 1966 3125 sed
1978 3098 2133 3133 infirmum,
2148 3097 2206 3124 licet
2219 3096 2271 3123 sim

1313 3147 1390 3181 faber
1409 3146 1543 3173 creatione
1562 3147 1585 3172 et
1604 3144 1724 3171 medicus
1743 3142 1922 3174 recreatione,
1938 3143 2018 3170 Eccti.
2032 3141 2089 3173 58,
2114 3141 2141 3168 l:
2162 3142 2272 3168 Honora

1313 3191 1456 3218 medicum.
1475 3192 1501 3217 ln
1521 3191 1561 3216 1115
1586 3190 1723 3222 respicitur
1742 3188 1866 3215 sententia
1887 3188 1986 3219 Bedae,
2006 3188 2031 3212 ll.
2051 3187 2075 3212 in
2096 3187 2156 3212 Luc.
2177 3185 2205 3216 t,
2225 3186 2271 3211 23:

1314 3238 1431 3268 Quorum
1452 3236 1540 3261 insana
1561 3234 1667 3267 pertidia
1689 3240 1792 3264 sanam,
1812 3233 1870 3258 licet
1888 3232 2021 3261 nesciens,
2036 3230 2114 3256 tidem
2127 3230 2272 3262 confltetur,

1314 3287 1381 3313 quae
1410 3280 1550 3306 Dominum
1578 3278 1710 3305 Christum
1737 3276 1848 3311 sabrwm
1876 3275 2044 3307 cognominat
2075 3278 2099 3299 et
2131 3273 2271 3299 medicum.

1314 3323 1401 3351 Faber
1420 3327 1459 3350 est
1477 3324 1547 3350 enim
1567 3330 1659 3353 verus,
1677 3321 1740 3355 quia
1758 3320 1850 3347 omnia
1866 3327 1915 3354 per
1930 3319 2018 3353 ipsum
2030 3318 2103 3352 sacta
2116 3320 2180 3345 sunt
2192 3317 2272 3351 [toan.

1316 3370 1344 3401 i,
1366 3367 1414 3402 3.].
1433 3367 1551 3395 Medicus
1570 3371 1623 3398 est,
1642 3366 1702 3399 quia
1723 3366 1810 3391 omnia
1830 3371 1877 3396 per
1897 3364 1983 3396 ipsum
2003 3366 2145 3388 restaurata
2166 3365 2226 3388 sunt
2246 3361 2272 3386 in

1314 3413 1393 3439 caelis
1410 3415 1436 3438 et
1456 3412 1481 3438 in
1501 3415 1569 3437 terra
1587 3410 1648 3444 [cfr.
1668 3411 1733 3442 Epu.
1754 3410 1784 3440 i,
1808 3407 1870 3442 to.].
