2476 3921
147 638 253 663 Secundo,
266 638 296 658 in-

156 666 220 686 fantis
233 671 289 686 com-

172 691 280 712 mendatio

183 718 267 745 triplex.

149 1010 223 1037 Quoad
240 1010 295 1031 salu-

158 1040 199 1067 tem
208 1037 299 1058 clemen-

156 1066 205 1084 tiae.

148 1275 210 1296 Salus
218 1274 301 1295 univer-

195 1301 253 1322 salis.

151 1859 225 1885 Quoad
233 1858 301 1879 lucem

168 1885 294 1912 sapientiae.

153 2336 228 2363 Quoad
239 2336 304 2357 subli-

154 2364 249 2393 mitatem
261 2363 304 2389 glo-

154 2395 207 2411 riae.

314 228 354 258 60
915 221 1108 253 COMMENT.
1134 221 1170 252 IN
1195 220 1432 253 EVANGELIUM
1457 219 1574 252 LUCAE
1598 220 1630 251 C.
1657 220 1688 251 II.

312 316 458 352 Domine,
483 314 528 345 sac
566 321 687 345 mecum
713 309 958 343 misericordiam
983 313 1013 341 et
1041 308 1204 350 praecipe,
1237 308 1269 340 in

312 377 386 410 pace
421 366 516 407 recipi
553 364 699 406 spiritum
724 372 829 396 meum
846 376 876 394 ».
901 362 962 393 Hoc
986 362 1046 393 iam
1071 361 1270 402 praestiterat

312 422 368 463 ipsi
394 419 545 457 simeoni,
571 418 651 450 sicut
676 417 880 459 promiserat;
912 415 996 447 unde
1020 417 1143 456 poterat
1166 413 1270 446 dicere

312 474 406 506 illud:
437 486 452 501 α
470 473 501 504 In
532 481 607 514 pace
639 472 671 503 in
704 470 732 502 id
762 470 864 511 ipsum
900 468 1053 501 dormiam
1086 470 1117 500 et
1145 466 1270 509 requie-

311 536 394 560 scam
414 540 444 565 n,
469 525 543 568 quia
566 524 645 557 nihil
661 523 745 556 aliud
769 522 981 564 exspectabat.

402 580 452 611 69.
479 579 579 620 (Vers.
605 578 681 616 30.).
709 576 796 617 Quia
819 575 975 607 viderant
998 573 1086 607 oculi
1115 573 1181 605 mei
1211 575 1269 605 etc.

312 633 363 665 IIic
388 631 525 665 secundo
548 631 674 663 additur
700 629 825 662 Christi
847 627 1075 669 niaqnificatio
1097 625 1270 659 secundum

313 687 466 728 triplicem
491 684 709 718 excellentiam
732 682 883 725 pictatis,
909 676 1092 722 sapientiae
1115 682 1146 712 et
1168 678 1271 711 maie-

311 741 417 774 statis.
444 740 489 771 Ex
510 739 631 780 pietate
654 741 685 769 et
709 736 874 769 clementia
898 734 982 767 venit
1013 733 1126 771 saliis,
1151 741 1192 765 ex
1216 741 1272 763 saa

310 794 436 837 pientia
459 793 557 834 fulget
581 792 659 829 lane,
683 799 725 823 ex
761 789 946 826 maie-state,
970 787 1081 829 yloria
1116 790 1143 817 et
1175 785 1271 822 lans,-

312 848 406 880 salas
423 847 540 879 scilicet
557 844 703 877 omnibus
727 843 861 885 populis,
879 841 937 873 lazc
954 840 1101 882 gentibus
1116 841 1147 871 et
1160 837 1272 881 9loria

314 901 468 935 Israelitis.

401 955 560 995 Quantum
581 951 619 983 ad
643 950 782 982 salacem
807 947 993 981 clementiae
1023 945 1156 978 dicitur:
1184 943 1275 984 Quia'

313 1008 467 1040 viderunt
502 1004 590 1037 oculi
623 1003 688 1035 mei
721 1002 872 1033 salutare.
903 1004 1018 1036 tuum;
1042 997 1126 1030 unde
1150 999 1273 1038 poterat

313 1061 372 1094 dici
397 1058 529 1092 Simeoni
559 1056 636 1089 illud
669 1055 721 1087 Iob
754 1054 913 1095 trigesimo
949 1052 1085 1085 tertiolz
1116 1049 1278 1083 «Videbis-

314 1113 421 1146 saciem
439 1112 507 1144 eius
524 1111 554 1142 in
572 1109 670 1142 iubilo
687 1120 717 1146 »3
735 1106 858 1139 Baruch
884 1105 976 1138 tertio
991 1117 997 1136 :
1027 1117 1042 1132 «
1060 1104 1130 1136 Post
1147 1103 1224 1135 haec
1241 1102 1273 1134 in

314 1167 407 1200 terris
431 1166 517 1198 visus
541 1168 588 1196 est
611 1167 641 1195 et
665 1170 736 1194 cum
759 1159 939 1192 hominibus
955 1160 1160 1190 conversatus
1183 1158 1273 1188 est».

402 1221 453 1251 70.
479 1218 580 1259 (Vers.
607 1216 683 1255 31.).
710 1215 788 1246 Haec
812 1216 915 1245 autem
934 1211 1019 1244 salus
1034 1220 1096 1243 non
1114 1212 1182 1242 erat
1202 1217 1274 1250 par-

314 1273 472 1310 ticularis,
498 1271 551 1303 sed
575 1267 794 1304 universalis,-
818 1270 848 1299 et
873 1266 941 1298 ideo
965 1264 1085 1297 subdit:
1105 1262 1200 1304 Quod
1212 1271 1274 1304 pa-

312 1327 404 1364 rasti
425 1329 500 1358 ante
522 1323 645 1367 faciem
678 1321 826 1354 omniane.
852 1319 1074 1362 populorum,
1099 1316 1273 1350 secundum

314 1381 391 1413 illud
426 1379 521 1412 Isaiae
560 1375 821 1419 quinquagesimo
861 1372 997 1405 secundo
1012 1371 1043 1403 ²²:
1085 1384 1100 1399 «
1118 1370 1276 1402 Videbunt

313 1443 421 1466 omnes
445 1433 523 1464 lines
547 1435 650 1463 terrae
674 1429 811 1462 salutare
837 1427 890 1459 Dei
916 1425 1062 1458 nostri».
1088 1425 1150 1456 Iam
1176 1423 1276 1456 veriti-

314 1491 417 1520 catum
444 1485 567 1518 videbat
591 1483 668 1515 illud
701 1481 828 1514 Psalmi:
859 1494 874 1508 «
892 1480 1004 1512 Notum
1028 1478 1100 1511 fecit
1127 1477 1277 1510 Dominus

315 1540 452 1572 salutare
488 1546 580 1570 suum
614 1537 644 1568 in
681 1537 850 1576 conspectu
886 1532 1026 1574 gentium
1044 1543 1075 1569 »;
1112 1530 1275 1571 sequitur:

321 1607 335 1621 ιι
353 1593 506 1625 Viderunt
529 1599 638 1623 omnes
662 1589 740 1621 sines
765 1592 867 1619 terrae
892 1586 1028 1618 salutare
1054 1584 1107 1616 Dei
1133 1583 1232 1615 nostri
1246 1594 1276 1621 »3

317 1647 409 1679 Isaiae
434 1644 673 1687 quadragesimo
698 1651 795 1674 nono:
828 1640 972 1671 «Parum
998 1642 1060 1676 est,
1085 1640 1121 1669 ut
1137 1637 1179 1669 sis
1201 1635 1276 1668 mihi

314 1708 426 1733 servus
441 1698 479 1730 ad
496 1698 596 1729 faeces
613 1694 705 1728 Israel
723 1692 957 1726 convertendas.
983 1690 1058 1723 Dedi
1080 1693 1109 1722 te
1127 1690 1156 1721 in
1175 1689 1278 1721 lucem

314 1752 470 1794 gentibus,
483 1754 518 1783 ut
529 1746 573 1782 sis
585 1749 670 1782 salus
682 1756 751 1779 mea
764 1754 865 1787 usque
881 1745 919 1777 ad
936 1748 1116 1776 extremum
1130 1746 1234 1775 terrae
1247 1755 1277 1773 2).

405 1806 456 1836 7'1.
483 1804 583 1844 (Vers.
610 1802 686 1842 32).
714 1801 748 1832 Et
772 1802 925 1841 quantum
951 1797 989 1829 ad
1015 1796 1119 1829 lacem
1146 1795 1285 1837 sapien-¹

317 1860 381 1892 tiae
390 1871 401 1896 ,·
424 1861 554 1900 propter
579 1855 662 1898 quod
686 1854 785 1886 addit:
810 1853 935 1884 Lumen
971 1851 1016 1883 aa
1050 1849 1279 1882 revelationem

315 1913 480 1956 pentinum
513 1910 607 1943 Isaiae
642 1907 766 1940 nonoss:
804 1904 1053 1938 «Habitantibus
1088 1904 1120 1935 in
1153 1903 1280 1945 regione

316 1966 448 1999 umbrae
483 1963 594 1996 mortis
627 1962 683 1994 lux
718 1963 788 1992 orta
823 1962 870 1991 est
893 1958 984 1990 eis».
1012 1957 1047 1989 Et
1077 1957 1136 1988 hoc
1172 1956 1279 1988 lumen

316 2019 461 2061 gentibus
486 2015 637 2049 revelabit
661 2013 793 2056 gloriam
816 2012 887 2050 Dei;
912 2010 1007 2042 Isaiae
1023 2009 1278 2051 quadragesimo:

321 2086 335 2100 «
355 2070 554 2104 Revelabitur
586 2067 685 2110 gloria
716 2065 857 2103 Domini,
882 2067 912 2096 et
943 2063 1058 2095 videbit
1081 2062 1182 2094 omnis
1206 2070 1280 2094 caro

317 2125 454 2157 salutare
478 2122 532 2154 Dei
551 2133 581 2159 »;
606 2119 742 2152 Danielis
766 2116 921 2150 secundo:
952 2128 966 2143 «
981 2115 1047 2156 Ipse
1073 2114 1191 2147 revelat
1207 2123 1280 2155 pro-

317 2172 412 2209 funda
436 2179 467 2208 et
490 2173 671 2207 abscondita
693 2176 724 2204 et
748 2170 834 2203 novit
865 2169 895 2201 in
929 2168 1068 2201 tenebris
1092 2167 1279 2206 constituta,

317 2233 349 2262 et
373 2230 431 2261 lux
456 2237 528 2260 cum
555 2236 591 2259 eo
615 2229 662 2258 est
678 2239 708 2256 ».

408 2284 459 2313 79.
486 2282 643 2322 Quantum
669 2278 706 2311 ad
724 2277 957 2310 sublimitatem
973 2275 1101 2318 yloriac
1117 2274 1279 2307 subditur:

322 2338 359 2368 Et
380 2335 523 2379 ylariani
547 2333 649 2376 plebis
673 2336 749 2364 tuae
773 2330 894 2369 lsrael,
920 2330 994 2372 quia
1017 2329 1055 2361 de
1078 2329 1170 2361 Israel
1188 2331 1281 2361 natus

319 2393 366 2422 est
389 2388 561 2422 secundum
587 2396 731 2424 carnem;
750 2385 843 2417 Isaiae
860 2387 974 2426 quarto
987 2383 1014 2415 4:
1037 2396 1051 2411 «
1070 2382 1135 2414 Erit
1152 2391 1279 2424 germen

319 2440 448 2475 Domini*
466 2443 496 2474 in
522 2440 751 2483 magnificentia
775 2442 805 2471 et
829 2438 945 2480 gloria,
971 2440 1001 2469 et
1025 2436 1148 2469 fructus
1177 2438 1280 2468 terrae

316 2496 480 2534 sublimis,
506 2499 536 2527 et
564 2493 733 2527 exsultatio
770 2492 818 2524 liis
850 2491 904 2533 qui
942 2490 1050 2523 salvati
1087 2489 1204 2522 suerint
1239 2498 1280 2521 ex

1334 308 1474 341 Israel».
1500 308 1535 339 Et
1561 316 1645 340 nunc
1670 307 1833 349 impletum
1869 311 1916 340 est
1951 307 2029 340 illud
2061 307 2145 349 quod
2174 307 2290 340 dicitur

1334 361 1445 393 Esther
1468 364 1596 393 octavo:
1627 360 1775 393 «Iudaeis
1810 369 1891 392 nova
1924 360 1983 393 lux
2016 360 2093 393 oriri
2126 360 2191 393 visa
2225 364 2290 399 est,

1334 413 1484 455 gaudium
1516 416 1547 445 et
1582 413 1682 445 honor
1717 416 1748 445 et
1783 412 1958 455 tripudium
1992 413 2077 455 apud
2105 422 2212 446 omnes
2235 423 2291 455 po-

1334 467 1427 508 pulos
1443 479 1473 498 ›2.

1425 520 1477 552 73.
1503 519 1719 561 Magnificatur
1735 528 1810 561 ergo
1825 519 1970 552 Christus
1986 519 2046 552 sub
2062 520 2181 552 ratione
2202 519 2294 551 salu·
2307 522 2461 577 ssgffissggi‘?

1336 573 1378 605 tis
1391 573 1552 611 omnium,
1570 572 1655 604 lucis
1668 572 1814 614 peritiam
1833 576 1864 605 et
1878 572 2006 614 ctoriae
2022 572 2237 605 Iudaeorum.
2252 590 2294 596 -

1336 626 1474 668 primum
1491 625 1713 663 clementiam,
1731 625 1904 658 secundum
1920 625 2141 667 sapientiam,
2166 625 2295 658 tertium

1336 688 1411 712 vero
1422 679 1601 721 potentiam
1614 678 1790 711 manifestat
1802 697 1846 701 -—
1858 678 1918 711 sub
1931 678 2052 711 ratione
2061 678 2157 720 pacis
2169 687 2210 711 ex
2223 687 2295 710 con-

1336 733 1486 766 solatione
1510 733 1607 771 senis;
1632 732 1716 764 unde
1740 731 1887 764 laudatur
1904 732 1935 764 in
1953 731 2011 764 hoc
2026 731 2148 764 cantico
2163 734 2200 763 ut
2211 730 2295 773 pax,

1336 789 1373 818 ut
1395 785 1509 824 salus,
1534 788 1570 817 ut
1594 785 1668 823 lum,
1693 788 1729 817 ut
1751 784 1872 826 yloria.
1898 784 1976 816 Pax
1992 787 2056 822 est,
2074 784 2148 825 quia
2171 783 2296 816 media-
2317 786 2443 809 Notandum-

1337 843 1408 877 tor;
1431 838 1545 877 salas,
1569 838 1644 880 quia
1667 837 1853 879 redemptor
1861 848 1873 874 ;
1897 836 1972 875 lucc,
1989 836 2064 878 quia
2080 836 2213 874 doctor,·
2227 836 2296 878 ylo·

1336 892 1412 930 ria,
1437 892 1511 934 quia
1532 891 1751 933 praemiator.
1777 889 1813 922 Et
1848 890 1878 922 in
1917 890 1965 922 his
1996 893 2134 931 quatuor
2158 889 2298 922 consistit

1337 945 1474 987 perfecta
1497 944 1612 977 Christi
1637 943 1865 976 conimendatio
1887 946 1919 975 et
1942 942 2150 984 magnificatio
2162 943 2186 981 ⁵,
2203 942 2298 974 immo

1337 998 1433 1031 totius
1456 997 1652 1039 evangelicae
1677 996 1826 1029 historiae
1843 995 1996 1038 quaedam
2013 995 2199 1028 brevissima
2214 1004 2298 1027 com-

1338 1051 1506 1094 prehensio
1529 1053 1684 1092 quantum
1700 1049 1739 1081 ad
1755 1049 2021 1081 incarnationem
2037 1049 2068 1080 in
2084 1057 2179 1090 pace,
2201 1057 2299 1090 prae-

1337 1104 1536 1137 dicationem
1560 1103 1591 1135 in
1615 1094 1703 1142 luce,
1728 1102 1979 1144 redemptionem
1996 1102 2026 1134 in
2051 1102 2169 1140 salute,
2186 1110 2299 1133 resur-

1337 1157 1512 1190 rectionem
1544 1157 1576 1188 in
1607 1156 1716 1198 gloria.
1744 1174 1783 1178 —
1809 1156 1844 1187 Et
1868 1155 1943 1197 quia
1973 1155 2131 1188 canticum
2154 1154 2233 1186 illud
2256 1154 2300 1187 sic
2310 1158 2451 1207 fogggffiffi

1338 1211 1477 1244 continet
1501 1209 1601 1242 laudis
1624 1209 1739 1241 Christi
1764 1208 1989 1250 plenitudinem
2013 1211 2044 1240 et
2067 1208 2150 1240 senis
2165 1207 2301 1240 morien-

1340 1264 1379 1296 tis
1403 1263 1660 1301 consolationem,
1685 1262 1754 1295 ideo
1779 1262 1808 1294 in
1833 1271 1904 1294 sero
1935 1264 2081 1294 cantatur
2105 1260 2136 1292 in
2160 1260 2301 1301 Comple-

1340 1318 1429 1350 torio.
1455 1316 1541 1349 Unde
1565 1316 1624 1348 ista
1655 1315 1716 1348 tria
1739 1315 1859 1347 cantica
1882 1318 1956 1347 sunt
1987 1313 2147 1352 ordinata,
2172 1313 2300 1351 Mariae,

1341 1369 1519 1408 Zachariae,
1544 1369 1713 1401 Simeonis:
1739 1368 1876 1410 primum
1901 1368 1933 1399 in
1956 1375 2101 1408 vespere,
2126 1365 2301 1399 secundum

1341 1424 1372 1456 in
1397 1432 1498 1461 manc,
1524 1423 1653 1455 tertium
1677 1422 1708 1454 in
1733 1430 1821 1460 sero,
1846 1421 1921 1463 quia
1945 1429 2080 1462 sequens
2104 1419 2222 1462 incipit,
2247 1418 2301 1451 ubi

1342 1477 1531 1510 terminatur
1556 1475 1745 1517 praecedens
1757 1475 1780 1507 ⁶.
1799 1492 1841 1498 —
1857 1474 2057 1516 Significatur
2073 1474 2167 1506 etiam
2184 1473 2215 1505 in
2232 1473 2302 1511 hoc,

1341 1530 1425 1573 quod
1462 1530 1500 1562 de
1535 1529 1748 1561 incarnatione
1783 1528 1885 1560 omnis
1920 1531 2021 1560 status
2055 1527 2148 1559 debet
2175 1525 2303 1558 laudare

1342 1584 1441 1615 Deum
1454 1608 1461 1621 ,
1487 1582 1604 1614 scilicet
1627 1581 1797 1623 virginum,
1814 1580 2053 1621 coniugatorum
2070 1582 2101 1612 et
2118 1578 2301 1616 viduarum;

1343 1634 1675 1677 contemplativorum,
1700 1633 1913 1674 praelatorum
1945 1636 1976 1665 et
2010 1632 2201 1670 activorum
2234 1631 2302 1664 laici

1343 1693 1374 1722 et
1398 1688 1501 1721 clerici
1527 1691 1558 1720 et
1590 1686 1744 1728 religiosi,
1769 1685 1822 1728 qui
1858 1689 1889 1718 et
1923 1685 2054 1717 Domino
2088 1684 2202 1717 debent
2236 1693 2304 1717 esse

1344 1741 1527 1775 consecrati.

1434 1796 1486 1827 74.
1512 1794 1614 1836 (Vers.
1639 1793 1716 1830 33.).
1751 1794 1791 1825 Ec
1821 1796 1919 1826 erant
1942 1797 2041 1834 paler
2075 1791 2147 1823 eius
2170 1794 2198 1823 cl
2233 1800 2304 1823 ma-

1344 1853 1391 1882 ter
1415 1852 1473 1881 etc.
1500 1848 1552 1880 llic
1576 1847 1670 1880 tertio
1701 1846 1848 1879 subditur
1879 1856 1921 1879 ex
1946 1846 2005 1878 hoc
2028 1853 2222 1886 consurgens
2241 1853 2305 1886 pa-

1344 1906 1476 1934 rentum
1500 1900 1702 1938 admiratio,
1727 1908 1800 1932 eum
1836 1899 2001 1932 subditur:
2028 1899 2068 1930 Et
2090 1901 2188 1930 erant
2208 1902 2304 1939 pater

1344 1956 1415 1988 eius
1438 1958 1467 1986 et
1491 1958 1598 1986 mater
1622 1953 1783 1985 mirantes
1806 1957 1908 1995 super
1932 1951 1983 1984 liis
2007 1961 2092 1995 quae
2108 1950 2304 1984 dicebantur

1344 2009 1383 2041 de
1407 2008 1473 2046 illo,
1498 2007 1616 2040 scilicet
1639 2015 1735 2048 super
1760 2009 1898 2048 quatuor
1921 2005 2098 2048 praedictis.
2124 2005 2198 2037 Nam
2216 2003 2306 2036 Chri—

1345 2065 1413 2094 stus
1448 2060 1640 2093 admirabilis
1671 2063 1718 2092 est
1750 2058 1924 2091 secundum
1959 2058 2044 2101 quod
2078 2057 2242 2091 mediator
2272 2057 2305 2089 in

1344 2114 1430 2156 pacis
1465 2113 1648 2151 concordia;
1683 2113 1793 2145 Esther
1827 2112 1948 2145 decimo
1983 2111 2136 2154 quinto⁷:
2177 2109 2306 2144 «Valde

1345 2167 1538 2201 admirabilis
1567 2176 1617 2205 es,
1643 2166 1791 2205 Domine,
1815 2169 1846 2198 et
1869 2165 1963 2198 facies
1987 2169 2044 2199 tua
2064 2165 2156 2206 plena
2191 2163 2306 2206 gratia-

1345 2230 1417 2254 rum
1434 2234 1464 2253 ».
1484 2240 1523 2244 —
1542 2219 1737 2252 Admirabilis
1754 2219 1847 2252 etiam
1864 2218 2038 2252 secundum
2055 2217 2140 2260 quod
2155 2217 2306 2250 salvator

1346 2275 1377 2307 in
1401 2274 1581 2312 clementia;
1608 2277 1737 2315 propter
1760 2272 1845 2315 quod
1870 2272 1900 2304 in
1935 2271 2079 2304 Psaim0⁸
2102 2271 2218 2304 dicitur
2242 2270 2304 2302 ita:
2348 2312 2351 2314 .

1350 2341 1365 2356 a
1382 2327 1532 2360 Mirabilis
1555 2328 1640 2360 Deus
1664 2327 1695 2359 in
1727 2326 1847 2359 Sanctis
1879 2326 1945 2358 suis
1962 2339 1993 2364 »,
2018 2325 2092 2367 qnia
2121 2337 2136 2353 α
2153 2323 2253 2366 gratia
2276 2326 2308 2356 et

1345 2381 1559 2414 mIsericordia
1583 2383 1630 2413 est
1654 2380 1684 2412 in
1710 2381 1838 2412 Sanctos
1861 2379 1930 2412 eius
1953 2382 1983 2411 et
2007 2380 2169 2420 respectus
2190 2377 2220 2409 in
2246 2376 2308 2409 cle-

1345 2438 1411 2467 ctos
1436 2435 1519 2467 illius
1536 2448 1566 2473 »‚
1591 2434 1765 2476 Sapientiae
1781 2437 1905 2475 quarto.
1924 2450 1965 2457 —
1983 2431 2180 2465 Admirabilis
2195 2439 2307 2464 secun-

1345 2488 1420 2520 dum
1445 2487 1529 2529 quod
1546 2488 1658 2519 doctor
1676 2487 1706 2518 in
1724 2486 1891 2528 sapientia;
1918 2486 2058 2518 psalmus
2070 2485 2103 2517 ⁹:
2128 2498 2142 2513 «τ
2160 2483 2307 2516 Mirabilis

392 2689 398 2703 ¹
422 2689 496 2714 Vers.
515 2689 562 2718 26,
582 2691 640 2719 post
659 2694 738 2719 quem
758 2687 858 2711 Barucli
880 2686 908 2715 3,
929 2685 971 2709 38.

391 2733 401 2748 ²
422 2735 495 2759 Vers.
520 2734 558 2758 10.
576 2746 613 2751 —
632 2733 782 2764 Sequuntur
802 2731 841 2756 Ps.
860 2729 908 2760 97,
929 2730 954 2754 2.
973 2732 998 2753 et
1017 2729 1045 2760 33
1065 2728 1119 2753 lsai.
1142 2726 1187 2759 49,
1207 2727 1233 2752 6.
1248 2740 1283 2745 -

321 2779 428 2804 Interius
448 2785 496 2810 pro
515 2776 684 2810 verificalum
705 2774 806 2801 ridebat
828 2774 884 2798 Vat.
903 2773 1073 2807 cerificalum
1092 2771 1224 2798 videbant.

391 2821 402 2836 ³
423 2823 496 2847 Vers.
518 2823 542 2846 2.
563 2835 598 2839 —
618 2821 674 2845 Duo
693 2827 767 2851 seqq.
787 2818 834 2843 loci
854 2821 914 2843 sunt
934 2818 989 2843 lsai.
1010 2817 1056 2848 40,
1080 2817 1104 2841 5.
1123 2819 1148 2841 et
1168 2816 1232 2841 Dan.
1252 2815 1283 2845 2,

322 2869 363 2892 ⁵22.
378 2881 412 2886 —
426 2867 533 2891 Inferius
552 2865 704 2890 anctoritate
724 2864 745 2888 D
764 2862 946 2888 substituimus
959 2860 1085 2887 revelabit
1104 2860 1221 2894 plor-zani
1234 2866 1283 2891 pro

321 2911 449 2937 revelavit
468 2909 594 2943 yloriam.

393 2953 403 2968 ⁴
425 2955 498 2979 Vers.
518 2955 541 2978 2.
562 2967 597 2972 —-
616 2952 732 2978 Subinde
752 2951 878 2982 allegatur
897 2951 986 2976 Esther
1006 2950 1034 2980 8,
1056 2950 1097 2975 ⁴6.
1117 2956 1172 2982 seq.
1191 2962 1227 2967 -
1246 2948 1284 2973 ln-

324 3000 402 3025 serius
421 3005 469 3030 pro
491 2999 523 3024 El
543 2999 606 3024 tanc
620 2996 759 3030 impletum
779 2995 961 3021 substituimus
979 3003 1008 3020 ex
1028 2994 1139 3021 CDFG
1159 2994 1193 3021 Et
1211 2999 1285 3019 nunc

324 3043 461 3076 impletum
482 3042 510 3074 (F
530 3041 680 3075 impletur).
966 3038 977 3053 ⁶
997 3040 1053 3065 Vat.
1074 3037 1284 3073 maqnificentia.

393 3085 404 3100 ⁶
424 3088 451 3112 B.
471 3086 579 3117 Albert.,
601 3087 624 3111 in
645 3087 707 3111 Luc.
726 3087 756 3117 ⁴2,
777 3086 824 3111 32:
844 3085 953 3110 Attendc
967 3088 1067 3116 autem,
1087 3084 1212 3117 quoniam
1233 3083 1284 3108 iam

324 3131 409 3157 habita
424 3135 482 3156 sunt
496 3135 608 3164 quatuor
626 3131 724 3156 cantica
740 3131 763 3155 in
786 3130 833 3155 isto
852 3130 1008 3161 Evangelio:
1028 3129 1157 3154 canticum
1176 3128 1284 3161 quidem

324 3176 475 3207 Zachariae,
496 3176 519 3200 in
533 3183 587 3208 quo
607 3176 631 3200 in
645 3176 733 3200 multis
751 3175 842 3206 gratiis
855 3173 930 3199 nobis
949 3174 1059 3199 salutem
1073 3173 1152 3198 erexit
1165 3176 1190 3198 et
1204 3179 1284 3197 cornu

324 3220 424 3250 salutis;
445 3223 469 3244 et
488 3220 547 3251 quia
569 3221 617 3244 hoe
636 3219 782 3244 secundum
803 3220 922 3244 effectum
943 3220 1037 3243 sactum
1064 3221 1103 3243 est
1122 3217 1146 3242 in
1172 3223 1286 3242 resurre-

324 3265 422 3290 ctione:
443 3264 502 3289 ideo
516 3264 541 3289 in
561 3263 693 3289 matutinis
705 3262 840 3294 laudibus,
854 3270 923 3295 quae
940 3263 965 3288 in
980 3264 1106 3288 honorem
1120 3261 1286 3287 resurrectio-

325 3309 364 3334 nis
384 3309 565 3339 decantantur,
586 3309 635 3333 hoe
654 3307 746 3333 stando
759 3307 922 3333 decantatur.
938 3308 980 3332 Est
999 3306 1077 3332 etiam
1091 3305 1209 3331 habiturn
1229 3311 1287 3330 ean-

326 3354 405 3378 ticum
426 3352 517 3378 beatae
538 3352 665 3384 Virginis,
685 3352 710 3377 in
725 3359 778 3384 quo
798 3351 904 3383 dicitnr,
918 3350 988 3384 quod
1010 3350 1137 3376 Dominus
1150 3349 1183 3375 ad
1203 3349 1287 3375 humi-

325 3398 420 3423 litatem
442 3397 548 3422 ancillae
568 3396 692 3428 respexit;
712 3395 784 3428 quod
805 3396 865 3428 qnia
886 3396 912 3420 in
932 3398 1001 3420 sexta
1015 3398 1099 3420 aetate
1119 3396 1214 3419 tactum
1234 3397 1285 3425 est,

1346 2682 1406 2707 ideo
1426 2681 1451 2706 in
1470 2683 1539 2706 sexta
1561 2681 1623 2706 hora
1643 2680 1809 2709 decantatur,
1829 2679 1877 2703 hoc
1897 2680 1935 2702 est
1959 2677 1985 2702 in
2004 2677 2133 2709 Vespera,
2152 2683 2221 2709 quae
2240 2678 2310 2702 sexta

1348 2729 1387 2751 est
1405 2733 1419 2750 a
1439 2724 1561 2750 laudibus
1575 2724 1716 2750 matutinis.
1730 2724 1755 2749 In
1770 2722 1871 2748 cantico
1884 2725 1971 2747 autem
1991 2721 2121 2746 Simeonis
2138 2720 2171 2746 de
2188 2727 2253 2752 pace
2271 2720 2312 2746 di—

1348 2770 1488 2795 missorum
1509 2770 1537 2794 sst
1550 2768 1660 2800 mentio,
1682 2768 1727 2801 qui
1741 2771 1801 2793 sunt
1819 2767 1995 2800 qiiiescentes;
2009 2765 2120 2797 septima
2139 2768 2226 2790 autem
2240 2767 2312 2790 aetas

1348 2818 1386 2840 est
1405 2813 1608 2847 quiescentium,
1632 2816 1657 2838 et
1676 2813 1736 2838 ideo
1756 2813 1780 2837 in
1800 2811 1926 2843 septima,
1947 2812 1996 2836 hoc
2015 2813 2054 2836 est
2073 2810 2099 2835 in
2122 2809 2311 2841 Completori0‚

1347 2859 1509 2884 decantatur.
1531 2859 1658 2891 Quartum
1684 2860 1771 2883 autem
1792 2857 1922 2886 canticum
1942 2860 1981 2881 est
1999 2855 2172 2887 Angelorum,
2194 2854 2239 2887 qui
2260 2861 2310 2880 non

1348 2903 1477 2935 pertinent
1496 2903 1528 2928 ad
1549 2905 1660 2928 aetatem
1680 2902 1808 2935 aliquam,
1827 2905 1853 2927 et
1868 2901 1929 2927 ideo
1948 2904 2017 2926 extra
2038 2902 2116 2926 horas
2129 2900 2155 2925 in
2175 2899 2248 2925 Missa
2269 2899 2312 2925 de·

1348 2950 1475 2973 cantatur.
1488 2946 1538 2973 Csr.
1553 2946 1629 2972 Card¹
1643 2947 1734 2978 Ilugo,
1748 2947 1773 2971 in
1786 2945 1900 2971 eundem
1914 2946 1999 2971 Lucae
2018 2945 2114 2970 locum.
2127 2958 2162 2963 —
2175 2944 2312 2977 Aliquanto

1349 2992 1471 3024 superius
1490 2999 1539 3023 pro
1557 2990 1628 3017 senis
1648 2990 1787 3017 morientis
1811 2989 2022 3017 consolationem
2041 2989 2099 3014 Vat.
2119 2988 2190 3015 senis
2216 2987 2312 3014 mom's

1349 3035 1570 3067 consolationem,
1591 3042 1660 3068 quae
1679 3035 1756 3060 etiam
1777 3034 1889 3060 subinde
1909 3036 1968 3066 post
1981 3032 2114 3060 Simeonis
2133 3032 2206 3058 addit
2224 3031 2253 3058 in
2266 3031 2312 3058 Ec-

1350 3080 1431 3107 clesia
1449 3079 1626 3107 decantanda.

1420 3123 1430 3138 ⁷
1450 3125 1524 3150 Vers.
1545 3125 1632 3150 l7.—
1646 3125 1704 3150 Post
1723 3123 1855 3150 mediator
1867 3121 2050 3154 supplevimus
2069 3129 2100 3147 ex
2119 3121 2138 3146 C
2160 3122 2184 3154 (a
2197 3120 2313 3146 secunda

1350 3177 1429 3195 manu
1449 3168 1612 3202 adiunctum)
1633 3168 1661 3195 in
1676 3168 1754 3202 pacis
1773 3166 1931 3198 concordia,
1951 3173 2000 3198 pro
2014 3172 2067 3198 quo
2087 3166 2106 3191 B
2125 3165 2154 3191 in
2172 3163 2276 3198 qratia,
2291 3164 2313 3189 D

1350 3214 1375 3243 (a
1395 3214 1510 3240 secunda
1531 3214 1621 3247 manu)
1642 3213 1669 3239 in
1689 3212 1800 3239 iustitia.
1942 3207 1949 3212 '

1421 3256 1431 3272 ⁸
1452 3259 1546 3284 Psalm.
1564 3258 1613 3289 67,
1633 3258 1676 3284 36.
1698 3270 1732 3276 —·
1752 3256 1874 3289 SequItur
1894 3256 1955 3287 Sap.
1975 3254 2005 3288 4,
2026 3254 2067 3280 115.

1420 3301 1432 3317 ⁹
1451 3303 1544 3328 Psalm.
1565 3303 1629 3334 ⁴38,
1657 3302 1683 3327 6.
1713 3301 1769 3327 Vat.
1798 3302 1867 3326 hunc
1894 3299 2002 3331 omittit,
2029 3299 2096 3325 sicut
2124 3299 2202 3324 etiarn
2231 3295 2313 3322 verba

1351 3347 1525 3374 Adina-abilis
1538 3345 1687 3373 secundum
1700 3343 1772 3380 quod
1784 3344 1968 3378 triumphator
1982 3343 2009 3369 in
2025 3342 2152 3377 potentia,
2165 3334 2313 3368 secundum

1351 3392 1419 3419 illud
1438 3385 1548 3418 Psalmi.
1561 3405 1596 3410 —
1611 3391 1666 3416 Duo
1686 3397 1761 3423 seqq.
1777 3389 1825 3415 Ioci
1839 3392 1899 3415 sunt
1918 3389 1959 3414 ΡΒ.
1975 3388 2021 3420 92,
2036 3387 2061 3414 4.
2079 3391 2103 3413 et
2117 3386 2196 3413 Exod.
2212 3385 2254 3417 45,
2269 3385 2311 3411 ll.

2317 1477 2454 1499 corollarium

2337 1797 2417 1822 Tertio,
2431 1802 2464 1824 pa«,

2323 1825 2409 1854 reatuin
2430 1823 2462 1845 ad-

2324 1852 2416 1872 miratio.

2324 2010 2421 2031 Christus
2432 2009 2466 2031 aa

2330 2036 2434 2058 mirabilis
2445 2038 2465 2058 nt

2331 2063 2442 2085 mediator.

2325 2222 2353 2244 Ut
2371 2222 2467 2244 salvator.

2326 2435 2354 2458 Ut
2368 2435 2449 2457 doctor.
