2476 3921
163 491 253 513 Solutio.

148 864 251 886 Tertium.

270 236 335 268 452

271 327 318 356 est
341 323 475 356 clamare
498 323 537 356 ad
555 323 652 355 Deum
670 331 728 364 pro
750 321 905 361 vindicta,
929 331 1001 355 cum
1025 322 1148 354 dicatur
1174 321 1228 354 Ec-

272 376 434 409 clesiastici
466 375 616 417 vigesimo
639 378 749 407 octavo
763 376 796 406 ¹:
827 387 842 403 a
858 375 918 416 Qui
943 374 1094 407 vindicari
1118 374 1188 406 vult
1210 383 1229 406 a

273 430 404 462 Domino
426 429 564 461 inveniet
588 428 773 467 vindictam,
797 431 828 460 et
852 432 978 470 peccata
1008 427 1077 460 eius
1099 435 1229 459 servans

274 483 411 515 servabit
427 485 465 514 »2
490 500 531 505 —
557 481 756 523 Respondeo:
782 481 833 513 Est
848 481 996 513 vindicta
1009 481 1021 499 ²
1037 479 1229 522 afflictionis

273 535 427 578 facientis
450 535 496 567 ad
523 535 626 573 Deum
650 535 779 573 redire,
805 534 853 567 vel
876 532 1032 576 facientis
1049 543 1070 566 a
1086 533 1230 566 stultitia

273 599 410 621 cessare.
435 589 573 625 Possunt
604 591 752 629 appetere
776 588 908 629 primam
933 587 1094 625 absolute,
1118 595 1230 619 secun-

272 643 362 681 dam,
387 642 412 674 si
438 642 501 674 Deo
532 641 643 683 placet.
684 640 867 673 Vindictam
898 644 1003 672 autem
1036 639 1230 681 afflictionis

270 704 432 737 personae
444 695 557 727 debent
574 695 706 726 horrere
722 697 753 726 et
769 696 876 726 contra
889 693 1072 725 vindictam
1088 692 1230 724 damna-

273 749 370 780 tionis
393 752 538 780 aeternae
561 747 675 780 debent
698 747 909 788 interpellare.

365 803 414 833 12.
439 800 544 833 Terti0
568 804 722 841 quantum
739 799 777 831 ad
795 799 1005 841 aryutionem
1030 797 1231 840 diffidentiae

272 854 400 888 subdit:
432 854 663 885 Verumtamen
691 852 800 884 Filius
824 851 966 884 hominis
988 851 1137 889 ventem,
1168 860 1231 892 pu-

275 910 338 945 tas,
355 907 496 939 inveniet
511 905 610 948 fidem
626 905 662 937 in
679 905 795 937 terra?
812 905 873 937 Iloc
889 904 1015 946 quidem
1032 904 1124 942 dicit,
1141 903 1230 945 quia,

276 961 346 992 licet
369 959 449 1001 fides
473 958 680 991 credulitatis
705 958 735 990 in
761 957 868 990 multis
885 957 1027 989 videatur
1044 965 1129 995 esse,
1149 955 1231 998 fides

273 1013 440 1055 fidelitatis
464 1016 495 1045 et
518 1011 734 1052 confidentiae
763 1011 922 1052 reperitur
947 1010 976 1042 in
1005 1009 1132 1051 paucis;
1157 1009 1231 1040 Pro-

275 1066 456 1099 verbiorum
481 1065 654 1107 vigesimo³
672 1077 679 1096 :
709 1077 723 1092 a
742 1064 828 1096 Multi
853 1063 995 1096 homines
1013 1061 1231 1095 misericordes

276 1123 446 1157 vocantur,
471 1119 575 1151 virum
600 1123 705 1150 autem
730 1117 853 1150 fidelem
877 1117 949 1159 quis
980 1116 1117 1149 inveniet
1133 1118 1169 1147 »t
1200 1118 1231 1147 et

242 1204 244 1206 .
277 1172 422 1205 Ieremiae
446 1171 599 1213 septimo:
630 1184 645 1199 «
662 1170 756 1203 Periit
780 1170 856 1202 fides
880 1174 910 1202 et
934 1170 1037 1202 ablata
1059 1173 1106 1202 est
1122 1169 1160 1201 de
1176 1177 1231 1201 ore

128 1552 254 1573 Notandum.

275 1216 434 1258 eorum».
468 1225 504 1256 Et
537 1225 596 1257 boc
627 1224 765 1256 maxime
796 1224 873 1262 erit,
906 1223 1146 1265 approximante
1177 1222 1230 1254 ad—

276 1275 371 1312 ventu
393 1279 457 1311 Filii
484 1279 536 1311 Dei
552 1291 559 1317 ;
575 1278 728 1310 ‘Matthaei
754 1278 903 1319 vigesimo
926 1278 1088 1319 quarto4:
1112 1290 1127 1305 α
1146 1276 1229 1317 Quo-

276 1332 357 1363 niam
382 1331 554 1363 abundabit
577 1331 743 1372 iniquitas,
776 1330 956 1372 refrigescet
980 1330 1093 1362 caritas
1116 1329 1231 1361 multo-

279 1394 350 1417 rum
367 1396 397 1423 »;
422 1387 453 1417 et
476 1384 570 1417 Isaiae
594 1384 744 1426 vigesimo
767 1387 903 1425 quarto}
933 1396 947 1411 «
965 1384 1044 1415 Haec
1074 1386 1168 1415 erunt
1200 1382 1230 1414 in

279 1438 378 1470 medio
402 1442 505 1470 terrae
516 1463 523 1475 ‚
547 1437 579 1469 in
596 1437 697 1469 medio
713 1436 902 1478 populorum
914 1462 921 1475 ,
938 1436 1095 1478 quomodo
1112 1436 1136 1468 si
1155 1445 1231 1477 pau-

277 1500 330 1523 cae
354 1491 470 1529 olivae,
495 1499 576 1532 quae
600 1493 837 1528 remanserunt,
854 1489 1058 1522 excutiantur
1081 1498 1122 1521 ex
1147 1489 1232 1527 olea,

276 1548 307 1576 et
330 1544 463 1582 racemi,
488 1552 559 1576 cum
585 1543 680 1575 suerit
703 1543 791 1574 finita
815 1542 969 1574 vindemia
985 1555 1015 1574 n.
1033 1561 1076 1565 -
1094 1542 1128 1574 Et
1145 1546 1232 1580 nota,

276 1597 359 1639 quod
383 1597 535 1629 Dominus
557 1596 631 1629 dicit
653 1600 773 1638 putas,
805 1605 867 1628 non
898 1595 972 1637 quia
1003 1595 1143 1633 dubitet,
1176 1595 1234 1627 sed

276 1650 351 1692 quia
388 1650 614 1683 dubitationem
651 1650 800 1691 reprobat
840 1652 872 1681 et
910 1648 1106 1681 condemnat.
1147 1648 1233 1681 Unde

276 1703 428 1735 Glossa-'²1
458 1715 473 1731 α
490 1702 626 1734 Putas?
655 1702 687 1734 In
716 1702 812 1734 verbo
839 1701 1043 1734 dubitationis
1068 1701 1234 1733 infidelitas

277 1757 474 1797 increpatur,
498 1765 559 1787 non
583 1755 731 1797 opinatur
755 1755 927 1793 Divinitas;
952 1756 1011 1787 scit
1031 1754 1113 1787 euim
1130 1754 1234 1786 omnia

278 1818 333 1850 per
356 1818 449 1851 quem
473 1809 555 1841 sacta
585 1812 659 1841 sunt
690 1809 812 1847 omnia;
845 1808 897 1841 sed
929 1808 1102 1840 dubitando
1132 1807 1233 1840 incre-

278 1867 330 1903 pat
361 1862 534 1894 iufidelium
566 1861 660 1894 corda
678 1875 707 1893 n.
738 1861 824 1894 Unde
856 1861 908 1893 illa
942 1861 1081 1903 putativa
1113 1861 1234 1893 Domini

277 1915 439 1956 inquisitio
461 1914 602 1956 designat
625 1913 850 1946 dubitationem
874 1917 905 1946 et
926 1914 1117 1946 nutationem
1130 1939 1137 1952 ,
1154 1922 1235 1955 quae

276 1968 338 1999 erit
361 1967 391 1999 in
416 1967 617 2000 tribulatione
634 1967 686 1999 illa
703 1967 836 2000 finaliter
861 1967 1059 2006 imminente,
1076 1966 1116 1999 ob
1137 1976 1232 2009 quam

278 2030 339 2052 non
372 2020 433 2053 erit
463 2020 517 2062 qui
550 2024 719 2062 consurgat
742 2024 772 2054 et
797 2024 898 2053 teneat
922 2030 1012 2060 eum,
1037 2029 1077 2053 ne
1104 2029 1235 2053 consur-

277 2077 329 2114 gat
351 2073 389 2105 ad
413 2073 576 2106 delendam
601 2077 736 2112 terram,
760 2073 934 2106 secundum
959 2073 1035 2106 illud
1060 2073 1155 2105 Isaiae
1186 2082 1234 2105 se-

280 2126 441 2168 xagesimo
472 2127 633 2169 quarto⁶2
663 2139 678 2156 «
703 2127 768 2160 Non
799 2131 847 2159 est
878 2127 932 2169 qui
965 2127 1088 2159 invocet
1119 2135 1234 2159 nomen

279 2184 387 2219 tuum,
419 2180 474 2222 qui
506 2185 675 2223 consurgat
703 2184 734 2213 et
758 2184 860 2213 teneat
892 2184 939 2219 te;
971 2180 1158 2213 abscondisti
1190 2180 1234 2212 fa—

279 2232 355 2265 ciem
374 2237 458 2265 tuam
482 2242 501 2265 a
524 2233 613 2266 nobis
629 2237 660 2265 et
675 2233 795 2265 allisisti
812 2241 870 2265 nos
886 2233 917 2265 in
942 2242 1036 2265 manu
1062 2233 1234 2275 iniquitatis

280 2289 403 2319 nostrae
419 2299 449 2318 ».

839 233 1031 266 COMMENT.
1057 234 1094 266 IN
1118 233 1355 266 EVANGELIUM
1379 233 1495 266 LUCAE
1519 233 1551 264 C.
1578 232 1678 265 XVIII.

1386 321 1435 354 13.
1463 320 1556 353 Dixit
1579 323 1690 352 autem
1704 320 1715 339 ⁷
1740 319 1787 351 ad
1806 319 1988 362 quosdam,
2005 320 2066 363 qui
2079 320 2115 352 in
2129 329 2164 352 se
2178 329 2255 353 eon-
2269 327 2416 378 3333&ssss

1292 373 1437 415 fidebant
1460 376 1519 405 etc.
1545 373 1711 414 Postquam
1735 371 1863 404 induxit
1892 371 1931 404 ad
1962 371 2113 405 orationis
2136 372 2255 405 instan-
2289 380 2396 403 inducitur

1294 426 1387 464 tiam,
1411 426 1443 467 in
1468 426 1526 458 hac
1557 428 1646 467 parte
1675 424 1807 457 intendit
1837 424 1990 457 iuducere
2021 425 2060 462 ad
2090 426 2255 458 orationis

1291 479 1512 511 reverentiam
1525 478 1548 510 Β.
1573 477 1726 519 Quoniam
1743 481 1849 510 autem
1866 477 2049 510 reverentia
2065 478 2176 521 haberi
2192 488 2255 511 non

1295 535 1396 574 potest
1419 532 1451 564 in
1471 531 1630 569 oratione,
1647 530 1706 563 nisi
1724 530 1879 563 habeatur
1895 534 1927 563 et
1943 529 2116 563 humilitas
2132 531 2163 564 in
2180 540 2255 564 con-

1294 585 1488 623 versatione;
1513 585 1583 617 ideo
1607 584 1637 617 in
1663 584 1722 616 hac
1738 587 1827 626 parte
1844 584 1946 625 primo
1962 584 2135 617 introducit
2149 594 2255 618 exem-
2274 591 2364 614 Divisio.

1290 639 1386 681 plum
1408 630 1643 680 parabolicum
1666 637 1705 670 ad
1729 637 2010 670 commendandam
2034 632 2252 670 humilitatem

1294 691 1480 728 orationis,·
1512 690 1650 723 secundo
1684 699 1758 722 vero
1789 689 1975 732 exemptam
1999 700 2193 732 expressum
2216 691 2255 724 ad

1293 744 1569 778 commendandam
1602 742 1822 776 humilitatem
1853 744 2132 784 conversationis,
2164 744 2254 777 ihi⁵:

1295 800 1319 830 A
1325 794 1485 840 [ferebant
1507 801 1619 828 autem
1642 796 1688 828 ad
1712 795 1806 828 illum
1830 795 1986 838 infantes

1384 850 1415 882 ln
1442 849 1590 891 parabola
1612 853 1718 882 autem
1736 849 1920 891 explicanda
1938 849 2080 891 procedit
2095 858 2152 892 per
2169 850 2255 883 hunc
2275 856 2417 905 mgffiffl‘·

2322 435 2365 461 plo.

2233 426 2239 432 ,
2265 406 2344 434 duplici
2350 413 2423 435 erema
2440 405 2442 421 l

2444 668 2445 672 κ
2467 634 2471 691 ¹.

2470 865 2473 909 l

1295 903 1434 936 modum.
1461 903 1563 935 Primo
1579 903 1661 935 enim
1680 902 1779 945 tangit
1795 903 1996 935 conditiones
2009 912 2256 944 personarum,·
2269 915 2282 930 a
2311 909 2417 932 humilita-
2470 915 2473 924 =

2288 938 2331 957 tem
2346 942 2402 957 oom-

1294 956 1442 995 Secundo,
1459 956 1659 989 conditiones
1672 966 1831 998 precum,
1849 956 1890 989 ibi
1905 956 1950 988 ²⁰:
1968 955 2177 989 Pharisaeus
2193 966 2256 989 au-
2270 962 2412 1010 menssffdm

1295 1014 1357 1042 tem
1380 1014 1475 1042 stans
1491 1009 1585 1051 apud
1600 1009 1790 1047 se.orabat;
1807 1009 1919 1048 tertio,
1937 1009 2139 1041 conditiones
2153 1018 2257 1042 exau-
2361 1004 2366 1010 '

1294 1063 1478 1101 ditionum,
1504 1063 1566 1095 ibi:
1594 1063 1699 1094 Amen
1722 1061 1795 1094 dico
1818 1061 1928 1101 vobis,
1945 1062 2110 1095 deseendit
2126 1061 2179 1095 hie
2195 1066 2254 1095 etc.
2266 1068 2350 1116 deponet
2363 1074 2412 1090 eon-

1383 1116 1472 1149 Circa
1495 1115 1687 1149 conditiones
1710 1124 1918 1157 personarum
1951 1115 2012 1148 hoc
2042 1115 2152 1148 ordine
2183 1125 2256 1158 pro·
2281 1101 2419 1170 ''3:333231‘*

1294 1170 1384 1202 cedit.
1409 1169 1520 1211 Tangit
1535 1169 1617 1201 enim
1635 1168 1827 1201 conditiones
1844 1177 2051 1210 personarum
2065 1169 2091 1188 ¹1
2103 1194 2111 1208 ,
2135 1169 2256 1212 quibus
2307 1154 2399 1197 '³33⁰‘

1294 1222 1461 1266 loquitur,
1486 1225 1517 1254 et
1540 1222 1579 1254 de
1602 1220 1723 1264 quibus
1747 1221 1905 1264 loquitur.

1387 1276 1436 1308 lli.
1462 1275 1563 1316 (Vers.
1589 1276 1644 1315 9.).
1670 1275 1774 1306 Primo
1798 1274 1895 1316 igitur
1912 1277 2066 1316 quantum
2084 1274 2124 1307 ad
2143 1274 2256 1307 condi·
2283 1281 2396 1329 Pqflsonae.

1294 1330 1396 1362 tiones
1409 1338 1647 1371 personarum,
1664 1327 1785 1371 quibus
1799 1327 1958 1371 loquitur,
1975 1327 2067 1360 dicit:
2081 1328 2178 1360 Dixit
2193 1338 2255 1361 au—
2274 1309 2399 1362 ῳῗιιυῑῗῖτῖω

1296 1388 1358 1415 tem
1382 1383 1427 1415 ad
1451 1382 1633 1425 quosdam,
1658 1381 1718 1424 qui
1739 1381 1775 1413 in
1797 1391 1832 1413 se
1855 1380 2062 1421 considebant
2094 1384 2256 1424 tanquam

1294 1435 1393 1474 iusti,
1418 1444 1475 1477 per
1499 1434 1780 1476 magnificationem
1806 1434 1934 1467 virtutis
1958 1427 2122 1475 propriae;
2146 1438 2177 1466 et
2193 1434 2253 1467 hoc

1295 1493 1342 1522 est
1366 1492 1476 1521 contra
1499 1488 1599 1520 Deum
1624 1487 1807 1529 superbire,
1832 1487 2006 1520 secundum
2031 1487 2109 1520 illud
2131 1487 2171 1520 ad
2194 1488 2252 1520 Ro-

1296 1551 1404 1575 manos
1428 1542 1549 1574 decimo
1564 1540 1607 1573 ¹2:
1637 1554 1652 1569 a
1671 1541 1850 1583 Ignorantes
1865 1540 1921 1573 Dei
1938 1541 2089 1573 iustitiam
2112 1544 2144 1573 et
2164 1550 2254 1574 suam

1296 1595 1435 1628 volentes
1459 1597 1613 1632 statuere,
1638 1593 1774 1626 iustitiae
1798 1593 1853 1626 Dei
1885 1602 1947 1626 non
1979 1597 2053 1626 suut
2076 1587 2256 1638 subiecti».

1296 1649 1384 1681 Tunc
1418 1652 1523 1681 autem
1559 1647 1687 1680 confidit
1721 1647 1793 1689 quis
1825 1647 1856 1679 in
1889 1655 1922 1679 se
1953 1650 2103 1689 tanquam
2135 1647 2256 1686 iustus,
2276 1654 2406 1677 Notandum.

1297 1701 1422 1744 quando
1446 1710 1479 1734 se
1503 1701 1621 1733 iustum
1654 1703 1780 1742 reputat
1812 1709 1854 1733 ex
1886 1700 1952 1732 suis
1982 1699 2151 1741 operibus,
2175 1699 2257 1732 sicut

1296 1754 1450 1787 faciebant
1475 1753 1594 1792 ludaei;
1619 1753 1658 1785 ad
1682 1754 1837 1785 Romanos
1853 1752 2008 1785 secundo:
2031 1764 2046 1780 α
2064 1751 2180 1785 Probas
2195 1751 2258 1785 uti-

1298 1807 1393 1845 liora,
1417 1807 1592 1839 instructus
1615 1815 1672 1848 per
1696 1807 1826 1848 Legeun
1852 1805 1997 1845 confidis,
2015 1808 2046 1838 te
2068 1805 2173 1847 ipsum
2189 1813 2258 1838 esse

1297 1860 1410 1892 ducem
1433 1869 1619 1898 caecorum,
1638 1860 1742 1892 lumen
1759 1868 1870 1892 eorum
1887 1859 1941 1901 qui
1959 1859 1991 1891 in
2008 1858 2147 1891 tenebris
2170 1861 2256 1898 sunt,

1298 1913 1490 1945 eruditorem
1515 1913 1747 1954 insipientium,
1773 1912 1958 1954 magistrum
1991 1911 2178 1951 infantium,
2202 1911 2258 1944 ha·
2287 1937 2292 1942 .

1298 1966 1423 1998 bentem
1447 1965 1580 1998 formam
1604 1965 1751 1998 scientiae
1774 1969 1805 2000 et
1831 1965 1971 1998 veritatis
1987 1965 2019 1998 in
2036 1966 2115 2008 Lege
2128 1978 2158 1997 n.
2176 1965 2255 1998 Haec

1298 2023 1403 2051 autem
1428 2018 1614 2051 confidentia
1637 2019 1741 2060 potius
1765 2022 1813 2051 est
1836 2027 1929 2052 verae
1953 2018 2090 2052 iustitiae
2113 2018 2254 2057 inimica;

1299 2071 1541 2104 Proverbiorum
1565 2071 1730 2104 undecimo
1745 2071 1789 2103 1³:
1819 2084 1834 2100 α
1852 2071 1911 2113 Qui
1936 2071 2064 2104 confidit
2087 2071 2118 2104 in
2141 2071 2258 2104 divitiis

1299 2125 1365 2157 suis
1388 2128 1516 2157 corruet
1530 2136 1559 2163 »3
1585 2129 1714 2166 propter
1737 2124 1822 2166 quod
1846 2124 1995 2157 Ieremiae
2018 2124 2259 2167 quadragesimo

1298 2182 1422 2211 octavo:
1452 2190 1466 2206 α
1485 2178 1543 2210 Pro
1566 2186 1620 2216 eo,
1645 2177 1728 2220 quod
1754 2177 1891 2210 habuisti
1924 2177 2070 2210 fiduciam
2099 2177 2131 2210 in
2154 2177 2259 2210 muni-

1299 2232 1437 2264 tionibus
1461 2232 1524 2264 tuis
1547 2235 1578 2264 et
1601 2231 1632 2264 in
1658 2230 1816 2264 thesauris
1840 2230 1921 2270 tuis,
1946 2234 1982 2263 tu
2005 2239 2133 2273 quoque
2156 2230 2259 2272 capie-

1299 2285 1344 2318 ris
1361 2298 1390 2317 ι».
1416 2285 1451 2317 Et
1474 2285 1534 2317 hoc
1558 2287 1658 2317 totum
1675 2288 1722 2317 est
1739 2288 1868 2327 propter
1884 2283 2041 2317 defectum
2059 2283 2256 2323 humilitatis,

352 2510 360 2524 ¹
382 2510 457 2535 Vers.
478 2510 501 2535 1.
520 2523 556 2528 -
574 2510 664 2535 Glossa
683 2509 825 2535 ordinaria
847 2510 887 2543 (cx
907 2510 986 2543 Beda)
1008 2512 1032 2536 in
1052 2511 1114 2536 Luc.
1135 2512 1181 2543 18,
1201 2511 1233 2536 3:

281 2555 346 2580 Cum
366 2555 424 2579 iusti
446 2561 494 2585 pro
513 2553 726 2586 persecutoribus
746 2561 820 2579 orare
840 2558 996 2580 moneantur
1011 2556 1109 2586 {Mattn
1123 2555 1153 2586 5,
1168 2554 1234 2589 41],

281 2603 366 2624 tamen
391 2599 425 2624 de
451 2599 539 2630 malis,
563 2599 634 2623 salva
662 2598 768 2630 iustitia,
795 2600 862 2624 hanc
884 2599 1025 2624 vindictam
1045 2603 1182 2631 expetunt,
1207 2602 1236 2625 ut

253 2666 257 2670 .
281 2647 388 2675 pereant
407 2650 499 2668 omnes
519 2643 593 2673 mali,
613 2643 652 2668 vel
672 2643 790 2668 conversi
810 2644 842 2669 ad
863 2643 999 2674 iustitiam,
1019 2645 1061 2669 vel
1081 2645 1174 2670 amissa
1189 2652 1236 2676 per

281 2688 438 2719 supplicium
459 2691 599 2719 potestate,
627 2694 679 2720 qua
708 2695 777 2713 nunc
805 2691 893 2713 contra
913 2688 1010 2719 bonos,
1039 2689 1167 2721 quamdiu
1187 2690 1235 2714 hoc

283 2732 367 2763 ipsum
388 2731 464 2756 bonis
485 2732 590 2762 expedit
615 2732 654 2757 vel
681 2732 857 2763 temporaliter
881 2733 980 2765 aliquid
1005 2736 1123 2764 possunt.
1152 2733 1235 2765 Quem

267 2776 361 2805 ,finem
380 2782 441 2800 cum
462 2775 520 2800 lusti
540 2775 630 2800 venire
649 2776 811 2808 desiderant,
825 2777 947 2808 quamvis
961 2783 1009 2808 pro
1023 2777 1134 2802 inimicis
1143 2774 1235 2807 breut,

282 2823 368 2844 tamen
386 2827 437 2844 non
457 2819 571 2845 absurde
589 2820 731 2845 vindictam
752 2820 901 2846 desiderare
919 2821 1050 2846 dicuntur.

353 2863 363 2877 ²
384 2864 457 2889 Vat.:
477 2863 638 2896 Responsio:
660 2864 737 2895 Quod
754 2864 792 2890 sic
808 2871 861 2897 pro
880 2864 1011 2896 vindicta,
1031 2872 1100 2897 quae
1125 2864 1236 2891 subinde

282 2908 376 2933 omittit
395 2908 511 2933 Possunt
527 2909 650 2941 appetere
666 2908 786 2941 primam
805 2908 938 2940 absolute,
957 2909 1113 2935 secundam.
1206 2934 1211 2936 ,

353 2951 363 2965 ³
384 2952 458 2977 Vei-s.
476 2952 507 2982 6,
537 2955 595 2982 post
623 2959 702 2984 quem
733 2940 778 2977 ler'.
806 2952 837 2983 7,
866 2953 909 2977 28.
928 2953 1053 2983 August,
1072 2954 1156 2979 Serm.
1176 2954 1236 2979 115.

282 2995 356 3027 (alias
375 2996 418 3020 36.
437 2996 471 3021 de
490 2995 584 3021 Verbis
604 2996 716 3029 Domini)
737 3003 760 3021 c.
780 2997 803 3021 1.
824 3003 849 3021 n.
871 2997 898 3021 l:
919 2997 1015 3028 Putas,
1032 2996 1146 3023 inveniet
1156 2996 1237 3031 fidem

283 3039 310 3065 in
330 3041 427 3065 terra?
441 3040 483 3065 De
503 3040 555 3065 ssde
574 3040 651 3070 dixit,
670 3047 738 3073 quae
758 3042 869 3072 perfecta
896 3044 942 3066 est.
963 3042 1019 3073 Ipsa
1045 3041 1115 3066 enim
1141 3041 1237 3067 vix’in-

283 3084 387 3109 venitur
405 3084 430 3109 in
452 3087 527 3109 terra.
545 3085 623 3117 Ecce,
643 3085 716 3116 plena
737 3088 775 3110 est
795 3085 840 3110 Dei
859 3086 989 3116 Ecclesia5
1017 3086 1076 3118 quis
1096 3086 1147 3111 huc
1166 3092 1237 3111 acce-

282 3129 367 3160 deret,
388 3129 409 3153 si
428 3129 494 3153 nulla
508 3132 575 3154 esset
589 3129 654 3155 [Ides
665 3130 676 3153 ?
689 3129 752 3162 Quiti
768 3136 818 3154 non
832 3132 932 3155 montes
946 3131 1109 3162 transferret,
1126 3130 1148 3155 si
1162 3131 1236 3161 plena

282 3177 351 3198 esset
369 3173 434 3198 fides
454 3172 510 3206 [cfr.
529 3174 616 3199 Illatth.
641 3174 678 3205 17,
699 3174 740 3198 19.
760 3177 785 3199 et
805 3175 820 3199 Ι.
839 3173 897 3200 Cor.
921 3175 966 3204 13,
987 3173 1041 3208 2.]?
1061 3177 1110 3200 ete.

352 3217 363 3230 ¹
383 3218 456 3243 Vers.
478 3218 524 3248 ⁴2,
543 3218 585 3243 cui
604 3217 767 3243 subnectitur
786 3218 842 3243 lsai.
862 3218 910 3250 24,
933 3219 973 3244 13.

353 3260 364 3274 ⁶
384 3262 485 3287 Scilicet
503 3261 645 3288 ordinaria
660 3262 701 3293 (ex
715 3263 810 3295 Beda);
826 3263 851 3288 in
864 3263 919 3294 ipsa
932 3262 1071 3294 respicitur
1085 3264 1152 3289 loen.
1168 3263 1192 3295 1,
1206 3263 1236 3288 3:

282 3305 375 3331 Omnia
402 3313 448 3337 per
472 3306 559 3338 ipsum
586 3307 650 3332 fucta
675 3310 743 3332 sunt.
762 3321 797 3326 —
816 3308 942 3339 Superius
971 3307 1028 3333 Vat.
1054 3306 1237 3342 infidelitatem

281 3349 460 3383 reproborum
479 3350 606 3384 reprobat
624 3351 681 3376 loco
700 3350 892 3378 dubitationem
911 3351 1046 3385 reprobat.

353 3392 364 3408 ⁶
384 3395 458 3420 Vers.
476 3395 500 3420 7.
520 3409 555 3414 —
574 3395 625 3422 cfr.
643 3396 768 3428 Gregor.,
788 3397 803 3421 l.
824 3397 911 3422 Moral.
930 3404 953 3422 c.
975 3397 1018 3422 23.
1041 3403 1066 3421 n.
1087 3396 1131 3422 31.

1369 2508 1378 2523 ⁷
1398 2510 1450 2536 Csr.
1469 2515 1549 2542 supra
1568 2517 1630 2541 pag.
1653 2509 1718 2542 448,
1734 2512 1797 2535 -nota
1817 2509 1842 2535 4.

1370 2553 1380 2568 Β
1400 2555 1467 2580 Vide
1486 2561 1567 2586 supra
1585 2562 1610 2579 n.
1631 2555 1655 2579 1.

1369 2597 1380 2612 ⁹
1400 2599 1475 2624 Vers.
1496 2599 1543 2631 15,
1572 2598 1618 2624 ubi
1644 2599 1755 2630 Vulgata
1775 2598 1833 2624 voci
1853 2598 1970 2632 infantes
1988 2598 2111 2630 praefigit
2129 2599 2166 2630 et,
2185 2597 2259 2631 quod

1298 2644 1376 2669 etiam
1397 2644 1421 2669 S.
1443 2644 1538 2669 Thom.
1567 2643 1632 2676 (Cat.
1660 2649 1738 2668 aurea
1767 2643 1793 2668 in
1822 2644 1883 2669 Luc.
1914 2643 1956 2668 18.
1981 2650 2008 2668 n.
2027 2643 2063 2675 3.)
2083 2645 2109 2668 et
2126 2643 2260 2668 Gor-mnus

1300 2689 1432 2713 omittunt.
1450 2702 1485 2707 —-
1505 2687 1631 2719 Superius
1659 2694 1708 2719 pro
1730 2687 1885 2720 eoeemplum
1903 2694 2065 2721 expressum
2084 2687 2128 2718 (ita
2147 2687 2184 2718 Η,
2203 2686 2226 2712 D
2243 2693 2258 2711 a

1299 2732 1415 2757 secunda
1436 2739 1533 2764 manu;
1554 2732 1616 2757 infra
1636 2739 1662 2757 n.
1682 2731 1724 2757 27.
1743 2738 1837 2757 omnes
1855 2732 1934 2758 codd.
1952 2735 1978 2757 et
1997 2732 2067 2765 Vat.)
2086 2731 2130 2757 alii
2142 2731 2220 2757 codd.
2233 2734 2260 2756 et

1300 2776 1358 2801 Vat.
1377 2775 1531 2809 eoeemplum
1548 2775 1747 2809 parabolicum.

1372 2819 1394 2833 ¹⁰
1414 2819 1489 2845 Vers.
1510 2814 1630 2845 ll.'Vat.
1660 2827 1720 2845 cum
1746 2820 1876 2851 Vulgata:
1902 2819 2066 2846 Pharisaeus
2093 2821 2170 2846 stans
2194 2818 2260 2846 liaeo

1300 2863 1375 2897 apud
1392 2871 1420 2890 se
1439 2863 1536 2890 orabat
1555 2864 1635 2896 (idem
1655 2865 1766 2890 recurrit
1785 2865 1849 2890 infra
1877 2872 1903 2890 n.
1936 2864 1983 2895 l7;
2003 2866 2051 2890 cfr.
2069 2865 2098 2890 Β.
2117 2863 2213 2890 Albert.
2232 2866 2259 2890 et

1302 2908 1326 2933 S.
1347 2908 1454 2940 Thom.,
1473 2907 1528 2934 Cat.
1548 2915 1626 2934 aurea
1647 2909 1671 2933 in
1692 2910 1753 2934 Luc.
1768 2909 1810 2934 18.
1823 2916 1849 2934 n.
1863 2909 1917 2942 2.);
1932 2909 2036 2934 tertium
2051 2908 2162 2934 habetur
2174 2915 2201 2934 v.
2216 2907 2259 2939 ⁴4,

1300 2953 1327 2977 in
1346 2959 1399 2985 quo
1420 2953 1478 2978 Vat.
1499 2960 1560 2978 cum
1580 2953 1691 2985 Vulgata
1711 2953 1806 2979 omittit
1824 2954 1923 2985 Amen,
1943 2953 2017 2986 quod
2029 2956 2117 2979 tamen
2136 2952 2259 2979 exhibent

1300 2998 1425 3029 August.,
1446 2997 1528 3022 Serm.
1550 2997 1609 3022 115.
1629 2997 1703 3029 (alias
1721 2998 1763 3023 36.
1783 2998 1817 3023 de
1836 2997 1931 3023 Verbis
1954 2997 2068 3030 Domini)
2092 3004 2115 3023 c.
2134 2998 2159 3023 2.
2178 3004 2203 3023 n.
2224 2998 2258 3028 25

1300 3041 1377 3067 Card.
1396 3042 1485 3073 Ilugo,
1504 3042 1533 3067 B.
1553 3042 1662 3074 Albert.,
1683 3043 1707 3068 S.
1729 3043 1823 3068 Thom.
1839 3042 1902 3076 (Cat.
1916 3050 1994 3069 aurea
2009 3043 2036 3068 in
2048 3043 2111 3069 Luc.
2126 3043 2168 3068 18.
2180 3049 2208 3068 n.
2221 3042 2257 3076 2.)

1300 3089 1326 3111 et
1344 3086 1470 3117 Lyrauus.

1373 3129 1392 3143 ¹¹
1414 3130 1472 3155 Vat.
1491 3130 1586 3156 omittit
1604 3130 1653 3157 hoc
1671 3130 1794 3157 ordine...
1810 3138 2003 3165 personarum.

1372 3172 1393 3187 ¹²
1414 3175 1487 3200 Vers.
1508 3174 1534 3199 3.
1561 3178 1586 3199 et
1613 3175 1709 3200 deinde
1733 3176 1761 3207 2,
1787 3175 1873 3200 18-20.
1893 3189 1926 3193 —-
1950 3175 2038 3200 Glossa
2059 3173 2257 3201 interlinearis.-

1301 3217 1355 3250 Qui
1371 3217 1400 3243 in
1418 3224 1446 3244 se
1465 3217 1630 3253 confidebant
1649 3220 1781 3252 tanquam
1800 3218 1878 3251 iusti,
1898 3226 1958 3245 cum
1978 3222 2064 3244 tamen
2085 3225 2167 3251 parva
2186 3219 2257 3245 bona

1301 3264 1423 3288 facerent.
1442 3276 1477 3281 ——
1497 3263 1622 3294 Superius
1641 3270 1689 3295 pro
1709 3265 1805 3290 contra
1824 3263 1909 3290 Deum
1926 3262 2068 3297 superbire
2081 3264 2140 3290 Vnt.
2158 3266 2257 3291 contra

1301 3307 1386 3333 Deum
1404 3306 1553 3340 superbiae.

1372 3350 1394 3367 ²¹³
1415 3351 1487 3377 Vers.
1507 3352 1558 3382 28,
1578 3356 1638 3384 post
1655 3358 1734 3384 quem
1754 3353 1801 3378 Ier.
1822 3351 1869 3383 48,
1889 3352 1914 3378 7.
