2427 3872
284 254 348 283 770

576 293 628 319 1οΑ

281 339 420 365 occasione
433 338 540 364 videant
553 337 628 370 signa
648 340 673 363 et
688 337 802 369 correpti
815 336 923 362 credant

280 384 306 409 in
325 390 386 409 eum
406 382 441 408 ib.
461 383 494 407 36
513 397 549 400 -
568 382 638 407 misit
657 382 801 413 discipulos
819 381 854 407 ad
875 382 922 406 Ve-

280 428 398 459 ritatem,
418 430 445 452 ut
464 426 514 458 ipsi
534 426 740 452 certificarentur
762 432 811 457 per
829 425 922 450 verita-

280 475 333 498 tem
358 475 383 497 et
412 471 546 497 certificati
575 470 715 496 redderent
742 470 922 496 testimonium

280 516 384 542 veritati
412 515 475 542 ibid.
504 529 537 534 -
567 515 611 541 dat
641 514 778 546 d'1scipulis
810 515 921 539 formam

282 560 428 594 quaerendi
446 560 500 585 174
520 560 552 585 36

333 619 369 624 -
388 612 439 631 non
453 605 479 630 in
493 612 529 635 se,
543 604 588 630 sed
603 604 629 629 in
643 604 778 635 discipulis
794 602 924 629 dubitavit

282 651 316 676 de
335 650 438 676 Christo
451 649 560 675 Vll1l74
581 648 613 674 37
634 662 669 667 -
688 648 826 680 proposuit
842 647 922 673 verba

284 694 428 721 dubitantis
455 694 489 719 ad
517 693 702 719 certitudinem
733 692 924 724 discipulorum

281 738 346 765 ibid.
367 754 401 757 —
421 745 474 764 non
492 737 624 766 dubitavit
642 737 676 762 de
689 737 776 768 primo
795 737 924 766 adventu,

283 784 317 809 de
335 790 390 816 quo
403 785 490 809 certus
509 785 572 814 erat,
582 782 628 807 sed
643 782 677 807 de
695 781 824 807 descensu
842 781 874 806 ad
889 780 925 805 in-

283 829 352 854 feros
371 826 478 854 ibid.—
497 834 550 852 non
566 826 697 852 dubitavit
715 833 746 851 ex
766 825 925 855 infidelitate,

284 876 329 898 aut
347 872 479 902 tarditate,
493 875 521 897 ut
534 871 667 902 discipuli,
681 870 728 896 sed
743 870 858 903 quadam
874 869 926 901 pie-

284 920 336 942 tate
355 916 416 942 ibid.
435 930 471 935 --
490 916 546 941 eius
566 916 631 941 fides
651 915 698 940 fuit
714 915 854 946 perfectior
874 914 926 939 fide

285 961 475 993 discipulorum
491 960 542 986 175
556 960 589 985 39
603 973 639 978 -
652 966 705 984 non
720 959 846 990 cognovit
856 958 926 984 Chri-

283 1008 353 1031 stum
373 1005 457 1030 solum
482 1005 508 1029 in
533 1004 649 1036 generali
675 1007 734 1028 ante
752 1003 809 1028 eius
828 1002 927 1034 baptis-

281 1057 366 1082 mum,
390 1049 437 1075 sed
461 1049 539 1074 etiam
568 1048 737 1080 personaliter
767 1047 800 1072 Vl
821 1047 867 1072 261
891 1046 921 1072 71

283 1108 318 1113 -
337 1101 388 1119 non
408 1095 491 1119 fuerat
511 1093 651 1118 Dominum
672 1095 778 1117 secutus
802 1098 850 1116 nec
869 1091 926 1116 eius

283 1139 428 1170 discipulus
448 1137 499 1163 394
519 1137 553 1162 57
573 1136 601 1162 2*

336 1196 372 1201 -
391 1184 559 1213 contemptus
578 1181 625 1206 fuit
643 1188 656 1206 a
678 1180 823 1206 Pharisaeis
848 1183 873 1205 et
893 1180 926 1205 le-

284 1227 415 1259 gisperitis
433 1225 647 1258 superbientibus
668 1226 708 1251 Vll
730 1225 780 1250 180
794 1225 829 1250 55
843 1239 876 1243 -
891 1225 926 1249 lu-

283 1272 342 1297 daei
362 1271 426 1296 certi
444 1274 519 1303 sunt,
540 1272 662 1295 loannem
683 1270 840 1302 prophetam
860 1276 926 1300 csse,

286 1320 394 1349 propter
412 1315 636 1341 evidentissimam
656 1314 819 1340 sanctitatem
839 1314 891 1339 502
910 1313 926 1338 7

285 1376 319 1379 ——
330 1361 437 1386 Notatur
447 1360 503 1386 eius
515 1360 652 1392 prudentia
663 1366 724 1384 cum
735 1358 883 1391 publicanis
892 1358 925 1383 76

286 1407 319 1432 29
330 1421 367 1425 ——
380 1405 587 1431 Commendatur
599 1404 656 1430 eius
673 1404 755 1429 virtus
768 1410 829 1428 cum
844 1403 928 1428 militi-

288 1451 338 1476 bus
350 1451 383 1475 77
399 1451 427 1475 31
443 1464 478 1468 -
489 1449 696 1475 Commendatur
707 1449 763 1474 eius
773 1448 912 1480 prudentia
921 1467 928 1478 ,

290 1495 434 1521 innocentia
456 1497 481 1520 et
500 1494 622 1526 patientia
642 1493 676 1518 75
696 1494 730 1518 22
743 1507 777 1512 -
792 1492 930 1518 Commen-

287 1540 364 1566 datur
382 1540 439 1565 eius
455 1539 579 1571 patientia
593 1539 620 1563 81
646 1537 678 1563 44

341 1598 376 1603 -
400 1578 448 1609 fuit
475 1590 589 1615 magnus
617 1590 665 1615 per
693 1582 762 1607 vitae
790 1582 927 1612 meritum,

288 1629 372 1654 maior
392 1635 439 1660 per
467 1628 602 1655 doctrinae
627 1627 823 1658 magisterium,
851 1626 929 1651 maxi-

290 1680 349 1699 mus
363 1680 409 1705 per
422 1673 522 1704 gratiae
541 1672 710 1704 privilegium
726 1671 766 1696 Vll
783 1670 833 1695 179
847 1670 880 1695 52
894 1683 929 1688 -

289 1725 341 1742 non
366 1716 461 1742 dicitur
490 1716 573 1742 maior
592 1715 733 1745 omnibus,
754 1718 782 1740 ut
805 1714 930 1739 omnibus

290 1763 462 1793 praeferatur,
475 1761 522 1786 sed
536 1760 607 1793 quod
619 1760 685 1785 alius
698 1766 748 1784 non
761 1759 837 1784 fuerit
848 1758 931 1783 maior

291 1813 336 1836 eo;
357 1812 405 1831 nec
424 1805 458 1831 de
477 1804 602 1830 omnibus
621 1804 802 1829 universaliter
821 1802 883 1829 ibid.
898 1816 931 1820 —-

291 1857 343 1875 non
357 1850 450 1876 dicitur
463 1850 548 1874 maior
558 1851 679 1880 respectu
694 1848 830 1880 utriusque
841 1854 931 1877 sexus,

290 1895 337 1920 sed
350 1898 450 1919 tantum
474 1894 557 1919 virilis
575 1892 636 1919 ibid.
652 1907 685 1910 —
698 1892 861 1917 existimatur
874 1898 931 1916 csse

290 1939 424 1970 Christus,
444 1945 504 1964 cum
524 1938 556 1963 sit
576 1938 632 1963 eius
652 1937 768 1962 minister
786 1936 820 1961 78
841 1936 875 1961 35
896 1950 931 1954 ——

290 1984 371 2009 noluit
391 1983 477 2015 putari
494 1982 612 2009 Christus
625 1982 657 2007 Vl
672 1981 723 2007 256
745 1981 777 2006 46
790 1994 826 2000 -
839 1982 931 2012 negat,

291 2035 319 2054 se
339 2035 396 2053 esse
415 2027 546 2053 Christum
566 2026 609 2052 Vll
628 2026 662 2051 78
683 2026 716 2051 36
729 2039 765 2044 -
783 2032 837 2051 non
856 2031 932 2050 usur-

291 2076 336 2104 pat
355 2072 466 2104 gloriam
486 2071 588 2097 Christo
602 2070 718 2096 debitam
738 2069 773 2096 ib.
790 2070 824 2095 35

344 2131 379 2134 —
398 2116 461 2141 Mira
480 2116 537 2141 eius
551 2115 697 2147 humilitas,
716 2117 759 2145 ut,
779 2121 839 2139 cum
856 2120 932 2146 repu-

292 2164 359 2187 tetur
378 2168 392 2186 a
413 2161 466 2186 Deo
486 2160 629 2190 maximus,
648 2160 705 2191 ipse
718 2161 821 2191 reputet
840 2165 867 2184 se
886 2158 932 2183 mi-

291 2206 392 2231 nimum
419 2205 463 2230 Vll
488 2204 522 2230 79
549 2205 581 2229 38
601 2219 636 2222 —-
656 2204 789 2229 humiliter
807 2202 857 2228 sibi
880 2210 933 2228 non

292 2249 409 2275 attribuit
431 2249 600 2281 dignitatem,
620 2248 665 2274 sed
691 2248 807 2274 officium
827 2247 861 2272 Vl
881 2246 933 2272 257

293 2294 326 2320 49
345 2308 381 2313 -
399 2294 486 2319 missis
499 2300 512 2318 a
533 2293 635 2318 ludaeis
652 2293 685 2318 ad
705 2299 766 2318 eum
785 2294 934 2318 constanter

293 2340 428 2365 confessus
442 2342 481 2364 est
499 2338 636 2363 veritatem
651 2337 684 2363 de
703 2344 732 2362 se
749 2337 806 2368 ipso
820 2336 871 2361 256
886 2335 933 2367 45,

294 2383 326 2408 46
345 2397 380 2401 -
400 2390 414 2408 a
434 2382 555 2415 pluribus
580 2381 767 2407 aestimabatur
787 2387 845 2406 esse
864 2380 934 2406 Chri-

292 2431 361 2458 stus,
375 2427 422 2452 sed
436 2426 635 2452 discernebatur
649 2426 672 2450 in
685 2425 871 2450 miraculorum
885 2424 935 2449 vir-

295 2475 349 2497 tute
368 2472 419 2496 394
440 2471 473 2496 57
493 2485 528 2489 —
547 2471 648 2496 nullum
662 2470 767 2501 signum
789 2469 861 2501 fecit⁷
880 2476 934 2502 quo

295 2516 452 2545 ostenderet,
480 2522 508 2540 se
537 2521 594 2540 esse
613 2514 744 2539 Christum
775 2514 825 2538 393
847 2514 880 2539 52
901 2527 935 2532 -

294 2564 364 2585 recte
382 2566 411 2585 se
430 2559 493 2584 dixit
511 2559 650 2589 indignum
671 2559 772 2583 solvere
792 2558 935 2589 corrigiam

294 2604 462 2629 calceamenti
481 2602 586 2634 Christi,
606 2607 661 2628 tum
676 2609 751 2634 vere,
770 2606 825 2627 tum
843 2603 936 2634 allego-

295 2649 348 2673 rice
368 2648 418 2673 258
440 2648 472 2672 56
493 2662 527 2665 -
547 2646 679 2678 gaudebat
692 2648 725 2672 de
744 2642 842 2672 Christi*
858 2647 937 2672 excel-

296 2693 372 2718 lentia
393 2695 516 2724 tanquam
536 2692 651 2723 amicus⁷
665 2698 718 2716 non
739 2690 843 2716 dolebat
859 2694 886 2716 ut
899 2691 937 2716 in-

299 2737 377 2762 vidus
396 2735 447 2761 287
468 2736 510 2761 52.
530 2736 580 2761 288
602 2736 635 2760 60

350 2794 386 2799 -
404 2779 610 2806 Commendatur
635 2780 691 2805 eius
710 2779 833 2804 meritum
857 2785 937 2811 quan-

299 2828 353 2850 tum
374 2824 407 2849 ad
421 2824 592 2849 constantiam
606 2825 726 2855 respectu
747 2823 892 2848 difficilium
912 2825 938 2847 et

297 2868 478 2894 abstinentiam
493 2871 611 2900 respectu
627 2866 818 2893 delectabilium
829 2867 872 2892 Vll
887 2866 937 2892 177

299 2913 331 2938 47
352 2927 385 2931 —
405 2912 525 2938 laudatur
544 2919 559 2937 a
578 2911 680 2938 Christo
693 2914 801 2943 propter
820 2914 938 2937 constan-

299 2957 360 2982 tiam
380 2956 415 2983 ib.
437 2956 469 2981 48
489 2970 525 2975 -
545 2957 591 2982 fuit
611 2956 682 2981 fortis
707 2959 732 2981 et
751 2956 817 2981 fixus
841 2956 866 2981 in
887 2955 939 2981 fide

298 3004 323 3026 et
342 3001 368 3026 in
387 3001 459 3026 omni
480 2999 594 3026 bonitate
613 2999 675 3026 ibid.

350 3058 386 3064 —·
405 3046 453 3070 Per
467 3045 661 3077 inspirationem
678 3051 820 3076 supernam
841 3045 938 3070 factum

301 3093 340 3115 est
353 3089 466 3115 verbum
480 3089 583 3115 Domini
596 3096 676 3120 super
689 3096 750 3114 eum
762 3089 803 3114 Vll
823 3089 852 3114 71
876 3089 892 3113 7
905 3102 940 3108 -

300 3133 443 3165 baptizavit
464 3133 543 3165 longo
566 3136 694 3165 tempore,
707 3136 848 3166 postquam
867 3132 939 3158 Chri-

299 3181 355 3203 stus
369 3178 455 3209 primo
475 3178 582 3203 advenit
595 3177 620 3202 in
639 3177 779 3203 Galilaeam
793 3177 825 3203 Vl
841 3177 891 3202 267
906 3178 940 3202 99

301 3236 334 3240 -
360 3221 474 3254 baptizat
498 3222 611 3247 exterius
636 3222 688 3247 260
713 3222 748 3247 65
767 3236 802 3240 -
821 3222 877 3247 eius
896 3220 942 3246 ba-

301 3266 413 3298 ptismus
438 3265 601 3298 approbatus
620 3266 667 3291 fuit
685 3273 699 3291 a
719 3265 821 3291 Christo
842 3266 883 3291 Vll
908 3267 941 3291 82

302 3309 334 3334 49
354 3324 389 3329 -
408 3317 456 3336 suo
476 3310 607 3341 baptismo
627 3309 783 3335 informabat
803 3310 835 3335 ad
856 3310 943 3341 poeni-

301 3354 422 3385 tentiam,
435 3353 481 3380 sed
496 3360 546 3379 non
567 3353 677 3379 faciebat
689 3354 870 3379 remissionem
886 3360 942 3386 pec-

302 3401 420 3423 catorum
439 3398 473 3423 72
494 3398 509 3422 9
528 3411 564 3417 —-
582 3405 631 3423 suo
651 3397 783 3433 baptismo
802 3404 943 3430 praepara-

1148 247 1262 280 lNDEX
1289 247 1417 279 RERUM

960 335 1006 362 bat
1031 336 1064 362 ad
1090 335 1252 368 baptismum
1281 336 1337 361 lesu
1363 334 1458 361 Christi
1483 334 1546 361 ibid.
1571 349 1605 352 ——-

960 381 1016 406 elus
1036 379 1184 412 baptismus
1203 380 1250 405 fuit
1276 380 1382 411 signum
1411 378 1606 404 sacramentalis

960 425 1107 450 medicinae
1120 423 1184 450 ibid.
1202 439 1237 442 —
1256 423 1406 455 baptizabat
1419 418 1445 448 in
1458 423 1517 448 loco
1536 429 1605 448 com-

961 469 1050 500 muni,
1070 468 1114 495 ubi
1141 468 1214 494 multi
1234 466 1427 494 concurrebant
1446 467 1479 493 Vl
1499 467 1550 493 258
1570 466 1604 492 57

1014 526 1050 532 -
1069 513 1130 546 quia
1150 513 1223 538 venit
1250 519 1311 538 cum
1340 512 1491 538 austeritate
1516 511 1605 543 poeni-

961 557 1071 589 tentiae,
1091 557 1150 582 ideo
1170 557 1242 582 venit
1260 556 1328 582 sicut
1353 556 1498 582 lamentans
1517 559 1543 580 et
1562 562 1604 586 ge-

963 608 1040 627 mens
1068 605 1176 633 propter
1195 601 1304 626 salutem
1325 600 1415 632 populi
1435 600 1478 626 Vll
1500 600 1545 624 181
1571 600 1604 624 59

962 660 997 665 -
1018 647 1045 671 ln
1064 645 1141 672 beato
1161 646 1256 671 loanne
1274 652 1336 671 cum
1356 645 1437 670 multa
1457 643 1603 669 innocentia

963 693 1019 716 erat
1038 697 1134 722 magna
1157 689 1314 715 abstinentia
1344 689 1377 714 16
1404 689 1437 714 24
1457 702 1492 708 --
1512 688 1536 713 in
1562 688 1605 713 de-

962 737 1032 760 serto
1052 733 1166 760 ducebat
1184 734 1266 759 vitam
1286 733 1437 764 religiosam
1458 732 1491 758 43
1506 732 1556 757 144
1570 746 1605 750 --

963 780 989 804 ln
1009 785 1041 804 eo
1061 779 1108 804 fuit
1127 785 1224 810 magna
1243 778 1381 803 austeritas
1396 784 1457 803 cum
1471 776 1605 802 sanctitate

963 823 1033 849 vitae
1058 827 1084 849 et
1109 822 1258 848 innocentia
1278 822 1311 847 16
1331 821 1364 847 24
1384 836 1419 840 -—
1438 821 1606 846 commenda-

963 871 1005 893 tur
1024 867 1049 893 in
1068 868 1122 892 vita
1141 870 1270 900 quantum
1291 866 1324 892 ad
1344 866 1507 891 existentiam
1527 865 1606 890 virtu-

964 912 996 937 tis
1016 915 1041 937 et
1060 912 1094 937 ad
1113 911 1273 937 evidentiam
1293 910 1436 935 sanctitatis
1455 909 1490 936 ib.
1510 910 1552 940 23,
1572 908 1605 935 24

963 970 999 975 -
1019 955 1110 982 habuit
1128 956 1251 987 spiritum
1270 954 1483 980 sanctificationis
1502 954 1553 979 226
1572 954 1605 978 32

963 1015 999 1018 -
1019 1000 1066 1026 fuit
1084 1000 1267 1025 sanctissimus
1291 998 1341 1024 177
1363 999 1395 1024 48
1414 1013 1450 1016 -
1469 998 1531 1031 qula
1551 1004 1607 1023 san-

965 1045 1110 1075 ctissimus,
1124 1044 1158 1069 ab
1171 1044 1243 1069 omni
1263 1043 1370 1069 mollitie
1389 1042 1548 1068 carnalitatis
1561 1042 1608 1068 fuit

965 1090 1066 1115 alienus
1086 1089 1136 1114 178
1158 1089 1191 1114 49
1212 1102 1246 1106 --
1264 1091 1320 1113 erat
1338 1087 1372 1113 de
1397 1092 1510 1113 numero
1538 1086 1608 1112 viro-

965 1141 1023 1159 rum
1043 1133 1259 1164 evangelicorum
1289 1135 1418 1165 quantum
1443 1132 1477 1157 ad
1497 1138 1608 1163 pauper-

965 1180 1043 1204 tatem
1063 1177 1126 1204 ibid.

1017 1236 1053 1241 —
1072 1222 1213 1254 minuitur,
1233 1224 1370 1253 amputato
1398 1221 1484 1252 capite
1503 1220 1535 1246 Vl
1556 1220 1607 1245 287

965 1267 998 1293 53
1017 1281 1052 1285 ——
1072 1267 1181 1292 Minutio
1199 1266 1303 1292 loannis
1317 1266 1475 1298 proponitur
1493 1264 1570 1290 nobis
1583 1264 1607 1289 in

965 1313 1116 1344 exemplum
1137 1311 1291 1337 humilitatis
1310 1310 1361 1336 553
1384 1311 1393 1335 1

1018 1370 1054 1376 -
1072 1354 1246 1389 Evangelista
1264 1356 1342 1387 virgo
1355 1362 1370 1380 a
1391 1355 1502 1380 Domino
1515 1354 1550 1380 de
1563 1361 1609 1379 nu-

965 1402 1026 1434 ptiis
1054 1405 1093 1427 est
1112 1404 1238 1431 vocatus,
1257 1403 1283 1426 et
1302 1400 1445 1431 virginitati
1465 1399 1523 1424 eius
1542 1398 1609 1424 testi-

966 1446 1083 1472 monium
1103 1445 1225 1478 perhibet
1237 1445 1333 1471 Christi
1350 1444 1485 1470 familiaris
1504 1443 1609 1480 dilectio

965 1494 991 1516 et
1009 1491 1096 1516 Matris
1116 1490 1268 1516 commissio
1297 1489 1329 1515 Vl
1360 1489 1411 1514 245
1431 1496 1445 1513 a
1466 1502 1500 1506 -—
1519 1494 1609 1513 amore

966 1536 1011 1561 Dei
1030 1535 1136 1568 reliquit
1164 1537 1265 1567 patrem
1295 1536 1321 1559 et
1350 1536 1460 1559 matrem
1485 1536 1511 1558 et
1530 1532 1609 1558 etiam

965 1587 1090 1612 sponsam
1111 1579 1162 1605 240
1183 1580 1198 1604 3
1213 1593 1246 1597 -
1259 1581 1315 1604 erat
1332 1585 1446 1610 sponsus
1466 1578 1492 1602 in
1511 1577 1610 1608 nuptiis

966 1625 1069 1650 Canaan
1088 1624 1139 1649 272
1161 1623 1194 1649 15
1213 1638 1248 1641 -
1267 1630 1318 1648 non
1338 1623 1471 1648 consensit
1490 1622 1515 1647 in
1530 1628 1611 1653 copu-

966 1669 1018 1694 lam
1038 1668 1169 1693 carnalem
1189 1666 1317 1698 absolute,
1336 1667 1377 1692 vel
1397 1667 1465 1691 licite
1478 1666 1610 1691 consensit

966 1712 1030 1739 ibid.
1056 1727 1090 1731 —-
1116 1712 1193 1743 virgo
1210 1711 1369 1744 permansit,
1388 1711 1435 1736 etsi
1456 1717 1531 1736 mens
1551 1717 1610 1735 con-

967 1758 1075 1783 sentiret
1093 1756 1156 1783 ibid.

1021 1815 1056 1821 —-
1075 1804 1113 1827 est
1132 1800 1291 1832 discipulus,
1304 1806 1384 1832 quem
1399 1797 1527 1830 diligebat
1540 1799 1610 1824 lesus

969 1846 1002 1871 Vl
1016 1845 1068 1871 240
1088 1847 1103 1871 2
1125 1859 1158 1863 --
1177 1848 1233 1870 erat
1252 1845 1338 1875 magis
1357 1844 1467 1869 dilectus
1493 1843 1536 1868 Vll
1558 1842 1610 1867 543

969 1890 997 1915 11
1023 1904 1057 1908 -
1076 1892 1132 1915 erat
1149 1889 1298 1921 specialiter
1325 1888 1436 1914 dilectus
1464 1895 1479 1913 a
1498 1887 1611 1913 Domino

970 1935 1002 1960 vt
1023 1934 1074 1959 499
1095 1933 1128 1959 44
1148 1949 1183 1952 —
1202 1932 1321 1959 Christus
1350 1933 1477 1958 maiorem
1507 1931 1612 1957 familia-

968 1979 1071 2005 ritatem
1101 1977 1242 2004 exhibebat
1269 1978 1372 2008 loanni,
1401 1977 1463 2010 quia
1494 1976 1611 2007 iuvenis,

969 2024 1047 2055 virgo
1069 2027 1095 2049 et
1123 2023 1248 2048 innocens
1273 2022 1325 2048 529
1345 2022 1378 2048 52
1398 2035 1434 2041 -
1452 2021 1613 2047 revelatione

970 2069 1010 2094 vel
1031 2068 1108 2094 certis
1127 2067 1210 2099 signis
1229 2070 1353 2099 noverat,
1366 2073 1394 2092 se
1408 2066 1491 2092 amari
1512 2066 1563 2091 528
1578 2066 1607 2091 51

969 2127 1004 2132 -
1019 2113 1104 2145 magis
1117 2111 1277 2144 diligebatur
1296 2115 1322 2137 et
1340 2111 1438 2137 felicior
1454 2113 1509 2136 erat
1529 2109 1563 2136 ib.
1583 2109 1612 2136 2·

970 2172 1005 2177 —
1018 2158 1105 2189 magis
1118 2156 1277 2189 diligebatur
1295 2159 1424 2189 quantum
1438 2155 1472 2181 ad
1485 2155 1612 2181 maiorem

970 2201 1157 2228 exhibitionem
1177 2201 1315 2233 signorum
1335 2200 1481 2226 dilectionis
1500 2198 1563 2226 ibid.

1024 2260 1060 2265 —
1080 2246 1128 2272 fuit
1146 2246 1213 2271 inter
1232 2245 1372 2277 Apostolos
1391 2244 1531 2270 familiares
1543 2243 1614 2270 Chri-

971 2290 1003 2316 sti
1022 2291 1066 2316 Vll
1086 2289 1137 2316 524
1159 2290 1191 2315 12
1207 2289 1473 2315 —familiarissimus
1492 2291 1548 2314 erat
1566 2288 1615 2313 Do-

972 2335 1044 2361 mino
1064 2335 1131 2360 inter
1151 2334 1216 2360 alios
1235 2337 1344 2366 propter
1362 2334 1461 2359 amoris
1475 2340 1615 2365 praeroga-

972 2380 1053 2405 tivam
1074 2380 1107 2405 Vl
1128 2379 1179 2404 429
1199 2379 1232 2404 30
1247 2392 1282 2397 -
1295 2377 1417 2404 recubuit
1428 2384 1509 2409 supra
1522 2380 1616 2409 pectus

972 2425 1028 2450 lesu
1050 2427 1078 2450 ut
1096 2424 1207 2450 dilectus
1226 2426 1252 2449 et
1265 2423 1398 2454 familiaris
1410 2426 1436 2448 et
1449 2422 1616 2454 propinquus

974 2469 1024 2494 430
1045 2469 1078 2494 32
1097 2483 1133 2487 -
1152 2468 1275 2494 recubuit
1294 2468 1319 2493 in
1340 2470 1446 2500 pectore
1475 2466 1569 2493 Christi
1590 2467 1615 2491 in

973 2514 1148 2546 praecipuum
1168 2513 1274 2544 signum
1295 2512 1442 2538 dilectionis
1461 2511 1513 2537 527
1528 2511 1561 2536 44
1580 2524 1616 2530 —-

973 2559 1021 2583 Per
1041 2559 1164 2584 loannem
1186 2558 1212 2582 in
1231 2557 1290 2582 sinu
1311 2557 1367 2582 lesu
1386 2556 1561 2582 dormientem
1583 2555 1616 2581 in-

974 2603 1125 2634 telliguntur
1144 2601 1279 2628 devotioni
1299 2601 1447 2626 insistentes
1466 2601 1513 2626 601
1537 2607 1563 2625 ν.
1582 2601 1616 2626 23

974 2661 1009 2666 -
1028 2654 1109 2678 supra
1129 2649 1222 2678 pectus
1248 2647 1303 2672 lesu
1323 2645 1459 2676 recubuit,
1479 2647 1507 2669 ut
1532 2651 1617 2669 secre-

975 2694 1030 2716 tum
1051 2691 1154 2716 audiret
1174 2690 1225 2715 430
1244 2691 1278 2716 32
1297 2704 1333 2708 —-
1352 2688 1525 2715 recumbebat
1537 2695 1618 2720 super

975 2738 1067 2767 pectus
1087 2734 1191 2760 Domini
1204 2737 1304 2759 secrete
1324 2737 1349 2758 et
1367 2736 1470 2765 poterat
1488 2738 1617 2765 quaerere

976 2778 1022 2804 431
1048 2778 1076 2803 41
1102 2779 1130 2804 2*
1149 2792 1184 2797 -
1204 2781 1232 2803 ut
1260 2777 1394 2803 familiaris
1423 2777 1534 2802 idoneus
1562 2780 1617 2801 crat

976 2822 1114 2855 inquisitor
1135 2822 1185 2847 429
1206 2822 1250 2847 29.
1271 2821 1321 2847 430
1342 2822 1375 2846 30

1029 2880 1064 2886 —-
1085 2867 1131 2892 fuit
1159 2865 1355 2891 amantissimus
1380 2865 1483 2890 Domini
1503 2865 1546 2890 Vll
1567 2865 1618 2890 590

977 2910 1010 2935 13
1030 2924 1065 2929 -
1084 2910 1131 2935 fuit
1150 2909 1311 2941 praecipuus
1336 2912 1436 2934 amator
1465 2908 1569 2933 Domini
1595 2911 1620 2933 et

977 2954 1083 2980 honoris
1101 2954 1158 2979 eius
1177 2954 1323 2979 aemulator
1342 2952 1394 2978 245
1414 2952 1442 2977 91
1462 2966 1495 2970 -
1508 2951 1620 2983 diligens

978 2999 1064 3024 statim
1084 2998 1210 3030 cognovit
1229 2999 1314 3023 lesum
1336 2997 1368 3022 Vl
1388 2996 1439 3022 527
1461 2996 1493 3021 44

1031 3058 1066 3061 -
1085 3046 1140 3068 erat
1160 3043 1226 3068 inter
1244 3042 1384 3074 Apostolos
1413 3041 1498 3073 magis
1526 3041 1620 3072 princi-

978 3088 1051 3120 pales
1070 3087 1114 3113 Vll
1134 3086 1185 3113 543
1207 3087 1235 3112 11
1259 3100 1295 3105 -
1314 3086 1370 3111 vult
1388 3085 1457 3111 scire
1475 3092 1490 3110 a
1509 3084 1620 3117 Christo,

978 3135 1066 3161 utrum
1086 3132 1276 3158 documentum
1305 3129 1457 3156 humilitatis
1482 3130 1560 3155 etiam
1586 3130 1619 3155 ad

978 3179 1115 3202 extraneos
1133 3183 1161 3202 se
1180 3175 1304 3201 extendat
1329 3174 1381 3199 245
1408 3174 1441 3199 90
1460 3187 1496 3193 —·
1514 3173 1620 3200 volebat

979 3220 1119 3246 excludere
1137 3227 1152 3246 a
1172 3219 1366 3252 praedicatione
1395 3218 1507 3243 nominis
1526 3217 1620 3244 Christi

980 3265 1025 3298 qui
1036 3265 1178 3290 Dominum
1189 3271 1242 3290 non
1255 3262 1380 3289 amabant
1393 3261 1427 3288 ib.
1440 3263 1469 3287 91
1487 3276 1523 3282 -
1535 3263 1621 3289 exclu—

980 3309 1097 3335 dendum
1118 3311 1192 3341 putat
1210 3315 1225 3333 a
1246 3307 1374 3333 beneflcio
1398 3307 1443 3339 qui
1463 3313 1515 3333 non
1534 3310 1622 3333 utatur

981 3353 1110 3386 obsequio
1124 3351 1186 3379 ibid.
1202 3366 1238 3371 —
1249 3354 1276 3377 et
1289 3350 1399 3376 lacobus
1417 3351 1547 3383 indignati
1561 3355 1622 3377 sunt

981 3400 1086 3423 contra'
1101 3396 1277 3422 samaritanos
1305 3398 1330 3421 et
1348 3394 1471 3421 volebant
1490 3402 1536 3421 eos
1562 3402 1622 3427 per-

1935 290 1990 317 1οΑ

1644 334 1707 360 dere
1735 335 1769 360 de
1791 337 1859 360 terra
1879 334 1930 360 247
1950 335 1983 360 98
2002 349 2038 354 -
2056 339 2082 361 et
2100 335 2210 362 lacobus
2229 337 2284 362 fue-

1643 382 1703 404 runt
1722 379 1812 411 magni
1831 380 1956 405 zelatores
1976 380 2083 405 honoris
2102 380 2205 406 Domini
2222 379 2285 406 ibid.

1643 437 1678 442 —
1697 426 1721 449 et
1742 423 1852 449 lacobus
1872 424 1997 449 ultionem
2018 425 2103 449 facere
2116 424 2239 450 volebant
2251 425 2285 450 de

1644 467 1812 493 Samaritanis
1839 469 1960 500 exemplo
1982 468 2052 494 Eliae
2071 467 2134 494 ibid.
2154 483 2187 487 —
2206 471 2231 494 et
2250 469 2284 494 la-

1642 512 1727 538 cobus
1745 512 1897 545 credebant,
1918 519 1947 538 se
1975 513 2078 538 moveri
2097 520 2112 538 a
2131 513 2224 544 spiritu
2243 520 2285 538 re-

1643 556 1791 587 ctitudinis,
1816 559 1841 582 et
1867 556 2044 582 movebantur
2062 557 2116 582 zelo
2134 557 2285 583 amaritudi-

1644 601 1683 627 nis
1703 600 1754 626 248
1774 601 1807 626 99
1835 600 1896 627 Vide
1913 608 1939 627 v.
1957 600 2080 628 lacobus.

1696 660 1731 663 —
1750 652 1765 670 a
1784 645 1839 671 Deo
1858 646 1956 671 electus
1975 648 2000 671 et
2024 646 2187 678 praeelectus
2205 649 2231 671 et
2249 646 2286 672 di-

1642 690 1724 716 lectus
1743 693 1768 716 et
1787 690 1895 722 speciali
1924 697 2033 716 munere
2062 690 2163 722 gratiae
2188 690 2285 716 ditatus

1643 735 1690 760 fuit
1710 735 1741 760 Vl
1761 734 1812 760 240
1833 736 1848 760 2
1868 749 1902 753 -
1922 735 1970 760 fuit
1990 735 2168 766 multipliciter
2186 735 2284 760 ditatus

1643 780 1713 805 dono
1732 779 1917 810 intelligentiae
1934 777 1971 805 ib.
1985 779 2000 804 3
2021 793 2055 797 —
2075 779 2188 810 Spiritus
2203 779 2285 804 sancti

1644 823 1767 849 unctione
1785 823 1909 849 intellexit
1927 823 2014 854 utilia,
2042 823 2161 855 angelica
2189 824 2287 849 revela-

1645 868 1715 894 tione
1725 867 1887 898 abscondita,
1897 867 1991 894 Christi
2004 868 2151 893 eruditione
2164 867 2287 893 sublimia

1644 910 1707 937 ibid.
1725 926 1760 929 ——
1780 911 1898 937 Christus
1917 911 2023 937 beatum
2044 913 2168 938 loannem
2188 911 2286 944 specia-

1644 956 1701 981 liter
1720 956 1835 981 erudivit
1853 959 1879 981 et
1892 956 2036 987 intelligere
2049 957 2108 982 fecit
2120 955 2185 982 ibid.
2196 969 2232 975 —
2250 956 2283 982 ad

1645 1006 1778 1025 summam
1803 1006 1867 1032 prae
1887 999 2011 1026 omnibus
2030 1000 2177 1026 Divinitatis
2196 1000 2287 1031 cogni-

1646 1044 1742 1069 tionem
1763 1044 1879 1070 ascendit
1898 1043 1960 1070 ibid.

1699 1102 1735 1106 —
1753 1088 1793 1114 Ad
1812 1088 1929 1114 officium
1956 1088 2157 1120 praedicationis
2184 1095 2290 1120 praeor-

1646 1133 1746 1158 dinatio
1766 1135 1870 1158 aeterna
1890 1135 1916 1158 et
1932 1132 2010 1158 oflicii
2023 1132 2175 1158 commissio
2188 1133 2221 1159 Vl
2236 1133 2287 1158 239

1648 1178 1662 1202 2
1681 1191 1717 1196 -
1735 1177 1851 1209 suscepit
1869 1177 1984 1202 officium
2004 1177 2207 1209 praedicationis
2232 1183 2285 1202 non

1647 1222 1680 1247 ad
1709 1222 1819 1253 gloriam
1847 1229 1940 1252 suam,
1968 1221 2014 1247 sed
2043 1222 2077 1247 ad
2110 1221 2229 1247 divinam
2260 1225 2289 1247 ut

1647 1273 1741 1292 servus
1760 1266 1811 1292 240
1832 1268 1847 1292 2
1868 1280 1903 1285 -
1921 1266 2030 1292 Ratione
2060 1266 2167 1298 triplicis
2194 1266 2289 1292 intelli-

1647 1310 1751 1342 gentiae
1770 1310 1927 1336 sublimatus
1947 1311 1994 1336 fuit
2011 1310 2045 1336 ad
2069 1310 2223 1342 dignitatem
2242 1310 2289 1336 do-

1647 1355 1744 1381 ctrinae
1772 1357 1901 1388 quantum
1930 1355 1964 1381 ad
1992 1355 2144 1380 cathedram
2168 1355 2289 1387 apostoli-

1647 1407 1720 1431 cam,
1740 1399 1962 1425 denuntiationem
1976 1400 2173 1432 propheticam,
2193 1400 2290 1425 doetri-

1648 1451 1709 1470 nam
1729 1444 1908 1475 evangelicam
1928 1443 1962 1470 ib.
1982 1444 1997 1469 4
2312 1471 2319 1472 7

1702 1503 1737 1506 —
1757 1488 1957 1514 commendatur
1977 1495 1991 1513 a
2010 1488 2146 1514 sanctitate
2165 1488 2248 1519 vitae,
2274 1495 2289 1513 a

1648 1533 1763 1559 claritate
1783 1533 1981 1565 intelligentiae,
2009 1532 2043 1558 ab
2071 1533 2220 1559 excellentia
2245 1533 2290 1558 do-

1648 1578 1747 1604 ctrinae
1775 1577 1808 1603 Vl
1838 1578 1889 1603 239
1914 1578 1923 1602 1
1948 1591 1983 1596 -
2001 1577 2096 1603 dicitur
2124 1584 2218 1602 servus
2244 1577 2291 1602 Dei

1648 1623 1748 1648 ratione
1767 1621 1903 1654 obsequii,
1922 1622 2023 1647 ratione
2052 1621 2131 1647 officii
2154 1621 2291 1653 praedica-

1648 1667 1741 1696 tionis,
1761 1666 1860 1691 ratione
1880 1665 2001 1691 beneficii
2026 1666 2147 1697 specialis
2166 1664 2199 1691 ib.
2220 1666 2235 1690 2
2254 1679 2291 1684 -

1649 1710 1737 1736 multis
1756 1710 1887 1735 miraculis
1906 1711 1994 1735 floruit
2013 1710 2065 1735 245
2085 1709 2102 1734 b

1702 1768 1738 1773 —
1757 1757 1796 1779 est
1815 1754 1900 1785 figura
1920 1753 2186 1785 contemplativorum
2215 1757 2241 1778 et
2265 1753 2291 1778 in

1649 1805 1680 1823 eo
1701 1798 1872 1829 designantur
1892 1798 2009 1829 virgines
2030 1797 2072 1822 vu
2094 1798 2145 1822 230
2166 1797 2292 1822 45-51-

1650 1842 1757 1874 gnificat
1775 1842 1857 1867 vitam
1877 1841 2110 1873 contemplativam
2132 1841 2164 1866 Vl
2184 1842 2235 1867 528
2257 1841 2285 1867 51

1650 1886 1679 1912 2*
1697 1900 1733 1905 -
1752 1887 1800 1912 Per
1820 1887 1941 1912 loannem
1961 1886 2075 1918 populus
2088 1885 2209 1911 iudaicus
2228 1885 2294 1911 (lesi-

1650 1933 1745 1963 gnatur
1765 1931 1816 1956 507
1838 1931 1870 1956 16

1703 1990 1738 1993 -
1757 1982 1819 2001 cum
1839 1975 1935 2001 fiducia
1956 1974 2009 2001 ibat
2027 1975 2054 2000 in
2073 1975 2169 2000 atrium
2188 1974 2294 2007 pontifi-

1651 2020 1689 2046 cis
1707 2023 1733 2045 et
1752 2020 1858 2045 Petrum
1877 2026 1909 2045 eo
1928 2019 2071 2045 introduxit
2090 2019 2122 2044 Vl
2143 2018 2193 2044 482
2211 2019 2244 2044 29
2257 2032 2292 2038 -

1651 2064 1737 2091 stabat
1755 2065 1825 2090 iuxta
1839 2070 1944 2090 crucem
1958 2066 1984 2089 et
1996 2070 2050 2089 non
2062 2063 2170 2089 recessit
2189 2063 2239 2089 498
2260 2063 2293 2089 38

1650 2123 1687 2128 -
1705 2108 1745 2135 Ob
1759 2109 1910 2134 fidelitatem
1925 2108 2053 2134 Dominus
2066 2108 2090 2133 ei
2103 2108 2236 2134 commisit
2252 2114 2296 2134 cu-

1651 2154 1765 2180 stodiam
1776 2153 1863 2179 Matris
1873 2160 1936 2179 suae
1947 2153 1997 2178 239
2007 2154 2022 2178 2
2032 2166 2068 2172 -
2077 2153 2291 2184 recepitMatrem

1652 2198 1748 2225 Christi
1767 2201 1875 2230 propter
1894 2197 2072 2229 virginitatem
2094 2197 2144 2223 499
2162 2197 2195 2223 44
2209 2211 2244 2216 -
2257 2204 2294 2222 re-

1652 2243 1722 2275 cepit
1732 2243 1839 2268 Matrem
1851 2242 1946 2269 Christi
1957 2242 1981 2267 in
1991 2249 2039 2268 sua
2056 2242 2141 2267 officia
2151 2244 2177 2267 et
2187 2241 2293 2267 servitia

1655 2287 1705 2313 498
1721 2288 1754 2313 39
1769 2301 1805 2306 -
1826 2287 1873 2313 fuit
1891 2287 2051 2318 praecipuus
2070 2286 2137 2312 inter
2155 2286 2295 2318 Apostolos

1654 2333 1680 2357 in
1699 2332 1778 2357 Matre
1798 2331 1891 2358 Christi
1911 2331 2146 2356 custodiendavll
2166 2331 2217 2356 230
2238 2330 2271 2356 45

1706 2390 1742 2394 —-
1760 2375 1886 2401 velociter
1905 2375 1976 2400 veuit
1994 2375 2028 2400 ad
2046 2378 2246 2400 monumentum
2260 2374 2293 2399 vt

1654 2421 1706 2446 505
1726 2420 1751 2451 4,
1772 2420 1798 2445 5.
1820 2419 1871 2445 507
1902 2419 1935 2444 15
1954 2433 1990 2438 -
2009 2419 2085 2445 citius
2103 2419 2232 2449 cucurrit,
2252 2418 2294 2443 vel

1653 2465 1714 2498 quia
1736 2464 1820 2490 iunior
1840 2467 1909 2496 erat,
1938 2465 1980 2490 vel
2005 2464 2066 2497 quia
2089 2464 2122 2489 ad
2149 2462 2294 2489 videndum

1654 2509 1812 2542 propensior
1825 2509 1877 2535 505
1891 2509 1907 2535 5
1920 2522 1955 2528 -
1969 2508 2085 2534 introivit
2098 2509 2123 2534 in
2143 2508 2294 2539 sepulcrum

1653 2554 1774 2585 exemplo
1794 2554 1861 2579 Petri
1875 2553 1926 2578 506
1946 2554 1961 2578 9
1977 2567 2012 2572 -
2025 2553 2145 2584 credidit,
2162 2551 2294 2578 Christum

1654 2598 1805 2629 surrexisse,
1816 2599 1857 2623 vel
1869 2604 1966 2629 corpus
1979 2604 2037 2622 esse
2050 2596 2166 2622 ablatum
2179 2595 2250 2626 ibid„
2265 2595 2295 2619 10

1707 2656 1743 2662 -
1753 2642 1823 2674 dicit,
1837 2649 1865 2668 se
1878 2642 1983 2667 venisse
1997 2642 2029 2667 ad
2044 2643 2254 2670 monumentum,
2268 2642 2297 2664 ut

1655 2687 1759 2712 Petrum
1779 2686 1828 2712 sibi
1848 2689 1993 2718 praeponat
2012 2686 2045 2711 vt
2059 2685 2110 2711 507
2126 2685 2158 2710 16
2172 2698 2208 2703 -
2220 2684 2294 2716 prius

1655 2731 1784 2761 cucurrit,
1812 2731 1859 2756 sed
1886 2738 1939 2756 non
1964 2729 2081 2755 introivit
2100 2729 2125 2754 in
2144 2728 2294 2760 sepulcrum

1656 2778 1684 2800 ut
1702 2775 1786 2806 figura
1807 2775 1896 2807 populi
1917 2774 2013 2800 ludaici
2033 2772 2095 2799 ibid.
2116 2786 2149 2790 —
2168 2772 2195 2797 in
2213 2778 2293 2804 quae-

1657 2819 1739 2845 rendo
1759 2819 1874 2845 velocior
1893 2821 1961 2849 erat,
1981 2818 2026 2844 sed
2048 2817 2072 2843 in
2086 2816 2297 2843 consideratione

1656 2864 1783 2890 remissus
1802 2864 1854 2889 505
1873 2864 1888 2888 6

1709 2923 1743 2926 -
1771 2912 1872 2934 certum
1904 2906 2082 2933 testimonium
2114 2905 2236 2938 perhibet
2263 2905 2297 2930 Vl

1658 2952 1708 2978 529
1729 2953 1762 2978 55
1781 2966 1817 2972 -
1836 2956 1937 2978 certum
1965 2951 2144 2976 testimonium
2164 2949 2299 2982 perhibuit

1657 2997 1691 3023 de
1710 3000 1795 3023 morte
1814 2996 1924 3029 Christi,
1943 2996 2005 3028 quia
2025 2995 2083 3027 ipse
2101 2994 2168 3020 vidit
2186 2998 2211 3020 et
2226 3000 2299 3026 prae-

1657 3048 1717 3067 sens
1736 3042 1783 3068 fuit
1803 3042 1849 3067 501
1875 3041 1908 3067 53
1928 3055 1963 3058 -
1982 3046 2010 3065 se
2029 3038 2137 3065 adducit
2150 3042 2256 3070 testem,
2271 3041 2299 3064 ut

1658 3086 1737 3112 fldem
1757 3089 1874 3112 nostram
1894 3087 2007 3115 astruat,
2036 3090 2134 3109 nomen
2163 3086 2244 3114 tacet,
2271 3084 2300 3108 ut

1658 3131 1806 3156 iactantiam
1825 3130 1910 3155 vitare
1928 3128 2050 3154 ostendat
2069 3127 2120 3153 484
2140 3127 2173 3153 40

1712 3188 1747 3194 -
1765 3174 1870 3206 scripsit
1888 3172 2016 3205 Epistolas
2045 3175 2170 3205 tanquam
2195 3170 2300 3203 praedi-

1659 3222 1731 3244 cator
1752 3218 1932 3248 authenticus,
1960 3216 2146 3249 Apocalypsim
2174 3219 2300 3248 tanquam

1658 3264 1788 3295 propheta
1815 3262 1941 3293 eximius,
1973 3261 2145 3293 Evangelium
2174 3263 2300 3292 tanquam

1657 3306 1745 3333 scriba
1765 3306 1934 3333 doctissimus
1953 3306 1986 3331 Vl
2007 3305 2058 3330 240
2079 3305 2094 3330 4
2114 3319 2149 3323 -
2169 3304 2194 3329 in
2213 3304 2301 3329 cathe-

1660 3352 1707 3377 dra
1725 3351 1867 3384 apostolica
1890 3350 2005 3376 erudivit
2032 3351 2185 3382 praesentes
2212 3346 2301 3373 verbis

1659 3399 1684 3422 et
1703 3395 1825 3422 absentes
1853 3395 1973 3427 Epistolis
1991 3393 2054 3421 ibid.
2073 3408 2108 3412 —
2127 3393 2244 3418 elevatus
2262 3394 2302 3417 est
