2476 3921
137 724 208 746 Pietas
219 723 240 744 in
250 722 281 743 Iu·

154 756 218 772 cerna
234 755 268 770 ac·

149 776 267 798 ceadenda.

137 1306 234 1330 ltemsin
249 1305 285 1326 do-

159 1339 192 1354 mo
207 1338 266 1353 ever-

177 1359 248 1380 tenda.

152 2102 224 2123 Pietas
238 2107 288 2128 erga

143 2129 250 2150 hominem
260 2134 293 2150 re·

144 2158 249 2182 paratum.

158 2635 294 2657 Convocatio.

301 256 364 287 388

300 351 396 384 supra
420 340 552 382 Angelos
576 346 677 379 usque
701 336 740 368 ad
765 334 938 371 hominem,
963 332 1017 374 qui
1035 334 1082 364 est
1105 330 1260 368 decimus,

299 394 465 428 descendit.
484 392 558 424 Hinc
582 393 630 422 est
646 389 754 426 etiam,
779 386 864 428 quod
880 385 1043 418 denarius
1059 387 1106 416 est
1123 382 1260 425 pretium

299 447 438 480 omnium
475 443 683 477 laborantium
716 441 747 473 in
779 440 869 472 vinea
900 437 1153 480 patrisfamilias;
1187 436 1261 468 Mat-

301 500 381 533 thaei
410 498 559 540 vigesimo
578 497 607 528 ¹:
641 508 657 523 α
681 493 892 526 Conventione
923 491 1003 523 facta
1028 504 1043 519 »
1077 494 1135 522 etc.
1170 490 1262 522 Recte

300 562 374 595 ergo
405 552 532 584 decima
565 548 699 591 perdita
731 546 873 588 designat
908 547 1053 577 naturam
1090 544 1261 575 humanam

302 607 426 648 lapsam.

392 659 441 689 17.
466 656 507 688 Ad
532 657 613 688 hanc
628 654 811 686 drachmam
836 651 990 693 perditam
1010 650 1116 682 divina
1139 649 1263 691 sapien-

303 713 343 744 tia
366 711 460 744 habet
480 709 634 752 pietatem
657 717 696 739 ex
726 704 984 741 misericordia;
1016 707 1146 745 propter
1177 702 1263 744 quod

301 764 423 798 subdit:
449 762 563 795 Nonne
587 760 734 793 accendit
758 758 950 795 lucernam,
975 757 1006 789 in
1038 756 1261 788 incarnatione.

302 819 453 851 Lucerna
476 819 523 848 est
554 815 611 847 lux
636 814 666 845 in
699 816 793 850 testa,
825 811 885 843 hoc
916 814 963 843 est
989 810 1072 842 Deus
1104 809 1136 841 in
1168 818 1262 841 carne

303 872 455 907 humana;
480 868 563 901 unde
586 865 734 899 Glossa2:
765 877 780 893 α
797 864 850 896 Dei
868 863 1019 905 sapientia
1044 863 1206 895 lucernam
1224 861 1263 894 ad

302 922 518 967 quaerendum
543 919 701 957 accendit,
726 927 798 950 cum
823 918 854 950 111
877 925 972 949 carne
995 915 1161 958 apparuit,
1189 915 1264 957 quia

304 978 430 1009 lucerna
453 978 500 1007 est
524 974 580 1005 lux
606 973 636 1004 in
662 975 755 1010 testa,
780 971 812 1003 id
834 974 882 1003 est
904 970 1044 1003 Verbum
1069 968 1100 1000 in
1125 977 1262 1001 carnem

302 1031 344 1062 De
369 1029 427 1061 hac
456 1028 585 1060 lucerna
608 1025 724 1058 dicitur
756 1024 787 1056 in
812 1023 976 1056 Psalmoss:
1007 1022 1115 1054 «Illuc
1147 1020 1265 1063 produ-

301 1091 368 1115 cam
392 1090 491 1114 cornu
517 1079 631 1118 David,
665 1078 772 1120 paravi
804 1077 965 1109 lucernam
991 1075 1116 1108 Christo
1139 1083 1210 1106 meo
1233 1087 1263 1108 1,).

301 1136 385 1169 Unde
415 1135 454 1168 de
482 1133 665 1167 accensione
696 1131 789 1164 istius
820 1131 968 1163 lucernae
991 1129 1108 1162 dicitur
1141 1127 1263 1161 loannis

302 1190 415 1231 primo:
438 1201 454 1217 «
471 1188 555 1220 Deus
578 1189 647 1219 erat
663 1185 802 1218 Verbum
817 1196 852 1223 »;
875 1197 891 1212 «
907 1187 975 1216 erat
996 1183 1054 1215 lux
1076 1191 1166 1220 vera,
1183 1190 1265 1223 quae

302 1243 457 1275 illuminat
488 1249 612 1273 omnem
646 1238 804 1272 hominem
831 1250 866 1276 »;
899 1241 929 1270 et
962 1240 1052 1278 post:
1082 1249 1098 1264 (ι
1124 1235 1265 1268 Verbum

301 1304 374 1329 caro
397 1295 514 1327 factum
538 1297 585 1326 est
609 1296 639 1326 et
663 1291 816 1325 habitavit
840 1291 871 1323 in
897 1290 987 1323 nobis
1003 1303 1033 1321 ».
1053 1307 1095 1312 -
1112 1289 1173 1321 Ν66
1197 1291 1266 1320 tan-

301 1354 367 1382 tum
393 1349 467 1387 hoc,
493 1342 553 1380 sed‘
571 1351 600 1379 et
630 1345 769 1378 evertit⁴
792 1345 945 1382 domum,
970 1343 1088 1376 scilicet
1112 1342 1141 1375 in
1176 1350 1266 1384 prae-

300 1402 470 1440 dicatione;
495 1400 620 1433 Glossa:
650 1413 665 1428 «
682 1399 816 1431 Domum
841 1398 971 1436 evertit,
996 1397 1071 1439 quia
1102 1396 1262 1429 conscien-

303 1456 359 1488 tias
383 1455 547 1488 hominum
580 1453 618 1486 de
648 1456 739 1486 reatu
770 1461 829 1485 suo
853 1450 1053 1493 perturbavit
1077 1463 1107 1481 ».
1141 1449 1185 1495 Et>
1207 1449 1267 1481 hoc

302 1511 421 1551 spectat
455 1508 492 1540 ad
528 1507 781 1549 praedicatores;
817 1505 901 1537 unde
936 1504 1052 1536 dicitur
1092 1502 1267 1544 Sophoniae

303 1562 447 1605 primo⁵z
477 1575 491 1590 a
510 1560 681 1593 Scrutabor
707 1558 875 1592 Ierusalem
911 1558 942 1589 in
975 1556 1115 1589 lucernis
1139 1559 1170 1588 et
1194 1555 1267 1588 visi-

304 1616 374 1649 tabo
398 1624 493 1657 super
526 1614 611 1646 viros
635 1613 758 1645 defixos
782 1612 813 1644 in
845 1610 985 1643 faecibus
1014 1610 1080 1642 suis
1096 1613 1126 1641 »’.
1156 1627 1201 1632 —-
1232 1609 1268 1640 Et

303 1669 433 1713 quaerit
449 1667 632 1710 diiiyenter,
650 1667 750 1698 donee
775 1664 941 1702 inveniat,
966 1664 998 1696 in
1014 1666 1123 1696 nostra
1146 1662 1268 1695 redem-

305 1723 425 1764 ptione3
449 1720 533 1753 unde
558 1719 732 1761 Sapientiae
756 1717 891 1750 sextoss:
923 1730 937 1745 «
954 1716 1070 1757 Dignos
1095 1725 1128 1748 se
1156 1715 1270 1748 circuit

303 1783 459 1817 quaerens
482 1776 514 1806 et
536 1773 566 1805 in
593 1772 651 1805 viis
675 1772 741 1804 suis
765 1770 907 1803 ostendet
930 1779 963 1802 se
987 1770 1048 1802 illis
1073 1769 1215 1801 hilariter
1239 1772 1270 1801 et

304 1837 376 1860 cum
400 1826 483 1859 omni
509 1825 705 1868 providentia
727 1826 875 1856 occurret
899 1823 959 1855 illis
983 1836 1014 1854 ».
1047 1821 1133 1854 Unde
1157 1825 1188 1854 et
1211 1821 1269 1854 sibi

304 1880 453 1922 competit
484 1879 561 1912 illud
586 1878 714 1911 Psalmi:
744 1890 759 1905 «
785 1877 814 1909 Si
846 1876 962 1909 dedero
991 1884 1136 1909 somnum
1171 1874 1271 1908 oculis

305 1934 382 1966 meis
397 1937 428 1966 et
444 1932 601 1974 palpebris
618 1931 696 1964 meis
712 1930 963 1963 dormitationem
974 1955 982 1969 ,
999 1928 1097 1961 donec
1114 1928 1271 1961 inveniam

306 1988 408 2019 locum
433 1985 582 2024 Domino,
607 1983 846 2017 tabernaculum
871 1983 936 2015 Deo
960 1981 1048 2015 Iacob
1065 1995 1080 2010 ι)
1102 1985 1160 2014 616.

398 2041 447 2072 18.
466 2039 568 2081 (Vers.
588 2038 642 2079 9.).
668 2037 774 2070 Tertio
794 2040 949 2079 quantum
974 2036 1012 2068 ad
1034 2035 1189 2078 pietatem
1222 2044 1272 2068 re-

308 2097 417 2136 spectu
434 2092 578 2125 hominis
595 2090 749 2134 reparati
771 2089 926 2132 adiungit:
946 2090 987 2121 Et
1005 2098 1083 2121 eum
1099 2088 1271 2127 invenerit,

309 2151 465 2180 convocat
488 2146 617 2178 amicas
641 2149 670 2177 et
691 2144 830 2177 vicinas.
856 2144 913 2176 Per
938 2143 1069 2175 amicas
1092 2145 1124 2175 et
1142 2141 1272 2174 vicinas

303 2200 433 2240 ,divinae
450 2199 620 2241 sapientiae
643 2197 864 2240 intelliguntur
881 2196 986 2238 Angeli
1011 2196 1084 2229 boni
1101 2198 1134 2228 et
1151 2195 1274 2227 animae

311 2256 444 2285 sanctae.
470 2251 556 2284 Unde
578 2251 730 2284 Glossa'1:
759 2262 775 2279 (ι
792 2250 914 2282 Α1111636
930 2252 962 2282 61
985 2248 1105 2281 vicinae
1129 2251 1273 2281 511111511-

311 2314 427 2348 pernae
443 2307 626 2347 potestates,
651 2312 732 2346 quae
749 2306 836 2335 tanto
859 2303 924 2335 Deo
940 2302 1032 2334 iuxta
1048 2304 1137 2339 sunt,
1154 2303 1273 2342 quanto

312 2368 385 2391 eum
408 2358 542 2390 vicinius
571 2357 824 2398 contemplantur
848 2368 879 2387 n.
913 2355 999 2396 Quae
1023 2354 1092 2387 ideo
1122 2353 1273 2386 dicuntur

314 2411 442 2444 amicae
473 2410 657 2452 sapientiae,
689 2408 764 2450 quia
795 2408 893 2449 ipsam
916 2407 1051 2449 diligunt
1081 2410 1112 2439 et
1143 2406 1183 2438 ab
1206 2406 1274 2447 ipsa

313 2467 476 2501 amantur,
501 2462 674 2495 secundum
692 2461 769 2493 illud
793 2460 967 2502 Sapientiae
991 2459 1163 2501 septimo⁸:
1186 2472 1201 2487 «
1215 2459 1273 2492 Per

314 2517 455 2549 nationes
475 2516 506 2547 in
531 2515 649 2547 animas
665 2517 789 2547 sanctas
808 2522 842 2546 56
866 2513 1015 2545 transfert
1031 2516 1061 2545 et
1085 2512 1203 2545 amicos
1220 2512 1271 2545 Dei

314 2573 345 2602 et
369 2569 539 2610 Prophetas
563 2567 733 2600 constituit.
758 2566 917 2599 Neminem
941 2566 1024 2598 enim
1048 2566 1147 2608 diligit
1170 2566 1272 2604 Deus,

314 2622 372 2654 nisi
391 2622 444 2663 qui
469 2630 540 2654 cum
558 2620 709 2662 sapientia
732 2619 886 2652 inhabitat
903 2633 932 2651 ».
957 2619 1143 2652 Convocare
1166 2622 1273 2652 autem

386 2789 394 2804 ¹
417 2791 490 2815 Vers.
511 2791 535 2815 2.

385 2833 395 2848 ²
416 2835 518 2860 Scilicet
536 2833 677 2860 ordinaria
699 2834 739 2865 (ex
758 2834 883 2864 (aegon,
904 2833 930 2858 ll.
950 2832 1045 2859 lloinil.
1067 2833 1091 2858 in
1113 2834 1212 2865 Evang.
1232 2835 1275 2859 110-

316 2879 367 2904 mil.
383 2878 424 2904 34.
439 2886 464 2903 11.
477 2879 523 2911 6.).
538 2880 659 2909 August,
680 2878 794 2902 Enarrat.
816 2877 840 2902 in
861 2877 899 2901 Ps.
921 2877 981 2901 138.
1000 2884 1025 2901 11.
1047 2877 1092 2902 14ε
1111 2877 1228 2902 Lucerna
1243 2877 1276 2902 de

316 2925 369 2948 luto
388 2926 439 2953 est,
459 2922 506 2947 sed
531 2921 610 2947 habet
635 2922 733 2953 lucem,
753 2928 804 2953 qua
827 2920 974 2946 inveniatur
999 2921 1132 2946 drachma.
1159 2921 1276 2946 Lucerna

316 2974 379 2998 ergo
399 2966 553 2998 sapientiae,
567 2971 628 2990 caro
641 2964 749 2996 Christi,
768 2965 802 2990 de
820 2964 873 2990 luto
893 2962 957 2989 saeta
977 2967 1030 2995 est,
1053 2964 1099 2989 sed
1122 2963 1208 2990 Verbo
1227 2971 1276 2989 suo

316 3011 397 3041 lucet,
418 3010 517 3036 invenit
536 3010 662 3043 perditos.

387 3053 397 3069 ²³
417 3056 511 3081 Psalm.
531 3055 596 3087 131,
617 3055 658 3087 17,
678 3056 736 3086 post
756 3061 835 3087 quern
856 3055 924 3079 loan.
946 3054 972 3084 1,
995 3054 1018 3078 l.
1037 3054 1063 3079 9.
1083 3056 1108 3078 et
1127 3053 1169 3078 14.

387 3098 398 3113 ““
418 3101 451 3125 lta
471 3099 548 3124 etiam
568 3100 692 3130 (ii-egon,
712 3099 761 3124 loc.
783 3098 840 3130 cit.;
860 3098 941 3128 Beda,
961 3098 990 3123 B.
1009 3097 1115 3130 albert,
1135 3098 1161 3123 S.
1179 3098 1274 3123 Thom.

319 3143 381 3171 (Cat.
402 3150 480 3168 aurea
499 3143 525 3168 in
547 3143 608 3168 Luc.
630 3143 670 3168 15.
691 3151 715 3168 11.
735 3143 770 3175 2.)
796 3145 821 3168 et
849 3143 995 3172 Gorranus;
1024 3142 1136 3173 Vulgata
1164 3141 1276 3173 everrit,

317 3188 389 3221 quod
409 3192 448 3214 est
467 3189 542 3214 lectio
568 3189 668 3214 sincera
692 3188 837 3213 secundum
859 3190 955 3212 textum
975 3188 1114 3212 Graecum.
1135 3201 1168 3204 —
1188 3186 1278 3219 sequi-

318 3236 359 3258 tur
379 3233 468 3258 Glossa
488 3231 630 3258 ordinm-ia
651 3232 692 3264 (ex
712 3232 835 3263 Gregor.‚
858 3231 906 3256 loc.
926 3230 988 3263 cit.),
1007 3230 1034 3256 in
1054 3237 1105 3264 qua
1131 3237 1180 3263 pro
1198 3231 1277 3257 reatu

318 3284 368 3303 suo
390 3277 440 3309 (ita
460 3277 537 3302 etiam
557 3276 658 3309 Glossa)
679 3277 738 3302 Vat.
755 3277 834 3302 reatu
853 3275 984 3309 ipsorum.

389 3320 400 3335 ¹⁵
418 3321 493 3346 Vers.
514 3321 546 3346 12
556 3341 562 3352 ,
581 3321 605 3346 in
619 3320 694 3346 cuius
708 3320 757 3345 ssne
777 3319 935 3352 antiquiores
948 3319 1026 3345 codd.
1044 3317 1076 3351 (A
1087 3318 1106 3345 C
1118 3319 1149 3351 D)
1164 3318 1192 3345 in
1204 3318 1277 3352 fron-

319 3364 388 3391 tibus
407 3365 464 3390 suis
484 3365 516 3397 (⁵2)

390 3407 401 3422 ⁰
421 3410 493 3434 Vers.
517 3409 557 3434 i7.
577 3424 611 3427 —
631 3408 747 3435 Subinde
767 3409 891 3439 allegatur
910 3409 950 3433 l’s.
977 3408 1038 3441 131,
1063 3407 1085 3433 4.
1106 3415 1160 3440 seq.

864 244 1057 277 COMMENT.
1083 243 1118 275 ΙΝ
1144 240 1383 274 EVANGELIUM
1405 239 1525 272 LUCAE
1550 238 1582 271 C.
1607 238 1669 271 XV.

1326 328 1404 361 nihil
1429 327 1513 361 aliud
1539 330 1586 360 est
1617 335 1713 369 quam
1736 326 1775 359 ad
1800 326 1951 359 unitatem
1979 328 2010 358 et
2041 324 2290 358 conformitatem

1325 382 1443 415 amoris
1467 381 1631 423 copulare3
1656 380 1708 413 lob
1725 380 1874 422 vigesimo
1898 379 2009 422 quinto
2022 379 2050 410 ⁹:
2076 391 2091 407 α
2108 379 2245 412 Potestas
2261 382 2292 412 et

1326 440 1432 468 terror
1456 434 1540 477 apud
1564 443 1638 467 eum
1661 437 1727 473 est,
1751 433 1806 476 qui
1830 433 1903 466 facit
1927 432 2127 466 concordiam
2144 432 2175 464 in
2193 432 2292 465 subli-

1326 481 1432 521 mibus
1455 488 1521 521 suis
1538 500 1573 526 »3
1599 490 1630 520 et
1654 496 1710 529 per
1734 487 1826 519 istam
1850 485 2049 519 concordiam
2074 485 2177 518 mutui
2206 494 2291 517 amo-

1327 542 1372 575 ris
1394 550 1594 574 communem
1618 540 1782 579 materiam
1805 539 1911 581 gaudii
1943 538 2064 571 tribuit.
2095 558 2135 561 —-
2166 538 2201 570 Et
2223 537 2293 571 ideo

1327 594 1451 628 subdit:
1480 594 1616 626 Dicens:
1632 591 1938 641 *Conyratulamini
1953 590 2038 623 milti
2047 616 2054 629 ,
2079 591 2161 634 quia
2181 590 2294 623 inveni

1327 647 1548 686 drachmam,
1576 656 1679 691 quam
1709 646 1933 688 perdideram.
1967 644 2124 687 Sapientia
2154 652 2293 686 namque

1327 701 1439 734 invitat
1463 701 1502 733 ad
1526 699 1822 743 congaudendum,
1847 699 1923 740 quia
1939 698 2016 731 haec
2040 701 2087 731 est
2103 697 2156 730 lex
2181 697 2293 730 carita-

1328 755 1386 793 tis;
1411 754 1531 797 primae
1554 753 1593 786 ad
1617 752 1796 786 Corinthios
1822 752 1943 785 decimo
1959 751 2052 784 tertio
2066 751 2109 783 ¹⁰:
2139 763 2155 779 «
2175 750 2295 784 Caritas

1329 817 1391 841 non
1415 807 1531 850 gaudet
1555 816 1651 849 super
1676 806 1859 848 iniquitate,
1884 804 2059 847 congaudet
2082 807 2188 837 autem
2213 803 2296 836 veri-

1329 861 1384 894 tati
1403 874 1438 901 »;
1462 864 1493 894 et
1518 860 1646 903 Sapiens
1669 860 1744 893 dicit
1768 859 1941 901 Sapientiae
1958 862 2085 891 octavo:
2116 870 2131 886 a
2149 857 2228 890 Haec
2244 866 2296 890 co-

1330 915 1446 957 gitans,
1471 914 1557 957 quia·
1578 913 1798 947 immortalitas
1829 916 1877 946 est
1900 912 1931 944 in
1963 911 2150 954 cogitatione
2174 911 2296 953 sapien-

1330 969 1410 1007 tiae,
1442 972 1473 1001 et
1505 968 1536 1000 in
1568 967 1704 1000 amicitia
1735 967 1820 999 illius
1851 965 2016 999 delectatio
2047 965 2129 998 bona
2153 978 2189 1004 »,
2222 964 2297 1007 quia

1330 1022 1418 1060 vult,
1442 1021 1556 1063 gaudia
1579 1021 1804 1054 universorum
1825 1028 1894 1052 esse
1916 1018 2123 1057 eommunia,
2147 1027 2209 1051 non
2222 1017 2296 1060 pri—

1330 1078 1426 1114 vata,
1445 1075 1525 1107 sicut
1549 1074 1710 1116 potissime
1727 1073 1758 1106 in
1783 1073 1836 1105 illa
1852 1072 2020 1106 Ierusalem
2045 1080 2193 1113 superna.
2210 1070 2297 1103 Unde

1331 1128 1446 1161 Tobiae
1469 1128 1590 1161 decimo
1614 1127 1707 1160 tertio
1720 1128 1760 1159 ¹¹:
1783 1126 1971 1169 «Confitere
1994 1125 2127 1157 Domino
2150 1124 2182 1157 in
2206 1123 2297 1157 bonis

1331 1182 1395 1215 tuis
1418 1185 1450 1214 et
1473 1181 1603 1214 benedic
1627 1181 1728 1214 Deum
1752 1179 1967 1218 saeculorum,
1993 1182 2029 1211 ut
2053 1180 2179 1211 revocet
2202 1176 2242 1210 ad
2266 1180 2297 1210 te

1331 1244 1440 1268 01111165
1472 1234 1612 1276 captivos
1643 1237 1729 1273 tuos,
1761 1236 1793 1266 et
1823 1233 1959 1275 gaudeas
1982 1232 2013 1264 in
2046 1231 2150 1264 omnia
2173 1230 2298 1264 saecula

1331 1289 1531 1322 saeculorum
1550 1301 1580 1320 ».
1614 1288 1646 1320 In
1678 1288 1738 1320 hac
1765 1286 1849 1319 enim
1881 1284 2097 1318 reinventione
2128 1284 2297 1317 drachmae

1332 1342 1367 1375 fit
1391 1341 1595 1383 reintegratio
1623 1339 1747 1373 numeri
1780 1340 1954 1372 electorum
1977 1338 2010 1370 in
2034 1338 2087 1370 illa
2110 1337 2296 1375 Ierusalem3

1332 1398 1363 1428 et
1386 1395 1463 1427 haec
1487 1397 1535 1426 est
1557 1403 1670 1436 magna
1694 1393 1826 1425 materia
1853 1391 2006 1430 laetitiae;
2039 1391 2135 1424 Isaiae
2167 1399 2298 1432 sexage-

1333 1448 1412 1481 simo
1435 1447 1546 1489 quinto
1562 1447 1604 1478 ¹2:
1635 1459 1650 1475 α
1669 1446 1763 1484 Ε666,
1788 1454 1846 1487 ego
1869 1454 1943 1478 creo
1967 1444 2136 1477 Ierusalem
2156 1444 2298 1476 exsulta-

1333 1500 1468 1539 tionem,
1493 1503 1524 1533 et
1547 1499 1701 1541 populum
1725 1499 1794 1531 eius
1817 1497 1967 1540 gaudium
1985 1511 2016 1536 »,
2040 1497 2114 1539 quia
2131 1499 2300 1539 congratu-

1333 1554 1440 1587 lantur
1463 1553 1587 1586 divinae
1619 1552 1788 1594 sapientiae
1819 1555 1851 1584 et
1882 1551 2044 1584 salvationi
2074 1554 2218 1589 nostrae,
2251 1559 2300 1583 se-

1334 1607 1473 1640 cundum
1498 1606 1576 1639 illud
1601 1606 1695 1638 Isaiae
1718 1605 1848 1638 ultimo:
1878 1618 1893 1633 ιι
1916 1604 2083 1637 Laetamini
2116 1613 2189 1637 611111
2214 1604 2300 1637 leru-

1333 1653 1430 1694 salem
1461 1663 1492 1692 et
1516 1659 1674 1692 exsultate
1698 1659 1728 1691 in
1754 1667 1805 1697 ea,
1830 1667 1954 1697 omnes,
1979 1657 2033 1700 qui
2058 1657 2186 1700 diligitis
2214 1667 2299 1696 eam;

2426 418 2428 426 i

2426 427 2428 444 l
2472 443 2476 448 .

2310 544 2407 566 invitatio
2421 553 2423 566 ι

2307 572 2424 598 gaudendui

2316 969 2431 991 Notandum:

1334 1713 1467 1755 gaudete
1483 1721 1555 1745 cum
1573 1720 1610 1744 ea
1625 1711 1753 1754 gaudio,
1771 1711 1926 1749 universi,
1948 1711 2002 1753 qui
2028 1710 2184 1752 lugebatis
2201 1719 2298 1752 super
2324 1730 2327 1731 ν

1335 1776 1418 1805 63111,
1442 1769 1479 1798 111
1502 1765 1621 1807 sugatis
1652 1768 1683 1797 et
1707 1764 1890 1806 repleamini
1914 1764 1954 1796 ab
1982 1764 2135 1797 uberibus
2159 1764 2299 1797 consola—

1335 1820 1428 1852 tionis
1452 1819 1534 1858 eius;
1551 1822 1587 1851 ut
1604 1818 1770 1860 mulgeatis
1793 1821 1825 1850 et
1848 1817 1967 1850 deliciis
1983 1817 2121 1850 affluatis
2144 1817 2184 1850 ab
2200 1817 2301 1850 omni-

1336 1874 1428 1906 moda
1450 1872 1550 1916 gloria
1573 1872 1642 1905 eius
1658 1885 1689 1904 u.
1889 1894 1891 1898 f

1429 1928 1478 1959 19.
1504 1926 1606 1967 (Vers.
1642 1927 1717 1966 10.).
1750 1925 1869 1967 Quarto
1901 1928 2055 1967 quantum
2079 1924 2118 1957 ad
2148 1924 2301 1967 pietatem

1339 1980 1400 2013 Dei
1430 1983 1577 2022 respectu
1609 1978 1753 2011 hominis
1777 1977 1954 2019 iustificati
1984 1977 2110 2011 subdit:
2143 1978 2196 2010 Ita
2227 1977 2301 2010 dieo

1333 2033 1445 2066 vobis:
1475 2032 1650 2066 Gaudium
1673 2037 1721 2064 est
1745 2031 1880 2074 Angelis
1894 2032 1920 2051 ¹³
1946 2031 2006 2064 Dei
2027 2041 2128 2074 super
2144 2040 2212 2063 uno
2225 2040 2300 2073 pee—

1335 2090 1448 2119 catore
1470 2085 1704 2128 poenitentiam
1727 2089 1851 2127 ayente.
1881 2084 2036 2117 Gaudent
2058 2087 2166 2119 autem
2182 2083 2302 2126 Anyeli

1336 2140 1375 2172 de
1406 2138 1598 2181 poenitentia
1629 2138 1765 2171 hominis
1796 2137 1987 2179 peccatoris,
2019 2137 2095 2179 quia
2124 2137 2301 2170 destruitur

1337 2192 1454 2235 eulpa,
1479 2195 1689 2234 recuperatur
1713 2191 1862 2230 iustitia,
1887 2191 2070 2224 confutatur
2101 2191 2302 2224 daemonum

1336 2245 1512 2288 superbia,
1536 2245 1649 2278 efficax
1674 2244 1812 2278 efficitur
1828 2244 2033 2287 Anyelorum
2057 2244 2226 2284 custodia,
2253 2253 2303 2281 re-

1338 2302 1469 2341 paratur
1488 2298 1650 2337 Ecclesia,
1667 2298 1811 2340 placatur
1826 2297 1883 2330 ira
1899 2297 2027 2337 divina,
2044 2301 2076 2330 et
2091 2298 2166 2340 quia
2181 2300 2304 2331 restau-

1338 2356 1429 2385 ratur
1453 2351 1638 2384 Ierusalem
1661 2361 1820 2394 superna.
1844 2351 1879 2383 Et
1902 2351 1940 2384 de
1957 2351 2007 2384 his
2030 2354 2149 2393 septem
2166 2351 2304 2393 gaudent

1338 2405 1476 2438 maxime
1500 2405 1605 2447 Angeli
1630 2405 1728 2443 beati;
1752 2408 1784 2438 et
1807 2405 1876 2437 ideo
1900 2408 1931 2437 et
1954 2404 1993 2437 de
2011 2403 2215 2447 poenitentia
2227 2413 2303 2446 pee-

1338 2458 1478 2497 eat07·i.9‚
1503 2458 1534 2490 in
1559 2467 1623 2500 qua
1655 2458 1761 2491 vident
1790 2458 1857 2490 fieri
1883 2461 2001 2499 septem
2026 2457 2201 2503 praedicta,
2222 2466 2303 2500 gau-

1337 2512 1425 2544 dium
1460 2515 1508 2544 est
1542 2511 1664 2553 Angelis
1699 2511 1764 2544 Dei.
1793 2530 1836 2535 —
1860 2511 1982 2550 Primo,
2007 2510 2082 2553 quia
2116 2511 2302 2543 destruitur

1337 2565 1456 2607 σαίρω
1480 2566 1613 2598 Actuum
1638 2565 1731 2598 tertio
1746 2565 1789 2597 ¹⁴:
1818 2577 1835 2593 «
1857 2564 2057 2598 Poenitemini
2088 2567 2120 2597 et
2148 2564 2304 2597 converti-

1337 2619 1432 2658 mini,
1457 2622 1493 2652 ut
1524 2619 1689 2652 deleantur
1722 2622 1828 2651 vestra
1861 2622 1989 2660 peccata
2012 2631 2042 2650 n.
2068 2618 2154 2651 Unde
2186 2617 2302 2651 dicitur

1410 2787 1420 2802 ⁷
1441 2789 1543 2815 Scilicet
1556 2788 1700 2815 ordinaria
1714 2788 1754 2816 (ex
1767 2789 1890 2820 Gregor.,
1910 2788 1959 2814 loc.
1973 2787 2040 2820 cit.),
2054 2788 2080 2813 111
2093 2794 2146 2820 qua
2162 2794 2210 2820 pro
2223 2787 2303 2814 itt-vla

1338 2834 1404 2860 sunt
1423 2833 1472 2863 (ita
1492 2833 1569 2858 etiam
1590 2834 1699 2864 Gregor.
1719 2836 1743 2858 et
1763 2833 1864 2865 Glossa)
1885 2833 1942 2857 Vat.
1960 2831 2076 2865 propius
2095 2833 2167 2858 sunt.

1411 2875 1422 2890 ⁸
1441 2878 1514 2902 Vers.
1535 2877 1577 2902 27.
1597 2879 1622 2902 et
1641 2878 1684 2902 28.

1410 2920 1421 2934 ⁹
1442 2921 1516 2946 Vers.
1536 2922 1561 2946 2.
1579 2934 1615 2939 —
1633 2921 1722 2946 Glossa
1742 2919 1904 2946 ordinaria:
1925 2921 1997 2952 Quas
2017 2919 2130 2954 [amicas
2148 2923 2174 2946 et
2192 2920 2302 2954 vicinas]

1338 2967 1430 2997 vocat,
1453 2966 1517 2991 dum
1537 2972 1584 2997 per
1602 2964 1786 2990 exhibitionem
1813 2964 1912 2996 gratiae
1938 2964 2090 2990 hominibus
2110 2965 2243 2997 impensae
2268 2965 2303 2991 ad

1340 3016 1458 3035 amorem
1477 3009 1518 3035 sui
1538 3009 1718 3034 vehementius
1737 3008 1865 3034 accendit.

1412 3051 1434 3067 ¹⁰
1454 3053 1528 3079 vers.
1548 3054 1578 3084 6,
1599 3056 1658 3084 post
1675 3059 1756 3085 quem
1776 3053 1838 3084 Sap.
1858 3053 1887 3084 8,
1909 3052 1950 3078 17.
1969 3059 2039 3085 seq.,
2059 3052 2105 3078 ubi
2118 3060 2165 3085 pro
2185 3050 2213 3078 in
2232 3052 2304 3086 eooi-

1340 3096 1439 3123 tatione
1459 3097 1570 3128 Vulgata
1589 3095 1618 3122 in
1631 3095 1806 3129 coynati'one‚·
1826 3097 1872 3122 cfr.
1893 3099 1955 3122 tom.
1970 3097 2011 3123 Vl.
2034 3104 2096 3129 pag.
2115 3097 2178 3128 165,
2197 3100 2257 3122 nota
2277 3098 2302 3122 2.

1412 3140 1432 3154 ¹¹
1454 3141 1528 3166 Vers.
1551 3141 1597 3172 1-2,
1613 3139 1660 3165 ubi
1682 3147 1730 3171 pro
1750 3139 1802 3166 tuis
1823 3140 1844 3165 D
1862 3140 1935 3172 suis,
1955 3141 2014 3166 Vat.
2032 3140 2102 3167 eius.

1412 3183 1434 3198 ²²
1455 3184 1528 3209 Vers.
1549 3184 1595 3215 18,
1616 3183 1657 3209 cui
1677 3182 1872 3216 subiunguntur
1892 3184 1949 3210 lsai.
1968 3185 2015 3217 66,
2038 3185 2079 3210 10.
2092 3187 2117 3209 et
2138 3183 2179 3210 11.
2193 3197 2228 3203 -
2241 3185 2303 3210 Inse-

1340 3229 1395 3254 rius
1414 3235 1462 3260 pro
1482 3227 1660 3261 qratulantur
1679 3229 1698 3254 G
1719 3228 1942 3262 gratulabuntur,
1963 3230 2021 3255 Vat.
2041 3227 2264 3262 qratulabantur.

2320 1927 2392 1949 Pietas
2407 1933 2442 1954 erg

2334 1955 2439 1975 hominem

2320 1980 2443 2002 iustificam}

2320 2088 2407 2115 Septem
2422 2094 2444 2109 ra

2320 2115 2389 2136 tiones
2403 2120 2443 2136 eon

2327 2141 2442 2168 gaudendi.

2322 2514 2400 2536 Prima.

1413 3271 1434 3286 ¹⁸
1456 3273 1511 3298 vat.
1533 3279 1593 3298 cum
1615 3272 1724 3304 Vulgata
1745 3273 1883 3300 Gaudium
1896 3273 1946 3300 erit
1966 3279 2060 3300 coram
2073 3272 2199 3306 Anqelis‚·
2213 3274 2259 3298 cfr.
2273 3273 2303 3298 B.
2325 3261 2327 3263 ¹

1341 3317 1452 3348 Albert.;
1473 3317 1543 3343 idem
1562 3317 1673 3342 recurrit
1691 3318 1822 3351 aliquanto
1842 3318 1958 3344 inferius.

1413 3360 1435 3375 ¹⁴
1455 3362 1530 3386 Vcrs.
1550 3361 1593 3386 19.
1611 3364 1636 3386 et
1655 3361 1750 3387 deiude
1763 3362 1840 3388 Marc.
1861 3363 1884 3393 1,
1899 3358 1922 3388 41
1941 3375 1977 3381 ·—·
1996 3361 2123 3394 Superius
2136 3369 2185 3394 pro
2203 3363 2303 3395 septem

1339 3405 1479 3439 praedicta
1499 3405 1556 3431 Vat.
1575 3407 1673 3438 septem
1693 3405 1800 3439 effectus
1817 3405 1979 3440 praedictos.
