2427 3872
437 224 499 250 SOR

206 269 270 294 Sons
288 282 323 286 —
342 267 429 294 differt
447 275 461 294 a
482 270 570 300 parte,
590 268 651 301 quia
673 267 791 293 nomina-

151 316 195 339 tur
212 319 244 339 ex
263 314 338 345 parte
356 312 442 338 dantis
462 313 494 338 Vl
515 312 560 338 121
584 320 612 338 ν.
629 312 645 337 9
665 324 699 331 -
719 312 791 344 Quae

151 357 217 383 fiunt
236 359 306 382 sorte
325 363 376 382 non
395 363 501 388 semper
519 363 581 382 casu
601 356 667 381 flunt
686 355 737 381 497
757 355 790 380 36

204 400 307 427 species
324 415 360 419 —-
379 400 449 426 idem
469 403 508 426 est
527 400 598 433 quod
613 406 740 426 numerus
759 399 790 425 vt

153 445 204 470 182
224 451 252 470 ν.
270 445 299 470 21

203 502 239 508 -
258 488 424 521 intelligibilis
451 495 502 514 non
526 489 612 520 potest
630 487 792 513 descendere

151 531 176 559 in
196 539 302 559 sensnm
322 535 348 559 et
366 532 422 558 lieri
441 531 585 565 sensibilis,
599 531 644 557 sed
659 531 724 557 ratio
737 534 791 563 pot-

149 579 190 603 est
216 577 302 603 facere
330 576 482 602 sensitivam
511 576 610 609 aliquid
637 575 791 607 imaginari,

148 621 257 654 quando
285 621 386 653 species
413 622 474 646 sunt
500 620 527 645 in
547 619 733 651 imaginatione
757 619 790 644 Vl

150 665 197 691 431
222 665 255 690 39

203 710 364 736 Srscrosnns
382 722 416 727 —
435 710 570 734 attestatur
595 707 740 740 sapientiae
759 707 790 732 Vl

150 753 202 779 536
223 753 239 779 4

203 798 333 823 Specutuu
351 811 387 817 —
405 796 522 822 lucidum
542 799 598 822 erat
610 799 670 822 ante
688 796 790 828 lapsum

148 841 277 873 hominis,
297 840 467 867 obscuratum
481 843 520 866 est
532 843 640 873 propter
653 843 791 872 peccatum

148 885 182 912 Vl
202 885 254 912 255
275 885 306 912 43
328 899 362 904 —
382 885 478 911 Videre
492 885 576 911 Deum
590 892 638 917 per
651 885 789 917 speculum

147 932 188 956 est
205 936 366 962 cognoscere
384 929 410 955 in
428 930 522 956 effectu
540 928 603 956 ibid.

202 975 264 1000 Spes
282 988 318 992 -—
336 974 445 1006 proprie
469 974 539 1000 dicta
557 981 611 1000 non
630 976 669 1000 est
687 974 737 1000 nisi
756 973 790 999 de

148 1017 219 1044 bono
239 1018 272 1044 Vl
302 1018 353 1044 194
380 1025 407 1044 ν.
437 1018 470 1044 10
488 1032 524 1038 -
542 1021 582 1044 est
599 1018 790 1045 incrementum

148 1065 255 1089 nostrae
273 1062 363 1089 salutis
383 1063 424 1088 Vll
446 1062 497 1089 437
517 1062 551 1088 34
570 1076 605 1082 —
625 1063 748 1089 fundatur
764 1062 790 1087 in
807 1071 811 1120 Ι

148 1109 305 1140 paupertate
333 1107 384 1133 3l9
410 1107 439 1133 31
463 1120 499 1127 -
518 1109 605 1140 potest
631 1114 689 1133 csse
714 1106 810 1154 bonis¹

148 1153 174 1176 et
193 1151 268 1177 melis
286 1151 436 1177 communis
456 1151 489 1177 Vl
504 1151 555 1177 402
575 1150 609 1177 45
623 1165 656 1170 -
670 1154 709 1177 est
722 1151 790 1183 prin·
808 1158 810 1162 ’

146 1195 246 1228 cipium
283 1195 525 1221 consummativum
557 1196 676 1222 miraculi
709 1195 791 1227 impe-

147 1239 233 1265 trandi
252 1238 315 1266 ibid.

200 1297 237 1303 —
255 1284 281 1310 in
299 1291 352 1310 ovo
371 1283 524 1316 designatur
552 1284 594 1310 vlt
624 1284 675 1310 286
701 1284 730 1309 31
755 1297 790 1302 -

147 1335 218 1361 quae
236 1328 355 1362 videtur⁷
375 1336 426 1355 non
446 1331 486 1354 est
503 1335 565 1361 spes
584 1327 617 1355 ib.
637 1329 670 1354 33
689 1337 723 1347 ·——
737 1329 790 1360 Spe

148 1373 316 1406 quaerimus,
339 1380 393 1406 qua
421 1373 574 1405 attingimus
593 1380 677 1406 usque
694 1373 727 1398 ad
755 1372 790 1398 in-

147 1417 243 1443 teriora
263 1417 315 1443 285
334 1417 369 1443 27

200 1475 236 1482 -
254 1462 303 1488 Per
321 1469 396 1494 spem
416 1461 451 1487 de
469 1461 563 1487 futuris
581 1461 659 1487 bonis
678 1461 702 1487 in
717 1468 790 1494 prae-

147 1506 214 1532 senti
232 1506 367 1532 initiantur
386 1506 412 1531 in
431 1505 504 1531 iustis
522 1505 629 1538 nuptiae
647 1507 790 1532 aeternales

147 1550 181 1576 Vl
201 1550 253 1576 546
279 1550 295 1575 7
324 1563 360 1569 -
388 1550 529 1582 Sperantes
557 1549 738 1576 beatificantur
762 1550 789 1576 in

148 1594 283 1626 Scriptura
302 1594 345 1620 Vll
366 1594 400 1620 30
420 1593 453 1620 84
467 1608 503 1614 -
516 1594 579 1626 Spei
598 1595 716 1621 succedit
731 1594 790 1620 bea-

146 1639 265 1665 titudinis
291 1639 417 1671 perfectio
440 1639 491 1665 287
511 1639 544 1665 33
563 1653 600 1658 -
618 1640 730 1672 praemii
750 1641 790 1666 fu-

147 1683 199 1709 turi
218 1683 330 1709 infundit
349 1683 473 1710 virtutem
499 1683 525 1709 in
544 1684 618 1709 omni
637 1684 790 1716 operatione

148 1728 199 1754 512
220 1728 254 1754 35
273 1741 308 1749 -
328 1728 375 1754 Per
394 1735 470 1760 spem
483 1728 657 1755 exauditionis
675 1729 790 1761 gauden-

147 1771 212 1798 dum
232 1771 266 1797 Vl
287 1771 338 1798 472
358 1772 392 1798 25

199 1830 235 1835 -
253 1816 368 1848 suspirat
385 1815 420 1842 ad
438 1816 649 1849 redemptionem
670 1818 711 1844 Vll
736 1818 788 1844 536

148 1859 181 1886 48
193 1873 227 1879 —-
241 1860 301 1886 facit
313 1859 493 1887 tribulationes
506 1861 634 1893 patienter
648 1862 714 1888 ferre
727 1861 790 1889 ibid.

146 1918 183 1923 —
202 1904 251 1937 Qui
271 1911 324 1930 non
343 1903 422 1930 habet
440 1912 514 1937 spem
545 1905 668 1938 impietur
687 1906 789 1932 tristitia

146 1949 179 1974 vl
200 1948 250 1974 458
270 1949 304 1974 12
323 1962 359 1968 -
383 1949 463 1981 Spem
493 1952 614 1976 aeternae
642 1949 789 1977 retributio-

145 1993 186 2019 nis
204 1994 288 2019 aufert
307 1993 408 2019 tristitia
428 1994 495 2020 mala
515 1994 567 2020 607
588 1994 603 2020 4

201 2038 290 2063 ΞΡιοΑΕ
309 2052 344 2056 -
363 2041 425 2064 ευηι
448 2038 676 2071 praegustationes
703 2039 790 2065 dulce-

147 2080 216 2107 dinis
235 2081 351 2107 internac
370 2082 414 2108 Vll
435 2083 485 2109 t35
506 2082 521 2108 4

201 2126 293 2152 Sarma
311 2140 346 2145 —-
371 2129 433 2152 sunt
459 2130 567 2159 peccata
595 2128 720 2153 avaritiae
745 2127 789 2152 Vll

148 2169 200 2196 504
222 2170 255 2195 12
273 2184 309 2188 -
328 2171 377 2196 Per
394 2171 484 2204 spinas
508 2171 675 2204 spiritualiter
701 2171 791 2197 intelli-

148 2216 246 2246 guntur
273 2215 394 2241 homines
420 2215 539 2242 iracundi
564 2219 590 2242 et
617 2215 790 2246 schismatici,

147 2258 193 2291 qui
221 2265 272 2285 non
301 2262 413 2290 possunt
439 2260 496 2286 aliis
519 2260 634 2292 compati
663 2260 712 2285 163
740 2260 790 2285 102

147 2317 184 2321 -
201 2302 327 2328 denotant
351 2303 498 2330 mundanas
525 2303 710 2330 sollicitudines
740 2304 785 2329 191

149 2346 192 2372 10.
215 2346 266 2372 194
285 2347 318 2372 20
338 2361 373 2366 —-
392 2348 459 2374 inter
477 2348 567 2380 spinas
585 2354 675 2373 semen
694 2347 791 2378 oritur,

147 2390 195 2417 sed
214 2398 266 2417 non
285 2395 486 2418 consummatur
506 2392 551 2417 tet
578 2392 621 2418 10.
640 2392 691 2418 194
705 2393 739 2418 20
753 2406 788 2411 -

148 2438 337 2468 comparantur
365 2435 546 2468 voluptatibus
565 2439 591 2463 et
609 2436 715 2469 divitiis,
735 2440 790 2462 tum

148 2479 211 2513 quia
230 2481 344 2506 fructum
363 2488 414 2507 non
435 2482 561 2513 afferunt,
584 2484 640 2507 tum
659 2481 721 2514 quia
742 2482 792 2507 fru-

150 2527 223 2550 ctum
242 2524 401 2557 impediunt,
421 2528 476 2551 tum
496 2525 587 2557 etiam,
607 2525 669 2559 qnia
697 2525 792 2551 haben·

149 2571 202 2595 tem
222 2568 341 2601 affligunt
361 2569 412 2595 195
431 2570 464 2595 20

203 2613 359 2640 Srmrrums
378 2627 412 2633 —-
439 2614 554 2640 nascitur
581 2621 613 2639 ex
641 2613 738 2646 Spiritu
758 2614 789 2639 Vl

150 2656 203 2682 280
232 2656 265 2682 13
284 2670 320 2676 -
338 2657 415 2690 Quod
435 2658 549 2684 nascitur
572 2658 607 2684 de
622 2658 715 2690 spiritu
744 2665 792 2690 per

149 2706 179 2726 se
196 2703 236 2726 est
253 2701 387 2733 spirituale
415 2702 462 2728 281
496 2703 530 2728 20
550 2716 584 2721 -
608 2705 670 2728 sunt
687 2702 792 2734 figurati

151 2744 177 2770 in
197 2744 350 2771 volucribus
369 2746 433 2772 caeli
453 2746 496 2771 Vll
515 2746 568 2772 347
588 2746 616 2772 41

203 2803 239 2807 -
257 2789 414 2821 accipientes
433 2790 467 2816 de
486 2791 604 2817 doctrina
622 2791 716 2818 Christi
729 2792 793 2818 certi

151 2832 216 2859 flunt
234 2839 282 2865 per
301 2833 477 2860 testimonium
497 2835 555 2861 eius
573 2835 606 2860 Vl
626 2836 677 2861 288
697 2835 740 2868 55,
759 2835 793 2861 56

151 2889 188 2896 -
206 2877 357 2910 quietantur
375 2877 426 2904 sub
445 2878 562 2904 doctrina
581 2879 665 2905 fidelis
678 2879 794 2906 doctoris

150 2923 177 2947 et
203 2920 238 2947 ad
265 2921 384 2947 notitiam
412 2922 530 2948 veritatis
563 2923 720 2955 perveniunt
748 2924 792 2950 vlt

151 2965 204 2991 347
224 2964 252 2991 41

205 3023 240 3028 --
260 3016 311 3035 non
331 3008 429 3036 debent
447 3016 506 3036 esse
524 3009 604 3036 rebus
631 3011 741 3037 terrenis
759 3011 795 3037 in-

151 3053 215 3079 tenti
244 3053 287 3080 Vll
313 3054 364 3080 322
390 3053 422 3080 42
452 3068 486 3073 —-
514 3054 685 3086 suscipientes
704 3054 793 3082 eibum

151 3098 332 3130 corporalem,
351 3097 448 3131 hospiti
465 3097 564 3124 debent
575 3097 729 3130 dispensare
741 3100 795 3131 spl-

152 3141 273 3168 rituaiem
302 3142 353 3168 366
379 3143 412 3168 26
431 3156 467 3161 -
490 3142 516 3168 in
542 3141 672 3168 conviviis
698 3142 796 3169 debent.

152 3185 297 3219 spiritualia
315 3185 397 3212 verba
417 3186 529 3213 miscere
546 3184 610 3212 ibid.

207 3243 246 3248 —·
261 3229 359 3256 debent
387 3231 475 3257 levare
503 3229 588 3263 capita
615 3236 664 3262 per
692 3230 796 3256 firmam

152 3273 389 3306 exspectationem,
408 3274 496 3301 levare
524 3273 614 3301 oculos
632 3280 680 3306 per
698 3274 795 3300 claram

150 3317 404 3349 considerationem,
432 3317 521 3344 levare
548 3324 641 3344 vocem
665 3324 713 3350 per
731 3317 797 3344 Scri·

261 3370 293 3398 S.
311 3371 417 3398 Bonae.
427 3383 463 3390 —
477 3370 555 3397 Tem.
567 3370 623 3397 Vll.

823 179 859 211 ΙΝ
883 177 1176 210 COMMENTARIOS
1199 177 1228 209 S.
1254 177 1479 210 SCRIPTURAE

829 269 921 299 pturac
940 265 1178 298 praedicationem,
1204 266 1292 290 levare
1319 273 1414 291 manus
1436 265 1469 290 ad

829 311 972 342 perfectam
992 309 1171 341 operationem
1192 309 1235 334 Vll
1256 309 1306 334 536
1323 309 1355 335 49
1368 323 1402 327 —
1416 309 1470 341 Spi-

829 353 960 379 ritualium
973 359 1024 378 non
1039 355 1138 378 tantum
1152 355 1192 378 est
1204 356 1362 385 exspectare,
1376 359 1469 378 verum

829 398 907 424 etiam
926 397 1053 423 exsultare
1071 399 1097 422 et
1115 397 1268 422 exsultando
1291 398 1399 423 laudare
1418 397 1470 423 604

829 442 863 467 66
883 455 918 461 —
943 442 1009 466 inter
1037 441 1109 466 viros
1136 441 1285 473 spirituales
1313 448 1366 467 non
1391 441 1471 467 debet

829 492 887 512 esse
906 485 1036 511 contendo
1055 485 1088 510 de
1107 485 1194 517 primo
1213 486 1289 516 loco,
1308 485 1353 511 sed
1374 485 1408 511 de
1427 492 1470 517 po-

829 533 927 555 stremo
947 528 999 554 245
1018 529 1051 554 89

883 587 917 592 -—
937 572 1118 605 despiciuntur
1147 575 1172 598 et
1200 572 1359 598 abiiciuntur
1377 572 1411 598 ab
1431 573 1471 598 his

828 617 875 650 qni
893 620 983 642 amant
1000 617 1130 642 mundum
1151 617 1192 642 Vll
1213 617 1265 642 247
1284 617 1318 642 97

882 676 917 680 -
937 661 1040 694 Quanto
1059 661 1167 693 spiritus
1192 661 1284 686 melior
1302 664 1342 686 est
1359 668 1472 693 corpore

828 708 854 731 et
872 705 958 737 magis
977 712 1037 731 care
1055 705 1217 737 diligendus,
1238 708 1308 731 tanto
1327 705 1470 738 spiritualia

829 750 937 775 meliora
964 752 1025 775 sunt
1053 749 1234 782 corporalibus
1261 753 1287 775 et
1311 750 1396 782 magis
1415 750 1472 775 diii-

829 794 916 825 genda
938 794 968 819 Vl
991 794 1039 820 153
1061 801 1086 819 v.
1113 795 1146 819 10
1174 808 1209 813 -
1234 794 1383 826 Spiritualia
1411 799 1472 821 sunt

829 837 969 864 liberaliter
998 838 1194 871 distribuenda,
1225 846 1278 864 non
1310 839 1472 871 negligenter

828 882 1015 908 abscondenda
1037 882 1078 908 Vtt
1100 882 1150 908 477
1171 883 1204 908 15

881 941 917 945 -
945 927 993 952 Per
1021 927 1261 959 multiplicationem
1296 928 1470 960 spIritualium

828 971 982 1003 pervenitur
1000 971 1034 997 ad
1053 978 1166 1003 regnum
1186 972 1296 998 caeleste
1311 973 1351 998 Vll
1372 972 1422 998 478
1437 973 1470 998 17

828 1028 863 1034 -
876 1015 945 1041 Bona
959 1015 1102 1048 spiritualia
1122 1016 1262 1041 commissa
1282 1016 1392 1042 fideliter
1410 1020 1471 1043 sunt

827 1058 978 1085 adhibenda
991 1062 1016 1085 et
1029 1059 1205 1092 dispensanda
1218 1060 1288 1086 iuxta
1307 1061 1469 1087 voluntatem

829 1103 873 1130 Dei
893 1102 956 1129 ibid.
977 1117 1012 1123 —-
1031 1104 1056 1130 ln
1071 1103 1244 1136 spiritualium
1259 1104 1392 1130 auditione
1405 1108 1471 1131 tem-

817 1143 927 1180 'poralia
946 1148 1137 1174 contemnenda
1158 1149 1189 1174 Vl
1209 1148 1260 1174 297
1282 1149 1314 1174 48

880 1205 916 1211 -
935 1191 1022 1217 Verba
1036 1199 1126 1219 sacrae
1140 1192 1289 1225 Scripturae
1302 1193 1470 1226 spiritualiter

828 1233 993 1268 intelligenda
1013 1240 1082 1268 sunt,
1102 1240 1130 1263 ut
1148 1237 1262 1270 prosint,
1288 1245 1340 1264 non
1364 1238 1470 1264 carnali·

828 1284 865 1306 ter
886 1281 918 1306 vt
939 1281 991 1306 336
1011 1281 1043 1307 99
1064 1295 1099 1301 -
1119 1282 1231 1314 Spiritus
1249 1282 1367 1308 vivificat
1385 1281 1447 1309 ibid.

881 1324 997 1351 ΞΡικιτυε
1009 1340 1044 1345 -
1059 1326 1127 1352 Deus
1140 1326 1247 1359 spiritus
1261 1330 1300 1353 est
1313 1327 1346 1352 Vl
1360 1327 1393 1352 89
1413 1334 1439 1352 ν.
1453 1328 1469 1353 5

827 1383 863 1389 -
892 1370 1005 1396 excludit
1039 1371 1193 1397 localitatem
1224 1375 1249 1397 ct
1279 1372 1469 1404 corpulentiam

828 1413 880 1439 295
900 1413 934 1438 38

880 1470 916 1477 -
935 1457 1043 1484 sanatus
1062 1461 1101 1484 est
1128 1459 1190 1485 unio
1219 1459 1300 1485 Patris
1319 1462 1345 1485 et
1363 1459 1417 1485 Filii
1438 1460 1469 1485 vl

829 1501 879 1527 470
900 1502 928 1527 11
953 1516 987 1521 —-
1006 1506 1045 1529 est
1063 1509 1138 1529 amor
1157 1503 1238 1529 Patris
1257 1506 1283 1529 et
1301 1504 1356 1529 Filii
1371 1503 1421 1529 476
1436 1503 1469 1529 45

827 1560 862 1564 -—
882 1546 994 1578 Spiritus
1004 1548 1084 1573 sancti
1096 1555 1170 1573 amor
1180 1548 1214 1573 ad
1225 1548 1327 1574 Patrem
1338 1551 1364 1574 et
1376 1548 1468 1574 Filium

827 1593 866 1616 est
875 1597 943 1623 pure
953 1590 1067 1623 debitus,
1080 1592 1142 1625 quia
1156 1595 1256 1618 tantum
1270 1592 1363 1624 recipit
1374 1592 1424 1618 450
1436 1593 1469 1618 18

879 1648 916 1655 -
933 1636 1093 1668 Principium
1114 1637 1226 1669 Spiritus
1244 1637 1327 1663 sancti
1344 1640 1384 1663 est
1395 1637 1470 1663 Pater

827 1682 853 1706 et
870 1680 948 1706 Filius
967 1681 1000 1706 Vl
1021 1680 1071 1707 459
1093 1681 1120 1706 21
1141 1695 1174 1699 -
1188 1688 1241 1706 non
1259 1681 1344 1707 solum
1364 1688 1471 1713 proces-

828 1725 901 1751 sione
920 1726 1071 1758 temporali,
1096 1725 1144 1751 sed
1172 1725 1250 1751 etiam
1278 1728 1384 1751 aeterna
1411 1733 1470 1758 pro-

828 1770 897 1796 cedit
915 1777 930 1795 a
959 1770 1021 1796 Filio
1050 1770 1095 1795 461
1126 1770 1158 1795 26
1177 1783 1214 1789 —-
1232 1770 1353 1802 procedit
1371 1777 1386 1796 a
1405 1771 1469 1796 Filio

827 1815 992 1840 aeternaliter
1011 1817 1036 1840 et
1049 1814 1227 1846 temporaliter
1239 1814 1349 1840 mittitur
1362 1814 1387 1840 in
1401 1822 1470 1841 crea.

828 1860 914 1883 turam
933 1857 996 1884 ibid.
1013 1871 1050 1876 —
1073 1857 1206 1890 quidquid
1234 1857 1313 1883 habet
1341 1858 1437 1890 accipit
1455 1865 1469 1884 a

828 1903 891 1929 Filio
913 1902 962 1928 459
987 1902 1030 1928 21.
1051 1901 1095 1927 461
1121 1902 1155 1927 26
1180 1915 1216 1921 —-
1240 1909 1294 1928 non
1319 1903 1415 1935 accipit
1436 1903 1470 1929 de

828 1934 908 1978 ndi-o,
927 1946 973 1972 sed
986 1953 1015 1972 se
1028 1946 1162 1978 accepisse
1175 1950 1304 1973 monstrat
1317 1947 1362 1973 461
1382 1948 1415 1973 26
1437 1962 1470 1966 --

828 1999 842 2017 a
863 1991 994 2023 Sapientia
1013 1990 1126 2016 increata
1141 1991 1261 2023 procedit
1275 1991 1325 2018 156
1340 2000 1366 2018 ν.
1380 1992 1422 2024 21,
1436 1993 1469 2018 22

827 2049 863 2055 -
873 2035 998 2067 Spiritum
1010 2038 1129 2061 sanctum
1144 2042 1202 2061 csse
1214 2036 1293 2061 etiam
1306 2036 1375 2067 Filii,
1389 2036 1471 2068 signi-

828 2080 888 2105 ficat
906 2079 1046 2105 insufflatio
1066 2079 1123 2106 cius
1142 2080 1193 2106 513
1212 2079 1244 2106 43
1264 2094 1300 2100 -
1319 2081 1437 2113 procedit
1456 2088 1471 2106 a

829 2125 902 2149 Patre
915 2127 940 2149 et
953 2123 1014 2149 Filio
1027 2124 1095 2150 sicut
1107 2124 1206 2156 digitus
1219 2131 1233 2150 a
1250 2132 1363 2157 corpore
1373 2128 1398 2151 et
1411 2125 1470 2150 bra-

828 2168 888 2194 chio
901 2170 927 2194 et
940 2170 978 2194 cst
991 2168 1024 2194 iiii
1042 2169 1219 2195 connaturalis
1229 2172 1255 2195 et
1267 2169 1472 2196 consubstantia-

828 2213 859 2238 lis
878 2213 922 2238 Vll
943 2213 994 2238 292
1015 2213 1047 2238 46
1063 2227 1098 2233 -
1111 2214 1207 2240 dicitur
1226 2214 1326 2246 digitus
1345 2214 1390 2240 Dei
1410 2213 1472 2240 ibid.

880 2271 917 2276 —
934 2257 1058 2284 clarificat
1077 2258 1184 2290 Filium,
1209 2259 1270 2292 quia
1291 2258 1325 2284 ab
1353 2266 1385 2284 eo
1411 2266 1472 2290 pro-

828 2301 898 2328 cedit
917 2301 950 2327 Vi
971 2301 1022 2328 459
1043 2303 1072 2328 21
1091 2316 1126 2322 -
1139 2303 1256 2329 enuntiat
1269 2303 1370 2334 Filium,
1390 2310 1404 2328 a
1417 2309 1471 2335 quo

829 2346 949 2378 procedit
967 2345 1002 2372 ib.
1026 2347 1059 2372 22
1078 2360 1114 2366 -
1142 2347 1322 2374 testimonium
1352 2346 1472 2380 perhibet

828 2390 863 2416 de
882 2390 1028 2416 innocentia
1042 2391 1137 2418 Christi
1152 2391 1203 2418 454
1216 2392 1250 2417 39
1264 2405 1300 2411 -
1322 2391 1371 2424 Qui
1394 2390 1473 2417 habet

829 2434 955 2467 Spiritum
976 2439 1096 2462 sanctum
1122 2443 1232 2463 securus
1256 2441 1309 2468 est,
1329 2439 1357 2462 ut
1376 2434 1472 2461 habeat

830 2479 931 2505 Patrem
952 2479 1003 2505 477
1024 2479 1057 2506 45

881 2537 918 2543 —-
936 2527 975 2550 cst
1002 2524 1110 2557 spiritus
1136 2524 1221 2551 bonus
1241 2524 1282 2550 Vll
1303 2525 1353 2550 288
1379 2524 1413 2550 35
1437 2538 1472 2542 ——

828 2568 924 2594 dicitur
942 2569 1062 2601 spiritus,
1076 2570 1244 2603 inquantum
1264 2568 1344 2595 vitam
1365 2568 1473 2601 inspirat

830 2613 861 2638 Vl
878 2613 927 2639 113
942 2621 969 2639 ν.
982 2614 998 2640 5
1011 2627 1047 2633 —
1059 2614 1154 2640 dicitur
1173 2616 1291 2645 sanctus,
1305 2613 1331 2639 in
1343 2616 1471 2646 quantum

829 2661 926 2690 purgat
945 2662 970 2685 et
989 2661 1100 2685 renovat
1118 2657 1180 2685 ibid.

882 2716 918 2722 —
936 2703 1080 2735 sapientiae
1094 2703 1190 2729 dicitur
1204 2702 1328 2734 mundus,
1342 2702 1404 2736 quia
1417 2702 1473 2728 siue

831 2748 955 2774 materiae
983 2748 1119 2774 feculentia
1148 2748 1181 2773 Vl
1211 2747 1262 2773 157
1282 2746 1300 2772 b
1319 2762 1355 2765 —
1372 2743 1473 2780 sa'pien-

830 2791 880 2817 tiae
907 2792 1003 2818 dicitur
1030 2792 1160 2824 mundus,
1190 2792 1252 2824 quia
1282 2792 1350 2818 lavat
1375 2798 1390 2817 a
1415 2798 1473 2824 pec-

830 2836 894 2862 catis
919 2836 1066 2868 praeteritis
1091 2839 1117 2862 et
1144 2839 1297 2868 praeservat
1322 2843 1336 2862 a
1364 2836 1472 2869 futuris,

829 2880 871 2906 vel
891 2881 953 2914 quia
972 2881 1000 2906 in
1028 2880 1158 2913 praesenti
1186 2884 1284 2912 purgat
1303 2887 1317 2906 a
1337 2880 1428 2913 culpa,
1448 2881 1473 2906 in

831 2925 918 2951 futuro
937 2931 951 2950 a
971 2931 1056 2957 poena
1082 2923 1143 2950 ibid.
1163 2937 1198 2943 —
1216 2924 1360 2956 sapientiae
1378 2925 1473 2950 dicitur

831 2968 1055 3001 incoinquinatus,
1073 2969 1135 3002 quia
1155 2975 1204 2994 nec
1223 2975 1238 2994 a
1257 2976 1286 2994 se
1305 2976 1352 2995 nec
1370 2968 1404 2994 ab
1422 2969 1473 2994 alio

831 3012 1025 3039 immunditiam
1054 3014 1210 3038 contrahere
1237 3015 1323 3045 petest
1350 3012 1414 3039 ibid.
1440 3026 1472 3031 -

832 3056 976 3082 sanctificat
994 3063 1042 3088 per
1060 3056 1271 3083 emendationem
1285 3057 1379 3089 culpae
1393 3056 1443 3082 156
1459 3063 1472 3081 a

885 3114 919 3119 —
937 3099 1081 3132 sapientiae
1093 3100 1189 3126 dicitur
1202 3100 1318 3132 subtilis,
1332 3100 1393 3134 quia
1408 3107 1472 3133 pura

834 3144 916 3170 forma
937 3144 969 3170 Vl
986 3143 1035 3170 157
1050 3143 1068 3170 b
1085 3157 1122 3164 —
1140 3144 1283 3177 sapientiae
1298 3144 1395 3170 dicitur
1414 3143 1473 3170 sub-

834 3187 898 3219 tilis,
911 3188 973 3221 quia
987 3188 1075 3214 omnia
1085 3190 1218 3220 penetrat,
1232 3188 1273 3214 vel
1286 3187 1347 3221 quia
1359 3187 1384 3213 ln
1397 3186 1474 3213 nobis

833 3234 957 3263 operatur
984 3231 1152 3258 subtilitatem
1181 3232 1289 3258 affectus
1316 3231 1405 3265 quoad
1429 3231 1473 3257 do-

833 3281 897 3300 num
925 3275 1082 3307 sapientiae,
1100 3279 1127 3302 et
1154 3275 1299 3301 intellectus
1323 3275 1412 3309 quoad
1429 3275 1473 3301 do-

834 3324 897 3344 num
916 3317 1101 3351 intelligentiae
1119 3318 1176 3345 sive
1195 3318 1338 3345 intellectus
1357 3317 1418 3345 ibid.
1437 3332 1472 3337 —

2082 177 2141 209 841

1807 221 1852 245 Sl‘l

1509 267 1547 289 est
1576 264 1676 290 subtilis
1705 265 1802 290 faciens
1829 267 1966 296 penetrare
1994 267 2093 291 occulta
2123 270 2147 291 et

1509 308 1699 340 perspicaciam
1720 308 1902 340 intelligentiae
1923 309 2051 341 praebens
2069 310 2118 335 156
2132 317 2145 335 a

1509 366 1543 370 —
1562 352 1607 377 dat
1626 352 1819 383 intelligentiam
1840 352 1899 378 ibid.

1562 409 1596 415 —
1615 399 1654 421 est
1672 396 1770 422 stabilis
1790 397 1815 422 in
1835 404 1863 422 se
1892 397 1924 423 Vl
1948 398 1996 423 157
2016 405 2029 422 a
2052 412 2084 416 —
2103 398 2148 424 dat

1508 439 1673 466 stabilitatem
1695 441 1719 465 in
1733 441 1808 466 donis
1822 441 1957 473 promissis
1975 441 2037 467 ibid.
2057 456 2091 461 —-
2110 447 2148 468 est

1510 483 1613 509 mobilis
1633 484 1659 509 in
1682 485 1786 517 activis,
1811 485 1910 510 stabilis
1939 486 1964 510 in
1993 487 2148 518 contempla-

1510 527 1570 553 tivis
1590 526 1651 553 ibid.
1671 542 1705 547 —
1731 532 1770 554 est
1787 528 1886 554 stabilis
1913 530 1937 554 in
1963 530 2074 560 Christo,
2094 538 2150 555 mo-

1511 571 1569 597 bilis
1589 572 1614 597 in
1634 572 1690 597 aliis
1703 573 1802 598 Sanctis
1822 573 1881 599 ibid.
1902 588 1936 592 —
1956 578 1994 599 est
2010 574 2109 599 stabilis
2123 575 2147 599 in

1510 615 1588 646 bono,
1617 620 1740 642 constans
1766 617 1790 642 in
1821 624 1892 649 vero,
1917 625 2026 643 securus
2045 626 2058 643 a
2081 620 2149 644 malo

1510 658 1570 685 ibid.
1599 674 1634 677 —
1661 667 1729 693 quos
1758 661 1883 687 inhabitat
1911 662 2016 688 stabiles
2045 663 2104 687 fas-it
2123 663 2147 688 in

1510 702 1593 735 bono,
1613 707 1699 729 certos
1712 704 1738 729 in
1752 712 1830 736 vero,
1850 712 1956 731 securos
1972 714 1986 730 a
2001 707 2069 732 malo
2088 706 2149 733 ibid.

1509 760 1545 765 -
1565 747 1675 774 mobiles
1694 749 1752 774 facit
1768 756 1815 780 per
1828 749 2004 775 obedientiam
2021 751 2071 776 156
2086 750 2102 775 b
2116 764 2150 769 —

1510 792 1565 823 agit
1583 798 1631 824 per
1651 792 1839 824 benignitatem
1862 794 1902 819 Vll
1923 794 1955 819 89
1977 795 1991 819 3
2006 808 2041 813 -
2054 795 2149 820 dicitur

1511 836 1636 868 circuire,
1657 837 1718 869 quia
1738 845 1786 863 nos
1806 838 1866 864 facit
1884 838 1995 864 circuire
2016 839 2047 863 Vi
2069 840 2100 865 13
2123 839 2139 864 b

1562 895 1598 899 ——
1617 881 1775 913 compatitur
1794 882 1869 908 nobis
1895 883 1927 908 Vl
1961 884 2008 908 157
2037 891 2051 909 a
2071 898 2105 903 --
2125 885 2151 909 li-

1509 924 1602 952 benter
1629 926 1653 951 in
1683 926 1834 952 hominibus
1854 926 1952 953 habitat
1977 927 2039 954 ibid.
2057 942 2093 948 —-
2112 933 2151 955 est

1509 969 1640 1003 benignus
1652 973 1677 996 et
1690 970 1803 997 liberalis
1817 972 1901 997 innata
1916 972 2075 1004 benignitate
2089 973 2150 999 ibid.

1509 1029 1544 1033 —
1562 1018 1602 1041 est
1629 1014 1761 1047 benignus
1789 1017 1857 1041 mala
1882 1017 2051 1049 remittendo,
2083 1017 2149 1043 bona

1509 1059 1607 1090 dando,
1625 1060 1658 1085 ad
1679 1060 1789 1092 patriam
1815 1061 1954 1092 dirigendo
1974 1061 2034 1088 ibid.
2060 1077 2093 1080 —
2113 1066 2151 1088 est

1509 1104 1662 1136 tranquillus
1684 1104 1745 1130 nihil
1768 1104 1868 1131 habens
1892 1106 2038 1137 asperitatis
2062 1107 2112 1132 156
2133 1106 2150 1132 b

1508 1161 1543 1167 —-
1572 1148 1679 1180 Spiritui
1704 1152 1794 1174 sancto
1822 1149 1971 1176 attribuitur
2003 1150 2150 1183 benignitas

1509 1192 1560 1217 160
1579 1199 1606 1217 v.
1627 1193 1636 1217 1
1661 1206 1696 1212 -
1714 1197 1753 1219 est
1772 1200 1865 1219 amans
1884 1194 1984 1220 bonum
2009 1195 2058 1220 156
2080 1195 2095 1220 b
2115 1209 2150 1214 —

1508 1235 1582 1262 iuvat
1600 1235 1755 1263 benefacere
1775 1236 1837 1263 ibid.

1562 1294 1597 1300 ——
1611 1284 1650 1306 est
1663 1280 1749 1307 bonus
1764 1281 1788 1307 in
1802 1285 1894 1307 natura
1906 1283 2026 1315 puritate,
2042 1284 2150 1309 veritate

1508 1328 1534 1351 et
1552 1326 1735 1358 tranquillitate
1755 1326 1787 1351 Vl
1808 1327 1858 1352 156
1880 1326 1896 1352 b
1916 1342 1951 1345 —
1969 1328 2074 1353 Bonitas
2094 1328 2150 1360 Spi-

1508 1370 1573 1395 ritus
1591 1370 1673 1396 sancti
1698 1371 1725 1395 in
1753 1371 1948 1403 comparatione
1977 1372 2010 1397 ad
2039 1380 2086 1398 nos
2112 1378 2151 1399 est

1507 1414 1672 1447 quadruplex
1691 1414 1754 1441 ibid.

1563 1474 1597 1478 -—
1616 1459 1672 1485 eius
1700 1467 1776 1485 amor
1803 1463 1873 1486 recte
1901 1467 1948 1492 per
1977 1461 2064 1492 ignem
2084 1462 2150 1488 desi-

1508 1506 1602 1535 gnatur
1622 1504 1664 1529 Vll
1690 1504 1723 1529 79
1751 1504 1785 1529 39
1804 1518 1839 1524 -
1858 1504 2022 1536 significatur
2041 1513 2088 1537 per
2108 1513 2149 1532 co-

1507 1547 1625 1574 lumbam
1652 1548 1684 1573 Vl
1710 1548 1762 1573 274
1790 1549 1824 1574 25
1850 1563 1884 1567 —-
1909 1553 1948 1575 est.
1972 1549 2101 1582 benignus
2125 1554 2150 1576 et

1508 1594 1657 1619 fructuosus
1676 1596 1701 1618 et
1720 1593 1776 1618 sine
1793 1593 1869 1624 doio,
1888 1594 1961 1626 quod
1989 1594 2151 1626 significatur

1509 1637 1534 1663 in
1553 1637 1674 1663 columba
1695 1638 1741 1663 261
1766 1638 1800 1663 70

1560 1695 1597 1701 -
1615 1685 1654 1708 est
1673 1682 1772 1708 donum
1793 1683 1953 1714 promissum
1969 1684 1994 1709 in
2009 1684 2150 1716 Scripturis

1509 1726 1552 1752 Vll
1581 1727 1632 1752 602
1652 1727 1681 1752 61
1707 1741 1740 1744 -
1768 1727 1794 1752 in
1822 1727 1919 1759 Spiritu
1948 1732 2037 1754 sancto
2062 1729 2150 1754 omnIa

1508 1770 1578 1797 dona
1596 1771 1726 1797 donantur
1745 1772 1795 1797 288
1817 1772 1850 1798 35
1869 1786 1905 1791 -
1924 1773 1972 1798 Per
1991 1780 2073 1799 unum
2094 1773 2151 1805 Spi-

1508 1815 1586 1841 ritum
1614 1815 1642 1841 tlt
1668 1816 1800 1842 distinctio
1827 1817 1958 1842 donorum
1987 1818 2038 1842 292
2059 1818 2091 1843 46
2115 1831 2150 1837 —

1509 1860 1621 1892 Spiritus
1639 1861 1723 1886 sancti
1741 1860 1841 1886 donum
1862 1868 1922 1887 cum
1946 1861 2090 1887 reverentia
2111 1865 2150 1886 est

1508 1904 1706 1936 suscipiendum
1727 1905 1778 1930 334
1799 1905 1831 1930 84
1860 1919 1895 1924 —
1919 1906 2015 1931 (licitur
2034 1905 2148 1936 donum,

1508 1949 1569 1982 quia
1589 1956 1639 1975 non
1659 1948 1739 1975 debet
1758 1949 1834 1975 vendi
1855 1950 1888 1975 Vl
1908 1950 1958 1975 292
1980 1950 2011 1974 18

1561 2007 1596 2013 -
1614 1993 1709 2020 dicitur
1728 1994 1811 2026 accipi
1837 1994 1878 2019 vel
1903 1993 1959 2019 dari
1979 2000 2031 2018 non
2051 1993 2149 2018 ratione

1508 2038 1648 2069 essentiae,
1667 2037 1714 2063 sed
1733 2038 1840 2063 effectus
1859 2037 1891 2062 Vl
1912 2036 1963 2062 5i4
1983 2037 2017 2062 50
2035 2050 2070 2056 -—
2089 2037 2150 2063 dici-

1509 2085 1551 2108 tur
1568 2082 1640 2114 dari,
1660 2082 1767 2115 quando
1786 2082 1880 2107 dantur
1900 2081 1969 2107 dona
1988 2088 2035 2107 sua
2050 2082 2100 2107 595
2115 2082 2148 2107 53

1509 2141 1542 2145 -
1563 2126 1694 2152 interdum
1714 2126 1777 2151 dicit
1801 2125 1931 2151 actionem
1961 2126 2072 2157 Spiritus
2097 2126 2148 2151 289

1511 2171 1543 2196 63
1562 2184 1598 2190 -
1617 2171 1689 2196 Dona
1704 2170 1815 2201 Spiritus
1834 2170 1916 2195 sancti
1936 2173 2063 2196 vocantur
2076 2170 2151 2202 spiri·

1510 2218 1551 2241 tus
1572 2214 1622 2240 157
1642 2213 1659 2239 b
1678 2228 1712 2233 —-
1732 2213 1848 2239 Flumina
1869 2214 1980 2246 Spiritus
2005 2215 2086 2240 sancti
2112 2214 2148 2240 di-

1511 2262 1606 2285 cuntur
1625 2259 1682 2284 cius
1701 2259 1770 2284 dona
1789 2262 1814 2284 et
1833 2259 1932 2290 gratiae
1951 2259 2003 2284 350
2023 2259 2056 2284 56

1563 2316 1598 2322 -
1617 2304 1728 2329 Effectus
1748 2303 1859 2335 Spiritus
1886 2303 1968 2329 sancti
1997 2304 2038 2329 vel
2066 2308 2104 2329 est
2124 2304 2150 2329 in

1510 2346 1587 2373 nobis
1605 2349 1631 2373 et
1650 2354 1699 2373 nos
1716 2347 1830 2380 respicit,
1850 2351 1878 2373 ut
1896 2354 1994 2379 amare,
2007 2349 2049 2373 vel
2069 2348 2150 2380 respi-

1510 2391 1544 2417 cit
1557 2391 1656 2424 aliquid
1669 2398 1749 2424 supra
1763 2399 1824 2422 nos,
1838 2392 1935 2418 scilicet
1949 2392 2096 2424 gratificare
2115 2392 2148 2418 Vt

1512 2435 1562 2461 443
1583 2436 1616 2461 37
1635 2450 1670 2455 -
1683 2436 1728 2462 dat
1741 2437 1898 2468 multiplices
1911 2436 2008 2469 gratias
2025 2437 2072 2462 156
2087 2444 2100 2462 a
2115 2451 2151 2456 —

1511 2480 1556 2506 dat
1574 2481 1662 2506 omnia
1682 2481 1752 2506 dona
1773 2481 1821 2506 l57
1843 2481 1860 2507 b
1878 2495 1915 2501 —
1928 2482 1972 2507 dat
1985 2482 2094 2514 gratiam
2108 2482 2150 2508 cui

1510 2525 1567 2551 vult
1586 2525 1637 2550 280
1665 2525 1697 2550 13
1717 2539 1752 2543 -
1771 2528 1810 2551 est
1830 2526 1855 2551 in
1875 2525 1952 2551 nobis
1971 2533 2018 2558 per
2038 2526 2149 2558 gratiam

1512 2570 1727 2602 praevenientem
1747 2573 1773 2596 et
1791 2570 1997 2604 subsequentem
2018 2570 2064 2596 441
2089 2571 2122 2596 26

1564 2629 1599 2633 -
1618 2614 1695 2641 datur
1715 2615 1741 2640 in
1761 2615 1858 2647 pignus
1876 2615 2025 2647 adoptionis
2046 2614 2077 2640 Vl
2099 2615 2149 2640 477

1512 2658 1545 2684 45
1564 2672 1599 2678 —
1617 2659 1695 2685 datus
1714 2659 1738 2685 in
1758 2660 1855 2692 pignus
1868 2659 2018 2685 hereditatis
2030 2662 2151 2685 aeternae

1510 2708 1549 2730 est
1567 2704 1715 2730 consolator
1733 2711 1781 2736 spe
1801 2704 1893 2730 veniae
1912 2704 1963 2729 443
1984 2704 2017 2729 36
2037 2717 2072 2722 -
2094 2710 2152 2735 pro-

1512 2748 1608 2775 missus
1635 2751 1674 2775 est
1699 2749 1724 2774 in
1750 2749 1922 2778 advocatum,
1942 2748 1969 2773 in
1997 2747 2097 2773 socium
2117 2747 2151 2773 ad

1511 2793 1632 2819 solatium
1651 2795 1677 2818 et
1696 2793 1721 2818 in
1740 2793 1896 2824 magistrum
1916 2792 1967 2817 602
1988 2792 1997 2816 1

1564 2851 1599 2855 -
1618 2840 1658 2863 est
1676 2836 1821 2862 advocatus
1840 2839 1967 2869 quantum
1981 2835 2016 2861 ad
2034 2836 2150 2862 cilicium

1513 2881 1543 2906 Vl
1566 2880 1615 2906 443
1636 2881 1669 2906 36
1682 2895 1717 2899 -
1730 2881 1875 2906 advocatus
1888 2883 1927 2905 est
1939 2880 1973 2905 ad
1992 2880 2151 2912 proloquen-

1511 2924 1575 2950 dum
1596 2931 1644 2956 pro
1665 2924 1741 2950 nobis
1760 2928 1785 2949 et
1813 2924 1838 2949 in
1858 2923 1934 2949 nobis
1953 2924 2004 2949 603
2025 2924 2040 2949 3
2059 2937 2094 2943 —
2112 2927 2152 2949 est

1511 2968 1656 2994 advocatus
1675 2968 1701 2993 in
1726 2971 1862 2993 aeternum
1883 2967 1928 2993 411
1955 2968 1988 2993 25
2007 2981 2043 2987 —
2061 2972 2089 2993 ut
2108 2968 2152 2993 ad-

1514 3015 1623 3038 vocatus
1643 3012 1767 3043 postulat,
1788 3011 1930 3043 respondet
1958 3015 1983 3037 et.
2010 3012 2150 3037 adversam

1512 3058 1613 3087 partem
1633 3055 1720 3088 arguit
1740 3055 1790 3081 413
1811 3056 1843 3081 36

1564 3112 1599 3119 —
1618 3100 1734 3125 animam
1753 3100 1870 3125 vivificat
1897 3106 1945 3126 suo
1971 3099 2051 3126 modo
2079 3100 2151 3131 spiri-

1512 3143 1587 3175 tuali,
1606 3143 1674 3170 sicut
1703 3144 1809 3176 spiritus
1837 3145 1969 3170 humanus
1993 3151 2042 3169 suo
2070 3144 2150 3169 modo

1511 3187 1619 3213 naturali
1639 3188 1756 3214 vivificat
1773 3195 1871 3220 cerpus
1890 3187 1922 3213 Vl
1937 3187 1988 3213 542
2003 3188 2018 3213 2
2031 3201 2067 3207 -
2080 3188 2151 3213 solus

1510 3232 1594 3264 replet
1612 3232 1714 3257 animae
1733 3232 1904 3264 capacitatem
1923 3231 1966 3257 Vll
1988 3231 2020 3256 17
2039 3231 2073 3257 25

1562 3288 1599 3294 -
1617 3275 1695 3301 datur
1713 3274 1863 3308 petentibus
1887 3279 1913 3301 et
1940 3274 2151 3301 desiderantibus

1511 3319 1554 3345 vlt
1568 3319 1618 3344 288
1633 3319 1666 3345 35
1679 3333 1714 3339 -
1728 3319 1767 3345 Ad
1781 3319 1905 3352 Spiritum
1920 3319 2024 3344 Domini
2038 3319 2151 3351 suspirat

2099 3372 2148 3397 106
