2476 3921
215 1090 299 1116 Figura.

169 1567 257 1594 impleta
271 1567 304 1587 est

178 1594 243 1620 figura
258 1598 302 1614 ser-

184 1620 253 1647 pontis
268 1621 289 1640 et.

175 1646 294 1674 prophetia.

318 306 381 339 576

316 394 392 427 dicit
425 393 630 434 Hieronymus
648 393 672 431 1,
708 391 803 423 Adam
828 390 971 432 sepultus
1008 391 1054 421 est
1078 388 1109 421 in
1132 388 1276 426 Hebron,

318 446 583 490 quemadmodum
606 445 723 478 dieitur
748 445 836 477 Iosue
859 443 980 476 decimo
1003 445 1127 485 quarto.
1152 441 1275 474 Dicitur

318 509 394 542 ergo
417 500 506 532 locus
524 498 720 537 Calvariae,
745 497 820 540 quia
843 496 885 529 ibi
909 495 1150 529 continebantur
1174 494 1276 527 calva-

319 554 383 586 riae
406 553 644 591 damnatorum,
669 551 724 594 qui
748 551 790 583 ibi
814 549 1050 583 decollabantur
1082 551 1113 581 et
1144 556 1275 589 suspen-

318 606 483 639 debantur.
508 605 581 637 Erat
604 608 710 637 autem
734 604 786 637 hic
803 604 890 636 locus
906 605 999 635 extra
1016 601 1184 639 civitatem,
1201 600 1276 642 quia

319 659 512 693 consuetudo
547 659 624 691 haec
658 657 787 690 inolevit
822 657 861 690 ab
892 656 1039 698 antiqu0‚
1072 658 1108 687 ut
1143 653 1275 687 malefici

319 716 412 746 extra
435 716 538 745 castra
554 712 791 749 occiderentur;
809 709 935 743 Levitici
952 708 1102 750 vigesimo
1119 709 1234 750 quarto
1246 707 1274 738 2:

324 780 340 795 «
358 766 441 799 Educ
464 765 684 807 blasphemum
716 767 810 797 extra
841 765 961 801 castra,
993 765 1024 794 et
1055 761 1172 803 lapidet
1202 768 1276 792 eum

318 819 568 861 omnisfpopulus
580 832 610 850 2».
629 817 718 859 Quod
731 817 825 849 fiebat
842 819 971 858 propter
984 814 1208 857 spectaculum,
1222 812 1277 846 sed

319 881 403 905 3330
426 872 485 904 suit
508 875 638 913 propter
666 870 872 912 mysterium,
896 872 932 902 ut
955 868 1167 910 significetur,
1192 865 1277 908 quod

319 925 368 958 his
392 925 445 967 qui
469 928 559 957 erant
582 927 675 956 extra
707 923 893 960 Ierusalem,
919 921 1036 963 profuit
1061 920 1163 962 passio
1186 919 1277 951 Chri-

319 979 375 1017 sti;
400 978 483 1011 unde
506 977 544 1010 ad
568 977 723 1010 Hebraeos
747 975 901 1008 ultim0³:
932 974 1063 1013 «Iesus,
1087 972 1277 1005 3153301111-

320 1034 405 1063 caret
429 1040 486 1072 per
510 1039 603 1063 suum
627 1029 811 1071 sanguinem
837 1027 1007 1070 populum,
1032 1030 1125 1059 extra
1152 1028 1276 1067 portam

319 1092 430 1125 passus
453 1087 499 1115 est
516 1096 546 1114 n.
572 1082 641 1114 Fuit
664 1085 768 1114 autem
794 1081 853 1113 ista
875 1080 1000 1113 eductio
1016 1079 1229 1121 praefigurata
1245 1078 1276 1110 in

319 1136 483 1169 eductione
506 1135 598 1174 Abel,
622 1134 749 1167 Genesis
773 1134 927 1176 quarto43
945 1133 976 1165 in
1001 1132 1167 1165 eductione
1183 1131 1277 1170 Isaac,

317 1189 445 1222 Genesis
468 1188 618 1230 vigesimo
642 1187 793 1226 secund03
818 1187 850 1219 in
874 1186 1039 1219 eductione
1068 1185 1196 1227 loseph,
1220 1184 1278 1217 Ge-

317 1242 401 1275 nesis
425 1241 586 1284 trigesimo
610 1241 760 1283 septimo;
785 1241 816 1273 in
841 1239 1019 1282 egressione
1042 1238 1140 1272 David
1167 1238 1206 1271 de
1233 1238 1278 1270 Ie-

317 1296 473 1334 rusalem,
499 1294 627 1328 secundi
653 1294 769 1336 Regum
787 1293 907 1326 decimo
930 1293 1050 1335 quinto.
1080 1292 1113 1324 ln
1133 1291 1193 1324 hoc
1221 1291 1278 1333 igi-

317 1351 371 1381 tur
395 1349 463 1381 loco
486 1356 660 1390 poenarum
684 1346 885 1379 acerbissima
908 1354 1009 1387 poena
1032 1344 1136 1377 crucis
1153 1344 1279 1377 crucifi-

319 1411 382 1434 xus
417 1404 481 1440 est,
517 1400 692 1434 secundum
729 1399 806 1432 illud
846 1399 1015 1431 Zachariae
1047 1397 1277 1431 duodecimo⁵:

323 1468 339 1483 «ι
356 1454 511 1496 Aspicient
534 1454 572 1486 ad
596 1463 664 1492 me,
682 1462 777 1496 quem
795 1452 998 1485 confixerunt
1014 1464 1045 1490 »3
1062 1454 1093 1484 et
1110 1450 1279 1484 Malachiae

319 1508 429 1541 tertio:
459 1520 475 1536 «ε
492 1508 522 1540 Si
546 1507 651 1549 affiget
676 1507 769 1539 homo
793 1506 908 1544 Deum,
933 1505 1008 1547 quia
1039 1513 1094 1537 vos
1125 1504 1279 1546 configitis

320 1570 370 1594 me
387 1564 424 1593 »ἵ
447 1579 491 1584 -
515 1561 603 1593 Τ330
627 1560 755 1602 11331013
780 1563 828 1605 051
852 1559 955 1601 figura
977 1558 1016 1591 de
1048 1560 1193 1600 serpente
1225 1567 1279 1591 su-

321 1623 433 1656 spenso
456 1614 487 1646 in
512 1614 598 1656 palo,
624 1614 835 1646 Numerorum
859 1611 1010 1654 vigesimo
1034 1611 1180 1653 primo⁶;
1203 1614 1279 1644 tunc

321 1667 486 1709 impletum
517 1669 563 1699 est
587 1666 665 1699 illud
701 1664 933 1698 Deuteronomii
972 1664 1119 1706 vigesimo
1150 1667 1277 1696 octavo:

326 1734 341 1750 <r
359 1721 424 1753 Erit
446 1721 511 1752 vita
533 1723 588 1752 133
619 1719 710 1762 quasi
741 1719 880 1761 pendens
902 1721 974 1751 ante
1007 1721 1036 1750 te
1052 1731 1083 1750 ».
1109 1718 1197 1750 Tunc
1221 1717 1279 1749 im-

321 1775 404 1817 pleta
426 1777 474 1807 est
497 1773 662 1816 prophetia
685 1773 783 1805 David
798 1772 827 1804 ⁷:
857 1785 873 1801 «
889 1772 1047 1804 Foderunt
1063 1780 1176 1804 manus
1192 1780 1279 1804 ineas

321 1831 352 1861 et
375 1827 470 1870 pedes
493 1836 579 1860 meos
592 1839 622 1865 »;
647 1830 723 1859 tunc
758 1826 886 1867 impleta
917 1828 964 1858 est
998 1824 1164 1866 prophetia
1199 1825 1278 1857 Iere-

322 1881 402 1913 miae
426 1880 610 1913 undecimo:
641 1892 655 1908 «
668 1879 828 1911 Mittamus
844 1878 964 1920 lignum
988 1877 1020 1910 in
1036 1886 1149 1919 panem
1166 1877 1234 1910 eius
1246 1889 1278 1917 n;

323 1937 353 1966 et
376 1933 453 1966 illud
477 1933 613 1966 Danielis
637 1941 737 1965 nono:
767 1944 782 1960 «
801 1932 836 1964 Et
859 1934 929 1973 post
953 1930 1164 1963 hebdomadas
1187 1940 1278 1964 sexa-

322 1987 408 2029 ginta
431 1986 509 2019 duas
539 1985 700 2018 occidetur
735 1985 880 2017 Christus
896 1996 927 2023 »;
953 1987 1028 2016 tunc
1060 1987 1091 2017 et
1114 1984 1280 2026 prophetia

321 2039 490 2072 Zachariae
512 2038 633 2072 decimo
658 2038 794 2071 tertioss:
825 2051 840 2067 «
856 2037 937 2079 Quid
969 2040 1043 2070 sunt
1070 2037 1179 2079 plagae
1202 2037 1279 2070 istae

320 2093 351 2126 in
376 2093 477 2126 medio
509 2101 660 2125 manuum
696 2095 826 2125 tuarum
841 2094 877 2123 »?
902 2094 977 2124 tunc
1008 2094 1039 2123 et
1074 2091 1151 2123 illud
1184 2091 1279 2124 Isaiae

320 2146 580 2188 quinquagesimo
614 2145 727 2178 tertio:
765 2158 780 2173 α
798 2145 883 2178 Sicut
915 2145 982 2177 ovis
1016 2144 1055 2177 ad
1090 2143 1278 2177 occisionem

319 2199 500 2232 ducetur».
536 2199 624 2231 Τ330
655 2198 782 2240 impleta
811 2200 885 2231 sunt
916 2198 1020 2230 omnia
1053 2197 1213 2240 praedicta
1240 2197 1279 2230 de

320 2251 463 2294 passione
485 2251 618 2291 Christi;
643 2251 726 2284 unde
750 2260 848 2294 supra
863 2251 983 2284 decimo
999 2250 1148 2284 octavo⁹z
1171 2250 1278 2283 «Con-

320 2444 431 2470 Hebraei
451 2444 598 2476 disputant,
617 2444 787 2476 sepulturam.
801 2444 970 2475 Congruebat
987 2445 1101 2477 quippe,
1121 2448 1149 2471 ut
1161 2445 1198 2471 ibi
1211 2445 1281 2471 vitae

321 2492 425 2513 nostrae
439 2488 568 2519 primitiae
582 2488 741 2518 locarentur,
757 2487 801 2513 uhi
816 2489 916 2513 fuerant
929 2489 1020 2514 mortis
1034 2489 1139 2514 exordia
1154 2499 1178 2514 n.
1193 2490 1281 2515 Poste-

320 2533 416 2558 riorem
437 2532 634 2563 explicationem
655 2532 785 2557 insinuant
803 2533 880 2557 etiam
901 2533 1015 2565 Origen.,
1035 2533 1181 2559 Comment.
1195 2534 1280 2559 Series

322 2578 346 2602 iu
367 2578 453 2602 Matth.
472 2577 520 2607 27,
540 2577 582 2602 32.
603 2583 628 2601 n.
653 2577 714 2607 126,
736 2577 863 2608 Epiphan.
884 2578 901 2602 l.
915 2578 1042 2603 adversus
1056 2578 1162 2604 Ilaeres.
1179 2579 1278 2603 haeres.

322 2621 364 2647 46.
384 2629 408 2646 n.
429 2622 459 2652 55
478 2620 620 2653 chrysost,
639 2621 733 2646 Homil.
755 2621 797 2646 85.
818 2621 892 2653 (alias
912 2621 964 2654 84.)
986 2622 1008 2647 in
1030 2622 1097 2647 loan.
1117 2629 1144 2647 n.
1165 2623 1196 2652 1;
1215 2622 1280 2648 Ter-

322 2666 384 2697 tull.,
403 2666 429 2691 ll.
449 2665 600 2691 Carminum
621 2668 709 2690 contra
730 2665 887 2691 Marcionem
917 2665 1042 2697 (append.
1067 2666 1101 2698 t.)
1123 2674 1145 2692 e.
1167 2666 1191 2692 4.
1211 2667 1278 2692 circa

322 2710 414 2741 ssnem3
435 2710 553 2740 August,
573 2710 658 2734 Serm.
676 2710 700 2734 6.
722 2709 759 2741 (in
785 2710 897 2741 append.
922 2710 985 2735 alias
1003 2709 1047 2735 71.
1076 2710 1110 2735 (le
1135 2710 1278 2743 Tempore)

322 2761 347 2778 n.
366 2754 391 2778 5.
409 2766 444 2771 —
464 2752 527 2784 Quis
547 2753 622 2778 suerit
642 2753 679 2778 sic
699 2753 784 2778 dictus
804 2752 1016 2785 Ambroszizstw,
1036 2760 1088 2779 non
1108 2757 1216 2779 constat.

394 2796 402 2810 ¹
424 2796 493 2822 Libr.
511 2797 554 2821 IV.
573 2796 718 2822 Comment.
740 2797 764 2822 in
794 2797 879 2822 Matth.
909 2797 955 2828 27,
977 2798 1019 2822 33.
1038 2800 1064 2822 et
1084 2798 1125 2822 38.
1146 2799 1183 2823 lll.
1203 2797 1279 2824 Com·

321 2844 401 2867 ment.
423 2841 447 2866 in
467 2841 546 2872 Epist.
565 2841 597 2866 ad
617 2842 681 2872 Eph.
702 2842 732 2872 5,
754 2841 794 2866 14.
813 2854 848 2860 -
868 2841 991 2873 Sequitur
1011 2842 1085 2866 losue
1105 2842 1280 2872 Μ,15;Νο-

322 2892 382 2911 men
411 2885 517 2910 Hebron
536 2888 594 2910 ante
622 2884 766 2911 vocabatur
795 2884 897 2910 Cariath
926 2885 1008 2917 Arbe3
1038 2886 1121 2911 Adam
1151 2886 1280 2912 maximus

322 2930 357 2955 ibi
376 2930 442 2955 inter
461 2930 565 2955 Enacirn
586 2930 650 2955 situs
668 2933 715 2955 est.
728 2929 779 2956 cfr.
793 2930 906 2960 Hieron„
920 2929 975 2955 Lib,
989 2930 1023 2955 de
1043 2930 1097 2955 Situ
1110 2933 1135 2955 01
1151 2930 1277 2956 nominib.

321 2974 401 2999 locor.
421 2973 539 2999 llcbraic.
559 2974 592 3000 de
621 2975 684 3000 Gen.
713 2973 763 2999 sub
782 2975 888 2999 nomine
915 2973 1030 3000 Arboc...
1050 2974 1075 3000 id
1094 2977 1133 3000 est
1152 2978 1279 3007 quatuor,

321 3025 353 3044 eo
372 3019 444 3051 quod
463 3018 499 3044 ibi
519 3022 570 3044 tres
589 3019 764 3049 Patriarchae‚
784 3018 928 3050 Abraham,
949 3020 1018 3044 15330
1037 3022 1062 3044 01
1081 3018 1172 3050 Iacob,
1186 3019 1279 3051 sepulti

321 3066 382 3088 sunt
400 3065 425 3088 et
443 3063 526 3088 Adam
547 3063 690 3095 maximus,
710 3066 737 3088 nt
766 3063 790 3088 ir.
819 3064 877 3089 lesu
906 3062 971 3089 libro
997 3063 1123 3095 scriptum
1149 3067 1202 3094 est,
1223 3064 1281 3089 licet

321 3112 382 3131 eum
403 3106 511 3138 quidam
531 3107 646 3138 positum
666 3107 691 3131 in
713 3107 769 3132 loco
783 3106 917 3132 Calvariae
931 3107 1104 3138 suspicentur.
1126 3107 1205 3139 Epist.
1220 3108 1280 3133 108.

323 3150 396 3182 (31135
415 3150 467 3182 27.)
488 3157 513 3175 n.
535 3151 576 3175 11.
597 3154 681 3183 notat,
711 3151 783 3183 quod
806 3161 818 3174 α
832 3151 952 3184 plerique
980 3150 1058 3177 Caleb
1083 3154 1205 3184 quartum
1235 3158 1281 3183 pu-

322 3197 389 3226 tent,
409 3195 484 3220 cuius
509 3201 541 3221 ex
568 3196 647 3220 latere
676 3196 802 3221 memoria
831 3199 990 3221 monstratur
1005 3206 1029 3221 n.
1048 3197 1073 3221 ln
1099 3200 1159 3221 nota
1179 3196 1279 3221 adiecta

322 3239 431 3264 Maurini
452 3239 597 3265 insinuant:
618 3240 690 3272 Quae
710 3245 795 3265 tamon
815 3239 910 3274 [verba
941 3241 1015 3266 losue
1044 3241 1090 3272 ¹14,
1117 3240 1164 3265 ⁴5:
1192 3240 1280 3266 Adam

322 3283 461 3309 mamimus
481 3283 543 3317 etc.]
563 3284 759 3310 1103Λά331313
773 3287 986 3317 protoparentem
1004 3283 1106 3315 notant,
1125 3284 1171 3310 scd
1192 3281 1281 3312 ἁπλῶς

323 3327 354 3361 [i.
374 3335 396 3353 e.
417 3328 579 3361 simpliciter]
601 3329 733 3354 hominem
755 3328 810 3362 (qui
830 3328 918 3355 Adam
932 3328 1058 3354 liebraice
1083 3329 1188 3361 dicitur)
1209 3335 1281 3360 prae-

323 3372 449 3403 grandem
470 3376 495 3397 et
508 3372 708 3398 celeberrimum
722 3376 770 3398 etc.
786 3372 836 3399 Csr.
850 3376 914 3398 tom.
928 3373 970 3398 Vl.
983 3380 1044 3405 pag.
1060 3372 1120 3403 495,
1139 3376 1199 3398 nota
1220 3373 1262 3398 10.

393 3415 403 3430 ²
424 3417 498 3442 vers.
522 3417 561 3441 14.

394 3460 404 3474 ³
425 3461 500 3487 Vers.
525 3462 566 3486 12.
586 3475 621 3481 -
641 3462 723 3494 Beda,
744 3462 786 3488 IV.
805 3462 830 3487 in
851 3462 938 3488 Mattli.
959 3462 1005 3493 27,
1026 3462 1073 3488 33:
1092 3463 1119 3487 Et
1140 3465 1279 3494 propterea

886 300 1079 334 COMMENT.
1105 299 1142 332 ΙΝ
1165 298 1403 332 EVANGELlUM
1428 297 1545 331 LUCAE
1569 297 1601 329 C.
1626 296 1725 330 XXllI.

1341 386 1587 419 summabuntur
1610 385 1728 424 omnia,
1752 393 1834 427 quae
1858 384 1974 426 scripta
1998 386 2072 417 sunt
2087 392 2144 426 per
2160 383 2296 425 Prophe-

1341 431 1396 472 tas‘
1411 439 1450 472 de
1472 439 1547 471 Filio
1571 438 1707 471 hominis
1724 451 1754 470 22.

1430 492 1483 524 40.
1507 492 1586 524 Haec
1610 494 1715 524 autem
1739 493 1808 523 erat
1831 499 1931 532 poena
1954 490 2130 529 latronum;
2155 489 2225 523 ideo
2244 489 2298 522 ad-

1340 545 1397 578 dit:
1425 546 1465 577 Et
1488 544 1652 583 latrones,
1676 553 1785 576 unum
1808 553 1831 576 a
1854 543 1982 576 dextris
2010 546 2039 575 et
2069 543 2212 575 alteram
2225 543 2253 562 ¹⁰
2276 552 2299 575 a

1339 598 1504 636 sinistris;
1527 597 1612 640 quod
1628 597 1744 630 factum
1761 599 1808 630 est
1824 605 1886 629 non
1903 596 2005 629 solum
2021 596 2052 628 in
2070 595 2298 639 opprobrium,

1340 660 1451 685 verum
1475 651 1569 684 etiam
1592 651 1657 683 Deo
1679 650 1881 692 disponente,
1898 649 1930 682 in
1946 652 2100 681 nostrum
2124 649 2299 682 documen-

1341 708 1422 737 tum.
1446 705 1522 737 Nam
1546 713 1602 746 per
1626 704 1711 737 duos
1743 703 1892 736 latrones
1915 702 2136 744 intelliguntur
2164 712 2245 735 earo
2269 705 2301 736 et

1340 758 1506 796 mundus,
1531 758 1585 800 qui
1610 760 1684 790 sunt
1718 755 1940 798 crucifigendi,
1971 755 2010 788 ad
2034 756 2094 788 hoc
2117 755 2202 798 quod
2232 755 2301 798 spi-

1340 813 1429 844 ritus
1451 815 1562 844 noster
1585 811 1616 843 in
1641 819 1736 844 cruce
1761 810 1890 842 Domino
1914 808 2296 848 offeratur,sicut1esus.

1341 864 1558 907 crucifigenda
1581 867 1629 897 est
1652 873 1733 897 caro
1757 863 1838 896 51031
1862 863 1973 895 deoeter
1998 862 2101 902 latro,
2126 862 2301 895 secundum

1341 918 1419 951 illud
1442 917 1481 950 ad
1504 917 1627 950 Galatas
1650 917 1819 960 quinto¹¹:
1848 930 1864 945 (ι
1882 916 1940 958 Qui
1965 920 2072 949 autem
2094 920 2168 949 sunt
2184 916 2300 955 Christi

1342 979 1469 1003 carnem
1492 979 1582 1002 suam
1606 969 1865 1002 crucifixerunt»
1895 972 1969 1007 etc.;
1995 969 2142 1001 mundus
2157 971 2195 1001 31
2215 968 2301 1001 latro

1341 1023 1492 1061 sinistam
1516 1022 1554 1055 ad
1578 1022 1701 1055 Galatas
1724 1022 1855 1055 ultimo:
1885 1022 1987 1055 «Mihi
2012 1022 2151 1055 mundus
2174 1021 2300 1055 erucifi-

1342 1086 1405 1110 xus
1428 1080 1491 1116 est,
1515 1080 1546 1109 et
1570 1085 1627 1118 ego
1651 1076 1769 1109 mundo
1785 1090 1815 1108 ».
1841 1076 1878 1109 Et
1902 1079 1978 1109 tunc
1993 1075 2135 1118 spiritus
2151 1075 2183 1108 in
2199 1075 2302 1108 medio

1342 1129 1540 1172 crucifigitur
1564 1139 1637 1162 cum
1660 1129 1802 1168 Christo,
1827 1132 1864 1162 ut
1894 1129 1977 1162 dicat
1999 1138 2072 1162 cum
2095 1129 2240 1171 Apostolo
2262 1128 2302 1161 ad

1341 1183 1465 1216 Galatas
1501 1182 1696 1215 secundom:
1726 1195 1742 1211 «
1758 1182 1883 1215 Christo
1917 1182 2065 1220 confixus
2097 1191 2168 1215 sum
2203 1182 2301 1215 cruci.

1342 1236 1420 1269 Vivo
1443 1240 1564 1274 autem,
1589 1236 1651 1268 iam
1674 1245 1737 1269 non
1769 1245 1844 1278 ego,
1874 1236 1951 1269 vivit
1974 1245 2050 1269 vero
2073 1235 2106 1268 13
2137 1244 2189 1268 me
2212 1235 2302 1268 Chri-

2317 496 2387 518 Poena
2397 490 2464 527 laum}

2357 529 2413 545 num-

2318 708 2396 739 Senqus
2409 714 2450 737 my·
2462 698 2463 703 ¹

2344 737 2416 757 311038.

1342 1292 1411 1323 5135
1426 1302 1457 1321 ».
1483 1308 1524 1313 -
1549 1289 1601 1322 Est
1624 1292 1731 1322 autem
1754 1298 1836 1322 crux
1854 1289 1970 1321 earnis
1994 1289 2080 1331 rigor
2103 1288 2301 1331 disciplinae,
2326 1292 2443 1324 0941313·

2316 1320 2371 1341 cluis
2384 1319 2450 1342 crucis

1343 1343 1434 1377 cuius
1458 1346 1596 1385 quatuor
1620 1345 1694 1376 sunt
1726 1342 1873 1382 brachia,
1898 1342 2016 1376 seilicet
2038 1342 2176 1385 viqilia,
2201 1342 2302 1375 absti-
2313 1346 2453 1377 <mim-¹¹³-

1342 1396 1474 1436 nentia,
1499 1396 1665 1438 asperitas
1688 1396 1828 1429 vestium
1852 1399 1883 1429 01
1906 1396 2086 1439 disciplina
2116 1396 2300 1430 verberum.

1344 1468 1385 1474 —
1409 1450 1498 1482 Crux
1522 1453 1643 1489 autem,
1660 1458 1723 1492 qua
1739 1450 1888 1482 mandas
1912 1448 2143 1492 eruciftyitur,
2161 1452 2209 1482 est
2224 1458 2303 1491 pau-

1343 1506 1449 1545 pertas
1473 1502 1605 1545 spiritus
1619 1503 1656 1542 ¹³,
1674 1503 1766 1541 cuius
1781 1505 1920 1545 quatuor
1937 1506 2010 1535 sunt
2026 1502 2167 1542 brachia,
2184 1502 2303 1536 scilicet

1343 1560 1545 1599 contemptus
1567 1556 1712 1599 9ἰονὶαε,
1733 1556 1914 1598 pecuniae,
1936 1556 2072 1599 patriae
2095 1559 2126 1589 et
2149 1559 2304 1599 parente-

1344 1609 1403 1642 lae.
1428 1629 1473 1634 —-
1495 1610 1585 1642 Crux
1608 1609 1751 1652 spiritus
1782 1612 1830 1642 est
1860 1609 1967 1643 fervor
1989 1609 2181 1649 devotionis,
2213 1609 2305 1653 cuius

1343 1663 1436 1696 etiam
1461 1666 1599 1705 quatuor
1623 1666 1698 1696 sunt
1720 1663 1868 1702 brachia,
1893 1662 2012 1696 scilicet
2034 1672 2108 1705 spes
2132 1666 2163 1696 01
2186 1672 2303 1702 amor,

1343 1715 1443 1748 tim-or
1466 1719 1498 1749 et
1520 1715 1633 1748 dolor.-
1657 1725 1730 1758 spes
1747 1725 1894 1755 sursum,
1912 1716 2012 1748 timor
2028 1715 2190 1755 deorsum,
2207 1725 2305 1748 amer

1342 1778 1361 1802 a
1383 1769 1506 1802 dextris
1529 1772 1560 1802 et
1583 1769 1677 1802 dolor
1700 1778 1718 1802 a
1741 1769 1886 1802 sinistris.
1913 1769 1948 1802 Et
1971 1769 2010 1802 de
2034 1769 2084 1802 his
2099 1769 2138 1802 ad
2154 1768 2304 1812 Ephesios

1343 1822 1436 1856 tertio
1450 1823 1490 1855 14:
1520 1835 1537 1851 <c
1554 1823 1586 1855 13
1610 1822 1740 1856 caritate
1764 1822 1893 1856 radicati
1909 1825 1941 1856 et
1955 1822 2096 1862 fundati,
2120 1825 2157 1855 31
2179 1822 2305 1865 30551115

1343 1876 1610 1918 comprehendere
1627 1890 1643 1905 »
1671 1880 1730 1909 etc.

1432 1930 1484 1962 41.
1510 1929 1612 1971 (Vers.
1637 1929 1714 1971 34).
1740 1929 1846 1963 Tertio
1870 1933 2024 1972 quantum
2059 1929 2099 1962 ad
2123 1929 2306 1973 benigynita-

1343 1988 1406 2016 tem
1432 1982 1597 2025 Cracifiaei
1618 1983 1798 2025 subiungit:
1822 1983 1916 2016 lesus
1939 1987 2051 2016 autem
2074 1983 2220 2016 dicebat:
2238 1983 2306 2016 Pa-

1344 2040 1410 2075 ter,
1435 2036 1561 2068 dimitte
1584 2036 1648 2075 eis,
1673 2037 1755 2080 quia
1778 2036 1929 2069 nesciunt
1943 2037 1980 2076 ¹⁵,
1997 2036 2079 2080 quid
2093 2035 2249 2080 faciunt;
2273 2036 2306 2069 in

1343 2099 1407 2132 quo
1423 2089 1573 2131 impletur
1589 2089 1667 2122 illud
1684 2090 1779 2123 Isaiae
1795 2090 2056 2133 quinquagesimo
2073 2090 2186 2123 terti0:
2209 2090 2306 2133 «Ipse

1343 2145 1471 2185 3000313
1494 2143 1669 2175 multorum
1694 2143 1766 2176 tulit
1798 2147 1829 2176 et
1859 2153 1918 2186 pro
1944 2144 2230 2186 transgressoribus
2254 2154 2305 2177 ro-

1343 2196 1474 2238 gavit».
1500 2195 1607 2228 Oratio
1631 2199 1736 2229 autem
1760 2196 1942 2229 huiusmodi
1966 2197 2026 2229 fuit
2049 2197 2081 2230 in
2105 2197 2301 2238 remedium,

1343 2249 1418 2292 quia
1453 2249 1546 2282 etiam
1582 2249 1648 2282 suis
1683 2249 1930 2283 crucifixoribus
1960 2249 2079 2292 profuit
2115 2251 2217 2293 passio
2248 2259 2305 2293 per

1343 2444 1380 2470 ibi
1400 2445 1539 2470 crucifixus
1552 2447 1591 2470 est
1604 2444 1743 2475 DomInus,
1764 2446 1806 2476 ut,
1826 2442 1871 2469 ubi
1886 2443 1958 2475 prius
1972 2450 2031 2469 area
2045 2443 2240 2476 damnatorum,
2259 2444 2306 2470 eri-

1344 2492 1467 2521 gerentur
1486 2489 1578 2515 vexilla
1599 2488 1724 2520 martyrii.

1414 2533 1425 2548 ⁴¹
1445 2534 1520 2559 Vers.
1541 2534 1569 2565 8,
1589 2533 1631 2558 cui
1659 2532 1855 2565 subiunguntur
1875 2533 1922 2565 22,
1943 2533 1973 2565 2;
2002 2533 2051 2565 37,
2072 2534 2113 2558 28.
2139 2536 2165 2559 et
2183 2534 2211 2559 ll.
2239 2534 2305 2566 Reg.

1345 2578 1392 2611 15,
1414 2577 1455 2604 14.
1475 2577 1527 2604 Csr.
1547 2578 1637 2603 Glossa
1667 2576 1810 2603 ordinaria
1837 2577 1863 2603 in
1889 2578 1966 2603 Mare.
1996 2577 2041 2609 ⁴5,
2066 2578 2113 2609 20,
2132 2585 2200 2611 quae
2219 2581 2304 2604 sumta

1343 2626 1382 2648 est
1401 2630 1431 2648 ex
1450 2622 1596 2648 Comment.
1617 2622 1642 2647 in
1662 2622 1748 2653 Marc„
1766 2622 1839 2654 quod
1859 2621 1970 2648 habetur
1989 2622 2056 2648 inter
2075 2629 2156 2654 opera
2175 2622 2280 2648 Hieron.

1414 2665 1425 2680 ⁶
1445 2666 1520 2692 Vers.
1541 2667 1582 2691 10.
1602 2669 1627 2691 01
1646 2666 1743 2692 deinde
1762 2666 1869 2692 Malach.
1889 2667 1919 2699 3,
1940 2667 1964 2692 8.

1415 2709 1426 2725 θ
1445 2710 1520 2735 Vers.
1541 2711 1563 2735 8.
1584 2717 1640 2743 seq.
1658 2724 1694 2729 —
1713 2711 1836 2743 Sequitur
1856 2711 1931 2736 Deut.
1951 2711 1999 2742 28,
2020 2711 2061 2743 66,
2075 2710 2120 2737 ubi
2133 2710 2152 2737 C
2164 2712 2215 2737 DG
2229 2711 2302 2737 omit-

1344 2758 1401 2781 tunt
1420 2754 1506 2788 quasi.

1417 2797 1426 2812 ⁷
1446 2799 1539 2823 Psalm.
1560 2799 1587 2823 2l
1601 2817 1607 2828 ,
1633 2798 1673 2823 17.
1694 2812 1727 2816 -
1748 2797 1864 2823 Subinde
1893 2798 2037 2830 allegantur
2065 2799 2111 2824 ler.
2144 2798 2187 2829 11,
2218 2798 2259 2824 19.
2279 2801 2305 2824 01

1345 2843 1407 2868 Dan.
1430 2843 1459 2873 9,
1480 2843 1522 2867 26.

1416 2884 1427 2899 ⁹
1446 2887 1520 2912 Vers.
1541 2887 1571 2918 6,
1592 2889 1651 2918 post
1670 2894 1750 2919 quem
1770 2886 1825 2912 lsai.
1846 2887 1894 2918 53,
1913 2886 1940 2911 7.

1417 2929 1439 2944 ¹⁰
1458 2930 1541 2956 Codd.
1560 2930 1579 2956 C
1592 2931 1611 2955 D
1631 2930 1735 2963 alium,-
1755 2931 1788 2956 ita
1809 2931 1887 2956 etiam
1906 2930 1985 2956 Beda.

1416 2974 1437 2989 ¹¹
1458 2975 1532 3000 Yers.
1554 2974 1596 3000 24.
1616 2978 1641 3000 et
1660 2975 1756 3000 deinde
1776 2976 1805 3005 6,
1827 2974 1868 3000 44.

1416 3017 1438 3033 ¹2
1458 3019 1531 3044 Vers.
1553 3019 1593 3044 19.
1614 3026 1669 3052 seq.
1689 3019 1738 3045 Pro
1761 3018 1824 3045 Vivo
1843 3020 1935 3045 autem
1954 3018 2004 3045 AC
2015 3019 2036 3044 D
2059 3017 2122 3045 Vivo
2142 3026 2200 3052 eqo.

1417 3062 1439 3077 ¹³
1458 3062 1510 3089 Cfr.
1529 3064 1647 3095 Gregor.,
1667 3064 1697 3088 V.
1717 3063 1805 3088 Moral.
1825 3070 1847 3089 0.
1866 3063 1890 3088 3.
1905 3070 1932 3088 3.
1946 3062 1976 3095 4;
1995 3063 2128 3094 Bernard.‚
2143 3063 2227 3089 Serm.
2239 3063 2265 3089 7.
2279 3063 2304 3089 in

1345 3108 1507 3141 Quadrages.
1527 3115 1552 3133 n.
1571 3108 1596 3132 3.

1417 3151 1439 3165 ¹⁴
1460 3152 1535 3176 Vers.
1556 3151 1597 3176 17.
1617 3158 1672 3183 seq.
1691 3151 1741 3177 Csr.
1762 3152 1881 3183 August„
1901 3152 1927 3177 11.
1948 3151 1981 3177 de
2002 3151 2086 3177 Doctr.
2110 3151 2198 3177 christ.
2218 3158 2240 3177 c.
2261 3151 2302 3177 41.

1345 3203 1370 3221 n.
1391 3196 1437 3226 625
1458 3196 1482 3220 in
1503 3197 1570 3221 loan.
1591 3196 1689 3227 Evang.
1710 3199 1739 3220 tr.
1763 3196 1821 3221 118.
1841 3203 1867 3221 n.
1892 3197 1916 3221 5.
1943 3199 1968 3222 et
1992 3196 2076 3222 Serm.
2105 3196 2164 3222 165.
2185 3195 2259 3229 (31135
2277 3195 2302 3220 7.

1345 3240 1377 3265 de
1398 3239 1491 3265 Verbis
1510 3239 1638 3272 Apostoli)
1658 3247 1681 3265 c.
1702 3239 1725 3265 4.
1744 3247 1770 3265 11.
1792 3240 1820 3272 4;
1840 3240 1976 3272 Bernard.,
1997 3241 2080 3266 Serm.
2104 3240 2132 3265 in
2152 3240 2194 3265 die
2213 3241 2304 3265 sancto

1344 3284 1470 3314 Paschae,
1490 3291 1515 3309 n.
1535 3284 1559 3309 3.
1580 3284 1636 3316 (cfr.
1657 3284 1721 3309 infra
1741 3292 1766 3310 n.
1787 3284 1829 3310 45.
1848 3285 1875 3310 In
1903 3285 1963 3318 tine)
1985 3288 2010 3310 01
2029 3285 2096 3310 Vitis
2126 3284 2229 3316 mystic.
2258 3284 2304 3317 (in-

1345 3331 1383 3354 ter
1402 3335 1482 3360 opera
1502 3328 1638 3361 Bernardi)
1658 3335 1681 3354 0.
1702 3328 1743 3354 46.
1762 3336 1787 3355 n.
1809 3329 1869 3356 463.
2268 3330 2269 3333 ’

1412 3371 1434 3386 ¹⁶
1454 3373 1488 3398 lta
1507 3372 1584 3398 etiam
1604 3373 1631 3398 B.
1652 3372 1747 3398 Albert.
1768 3376 1793 3399 et
1811 3374 1958 3404 Gorranus;
1972 3374 2031 3400 Vat.
2044 3380 2105 3399 cum
2121 3373 2246 3405 Vulgata:
2265 3371 2302 3398 di-

1344 3416 1418 3443 mitte
1437 3416 1506 3448 iltis,
1526 3423 1580 3443 non
1599 3416 1670 3443 enim
1688 3417 1785 3444 sciant.
1798 3431 1834 3437 --
1847 3418 1969 3451 Sequitur
1988 3418 2046 3444 lsai.
2059 3418 2108 3449 53,
2123 3417 2164 3450 12,
2184 3417 2209 3443 13
2222 3416 2297 3442 cuius

1345 3460 1396 3486 fine
1415 3468 1463 3493 pro
1482 3460 1590 3495 roqavit
1608 3461 1690 3488 ΑΕΗ
1705 3461 1838 3488 exoravit.

2134 2885 2146 2900 ⁹
2165 2887 2240 2912 Vers.
2260 2887 2301 2913 31.

2320 1373 2342 1394 ὼ
2356 1375 2378 1394 et.
2391 1372 2450 1400 apiri-

2366 1401 2406 1421 tus.

2324 1930 2446 1979 ’30θέ1511
