2476 3921
161 893 266 914 Rationes.

137 1900 274 1930 Subsequeus

155 1929 260 1954 quaestio.

144 2379 226 2405 Duplex
240 2384 284 2400 mo-

160 2406 200 2427 dus
214 2405 284 2432 inqui-

162 2432 231 2454 rendi.

287 321 351 353 524

286 417 372 442 mare
396 408 456 439 iam
480 414 542 438 non
566 408 614 437 est
630 417 661 442 n,
685 406 722 435 ut
744 402 776 434 in
800 401 939 434 Psalmo:
969 400 1056 442 «Ipsi
1081 399 1245 441 peribunt,

286 466 321 494 tu
344 463 449 494 autem
480 456 678 500 permanebis
698 468 715 485 ιο
742 459 801 488 etc.
834 454 887 487 Est
918 453 1011 486 etiam
1043 462 1160 486 verumv
1188 461 1247 494 pro

285 512 503 547 destructione
526 509 708 543 Ierusalem
732 507 927 550 specialiter,
952 515 1033 549 quae
1055 506 1136 539 facta
1158 508 1207 539 est
1229 514 1248 538 a

285 567 353 599 Tito
376 569 407 598 et
430 563 619 605 Vespasiano
642 560 883 603 quadragesimo
906 559 1044 593 secundo
1071 568 1154 591 anno
1177 561 1248 600 post

285 619 460 663 passionem
491 616 632 654 Domini;
657 623 755 657 supra
777 613 898 647 decimo
927 613 1053 646 non0¹:
1083 625 1099 641 cx
1115 612 1249 645 Venient

285 673 351 706 dies
374 672 405 704 in
430 674 474 709 te,
499 673 530 703 et
553 667 796 702 circumdabunt
818 670 850 699 te
873 666 991 699 inimici
1027 665 1074 698 tui
1105 665 1188 698 vallo
1218 667 1249 697 et

286 726 324 758 ad
340 729 457 758 terram
480 724 682 765 prosternent
705 724 736 753 te
760 723 792 753 et
814 729 877 752 non
900 719 1082 761 relinquent
1101 718 1134 751 in
1151 721 1181 751 te
1204 718 1249 750 la-

286 778 388 821 pidem
412 785 509 819 super
524 775 659 817 lapidem
676 787 707 806 n.
732 773 818 806 Unde
834 772 1029 815 Gregorius²
1053 771 1143 811 dicit,
1164 770 1249 813 quod

286 833 338 865 illa
353 830 519 864 Ierusalem
536 837 609 862 cum
626 828 742 869 templo
758 826 901 860 funditus
916 829 964 859 est
979 834 1104 864 eversa,
1121 828 1153 857 et
1168 833 1250 856 nova

288 883 487 927 postmodum
511 884 558 914 est
582 879 788 913 reaedificata.
812 878 900 911 Ratio
923 882 1048 917 autem,
1072 885 1172 919 quare
1188 876 1249 908 Do-

287 937 391 970 minus
414 934 536 968 distulit
558 942 616 976 per
640 932 849 975 quadraginta
871 931 951 964 duos
974 939 1091 969 annos,
1114 929 1190 969 fuit,
1214 932 1251 961 ut

287 991 486 1031 exspectaret
513 987 583 1019 illos
613 986 652 1019 ad
683 984 924 1027 poenitentiam,
948 983 1030 1016 sicut
1060 982 1178 1015 dicitur
1202 990 1250 1014 se-

286 1042 406 1076 cundae
422 1040 504 1074 Petri
521 1039 615 1073 tertio
627 1039 657 1071 ⁸:
680 1051 696 1067 α
710 1038 865 1070 Patienter
881 1037 945 1079 agit
961 1040 1091 1079 propter
1107 1044 1178 1074 vos,
1193 1044 1250 1067 no-

287 1097 353 1129 lens
376 1095 513 1136 aliquem
537 1092 642 1135 perIre
657 1105 689 1124 ι).
713 1091 800 1124 Ratio
830 1093 955 1129 autem,
983 1098 1083 1132 quare
1114 1088 1251 1130 amplius

287 1158 349 1182 non
372 1147 512 1186 distulit,
536 1146 596 1179 fuit
615 1148 746 1187 propter
762 1144 949 1177 Iudaeorum
970 1142 1135 1185 perfidiam
1150 1141 1250 1174 obdu-

287 1205 403 1240 ratam,
427 1209 508 1242 quae
531 1199 696 1232 veritatem
720 1197 938 1230 contemnebat
953 1199 1084 1239 propter
1108 1195 1251 1229 velamen

288 1258 319 1288 et
342 1254 498 1287 umbram.
523 1252 611 1286 Unde
626 1251 778 1284 Glossa4:
806 1264 822 1279 α
838 1250 968 1283 Curavit
983 1249 1068 1282 Deus
1092 1248 1251 1282 civitatem

287 1312 319 1341 et
342 1307 494 1349 templum
520 1308 551 1339 et
574 1305 679 1338 omnia
710 1304 856 1347 figuralia
878 1303 1080 1342 subvertere,
1109 1311 1149 1335 ne
1179 1301 1252 1344 quis

288 1365 359 1403 post
382 1360 552 1393 adventum
583 1358 699 1391 Christi
723 1357 760 1390 ad
794 1357 847 1392 illa
870 1359 1100 1389 recurreret».
1126 1354 1163 1387 Et
1193 1364 1252 1397 pro

289 1414 342 1447 illo
366 1417 509 1454 tempore
532 1411 717 1454 intelligitur
742 1410 820 1443 illud
843 1410 939 1443 Isaiae
966 1409 1113 1451 prim0⁵:
1144 1421 1161 1438 «ι
1183 1408 1253 1450 Quo

289 1467 367 1499 mihi
390 1465 624 1499 multitudinem
650 1464 860 1497 victimarum·
872 1465 1074 1496 vestrarum?
1098 1461 1174 1495 dicit
1191 1462 1252 1494 Do-

290 1520 403 1553 minus.
444 1519 556 1552 Plenus
587 1527 659 1551 sum
675 1531 706 1549 υ.
737 1530 752 1546 «
774 1517 816 1550 Ne
847 1517 986 1549 offeratis
1016 1516 1102 1548 ultra
1133 1515 1252 1548 sacrifi-

291 1573 374 1606 cium
398 1572 531 1610 frustra;
549 1572 711 1607 incensum
736 1569 926 1603 abominatio
943 1572 991 1602 est
1013 1568 1103 1601 mihi.
1124 1569 1253 1601 Neome-

291 1627 374 1659 niam
398 1629 429 1658 et
453 1625 624 1658 Sabbatum
648 1627 679 1657 et
701 1623 885 1656 festivitates
912 1623 988 1655 alias
1011 1631 1074 1655 non
1098 1621 1196 1655 feram
1221 1634 1252 1653 ».

292 1680 328 1712 Et
351 1679 420 1712 ideo
442 1678 482 1711 ad
512 1678 635 1724 Galatas
670 1676 824 1719 quinto⁶:
855 1688 870 1705 α
894 1676 978 1708 State
1006 1679 1037 1708 et
1068 1675 1165 1708 nolite
1196 1674 1253 1707 ite-

292 1733 365 1765 rum
388 1732 462 1774 iugo
485 1730 648 1764 servitutis
663 1729 826 1763 contineri.
852 1729 947 1768 Ecce,
971 1738 1029 1771 ego
1054 1728 1169 1761 Paulus
1184 1727 1254 1761 dico

292 1785 410 1818 vobis»
435 1788 493 1817 etc.

384 1840 434 1871 12.
459 1838 560 1879 (Vers.
588 1837 642 1877 7.).
679 1836 784 1869 Terti0
815 1839 970 1878 quantum
1000 1835 1040 1868 ad
1068 1835 1254 1877 interroya-

293 1892 412 1925 tionem
435 1891 609 1924 subortam
636 1899 677 1923 ex
701 1889 913 1932 praedictione
940 1889 1047 1922 audita
1070 1888 1234 1930 subiungit
1247 1894 1257 1920 ς·

294 1946 591 1988 Interrogaverunt
613 1948 725 1976 autem
748 1932 851 1975 illum'
867 1942 1022 1975 dicentes:
1042 1943 1254 1984 Praeceptor,

294 1998 428 2042 quando
452 1996 531 2030 llaec
565 2000 682 2035 erunt,
713 2000 743 2028 et
776 1996 865 2039 quod
887 1995 1042 2038 siqnum,
1073 2005 1151 2028 cum
1180 1994 1258 2037 sieri

295 2050 477 2094 incipient?
509 2051 787 2093 Interrogaverunt
817 2052 924 2082 autem
948 2058 1011 2081 non
1042 2057 1168 2088 omnes,
1202 2048 1257 2081 sed

286 2108 432 2148 quatuor
448 2103 651 2146 principales,
668 2102 786 2136 scilicet
810 2103 934 2141 Petrus,
964 2101 1103 2140 Iacobus,
1129 2102 1257 2134 Ioannes

295 2162 327 2191 et
350 2157 501 2196 Andreas,
526 2156 601 2198 quia
624 2159 715 2189 erant
737 2155 765 2188 ei
788 2155 967 2188 familiares.
992 2154 1078 2187 Unde
1101 2154 1209 2187 Glossa
1226 2155 1256 2186 ⁷:

301 2224 318 2240 «ι
333 2211 413 2252 Quia
436 2209 638 2243 laudantibus
665 2208 895 2241 aedificationes
925 2208 1034 2250 templi
1057 2208 1259 2250 praedixerat

297 2263 403 2297 omnIa
425 2262 629 2301 destruenda,
646 2261 806 2303 discipuli,
830 2260 912 2294 sicut
927 2261 1051 2293 Marcus
1066 2260 1125 2299 ait,
1141 2260 1259 2293 scilicet

298 2317 424 2355 Petrus,
441 2315 585 2355 lacobus,
602 2315 731 2348 Ioannes
754 2318 785 2348 et
802 2314 952 2354 Andreas,
977 2314 1145 2356 separatim
1163 2322 1259 2356 quae-

299 2372 374 2402 runt
398 2373 522 2411 tempus
546 2371 577 2401 et
608 2368 696 2410 signa
720 2367 897 2410 praedictae
920 2367 1143 2400 destructionis
1158 2380 1190 2400 ».
1224 2367 1260 2400 Et

298 2421 540 2461 attendendum,
565 2421 650 2464 quod
672 2420 840 2463 dupliciter
868 2423 971 2462 potest
994 2420 1066 2463 quis
1096 2420 1260 2463 inquirere

298 2475 337 2508 de
361 2475 556 2517 temporibus
579 2474 717 2507 futuris:
748 2483 815 2506 uno
835 2473 955 2519 modo,
979 2473 1168 2516 inquirendo
1198 2473 1259 2506 diei

299 2528 401 2561 finalis
432 2528 544 2560 horam
575 2527 833 2566 determinatam,
865 2530 896 2559 et
926 2527 1004 2559 haec
1033 2530 1082 2559 est
1117 2526 1259 2569 quaestio

299 2581 452 2620 curiosa,
469 2580 557 2623 quia,
574 2580 656 2613 sicut
680 2579 825 2612 Matthaei
847 2579 997 2621 vigesimo
1020 2579 1160 2622 quarto⁸
1183 2579 1259 2612 dici-

373 2766 382 2781 ²
403 2767 478 2793 Vers.
498 2767 540 2792 43.
560 2769 585 2792 et
605 2766 646 2792 44.

372 2809 383 2824 ²
402 2810 471 2836 Libr.
492 2811 520 2836 ll.
539 2810 632 2836 Homil.
652 2812 677 2836 in
697 2811 797 2842 Evang.
816 2811 907 2837 homil.
929 2811 970 2836 39.
991 2819 1016 2837 n.
1037 2812 1067 2837 l:
1081 2812 1171 2845 Quod,
1185 2813 1262 2838 flente

302 2855 426 2885 Domino,
445 2855 486 2879 illa
506 2855 725 2886 ierosolymorum
741 2853 882 2880 'subversio
902 2854 1080 2886 describatur,
1098 2862 1167 2889 quae
1179 2863 1194 2881 a
1214 2856 1262 2881 Ve-

303 2899 424 2931 spasiano
438 2902 463 2923 et
477 2899 535 2923 Tito
549 2899 674 2924 Romanis
687 2898 852 2931 principibus
866 2900 931 2924 sacta
945 2902 996 2931 est,
1010 2899 1107 2930 nullus,
1127 2900 1172 2932 qui
1186 2900 1263 2925 histo·

302 2943 368 2968 riam
387 2943 530 2968 eversionis
548 2938 667 2968 eiusdem
679 2943 754 2975 legit,
768 2942 898 2975 ignorat...
917 2944 972 2969 Hoc
984 2950 1105 2976 quoque,
1123 2943 1196 2976 quod
1215 2944 1262 2969 ad-

303 2987 386 3013 ditur:
406 2986 467 3013 Non
486 2986 640 3021 relinquent
656 2987 722 3014 inte
741 2986 857 3021 lapidem
870 2994 952 3021 super
967 2987 1091 3022 lapidem,
1108 2988 1186 3014 etiam
1205 2988 1261 3020 ipsa

303 3032 354 3057 iam
368 3031 485 3057 eiusdem
500 3031 610 3057 civitatis
630 3032 823 3063 transmigratio
836 3032 957 3065 testatur,
976 3032 1047 3065 quia,
1061 3032 1125 3058 dum
1145 3039 1217 3058 nunc
1233 3033 1261 3058 ln

303 3082 335 3101 eo
353 3076 410 3101 loco
430 3078 576 3101 constructa
601 3078 653 3106 est,
673 3075 717 3101 uhi
736 3079 806 3103 extra
826 3079 929 3108 portam
950 3077 1032 3102 {uerat
1058 3077 1184 3103 Dominus
1202 3084 1262 3103 cru-

303 3119 408 3150 ciflxus,
428 3119 500 3151 prlor
519 3119 560 3144 illa
578 3119 732 3151 Ierusalem,
752 3122 781 3145 ut
799 3119 908 3151 dicitur,
927 3120 1044 3146 tunditus
1063 3123 1102 3146 est
1121 3127 1223 3146 eversa.

374 3161 385 3176 ¹³
404 3163 479 3188 Vei-s.
499 3163 524 3188 9.
543 3176 579 3181 —
597 3163 687 3188 Glossa
706 3162 889 3190 interlinearis
911 3163 937 3188 in
950 3164 1011 3189 Luc.
1033 3164 1079 3195 42,
1099 3165 1129 3189 6:
1154 3163 1263 3191 Venient

303 3206 372 3239 dies,
393 3207 421 3233 in
440 3206 536 3241 quibus
561 3213 616 3233 non
641 3207 810 3241 relinquetur
830 3210 893 3234 etc.:
920 3208 975 3233 Hoc
994 3208 1199 3240 quadragesimo
1225 3215 1262 3234 se-

304 3251 391 3277 cundo
410 3258 477 3277 anno
503 3254 562 3284 post
587 3252 737 3283 passionem
763 3252 869 3277 Domini
895 3253 991 3278 sactum
1019 3254 1059 3278 est
1083 3259 1099 3278 a
1127 3252 1262 3278 Romanis.

304 3295 357 3321 Ctr.
374 3296 494 3327 Ilieron.‚
514 3296 551 3322 ΙΙΙ.
569 3295 716 3322 Comment.
732 3296 757 3322 in
776 3296 834 3322 lsai.
853 3296 883 3327 6,
904 3296 928 3322 4.
942 3299 968 3322 et
986 3295 1099 3328 Raban.‚
1119 3296 1172 3322 Vll.
1185 3296 1262 3323 Com-

305 3343 385 3366 ment.
406 3340 432 3365 in
452 3341 540 3366 Matth.
560 3340 608 3371 24,
620 3341 654 3367 A.
672 3354 707 3360 —
726 3341 775 3367 Pro
801 3340 985 3376 quadraginta
1004 3340 1072 3367 duos
1091 3340 1174 3367 CDH
1199 3348 1263 3375 qua-

305 3383 443 3417 draginta.

376 3427 387 3442 ⁴
406 3428 507 3454 Scilicet
532 3428 673 3455 ordinaria
694 3428 853 3462 (secuudum
871 3429 984 3462 Bedam;
1004 3430 1050 3455 clr.
1075 3429 1195 3462 Hieron„
1221 3429 1263 3455 IV.

305 3471 452 3498 Comment.
471 3472 496 3498 in
516 3472 602 3499 Matth.
622 3472 671 3504 24,
692 3473 726 3506 l.)
747 3473 772 3499 in
792 3474 854 3499 Luc.
867 3473 921 3504 ⁴2⁴,
941 3473 965 3499 5.

865 311 1060 344 COMMENT.
1086 311 1123 343 IN
1148 308 1387 343 EVANGELIUM
1411 309 1530 342 LUCAE
1554 309 1586 341 C.
1612 308 1686 341 XXI.

1311 402 1379 438 tur,
1408 411 1425 427 (τ
1440 398 1480 431 de
1502 397 1552 430 dle
1579 397 1632 429 illa
1655 399 1687 429 et
1710 397 1789 429 hora
1812 405 1904 429 nemo
1935 395 2008 435 scit,
2032 404 2135 438 neque
2166 395 2274 438 Angeli

1310 451 1488 489 caelorum,
1505 450 1564 483 nisi
1581 450 1667 483 solus
1690 449 1780 482 Pater
1796 462 1827 480 ».
1853 448 1888 480 Et
1904 447 1973 481 ideo
1996 448 2158 490 discipulis
2177 456 2274 490 quae,-

1310 504 1470 542 rentibus‚
1494 504 1628 536 Actuum
1661 502 1783 544 primo:
1812 514 1828 530 α
1850 501 1995 540 Domine,
2019 501 2046 534 si
2076 500 2109 533 in
2133 503 2274 543 tempore

1311 557 1372 589 hoc
1387 556 1536 589 restitues
1559 563 1694 597 regnum
1711 554 1806 588 Israel
1818 557 1860 586 n?
1884 562 2073 596 responsum
2088 557 2152 586 est:
2175 566 2190 582 α
2207 553 2274 586 Non

1311 612 1360 642 est
1382 611 1525 642 vestrum
1550 608 1631 641 scIre
1654 611 1798 650 tempora
1813 607 1863 640 vel
1887 609 2055 646 momenta,
2080 615 2162 648 quae
2185 606 2275 639 Pater

1313 662 1417 704 posuit
1441 662 1472 694 in
1496 670 1554 694 sua
1585 664 1739 703 potestate
1755 674 1786 692 n.
1812 660 1849 693 Et
1871 660 1941 693 ideo
1972 660 2093 702 primae
2115 660 2155 692 ad
2176 660 2276 693 Thes-

1313 715 1522 748 salonicenses
1548 714 1676 757 quinto:
1706 727 1723 743 α
1739 714 1783 747 De
1808 713 2004 756 temporibus
2034 718 2066 746 et
2088 713 2294 753 momentis,.

1312 768 1442 807 fratres,
1467 777 1528 801 non
1553 767 1712 810 indigetis,
1737 770 1774 800 ut
1793 767 1970 800 scribamus
1992 766 2091 799 vobis.
2116 766 2177 808 Ipsi
2193 766 2276 799 enim

1312 822 1478 864 diligenter
1513 821 1614 861 scitis,
1650 821 1725 863 quia
1758 821 1824 854 dies
1858 820 2004 860 Domini,
2040 820 2122 853 sicut
2156 819 2208 853 fur
2244 819 2275 852 in

1313 879 1418 914 nocte,
1443 876 1486 908 ita
1502 875 1653 908 veniet».
1679 874 1875 907 Alio-modo
1894 873 2092 916 potestquis
2114 873 2278 915 inquirere

1312 929 1345 961 in
1369 928 1504 971 quadam
1529 928 1733 971 generalitate
1756 930 1788 961 et
1811 928 1878 960 sine
1906 927 1984 960 certi
2008 926 2160 968 temporis
2183 925 2278 968 signi—

1313 983 1475 1020 ficatione;
1499 986 1531 1015 et
1554 982 1632 1015 haec
1655 981 1798 1024 quaestio
1820 981 1974 1014 studiosa
1997 983 2053 1014 est.
2078 980 2155 1012 Nam
2179 979 2277 1012 huius

1313 1036 1490 1078 ignorantia
1513 1039 1561 1068 est
1583 1035 1779 1077 periculosa;
1803 1037 1934 1077 propter
1965 1033 2050 1076 quod
2073 1033 2112 1066 de
2135 1033 2277 1071 Iudaeis,

1314 1088 1461 1121 Ieremiae
1483 1088 1637 1121 octavo⁹:
1658 1100 1675 1116 a
1688 1088 1809 1121 Turtur
1833 1090 1864 1120 et
1887 1086 2025 1120 hirundo
2041 1089 2072 1119 et
2088 1086 2207 1119 ciconia
2227 1094 2278 1119 co-

1313 1144 1493 1185 gnoverunt
1531 1144 1656 1183 tempus
1693 1140 1849 1174 adventus
1887 1140 1958 1179 sui,
1998 1140 2135 1182 populus
2172 1142 2279 1172 autem

1314 1204 1405 1228 meus
1421 1209 1436 1225 n
1465 1198 1542 1234 etc.;
1565 1197 1597 1228 et
1620 1203 1718 1237 supra
1741 1193 1945 1227 duodecimo:
1977 1206 1993 1223 α
2009 1192 2211 1235 Hypocritae,
2234 1192 2279 1225 fa-

1314 1248 1394 1282 ciem
1418 1248 1494 1282 caeli
1511 1251 1543 1281 et
1566 1251 1671 1281 terrae
1698 1247 1797 1281 nostis
1820 1247 1972 1289 probare,
1996 1247 2057 1280 hoc
2078 1250 2184 1279 autem
2200 1249 2279 1279 tem-

1315 1311 1376 1344 pus
1399 1301 1556 1344 quomodo
1580 1310 1642 1334 non
1663 1300 1803 1343 probatis
1815 1303 1857 1333 n?
1873 1300 1909 1333 Et
1925 1300 1994 1333 ideo
2011 1300 2164 1333 Dominus
2183 1308 2280 1343 quae—

1315 1358 1422 1388 rentes
1445 1364 1507 1387 non
1524 1353 1745 1397 reprehendit,
1769 1353 1823 1387 sed
1846 1354 1892 1387 eiS
1919 1353 2077 1387 satisfacit.
2094 1353 2181 1386 Unde
2203 1353 2280 1386 Gre-

1316 1409 1425 1451 gorius
1438 1409 1479 1441 1⁰:
1509 1421 1524 1437 α
1542 1408 1695 1440 Dominus
1717 1416 1754 1441 ac
1782 1407 1970 1450 Redemptor
2001 1410 2109 1440 noster
2143 1406 2279 1449 perituri

1316 1461 1426 1496 mundi
1458 1461 1697 1504 praecurrentia
1728 1461 2015 1500 maladenuntiat,
2046 1463 2143 1493 uteo
2174 1459 2281 1492 minus

1317 1515 1506 1557 perturbent
1537 1514 1708 1554 venIentia‚
1736 1524 1800 1557 quo
1831 1514 1951 1547 fuerint
1982 1513 2146 1556 praescita.
2179 1512 2281 1546 Minus

1317 1568 1400 1601 enim
1424 1569 1527 1601 iacula
1550 1568 1682 1608 feriunt,
1707 1571 1789 1611 quae
1805 1567 2048 1610 praevidentur3
2072 1571 2104 1600 et
2123 1576 2181 1600 nos
2203 1566 2281 1599 tole-

1317 1622 1450 1655 rabilius
1472 1621 1583 1655 mundi
1607 1622 1689 1654 mala
1712 1621 1916 1664 suscipimus,
1941 1621 1966 1654 si
1990 1624 2101 1654 contra
2124 1621 2201 1654 haec
2225 1629 2281 1663 per

1318 1675 1543 1718 praescientiae
1565 1675 1712 1717 clypeum
1736 1675 1901 1707 munimur
1918 1688 1948 1713 »,

1411 1728 1461 1761 13.
1486 1728 1588 1769 (Vers.
1617 1728 1673 1769 8.).
1705 1727 1772 1769 Qui
1793 1727 1898 1760 dixit.-
1930 1727 2052 1766 Videte,
2075 1737 2115 1760 ne
2143 1718 2282 1760 seduca-

1318 1781 1405 1814 mini
1426 1784 1484 1814 etc.
1509 1781 1580 1814 Post
1603 1781 1848 1824 praedictionem
1871 1780 2055 1813 futurorum
2083 1780 2116 1812 in
2146 1779 2282 1822 quadam

1318 1835 1521 1878 generalitate
1546 1835 1597 1868 hic
1618 1834 1785 1877 specialius
1807 1833 1967 1867 descendit
1982 1834 2021 1867 ad
2044 1833 2281 1867 describendam

1318 1888 1569 1931 persecuti0nem
1588 1888 1740 1921 Ecclesiae
1753 1889 1790 1920 ¹¹.
1816 1888 1899 1920 Hanc
1923 1891 2030 1921 autem
2053 1887 2202 1923 describit
2224 1886 2283 1920 du-

1319 1942 1460 1984 pliciter:
1484 1942 1587 1984 primo
1619 1941 1838 1974 communiter
1861 1945 2010 1984 respectu
2041 1937 2212 1979 omnium,
2235 1949 2284 1974 se-

1320 1993 1437 2033 cundo,
1461 1993 1648 2036 specialiter
1664 1997 1815 2036 respectu
1827 1992 2071 2036 perfectorum,
2095 1993 2138 2027 ibi
2153 1994 2197 2026 ¹²:
2222 1993 2284 2027 Sed

1320 2051 1397 2079 ante
1421 2046 1501 2079 llaec
1524 2047 1639 2079 omnia
1662 2046 1812 2079 iniicient
1833 2046 1925 2080 vobis
1949 2051 2073 2080 manus
2096 2056 2188 2080 suas.

1366 2110 1370 2114 ¹
1411 2100 1444 2132 ln
1475 2100 1680 2133 describendo
1711 2104 1817 2133 autem
1846 2101 2081 2142 persecutiones
2110 2100 2236 2134 futuras
2251 2100 2284 2133 in

1322 2153 1458 2186 Ecclesia
1480 2156 1551 2195 post
1574 2152 1749 2195 passionem
1781 2153 1897 2186 Christi
1928 2153 2175 2187 introducuntur
2205 2153 2284 2193 tria,

1322 2214 1364 2239 ex
1387 2205 1505 2248 quibus
1536 2205 1712 2239 ostenditur
1736 2205 1914 2248 persecutio
1937 2206 2091 2239 Ecclesiae
2120 2215 2189 2240 esse
2212 2215 2286 2240 con-

1322 2259 1444 2298 flanda,
1469 2259 1587 2292 scilicet
1610 2259 1843 2302 multiplicatio
1860 2258 2007 2292 haeresis
2021 2260 2059 2299 ¹⁸,
2083 2260 2285 2303 ayyravutio

1324 2312 1483 2345 bellorum
1506 2316 1537 2346 et
1560 2312 1769 2355 supervenlio
1787 2312 2060 2356 pestilentiarum.

2303 1731 2335 1753 De
2349 1730 2432 1758 praedi-

2301 1758 2373 1780 ctione
2386 1763 2432 1785 spe·

2301 1785 2352 1806 ciali
2364 1783 2433 1811 quoad

2301 1811 2430 1839 persecutio·

2302 1844 2351 1859 nem
2373 1843 2437 1859 onun·

2302 1867 2336 1886 tur
2367 1870 2402 1886 uo.

2325 2103 2450 2126 Pei-secutio·

2303 2131 2398 2153 omnium
2410 2130 2446 2152 de-

2304 2158 2403 2179 scribitur
2410 2157 2444 2179 tri·

2305 2185 2362 2212 plex.

1412 2366 1517 2399 Primo
1540 2375 1616 2408 ergo
1647 2368 1803 2408 quantum
1834 2365 1871 2399 ad
1899 2365 2144 2399 multitudinem
2172 2365 2285 2399 liuere-
2300 2370 2375 2397 Quoad
2388 2369 2439 2392 mul·

1322 2430 1399 2453 sum
1421 2420 1510 2453 dicit:
1538 2420 1605 2461 Qui
1626 2419 1730 2452 dioez't:
1762 2419 1886 2459 Videte,
1910 2429 1950 2452 ne
1976 2420 2201 2460 seducamini,
2226 2420 2286 2453 sci-

1323 2474 1395 2507 licet
1419 2482 1475 2516 per
1507 2473 1612 2506 varios
1635 2481 1779 2512 errores;
1811 2476 1942 2515 propter
1965 2473 2049 2516 quod
2073 2473 2112 2506 ad
2138 2473 2286 2516 Ephesios

1323 2530 1438 2570 quarto
1453 2527 1496 2559 ¹⁴:
1527 2540 1543 2555 α
1560 2527 1623 2559 Iam
1649 2535 1711 2559 non
1733 2526 1833 2560 simus
1849 2526 1930 2560 sicut
1947 2526 2070 2569 parvuli
2095 2526 2286 2560 fluctuantes

1323 2583 1355 2613 et
1378 2579 1643 2613 circumferamur
1665 2579 1751 2613 omni
1775 2583 1868 2613 vento
1890 2579 2065 2619 doctrinae,
2090 2579 2122 2612 in
2145 2579 2286 2623 nequitia

1397 2767 1407 2782 ⁶
1428 2769 1502 2794 Vers.
1523 2769 1532 2793 l
1545 2769 1564 2793 1.
1584 2770 1609 2793 et
1629 2767 1670 2793 ⁴3,
1692 2781 1724 2785 —
1744 2767 1878 2799 superius·
1889 2774 1938 2799 pro
1958 2766 2119 2801 intelli'yilm·
2144 2767 2226 2794 ACD
2249 2767 2286 2794 in·

1326 2812 1428 2846 telliqz't.

1396 2855 1408 2870 θ
1429 2856 1501 2882 Vers.
1525 2856 1546 2882 l.
1566 2859 1591 2881 et
1611 2857 1636 2881 2.

1396 2898 1406 2914 '¹
1426 2892 1529 2926 Scilicet
1553 2899 1696 2926 ordinaria
1721 2900 1766 2933 (ex
1786 2900 1887 2933 Beda),
1913 2900 1941 2926 in
1969 2908 2022 2934 qua
2050 2900 2177 2933 allegatur
2205 2901 2284 2927 Marc.

1327 2944 1373 2975 213,
1393 2944 1417 2969 3.
1437 2951 1493 2977 seq.

1396 2987 1407 3002 θ
1426 2989 1502 3014 Vers.
1520 2988 1564 3014 36.
1583 3002 1618 3008 —
1636 2989 1787 3021 Sequuntur
1813 2988 1868 3014 Act.
1896 2989 1922 3021 l,
1948 2989 1973 3014 6.
1997 2992 2023 3014 et
2046 2989 2071 3021 7,
2097 2991 2157 3021 post
2175 2996 2243 3022 quos
2268 2989 2284 3015 Ι.

1325 3033 1417 3058 Thess.
1436 3032 1466 3065 5,
1488 3033 1512 3058 l.
1531 3039 1586 3066 seq.

1397 3075 1408 3091 ⁹
1428 3077 1502 3102 Vers.
1520 3076 1545 3102 7.
1566 3076 1624 3109 (ubi
1643 3083 1691 3109 pro
1711 3078 1895 3110 cognoverunt
1916 3077 1973 3102 Vat.
1992 3077 2180 3109 cumVulgata
2199 3079 2286 3104 custo-

1325 3120 1446 3153 dierunt)
1466 3124 1491 3146 et
1509 3121 1605 3147 deinde
1624 3121 1686 3147 Luc.
1707 3121 1754 3153 ⁴2,
1774 3120 1816 3146 56.

1396 3164 1419 3179 ¹⁰
1438 3164 1508 3191 Libr.
1526 3165 1553 3191 ll.
1573 3165 1666 3191 Homil.
1686 3164 1713 3190 in
1733 3165 1832 3196 Evang.
1853 3164 1941 3190 homil.
1962 3165 2003 3190 35.
2025 3171 2051 3190 n.
2071 3165 2096 3190 l.

1397 3208 1418 3223 ¹¹
1441 3209 1507 3235 Vide
1525 3216 1606 3241 supra
1624 3216 1651 3234 n.
1670 3209 1694 3233 9.

1398 3251 1419 3266 ¹²
1440 3253 1514 3279 Vers.
1535 3253 1577 3278 ⁴2.

1398 3295 1420 3311 ²⁸
1439 3296 1502 3324 Cod.
1522 3297 1543 3322 Il
1565 3296 1627 3329 (CD
1645 3303 1660 3322 a
1673 3295 1789 3322 secunda
1809 3296 1899 3329 manu)
1917 3295 2069 3323 haeresum.
2090 3297 2217 3330 Superius
2236 3303 2284 3329 pro

1327 3339 1428 3367 Christi
1445 3341 1467 3366 G
1486 3339 1602 3367 Domini.

1399 3384 1421 3399 ¹⁴
1442 3386 1515 3411 vers.
1535 3384 1582 3417 44,
1603 3388 1753 3418 postquem
1767 3385 1794 3410 ll.
1811 3384 1902 3411 Thess.
1920 3385 1949 3417 2,
1971 3385 2024 3411 1-3.
2044 3384 2176 3418 (pluribus
2195 3388 2283 3411 tamen
2304 3373 2307 3376 ’

1327 3428 1452 3461 omissIs).

2313 2396 2427 2419 titudinem

2309 2424 2429 2445 haeresum.
