2427 3872
317 272 382 304 802

600 316 662 343 OCC

368 360 502 387 Occmum
522 376 554 380 —
575 360 655 394 Magis
680 362 739 395 quis
765 362 847 395 diligit
871 364 954 389 occul-

315 408 385 436 tum,
404 406 510 438 quando
524 406 639 438 intelligit
652 406 684 432 Vl
706 406 756 432 467
777 406 810 432 49

368 450 508 475 Occurxrio
521 464 556 469 —
568 452 607 476 est
623 450 756 476 distractio
769 451 871 483 mentis,
884 459 953 484 quae

313 494 408 519 avertit
426 496 452 519 et
464 494 584 519 distrahit
602 497 628 519 et
642 494 765 527 illaqueat
783 495 912 526 animam,
925 499 954 521 ut

313 544 367 563 non
386 537 468 569 possit
492 538 607 570 cogitare
631 545 661 563 ea
686 545 754 571 quae
777 539 865 565 salutis
893 542 953 565 sunt

314 582 345 606 Vl
367 582 399 607 18
419 589 444 607 ν.
466 583 498 607 13
511 596 547 601 -
559 585 598 608 est
617 586 754 614 peccatum
774 584 834 615 plus
853 583 953 610 habens

312 626 440 651 rationem
460 633 561 658 poenae
578 633 658 659 quam
672 627 772 659 peccati
792 628 825 652 19
844 635 871 660 q.
892 628 952 653 1-

313 670 423 702 dissipat
445 670 577 696 curiosum
607 671 640 696 20
669 678 694 696 v.
726 671 757 695 18
776 685 812 690 -
831 672 951 697 Studium

311 715 421 747 requirit
439 715 602 740 vacationem
628 714 662 740 ab
681 715 852 741 exterioribus
876 722 953 741 occu-

312 758 462 791 pationibus
482 759 533 784 107
552 766 578 784 v.
598 760 613 784 2
804 795 807 796 γ

365 803 435 829 0010
455 817 488 822 ——
508 804 555 829 Per
573 806 632 829 octo
648 810 748 829 novum
769 806 951 830 testamentum

313 848 462 880 intelligitur
481 848 523 873 Vll
543 848 576 873 14
595 848 610 873 8

365 892 440 918 Ocuu
459 907 494 910 —
519 895 580 918 sunt
597 892 671 925 quasi
696 893 749 918 duo
773 893 897 918 foramina
917 893 951 918 ad

312 937 456 962 videndum
483 937 514 961 Vl
538 937 572 962 93
601 944 627 962 v.
657 937 672 962 3
695 951 731 956 —
750 936 907 962 tenebrescit
926 937 950 962 in

312 984 444 1006 senectute
465 979 527 1007 ibid.
548 995 581 998 —
599 981 656 1006 vult
674 988 742 1006 nova
763 981 898 1012 percipere
918 981 950 1006 16

311 1033 338 1050 ν.
355 1025 370 1050 9
388 1038 424 1044 ·—
443 1025 554 1056 percipit
573 1028 706 1050 creaturas
724 1024 759 1051 ib.
777 1032 804 1058 q.
824 1026 839 1050 2
860 1039 894 1044 —
913 1028 951 1051 est

311 1076 439 1101 organum
459 1069 547 1095 cordis
560 1072 585 1094 et
597 1069 739 1094 voluntatis
751 1069 807 1094 sive
820 1069 951 1101 appetitus

313 1114 345 1139 17
362 1121 389 1146 q.
403 1115 418 1138 2
438 1127 473 1132 —-
492 1113 635 1145 corporalis
654 1116 736 1138 totum
756 1120 853 1145 corpus
871 1114 949 1145 regit,

310 1158 398 1190 dirigit
417 1161 442 1183 et
461 1158 587 1183 illuminat
607 1158 649 1182 Vll
670 1158 721 1183 300
739 1158 773 1183 72
793 1172 828 1176 —-
848 1158 950 1184 lucidus

310 1205 365 1228 erat
383 1205 443 1228 ante
462 1203 578 1235 lapsum,
606 1202 652 1227 sed
679 1205 786 1234 propter
812 1205 948 1234 peccatum

310 1247 432 1279 caligavit
459 1247 489 1272 Vl
519 1247 570 1273 255
591 1246 623 1272 43
642 1260 678 1266 -
698 1248 723 1272 111
743 1247 819 1273 oculo
839 1254 890 1273 non
910 1250 949 1272 est

309 1292 414 1317 satietas
434 1292 466 1317 15
486 1299 512 1324 q.
532 1291 560 1323 4,
582 1299 607 1316 v.
629 1292 643 1317 8

361 1351 397 1357 —-
415 1336 556 1368 spiritualis
581 1338 620 1361 est
644 1336 751 1362 intentio
780 1337 823 1362 Vll
844 1337 894 1362 300
913 1337 947 1362 72

368 1381 455 1407 cordis
487 1384 526 1406 est
554 1381 660 1406 intentio
688 1381 734 1406 301
767 1381 800 1406 73
829 1395 864 1400 -
892 1381 949 1407 eius

306 1426 407 1458 optima
427 1425 563 1457 dispositio
591 1428 630 1451 est
654 1425 805 1457 simplicitas
833 1425 894 1451 ibid.
913 1440 948 1445 —

306 1471 419 1502 simplex
438 1473 464 1495 et
482 1473 567 1495 rectus
591 1472 630 1495 est
648 1470 693 1502 qui
720 1470 826 1495 unicum
846 1469 946 1495 honum

305 1517 334 1540 et
353 1521 501 1544 summum,
515 1514 587 1546 quod
601 1513 759 1539 indivisibile
773 1516 825 1545 est,
839 1514 947 1540 intendit

309 1558 369 1584 ibid.
396 1573 430 1577 —-
457 1565 570 1591 nequam
595 1558 723 1590 depravat
739 1559 903 1584 voluntatem
923 1561 947 1584 et

308 1603 368 1628 facit
387 1610 434 1635 per
453 1610 511 1628 earn
532 1602 649 1635 iniquum
669 1605 695 1627 et
713 1609 781 1634 opus
799 1602 861 1628 ibid.

362 1662 395 1665 —
412 1647 493 1673 nostri
512 1647 674 1678 inunguntur
699 1647 753 1672 luto
781 1647 948 1672 humanitatis

305 1691 416 1722 Christi,
435 1691 498 1717 dum
520 1692 545 1716 in
570 1691 701 1717 Christum
730 1691 865 1717 credentes
892 1691 949 1717 illu-

306 1736 440 1761 minantur
458 1736 579 1761 unctione
597 1736 677 1761 sancti
706 1736 818 1767 Spiritus
844 1736 875 1761 Vl
896 1736 946 1761 373

310 1780 324 1804 8
340 1794 372 1798 —
386 1780 492 1805 Elevare
510 1780 600 1805 oculos
619 1782 658 1805 est
675 1780 780 1812 signum
801 1780 948 1805 devotionis

311 1823 361 1849 467
382 1825 396 1848 2
422 1838 457 1842 -
481 1823 570 1849 dexter
598 1824 726 1855 significat
753 1824 947 1849 meditationem

302 1875 483 1899 supernorum
504 1868 554 1893 622
575 1868 590 1892 3
610 1882 645 1886 —
663 1868 750 1894 Oculis
768 1867 948 1899 spiritualibus

308 1915 384 1937 nocet
402 1912 509 1943 sanguis
528 1912 657 1942 luxuriae,
672 1912 758 1943 pulvis
777 1912 901 1937 avaritIae
920 1915 945 1937 et

302 1959 402 1981 ventus
421 1956 561 1987 superbiae
581 1956 630 1981 579
652 1957 667 1982 5

360 2015 394 2018 —
414 2001 459 2025 Dei
485 2000 590 2032 respicit
615 2007 662 2031 per
683 2000 888 2026 misericordiam
915 2000 948 2025 Vl

302 2045 358 2070 ’319
379 2045 394 2070 6

360 2089 444 2115 01110111
463 2104 498 2107 -
517 2091 555 2114 est
575 2089 678 2121 gladius
694 2088 895 2121 malignantium
916 2089 947 2114 Vl

303 2134 358 2158 -612
379 2141 404 2159 v.
430 2134 458 2158 11
482 2147 518 2153 -
536 2134 654 2165 Tempus
682 2134 736 2159 odii
765 2136 816 2165 est,
841 2133 948 2166 quando

302 2185 348 2203 res
367 2178 528 2203 convertitur
554 2178 587 2203 ad
614 2178 801 2214 malignitatem
831 2179 858 2203 31
883 2186 911 2204 v.
932 2179 946 2203 8

306 2237 341 2240 —-
361 2222 451 2254 triplex
472 2223 514 2248 Vll
536 2222 585 2248 149
606 2222 688 2248 54-
701 2229 794 2248 verum
814 2226 854 2248 est
872 2223 897 2248 in
911 2224 948 2248 af-

308 2268 390 2292 fectus
409 2267 598 2297 controversia,
613 2267 854 2299 interpretativum,
867 2274 948 2300 quan-

307 2311 342 2336 do
361 2311 454 2344 aliquis
472 2311 507 2336 ad
527 2311 635 2336 modum
648 2311 760 2336 odientis
775 2318 804 2336 se
823 2310 902 2336 habet
914 2312 947 2337 Vl

309 2354 359 2380 456
380 2355 394 2379 8
415 2369 449 2373 -—
469 2356 511 2380 Est
530 2355 604 2380 odire
624 2362 670 2387 per
689 2356 825 2387 affectum,
845 2362 892 2387 per
911 2357 948 2380 ef-

308 2400 417 2429 fectum,
447 2406 494 2430 per
522 2399 721 2431 negligentiam,
744 2406 791 2431 per
819 2399 947 2425 concomi-

301 2444 414 2469 tantiam
435 2443 487 2468 605
506 2450 534 2468 v.
554 2443 586 2468 18

361 2501 395 2506 —-
414 2487 598 2513 detestandum
618 2491 656 2513 est
676 2488 708 2513 Vl
728 2487 774 2512 571
800 2488 814 2513 3

362 2545 397 2550 --
410 2532 510 2557 Vitium
529 2534 568 2556 est
580 2531 723 2557 odiendum
744 2532 823 2557 V132
844 2540 869 2558 v.
884 2533 899 2556 8
912 2546 947 2551 ——

308 2576 365 2601 Mali
391 2575 497 2601 odiendi
522 2578 582 2601 sunt
600 2576 662 2601 odio
686 2577 801 2607 perfecto
826 2575 888 2602 ibid.
913 2591 947 2594 —

309 2620 419 2645 Odiendi
445 2622 504 2644 sunt
528 2619 673 2645 adversarii
703 2620 727 2644 in
759 2620 801 2645 via
830 2620 875 2646 Dei
905 2621 947 2646 Vll

309 2664 361 2689 375
381 2663 413 2689 53
433 2678 468 2681 -
488 2663 589 2688 animae
608 2670 660 2688 non
680 2666 718 2689 est
737 2671 768 2689 ex
787 2664 947 2695 crudelitate,

309 2708 354 2733 sed
374 2715 404 2732 ex
418 2707 523 2733 caritate
543 2706 605 2732 ibid.
620 2721 653 2725 —-
666 2714 727 2739 erga
743 2710 863 2738 parentes
877 2715 948 2740 prae-

310 2752 405 2783 cipitur
436 2759 487 2776 non
515 2754 642 2783 quantum
672 2751 706 2776 ad
737 2756 870 2782 naturam,
902 2751 948 2776 sed

307 2799 436 2828 quantum
456 2796 488 2821 ad
510 2795 613 2827 culpam
633 2794 695 2820 ibid.

363 2854 396 2858 —-
417 2840 542 2865 Dominus
555 2839 609 2864 odit
628 2839 710 2864 malos
725 2840 755 2864 Vl
770 2839 804 2864 73
818 2847 843 2872 q.
858 2840 882 2865 2.
898 2840 947 2865 198

309 2891 336 2908 v.
355 2884 370 2908 9
391 2897 425 2902 -
446 2884 488 2911 Dei
509 2890 559 2908 non
588 2886 660 2908 notat
688 2884 808 2908 affectum
829 2884 854 2908 in
878 2883 948 2916 ipso,

311 2928 358 2953 sed
376 2928 496 2953 effectum
512 2928 538 2952 in
557 2934 588 2953 eo
601 2934 679 2960 quem
700 2928 754 2953 odit
769 2928 818 2952 198
839 2935 864 2952 v.
885 2928 900 2953 9
914 2942 950 2947 —

260 2985 262 2987 >
310 2972 399 2997 Nullus
418 2975 457 2997 est
475 2974 561 2997 certus
580 2972 613 2997 de
626 2971 687 2997 odio
707 2972 949 3003 praedestinationis

312 3019 337 3042 et
356 3015 547 3048 reprobationis
566 3016 599 3041 73
619 3023 645 3048 q.
665 3016 680 3040 2

364 3074 398 3078 -
422 3060 520 3090 Deum,
549 3062 577 3085 ut
605 3063 644 3085 est
671 3067 805 3085 summum
835 3059 949 3091 bonum,

311 3104 395 3129 nullus
414 3107 499 3136 potest
518 3104 606 3130 odisse
625 3104 658 3129 Vl
679 3103 729 3129 456
750 3104 764 3129 8
785 3117 819 3123 —
833 3104 881 3136 Qui
895 3102 950 3129 o'dit

311 3147 442 3174 Christum
462 3151 501 3174 est
520 3148 546 3173 in
566 3141 680 3174 tenebris
700 3149 741 3173 Vll
762 3148 808 3173 561
833 3148 866 3173 66

365 3192 496 3218 OnonATui
512 3207 542 3211 -—
556 3192 673 3218 serviunt
689 3192 803 3218 deliciosi
822 3192 853 3217 Vl
868 3192 918 3218 558
935 3192 944 3217 1

365 3236 477 3262 ΟΠΕΝεΛ
502 3250 534 3254 -
563 3236 608 3262 Dei
637 3236 723 3268 privat
748 3243 795 3262 nos
822 3236 949 3268 dignitate

306 3280 417 3306 divinae
430 3280 559 3305 filiationis
579 3280 620 3305 Vll
641 3280 692 3306 394
712 3281 740 3306 31
765 3295 799 3299 -
819 3281 950 3306 inexcusa-

311 3324 371 3349 bilis
389 3327 441 3355 est,
461 3327 486 3349 et
504 3324 564 3349 ideo
583 3324 683 3356 indiget
695 3324 790 3349 remitti
810 3325 841 3349 Vl
862 3323 913 3350 543
934 3324 949 3350 4

365 3382 401 3386 -
418 3375 481 3400 erga
501 3368 649 3400 proximum
673 3371 712 3394 est
730 3368 889 3400 septiformis
909 3368 949 3394 Vll

314 3411 364 3437 429
385 3412 412 3437 11
436 3419 572 3438 —omnes
591 3412 684 3437 dimitti
697 3411 806 3444 debent,
826 3413 846 3438 si
867 3413 950 3438 humi-

1184 276 1296 309 INDEX
1321 277 1448 310 RERUM

992 363 1048 390 liter
1067 371 1114 396 per
1133 371 1224 390 veram
1244 365 1430 397 poenitentiam
1451 366 1526 392 venia
1545 369 1631 399 postu-

992 408 1058 433 latur
1077 407 1139 434 ibid.
1157 422 1193 427 —
1211 409 1307 434 remitti
1327 409 1405 435 debet
1424 410 1497 435 aliter
1518 410 1630 442 petenti,

991 452 1065 477 aliter
1084 453 1251 485 persequenti
1270 452 1332 479 ibid.

1044 496 1163 522 Orrunns
1183 510 1216 515 -
1237 497 1283 522 Per
1296 497 1482 529 gratitudinem
1502 505 1531 523 se
1547 501 1630 523 totum

990 539 1070 565 debet
1088 541 1168 566 homo
1187 541 1241 566 Deo
1260 542 1353 567 offerre
1382 542 1414 566 Vl
1440 542 1490 568 302
1520 542 1552 567 83
1573 541 1629 574 (82)

1043 583 1164 610 0111010111
1174 585 1308 610 —Honor
1320 585 1397 611 officii
1408 585 1486 611 debet
1496 586 1630 611 hominem

990 628 1117 660 pollutum
1136 629 1171 654 ad
1190 629 1344 655 munditiam
1366 636 1472 655 movere
1493 630 1523 655 Vl
1544 630 1595 655 600
1615 630 1630 655 5

1044 672 1131 698 Oti-:uu
1151 687 1184 691 —
1203 673 1328 698 exhilarat
1346 674 1376 698 Vl
1395 673 1430 699 75
1451 680 1475 699 v.
1491 674 1523 698 10

1044 716 1173 742 Ouvewu
1198 731 1233 736 -
1256 720 1295 742 est
1322 717 1390 743 iuxta
1421 718 1558 743 lerusalem
1588 718 1630 742 Vll

992 760 1042 786 492
1063 761 1096 786 55
1115 775 1151 779 -
1171 762 1196 786 111
1220 754 1308 787 monte
1335 762 1463 787 olivarum
1484 764 1539 787 erat
1562 762 1630 794 villa,

991 804 1036 830 ubi
1055 804 1173 830 Christus
1191 804 1284 830 orabat
1303 805 1335 830 Vl
1360 805 1409 830 478
1430 806 1446 830 6
1465 819 1500 824 ——
1519 808 1574 831 erat
1597 806 1632 831 lo-

991 855 1037 874 cus
1065 853 1181 875 secretus
1208 852 1234 874 et
1262 849 1380 875 eminens
1408 850 1449 875 Vll
1472 849 1524 875 555
1544 849 1572 875 51
1595 863 1632 868 -

990 895 1029 918 est
1058 899 1134 918 mons
1162 893 1291 918 unctionis
1320 896 1345 918 et
1373 893 1476 925 pietatis
1503 892 1566 923 ibid.
1596 907 1631 912 —

990 939 1099 968 propter
1112 937 1260 962 unctionem
1275 937 1323 962 olei
1339 937 1451 963 insinuat
1464 937 1630 962 eminentiam

991 981 1120 1007 unctionis
1138 984 1164 1006 et
1182 981 1325 1013 sapientiae
1345 981 1396 1006 487
1418 981 1450 1006 44
1468 996 1503 1000 —
1522 982 1631 1007 Per'de-

989 1032 1110 1051 scensum
1125 1032 1139 1050 a
1153 1029 1242 1051 monte
1254 1026 1348 1052 Oliveti
1362 1025 1512 1057 intelligitur
1524 1026 1630 1051 descen-

989 1077 1034 1095 sus
1055 1070 1215 1101 dignationis
1234 1070 1430 1095 misericordiae
1458 1070 1505 1095 Dei
1525 1069 1575 1095 492
1596 1070 1629 1094 55

988 1128 1023 1133 —-
1033 1113 1150 1140 Christus
1161 1113 1194 1139 ab
1205 1121 1236 1139 eo
1247 1114 1362 1139 ascendit
1377 1114 1403 1139 in
1416 1114 1517 1139 caelum
1531 1114 1582 1140 556
1596 1114 1624 1139 51

1042 1158 1111 1184 Onus
1123 1172 1158 1177 —
1172 1158 1282 1184 aliorum
1302 1159 1463 1190 portandum
1483 1158 1629 1184 secundum

988 1203 1073 1234 legem
1093 1202 1206 1228 caritatis
1226 1203 1268 1228 Vll
1289 1203 1340 1228 406
1359 1203 1374 1228 9

1040 1247 1161 1273 Omina
1176 1262 1206 1266 —
1223 1247 1300 1279 pauci
1319 1250 1379 1272 sunt
1397 1247 1521 1277 studiosi,
1541 1247 1630 1279 plures

987 1292 1117 1323 malitiosi,
1140 1292 1247 1326 plurimi
1273 1292 1397 1318 desidiosi
1418 1292 1459 1317 Vll
1480 1292 1531 1317 253
1558 1291 1573 1316 4
1594 1305 1630 1310 -

986 1336 1031 1369 qui
1047 1337 1143 1366 faciunt
1156 1336 1227 1369 quod
1242 1343 1287 1362 ore
1301 1336 1405 1366 dicunt,
1418 1339 1478 1361 sunt
1491 1343 1505 1361 a
1519 1336 1629 1361 Domino

986 1380 1170 1406 remunerandi
1184 1380 1245 1406 ibid.
1259 1395 1294 1399 ——
1307 1380 1418 1415 Quando
1438 1380 1499 1405 boni
1515 1380 1629 1412 operarii

986 1425 1094 1456 desunt,
1119 1425 1213 1451 messis
1232 1425 1358 1451 amittitur
1383 1424 1434 1450 254
1465 1424 1479 1449 4
1507 1438 1542 1444 -—
1567 1424 1629 1450 boni

986 1470 1082 1495 dantur
1100 1469 1226 1495 divinitus
1249 1468 1310 1495 ibid.
1329 1483 1364 1487 —
1383 1468 1445 1494 boni
1469 1471 1529 1494 sunt
1548 1476 1562 1493 a
1583 1469 1630 1494 Do·

986 1514 1057 1539 mino
1076 1514 1239 1545 postulandi,
1259 1516 1287 1539 ut
1305 1520 1351 1539 eos
1373 1513 1503 1538 conducat
1524 1513 1630 1544 promit-

985 1558 1077 1590 tendo,
1097 1558 1240 1583 conductos
1260 1557 1343 1583 mittat
1362 1557 1547 1589 praecipiendo
1566 1556 1629 1583 ibid.

1039 1603 1159 1628 omnivm
1188 1616 1223 1621 —
1250 1603 1298 1627 Per
1329 1605 1450 1634 opertum
1480 1601 1629 1633 intelligitur

986 1647 1100 1678 cognitio
1120 1647 1201 1672 latens
1220 1647 1245 1671 in
1265 1647 1409 1676 intellectu,
1429 1646 1476 1672 sed
1495 1647 1560 1671 haec
1573 1653 1629 1671 ma-

986 1691 1079 1717 nifesta
1098 1693 1137 1716 est
1157 1691 1210 1716 Deo
1230 1691 1272 1716 Vll
1293 1691 1339 1716 311
1365 1691 1381 1715 5

1039 1736 1230 1761 Opponwnms
1248 1749 1284 1754 —
1302 1735 1376 1760 adest
1390 1742 1437 1766 pro
1450 1735 1530 1760 variis
1550 1734 1627 1760 bonis

985 1779 1111 1812 operibus
1131 1780 1164 1805 Vl
1184 1780 1218 1804 66
1238 1787 1264 1804 v.
1285 1779 1299 1804 6

1039 1824 1182 1853 Orrostrum
1200 1838 1236 1842 —
1254 1824 1310 1849 Non
1330 1824 1410 1849 scitur
1429 1823 1527 1856 aliquid
1548 1824 1628 1855 perfe-

990 1871 1039 1899 cte,
1059 1868 1107 1893 nisi
1136 1870 1309 1899 cognoscatur
1337 1868 1394 1893 eius
1419 1867 1569 1899 oppositum
1598 1867 1627 1893 Vl

987 1912 1020 1937 19
1040 1919 1066 1937 v.
1088 1912 1120 1937 17
1139 1926 1174 1930 -
1193 1912 1262 1937 iuxta
1283 1918 1311 1937 se
1331 1911 1414 1943 posita
1428 1911 1514 1943 magis
1541 1912 1628 1937 eluce-

986 1959 1063 1981 scunt
1090 1956 1123 1980 86
1143 1963 1169 1981 v.
1190 1955 1233 1980 17.
1252 1956 1299 1980 221
1323 1962 1349 1980 v.
1371 1956 1403 1980 18
1423 1969 1458 1974 -
1477 1956 1544 1980 lnter
1569 1962 1628 1981 con-

987 2000 1136 2025 tradictorie
1155 1999 1281 2031 opposita>
1295 1999 1358 2024 nihil
1377 2002 1416 2025 est
1444 1999 1562 2025 medium
1583 1999 1627 2025 Vll

979 2042 1038 2070 ’138
1063 2044 1092 2069 16
1106 2058 1139 2063 -
1154 2044 1260 2076 Quoties
1280 2044 1374 2069 dicitur
1395 2051 1476 2069 unum
1496 2044 1627 2076 opposito-

987 2096 1061 2119 rum,
1081 2091 1106 2113 et
1124 2088 1255 2120 reliquum
1277 2088 1309 2113 Vl
1330 2089 1345 2113 6
1366 2095 1391 2120 q.
1414 2089 1423 2112 1

1040 2132 1106 2158 Orus
1127 2147 1160 2151 —
1178 2132 1354 2158 communiter
1370 2132 1498 2164 accipitur
1510 2131 1545 2157 ad
1558 2139 1626 2164 opus

987 2184 1099 2209 operans
1118 2180 1144 2202 et
1161 2179 1315 2209 operatum,
1334 2176 1468 2208 spirituale
1487 2179 1512 2201 et
1533 2183 1627 2208 corpo-

985 2222 1053 2253 rale,
1073 2222 1182 2247 interius
1201 2224 1226 2247 et
1239 2221 1365 2251 exterius,
1386 2221 1492 2252 proprie
1506 2227 1569 2246 vero
1589 2228 1626 2246 se-

985 2266 1103 2292 cundum
1131 2266 1238 2291 alteram
1268 2266 1363 2291 horum
1391 2265 1563 2290 differentiam
1592 2265 1625 2290 Vl

986 2311 1037 2336 327
1057 2311 1090 2336 52
1104 2325 1139 2328 -
1152 2310 1241 2336 Bonus
1259 2309 1344 2341 opifex
1364 2316 1432 2341 opus
1445 2316 1522 2334 suum
1542 2309 1626 2341 diligit

987 2355 1036 2380 183
1057 2363 1082 2380 v.
1112 2354 1146 2380 25
1167 2369 1200 2372 -
1218 2353 1419 2380 Commendatio
1439 2354 1552 2379 auctoris
1570 2354 1625 2380 red-

986 2399 1068 2425 undat
1088 2399 1113 2424 in
1132 2405 1200 2430 opus
1217 2399 1268 2424 239
1290 2399 1299 2423 1

1039 2457 1073 2462 -
1087 2443 1158 2468 Ordo
1172 2442 1206 2468 ad
1219 2442 1399 2474 operationem
1413 2442 1518 2468 additur
1537 2442 1570 2468 ad
1584 2449 1626 2467 en-

985 2488 1083 2513 titatem
1103 2487 1156 2517 rei,
1176 2489 1204 2512 ut
1222 2487 1254 2512 sit
1267 2493 1329 2512 vera
1346 2487 1377 2512 Vl
1397 2486 1413 2511 7
1432 2494 1458 2519 q.
1479 2487 1494 2511 2
1514 2487 1627 2518 —Ope-

984 2532 1036 2557 rari
1055 2531 1227 2557 determinato
1247 2533 1366 2562 tempore
1380 2533 1459 2556 estex
1473 2530 1626 2562 indigentia,

985 2576 1026 2601 vel
1046 2583 1077 2601 ex
1096 2575 1266 2607 congruentia
1286 2575 1338 2600 342
1360 2575 1391 2600 18

1038 2634 1073 2639 -
1099 2620 1144 2645 Dei
1164 2622 1225 2645 sunt
1252 2620 1364 2651 perfecta
1395 2619 1426 2644 Vl
1455 2619 1506 2644 314
1533 2618 1566 2644 64
1591 2633 1626 2637 -

986 2665 1031 2690 Dei
1059 2667 1120 2690 sunt
1140 2663 1208 2689 bene
1229 2665 1295 2689 facta
1324 2662 1356 2688 64
1385 2670 1411 2696 q.
1443 2663 1451 2688 1
1476 2677 1508 2681 —-
1534 2663 1625 2688 Divina

985 2715 1065 2740 opera
1095 2711 1154 2733 sunt
1184 2707 1355 2733 immutabilia
1387 2710 1412 2732 et
1437 2710 1566 2738 perpetua
1592 2707 1625 2731 33

986 2760 1013 2777 v.
1027 2752 1059 2777 14
1080 2766 1115 2771 -
1134 2752 1322 2783 Opportunitas
1345 2751 1454 2776 faciendi
1480 2758 1560 2782 opera
1581 2751 1625 2776 mi-

986 2797 1103 2821 raculosa
1127 2796 1212 2826 durat,
1231 2795 1315 2821 donec
1334 2795 1390 2820 dics
1419 2797 1457 2820 est
1476 2795 1526 2819 373
1548 2794 1562 2819 4
1591 2809 1625 2812 -

988 2840 1032 2865 Dei
1052 2842 1113 2865 sunt
1131 2846 1212 2871 opera
1237 2840 1393 2864 miraculosa
1414 2839 1465 2863 372
1486 2839 1510 2864 3.
1539 2838 1589 2864 373
1611 2838 1625 2864 4

986 2898 1021 2903 -
1040 2884 1085 2909 Dei
1099 2884 1305 2913 manifestantur,
1318 2883 1424 2915 quando
1445 2883 1513 2908 Deus
1532 2883 1558 2907 in
1571 2883 1626 2908 suis

987 2927 1112 2960 operibus
1131 2927 1309 2953 manifestatur
1329 2927 1379 2952 372
1401 2928 1415 2952 3
1428 2941 1463 2945 -
1476 2926 1625 2958 Operationi

987 2972 1091 2997 divinae
1110 2978 1163 2997 non
1183 2974 1221 2997 est
1240 2972 1278 2996 lex
1298 2971 1455 3002 imponenda
1476 2971 1518 2996 Vll
1540 2971 1572 2996 85
1593 2970 1625 2995 57

987 3031 1021 3034 —
1041 3015 1183 3041 Curiositas
1209 3018 1249 3040 est
1277 3014 1390 3046 probare
1410 3015 1450 3039 vel
1479 3014 1627 3040 examinare

987 3067 1066 3092 opera
1087 3059 1134 3085 Dei
1153 3059 1186 3084 Vl
1205 3059 1239 3084 64
1258 3066 1285 3091 q.
1306 3059 1315 3083 1
1340 3072 1375 3077 -
1395 3058 1439 3083 Dei
1459 3059 1554 3084 dicitur
1580 3065 1626 3090 per

987 3094 1164 3129 excellentiam
1184 3110 1250 3135 opus
1265 3103 1522 3128 misericordissimae
1535 3109 1627 3128 recon-

987 3148 1123 3173 ciliationis
1151 3147 1202 3172 297
1231 3146 1264 3173 54
1283 3160 1318 3165 -
1338 3147 1384 3172 Dei
1413 3150 1451 3172 est
1478 3149 1566 3172 nostra
1592 3147 1625 3172 ad

988 3193 1071 3218 Deum
1091 3198 1138 3224 per
1162 3191 1241 3217 fldem
1267 3190 1405 3216 conversio
1427 3189 1487 3217 ibid.
1508 3205 1542 3208 —
1564 3191 1626 3223 Qui-

987 3235 1050 3262 libet
1062 3242 1119 3261 esse
1132 3234 1212 3261 debet
1225 3241 1327 3260 memor
1340 3241 1450 3266 operum
1466 3234 1510 3259 Dei
1525 3234 1558 3260 ad
1572 3235 1626 3260 lau-

987 3280 1105 3306 dandum
1126 3279 1167 3304 Vll
1187 3279 1221 3304 37
1242 3278 1293 3304 114

1039 3337 1075 3343 -
1095 3323 1226 3349 Trinitatis
1245 3326 1305 3349 sunt
1322 3322 1433 3348 indivisa
1458 3323 1491 3348 Vl
1511 3322 1561 3348 443
1582 3323 1624 3348 38.

988 3368 1038 3394 473
1058 3368 1092 3393 32
1111 3374 1167 3399 arg.
1187 3368 1203 3392 2
1222 3381 1255 3386 —
1275 3366 1399 3398 Operatio
1420 3370 1458 3393 est
1477 3367 1626 3393 communis

987 3415 1012 3438 et
1030 3412 1174 3438 essentialis
1193 3412 1244 3437 310
1264 3410 1297 3436 45

1953 322 2016 350 OPU

1724 382 1756 386 —
1776 369 1862 394 omnia
1883 372 1969 395 nostra
1988 372 2112 401 operatur
2131 369 2257 396 Dominus
2273 369 2308 395 Vl

1670 412 1721 436 120
1741 419 1768 437 v.
1788 411 1802 437 4
1822 426 1857 431 —
1875 413 1998 444 Operatio
2017 413 2085 439 bona
2105 417 2144 440 est
2165 421 2179 439 a
2200 414 2253 440 Deo
2273 414 2305 440 92

1669 462 1695 480 ν.
1716 456 1731 480 2
1750 470 1786 474 ——-
1806 456 1870 481 Tota
1897 456 2027 483 bonorum
2047 458 2165 489 operatio
2191 458 2243 483 Deo
2268 461 2308 484 est

1668 498 1831 525 attribuenda
1851 500 1885 525 76
1906 508 1932 525 v.
1955 502 1984 526 12
2004 516 2038 519 -
2058 502 2160 533 pietatis
2176 509 2228 528 non
2248 505 2308 528 sunt

1669 543 1768 569 homini
1787 551 1802 569 a
1821 551 1849 569 se
1868 544 1938 575 ipso,
1958 545 2004 570 sed
2023 551 2053 570 ex
2069 545 2139 571 dono
2153 548 2178 571 et
2197 553 2307 572 munere

1668 587 1759 613 divino
1778 588 1821 613 Vll
1842 587 1892 613 429
1913 589 1945 613 13
1964 603 1999 607 -
2018 589 2145 614 Beneficia
2169 590 2214 614 Dei
2235 596 2309 621 prae-

1668 630 1777 656 veniunt
1789 634 1904 656 nostram
1922 631 2099 663 operationem
2119 632 2151 656 Vl
2166 632 2217 658 564
2232 639 2259 658 v.
2273 633 2306 658 13

1668 689 1703 693 -
1722 674 1832 700 Habenti
1860 675 2018 700 voluntatem
2047 676 2175 707 operandi
2202 675 2308 702 dabitur

1670 718 1776 744 facultas
1795 718 1944 750 perficiendi
1962 719 2004 744 Vll
2025 719 2075 744 486
2096 720 2128 745 39

1721 777 1756 780 -
1766 762 1888 794 Operatio
1902 763 2005 789 virtutis
2015 767 2054 789 est
2063 763 2150 789 debita
2164 764 2262 789 homini
2273 765 2306 790 Vl

1668 806 1684 831 7
1699 814 1724 839 q.
1741 808 1756 832 2
1770 822 1804 825 -
1818 807 1940 839 Operatio
1954 809 2074 833 effectum
2094 808 2201 834 deducit
2219 808 2270 834 584
2290 810 2306 834 2

1722 866 1756 869 -
1768 850 1835 876 110113
1849 852 1904 877 sine
1916 852 2106 877 intermissione
2116 855 2176 878 sunt
2189 852 2306 878 facienda

1669 895 1711 921 Vll
1738 895 1789 921 342
1820 896 1863 921 21.
1892 895 1942 921 346
1966 896 2000 921 36
2019 910 2054 915 -
2073 896 2204 927 Operibus
2231 896 2307 922 bonis

1666 940 1789 965 continue
1808 940 1995 966 intendendum
2015 940 2124 966 est352
2144 940 2187 965 58.
2206 941 2258 966 354
2272 936 2305 966 63

1670 998 1703 1002 -—
1722 984 1864 1009 lnvitamur
1883 984 1915 1009 ad
1935 984 2096 1016 diligentiam
2113 985 2239 1016 operandi
2258 991 2306 1017 per

1668 1028 1827 1053 documenta
1855 1028 2007 1060 evangelica
2039 1028 2089 1053 145
2116 1029 2158 1054 40.
2185 1029 2234 1054 160
2263 1029 2307 1054 92.

1669 1071 1719 1096 164
1748 1072 1798 1096 106
1817 1086 1852 1091 -
1871 1072 1980 1104 Operari
2005 1075 2108 1104 oportet
2131 1073 2255 1098 instanter
2279 1073 2306 1098 in

1668 1116 1797 1148 praesenti
1818 1116 1849 1141 Vl
1863 1116 1898 1141 75
1918 1124 1943 1141 v.
1964 1117 1996 1141 10
2010 1131 2045 1134 -
2057 1117 2167 1148 Operari
2183 1117 2307 1143 instanter

1667 1163 1707 1185 est
1724 1160 1827 1192 operari
1852 1160 1968 1185 celeriter
1994 1159 2056 1186 ibid.
2075 1174 2110 1179 —
2129 1161 2155 1186 ln
2181 1160 2305 1186 omnibus

1667 1204 1792 1236 operibus
1811 1204 1865 1230 suis
1883 1206 1963 1230 homo
1979 1205 2053 1230 velox
2070 1211 2128 1230 esse
2146 1203 2225 1230 debet
2244 1204 2305 1231 ibid.

1666 1263 1702 1268 —
1721 1249 1813 1274 Anima
1833 1252 1871 1274 est
1889 1248 2012 1274 volubilis
2024 1256 2071 1280 per
2090 1248 2231 1280 agilitatem
2245 1256 2306 1281 ope-

1667 1293 1703 1318 ris
1722 1293 1773 1318 545
1793 1292 1809 1318 5

1719 1351 1755 1356 —
1764 1338 1849 1369 Opera
1859 1341 1964 1363 strenua
1975 1340 2000 1363 et
2009 1337 2125 1363 decentia
2137 1336 2216 1363 debet
2226 1338 2305 1363 homo

1668 1384 1753 1408 facere
1770 1382 1916 1407 secundum
1936 1381 2005 1407 dona
2024 1381 2073 1407 sihi
2093 1382 2184 1407 collata
2201 1381 2233 1413 Vl
2254 1381 2305 1407 154

1667 1434 1693 1452 v.
1713 1427 1746 1452 15
1759 1441 1794 1444 -
1808 1427 1832 1451 111
1852 1429 1929 1451 nocte
1947 1428 2032 1451 cessat
2045 1426 2226 1457 opportunitas
2243 1432 2306 1457 ope—

1666 1471 1741 1496 randi
1760 1470 1812 1496 373
1834 1470 1858 1495 4.
1879 1470 1931 1496 375
1952 1470 1984 1494 16

1719 1530 1754 1533 -
1773 1517 1833 1540 sunt
1855 1513 2042 1545 examinanda,
2061 1521 2113 1539 non
2137 1514 2198 1539 fidei
2223 1513 2304 1540 verba

1669 1559 1709 1584 Vll
1730 1559 1780 1584 453
1802 1558 1834 1583 14
1853 1572 1888 1577 -
1906 1558 1970 1584 dant
1989 1558 2067 1583 fidem
2092 1557 2182 1583 verbis
2202 1558 2233 1583 Vl
2253 1558 2304 1583 388

1667 1604 1699 1629 26
1715 1617 1747 1621 -·
1762 1603 1789 1628 ln
1808 1602 1934 1634 operibus
1953 1602 2019 1628 tides
2031 1602 2129 1627 relucet
2148 1602 2191 1628 Vll
2205 1602 2256 1627 397
2270 1602 2304 1628 38

1719 1661 1754 1666 —
1768 1647 1864 1672 Vivere
1878 1653 1925 1678 per
1937 1653 2017 1678 opera
2031 1646 2134 1672 virtutis
2146 1649 2185 1672 est
2197 1646 2305 1672 vivendi

1666 1691 1761 1717 modus
1789 1691 1930 1723 spiritualis
1954 1691 1987 1716 Vl
2011 1690 2062 1716 564
2082 1691 2098 1716 5
2116 1705 2152 1709 —
2172 1691 2219 1716 Per
2246 1698 2305 1723 pro-

1667 1737 1762 1761 fectum
1790 1735 1949 1767 operationis
1977 1734 2064 1760 bonae
2091 1735 2201 1760 efficitur
2225 1736 2305 1761 homo

1665 1786 1745 1805 sanus
1774 1779 1820 1804 561
1845 1787 1870 1804 v.
1894 1779 1924 1804 14
1943 1794 1978 1797 -
1998 1778 2099 1804 Oblatio
2128 1778 2189 1804 boni
2217 1779 2305 1811 operis

1666 1823 1775 1856 mundat
1793 1824 1907 1848 animam
1921 1823 1973 1848 600
1991 1822 2006 1848 4
2021 1822 2188 1848 -“Οῐΐθῐ·01111
2209 1830 2305 1849 munus

1665 1867 1751 1892 bonae
1778 1866 1935 1898 operationis
1964 1866 2095 1898 aperietur
2123 1866 2224 1891 caelum
2253 1865 2304 1891 544

1666 1912 1681 1936 2
1709 1925 1744 1929 -—-
1774 1910 1914 1942 Operando
1941 1910 2040 1935 bonum
2060 1910 2111 1935 itur
2134 1910 2167 1935 ad
2191 1917 2304 1941 regnum

1666 1955 1716 1980 606
1737 1963 1762 1980 v.
1781 1955 1797 1980 7
1811 1969 1846 1974 —
1862 1955 1946 1980 Activi
1965 1955 2078 1980 offerunt
2096 1953 2197 1980 Christo
2217 1961 2305 1980 ramos

1666 1999 1796 2025 bonorum
1814 2006 1926 2031 operum
1946 1999 1998 2024 594
2018 2000 2033 2024 2

1718 2057 1753 2063 —-
1775 2043 1824 2076 Qui
1844 2043 1913 2068 bona
1933 2043 2000 2075 agit,
2020 2042 2135 2074 disponit
2147 2049 2188 2073 se,
2208 2045 2236 2068 ut
2248 2042 2305 2068 eius

1664 2088 1748 2113 oratio
1766 2087 1862 2113 debeat
1879 2087 1964 2113 audiri
1984 2087 2027 2112 Vll
2048 2086 2098 2112 448
2119 2087 2179 2111 2-
2192 2086 2305 2118 Operan-

1664 2135 1702 2157 tes
1722 2131 1902 2157 beatificantur
1916 2131 1941 2156 in
1962 2131 2093 2162 Scriptura
2108 2130 2141 2155 30
2155 2130 2189 2156 84
2202 2144 2237 2149 -
2255 2130 2305 2155 vir-

1663 2176 1725 2202 tutis
1743 2178 1783 2201 est
1801 2176 1897 2201 modus
1916 2175 2037 2201 veniendi
2061 2174 2093 2200 ad
2114 2174 2245 2200 Christum
2272 2175 2303 2199 Vl

1663 2220 1714 2246 563
1735 2220 1750 2245 4
1770 2235 1804 2238 —
1823 2219 1923 2245 bonum
1943 2219 2016 2245 ducit
2034 2213 2067 2244 ad
2087 2219 2172 2244 lucem
2199 2218 2250 2244 284
2270 2219 2303 2244 33
2321 2225 2324 2227 ’

1716 2278 1751 2284 -
1770 2265 1841 2290 Bona
1861 2271 1941 2296 opera
1958 2264 2000 2289 lux
2020 2266 2080 2289 sunt
2098 2263 2131 2288 Vl
2151 2262 2202 2288 284
2222 2263 2255 2288 34
2269 2277 2304 2282 -

1663 2309 1731 2335 bona
1751 2311 1937 2340 comparantur
1950 2309 2072 2334 lucernae
2091 2307 2134 2333 Vll
2148 2307 2199 2333 324
2219 2307 2252 2333 50
2269 2322 2305 2326 —-

1663 2353 1786 2385 Operatio
1814 2353 1976 2384 significatur
2004 2359 2052 2384 per
2076 2359 2170 2377 manus
2198 2352 2232 2377 Vl
2252 2351 2303 2377 598

1664 2405 1690 2423 v.
1704 2398 1719 2422 6
1732 2411 1767 2416 —
1780 2398 1828 2422 Per
1840 2400 1956 2422 armenta
1976 2396 2058 2422 boum
2078 2396 2226 2428 intelligitur
2243 2403 2304 2428 ope-

1664 2449 1722 2467 rum
1742 2441 1880 2467 strenuitas
1899 2442 1933 2466 22
1954 2448 1980 2466 v.
1999 2441 2014 2465 8
2028 2454 2063 2460 -
2076 2441 2124 2466 Per
2143 2441 2248 2466 hortum
2268 2440 2303 2479 ³¹¹:

1664 2486 1786 2518 {elligitur
1805 2485 1919 2511 fertilitas
1938 2485 2068 2510 bonorum
2088 2491 2198 2516 operum
2218 2484 2269 2509 619
2288 2484 2303 2510 4

1663 2544 1699 2549 -
1711 2530 1882 2562 Operationes
1894 2531 2018 2555 honestae
2036 2532 2061 2554 et
2075 2530 2190 2554 famosae
2210 2535 2302 2554 vocan-

1665 2578 1706 2600 tur
1725 2575 1842 2606 pomaria
1863 2575 1895 2599 22
1915 2581 1942 2599 v.
1962 2574 1976 2598 8

1716 2633 1751 2636 —
1765 2619 1890 2644 virtutum
1904 2618 1996 2643 suavia
2016 2620 2076 2643 sunt
2089 2617 2177 2642 virtuti
2198 2616 2303 2642 inchoa-

1664 2665 1720 2693 tae,
1739 2663 1861 2688 suaviora
1888 2662 2048 2694 proficienti,
2073 2662 2120 2687 sed
2146 2653 2302 2687 suavissima

1664 2707 1714 2736 iam
1736 2708 1866 2738 perfectae
1881 2707 1922 2731 Vll
1943 2706 1994 2731 340
2015 2706 2047 2731 17
2066 2719 2101 2725 -
2122 2706 2233 2737 Spiritus
2245 2712 2302 2731 san-

1663 2754 1720 2776 ctus
1738 2754 1847 2782 apparet
1871 2750 1896 2775 in
1920 2750 2050 2775 bonorum
2075 2757 2186 2781 operum
2205 2749 2302 2775 exhibi-

1663 2795 1744 2826 tione,
1764 2797 1851 2819 manet
1864 2794 1889 2819 in
1903 2794 2046 2819 eorundem
2067 2794 2263 2825 perseverantia
2278 2797 2302 2819 et

1664 2838 1858 2864 continuatione
1878 2838 1909 2863 Vl
1931 2838 1981 2864 542
2004 2839 2012 2863 1
2163 2833 2168 2837 ’

1719 2896 1749 2900 --
1769 2881 1843 2907 110113
1863 2882 2007 2913 procedunt
2026 2889 2056 2907 ex
2076 2882 2165 2908 radice
2188 2882 2301 2908 caritatis

1666 2927 1695 2951 Vl
1716 2926 1767 2951 594
1787 2927 1802 2951 3
1833 2940 1865 2944 —-
1895 2925 1963 2951 bona
1990 2926 2055 2951 fiunt
2083 2926 2179 2951 virtute
2207 2929 2233 2951 et
2258 2933 2302 2957 po-

1664 2970 1741 2996 tentia
1760 2969 1901 3002 sapientiae
1922 2970 1972 2995 165
1992 2977 2017 2995 v.
2039 2970 2070 2994 18
2090 2983 2125 2988 -
2144 2977 2212 3003 quae
2236 2970 2302 2995 fiunt

1665 3015 1690 3039 in
1709 3013 1827 3045 caritate,
1847 3014 1912 3039 fiunt
1932 3014 1955 3038 in
1977 3014 2030 3038 Deo
2045 3013 2095 3039 284
2115 3013 2148 3039 34
2167 3028 2202 3032 -
2221 3014 2302 3039 homi-

1664 3058 1704 3084 nis
1727 3061 1834 3089 accepta
1862 3061 1922 3083 sunt
1947 3057 2013 3088 Deo,
2042 3058 2063 3082 si
2093 3057 2157 3083 liunt
2176 3064 2206 3083 ex
2234 3064 2301 3089 puro

1665 3109 1755 3128 amore
1784 3102 1829 3127 Dei
1859 3102 1909 3126 169
1938 3109 1965 3127 ν.
1995 3102 2025 3126 12
2049 3116 2084 3119 -
2108 3102 2193 3127 Nescit
2222 3103 2301 3127 homo

1664 3146 1771 3179 quando
1791 3149 1816 3172 et
1839 3153 1907 3179 quae
1933 3153 2013 3178 opera
2033 3148 2151 3178 acceptat
2170 3146 2238 3171 Deus
2267 3146 2299 3171 89

1664 3198 1689 3215 v.
1717 3191 1732 3215 6
1752 3204 1788 3209 -
1813 3190 1939 3216 iustorum
1969 3192 2030 3215 sunt
2049 3190 2073 3215 in
2103 3192 2229 3221 potestate
2254 3189 2301 3215 Dei

1663 3234 1854 3266 cognoscendi,
1879 3234 2050 3266 acceptandi,
2078 3233 2240 3259 retribuendi
2265 3233 2294 3258 71

1663 3286 1689 3304 v.
1710 3279 1719 3304 1
1744 3293 1778 3297 —
1797 3279 1928 3304 Bonorum
1947 3284 2058 3310 operum
2081 3280 2229 3303 nostrorum
2249 3284 2301 3303 non

1663 3323 1762 3354 indiget
1783 3323 1851 3348 Deus
1870 3323 1911 3347 Vll
1932 3322 1983 3347 433
2002 3322 2031 3347 21

1718 3381 1751 3385 -
1770 3366 1838 3392 110113
1863 3369 1923 3392 sunt
1947 3373 2027 3398 opera
2057 3365 2188 3391 meritoria
2213 3365 2245 3390 Vl
2265 3365 2298 3391 33

1663 3418 1689 3436 v.
1713 3411 1745 3437 13
1764 3425 1799 3429 --
1818 3410 1980 3436 meritorium
2006 3410 2119 3436 excludit
2143 3409 2299 3441 pravitatem
