2427 3872
336 271 399 303 738

627 315 680 340 nn„

335 358 462 384 mendacii
492 358 542 383 345
572 359 604 383 28
633 371 668 377 -
690 358 827 384 Mendaces
847 361 908 384 sunt
927 358 972 383 filii

334 402 429 428 diaboli
449 401 510 428 ibid.

387 460 422 465 —
440 447 497 472 Non
517 446 563 472 snit
582 445 606 471 in
625 453 657 471 eo
677 446 773 478 virtus,
787 446 833 471 sed
847 445 971 478 superbia

334 491 378 516 Vll
397 491 431 516 93
452 491 484 515 48
505 504 538 508 -
563 490 703 516 Daemonis
730 490 854 522 superbia
879 493 905 515 et
929 497 972 516 au-

334 535 408 560 dacia
427 535 504 571 nullis
522 535 670 560 retinaculis
688 537 773 566 potest
791 534 900 560 detineri
920 534 971 559 203

333 580 366 605 53
386 593 422 598 -
441 580 489 604 Per
507 579 677 604 daemonium
703 578 853 610 intelligitur
881 585 973 610 super-

334 623 375 649 bia
397 624 429 648 Vl
449 623 500 649 587
513 631 539 648 v.
554 624 569 648 3
583 637 618 642 —
631 623 679 648 Per
692 622 813 654 spiritum
826 623 971 654 malignum

334 668 484 700 intelligitur
503 668 617 700 nequitia
638 668 679 692 Vll
700 667 749 692 476
771 667 804 692 45
944 695 947 697 ,

386 727 421 731 -
440 715 479 738 est
497 715 649 744 peccatum,
668 711 741 744 quod
766 712 825 737 facit
848 711 972 743 surdum,

334 763 441 782 caecum
461 760 487 782 et
505 759 608 782 mutum
628 756 670 781 Vll
690 756 741 780 289
756 756 788 780 38
802 769 837 775 —-
850 755 973 781 Obsessio

334 801 471 827 daemonis
489 804 528 826 est
548 800 683 826 infirmitas
702 799 855 825 incurabilis
875 799 973 825 V1587

335 853 361 871 v.
382 846 397 871 3

387 905 422 908 -
445 890 576 922 pessimus
603 890 735 922 praesidet
758 889 834 915 idolis
859 889 891 914 Vl
922 889 971 913 498

335 942 361 959 v.
381 935 404 966 9,
426 935 452 959 44

386 993 420 997 --
440 979 496 1004 eius
516 981 631 1010 potestas
649 978 784 1010 expellitur
803 977 837 1002 ah
856 976 970 1007 homine,

334 1023 441 1055 quando
460 1023 634 1048 introducitur
658 1025 772 1054 potestas
792 1021 837 1047 Dei
857 1022 901 1046 Vll
921 1022 971 1046 292

335 1067 368 1092 47
389 1081 421 1084 -
441 1067 538 1092 eiectus
558 1067 591 1091 de
619 1066 719 1092 mundo
747 1069 833 1097 potest
858 1068 972 1096 tentare,

334 1111 380 1136 sed
400 1118 450 1136 non
471 1111 626 1136 intrinsecus
645 1113 751 1142 regnat,
770 1111 812 1135 vel
831 1117 882 1135 non
898 1110 922 1134 in
936 1112 973 1135 tot

334 1158 434 1187 regnat,
454 1162 502 1180 nec
521 1155 554 1180 ita
583 1155 739 1186 potestative
756 1157 849 1186 regnat
867 1154 900 1178 Vl
921 1153 966 1179 424

336 1200 368 1225 53
388 1213 423 1218 -
442 1202 501 1231 post
520 1199 669 1231 passionem
698 1206 805 1224 manum
827 1199 971 1223 trahentem

334 1243 412 1269 habet
422 1243 564 1269 abscissam
575 1246 601 1268 et
613 1243 788 1275 impellentem
803 1242 972 1273 debilitatam,

334 1291 359 1314 et
377 1290 464 1313 nostra
485 1295 577 1313 manus
596 1288 629 1313 ad
653 1288 826 1313 resistendum
846 1291 886 1313 est
905 1287 972 1312 sorti-

334 1334 408 1359 ficata
429 1340 476 1364 per
495 1333 573 1358 tidem
593 1331 656 1358 ibid.
674 1346 709 1351 —
721 1333 783 1358 Eius
796 1335 910 1364 potestas
928 1332 973 1357 tol-

334 1379 401 1403 letur
420 1378 446 1402 in
465 1377 533 1402 finali
553 1377 650 1402 iudicio
675 1377 717 1402 Vll
739 1377 789 1402 280
811 1377 844 1402 42
863 1390 898 1395 -
917 1379 973 1401 tan-

334 1423 394 1449 dem
414 1422 566 1454 proiicietur
586 1422 617 1447 Vl
637 1422 671 1446 87
690 1429 716 1446 V.
736 1422 785 1446 20*
833 1452 837 1454 .

388 1467 466 1491 Diam
485 1480 520 1485 —
539 1465 593 1491 Sub
613 1466 719 1491 nomine
743 1456 841 1491 Dianae
863 1465 973 1491 idolola-

334 1514 389 1536 trae
408 1511 497 1536 lunam
517 1509 709 1536 venerabantur
728 1510 760 1535 Vl
782 1510 833 1535 492
852 1518 878 1535 v.
899 1511 914 1535 2

389 1555 481 1580 Diem
499 1568 534 1573 —
546 1555 609 1579 nihil
624 1554 693 1580 alind
712 1557 751 1579 est
764 1561 845 1587 quam
859 1553 972 1579 verbum

335 1602 422 1625 mente
440 1599 579 1631 concipere
600 1599 640 1624 Vll
666 1599 718 1624 517
748 1599 779 1624 48
799 1612 834 1617 -
853 1599 907 1624 Deo
935 1601 974 1624 est

336 1645 419 1669 tacere
439 1644 471 1668 26
492 1644 525 1668 66

389 1688 502 1713 ΟιῡΥΜυε
521 1701 555 1705 -
574 1687 668 1713 dicitur
688 1687 763 1719 quasi
784 1687 828 1712 diu
850 1686 974 1712 dubitans

336 1733 368 1757 Vl
389 1732 439 1758 399
460 1733 500 1757 26.
521 1731 572 1757 513
593 1732 625 1757 46

388 1777 448 1802 Duas
466 1791 501 1795 —
514 1779 552 1802 est
569 1776 713 1808 praesentia
727 1775 792 1801 lucis
811 1776 838 1800 in
858 1778 926 1801 terra
941 1775 973 1800 Vl

336 1821 386 1847 373
406 1821 422 1846 5
441 1835 476 1840 -
495 1821 693 1846 vicissitudines
712 1820 814 1845 dierum
835 1822 974 1845 causantur

335 1872 365 1890 ex
385 1868 457 1890 motu
476 1865 537 1890 solis
557 1865 607 1891 455
626 1872 652 1890 v.
674 1865 706 1889 48

388 1923 423 1928 -
442 1910 519 1935 datus
538 1912 577 1934 est
604 1909 637 1934 ad
666 1909 831 1940 operandum
861 1909 893 1934 Vl
912 1907 973 1933 ’224

335 1961 361 1979 v.
381 1954 413 1979 44
432 1968 468 1971 ——
487 1955 514 1978 In
533 1953 577 1979 die
596 1955 635 1978 est
653 1953 725 1978 locus
744 1955 769 1978 et
787 1956 892 1984 tempus
910 1959 974 1984 ope-

334 1998 408 2023 randi
429 1998 461 2024 58
474 2006 500 2023 v.
516 1997 549 2022 45
562 2012 597 2016 -
610 2000 648 2023 est
666 2000 772 2029 tempus
788 1997 907 2022 merendi
922 1997 973 2022 400

335 2043 368 2068 30
387 2056 423 2061 -
441 2043 467 2067 ln
487 2042 529 2067 die
549 2042 647 2074 gratiae
666 2041 834 2074 quaerendus
847 2044 886 2067 est
904 2041 975 2067 Chri-

334 2089 389 2112 stus
408 2086 459 2112 572
479 2087 494 2111 2
514 2101 548 2104 -
568 2085 710 2111 Ambulare
733 2086 760 2111 in
788 2086 831 2111 die
850 2092 973 2111 securum

335 2134 373 2156 est
392 2131 442 2156 398
464 2131 505 2155 419.
526 2131 577 2156 400
597 2131 631 2156 30
649 2144 686 2150 —
704 2133 743 2156 est
768 2130 858 2162 triplex
884 2136 974 2155 secun-

334 2175 399 2200 dum
418 2178 523 2206 tempus
536 2177 656 2206 naturae,
675 2175 753 2206 Legis
771 2177 797 2200 et
810 2174 908 2206 gratiae
922 2173 973 2199 270

335 2220 368 2245 42
387 2234 422 2238 —
442 2220 541 2251 gratiae
560 2222 599 2245 est
612 2219 785 2251 novissimus⁷
806 2219 830 2244 in
849 2225 903 2251 quo
918 2225 974 2250 per-

334 2264 496 2290 manendum
523 2264 574 2289 262
598 2263 633 2289 77
657 2277 693 2283 —
717 2266 756 2289 est
784 2266 889 2295 tempus
917 2270 974 2295 gra-

334 2309 398 2340 tiae,
418 2309 443 2334 in
462 2315 515 2341 quo
534 2307 652 2334 Christus
670 2308 792 2340 apparuit
811 2308 862 2333 520
882 2308 897 2332 6

387 2367 422 2372 -
441 2352 571 2384 significat
583 2352 715 2378 Christum
730 2352 815 2377 lucem
835 2352 926 2378 mundi
940 2353 972 2378 Vl

335 2397 381 2422 304
412 2398 446 2422 82
468 2411 504 2416 -
528 2396 674 2422 Praesentia
700 2395 794 2422 Christi
820 2396 844 2422 in
873 2396 973 2422 mundo

334 2444 445 2466 vocatur
464 2440 520 2466 dies
538 2440 589 2465 373
610 2440 626 2465 5
645 2454 680 2459 -
704 2440 781 2466 durat
799 2440 833 2466 ab
858 2440 972 2466 adventu

335 2484 428 2511 Christi
449 2492 532 2517 usque
551 2485 585 2510 ad
599 2485 723 2511 iudicium
740 2485 790 2510 400
810 2485 843 2510 30
858 2499 891 2503 -
905 2485 974 2510 Duo-

335 2530 421 2555 decim
441 2530 521 2554 horae
540 2529 591 2555 diei
605 2529 753 2561 significant
772 2529 912 2555 duodecim
926 2532 974 2555 sta-

335 2577 377 2599 tus
396 2573 488 2599 Christi
508 2572 569 2599 ibid.

387 2632 422 2636 —
442 2617 527 2643 bonos
545 2620 571 2643 et
589 2618 672 2643 malos
692 2617 750 2643 fecit
770 2618 838 2643 Deus
857 2620 882 2643 et
906 2618 973 2643 ordi-

334 2662 406 2687 navit
425 2662 492 2687 iusto
506 2662 585 2687 modo
605 2662 639 2686 Vl
660 2662 692 2687 58
713 2669 739 2687 ν.
759 2662 793 2687 45
805 2675 842 2681 ——
854 2663 921 2687 mala
935 2665 974 2688 est

334 2706 391 2731 dies
410 2709 531 2731 aeternae
550 2705 726 2731 damnationis
744 2704 806 2731 ibid.
818 2719 854 2724 —
867 2706 973 2731 aeterni-

335 2750 393 2775 tatis
418 2749 582 2775 memorandi
606 2750 635 2774 91
660 2757 687 2775 ν.
706 2750 720 2774 8
740 2763 776 2768 -
794 2744 973 2775 Consideratio

335 2793 523 2819 incertitudinis
547 2793 599 2818 diei
625 2793 731 2819 extremi
751 2793 830 2819 debet
849 2793 974 2819 inducere

335 2838 368 2863 ad
388 2838 572 2869 poenitentiam
593 2838 644 2863 305
665 2838 697 2863 43

387 2896 423 2900 —-
441 2881 571 2907 bonorum
591 2884 651 2907 sunt
669 2882 801 2914 longiores
814 2881 908 2908 diebus
922 2889 974 2907 ma-

336 2926 434 2956 lcrum,
454 2926 515 2959 quia
535 2926 655 2952 meliores
674 2928 746 2957 sunt,
766 2933 818 2951 non
838 2926 899 2959 quia
918 2926 974 2951 diu-

335 2970 386 2995 tius
404 2970 495 2995 vivant
514 2970 547 2995 Vl
567 2970 600 2995 59
619 2977 646 3003 q.
666 2971 680 2995 3

387 3029 422 3033 -—
440 3015 466 3040 ln
486 3013 581 3040 diebus
597 3014 757 3040 solemnibus
776 3016 801 3040 et
821 3014 846 3039 in
865 3021 973 3046 conspe-

334 3061 376 3084 ctu
396 3059 569 3084 multitudinis
596 3059 709 3084 maxime
727 3058 915 3084 intendendum
935 3061 974 3084 est

335 3102 431 3128 divinis
459 3102 582 3128 laudibus
609 3105 635 3128 et
662 3102 902 3134 praedicationibus
929 3102 973 3127 Vll

336 3146 387 3172 405
406 3147 438 3171 66
458 3161 493 3164 -
512 3148 560 3172 Sex
580 3146 675 3173 diebus
699 3150 739 3173 est
756 3146 929 3173 laborandum
948 3149 974 3172 et

334 3193 394 3222 post
412 3191 625 3223 contemplationi
644 3192 794 3217 vacandum
814 3191 866 3216 230
886 3189 919 3216 44
939 3204 974 3209 -

336 3235 383 3260 Sex
412 3234 506 3260 diebus
534 3235 662 3261 mundum
691 3236 761 3261 Deus
789 3234 926 3260 fabricavit
949 3238 975 3260 et

334 3281 394 3310 post
413 3279 483 3304 diem
503 3282 604 3305 sextum
629 3279 761 3312 requievit
780 3278 843 3305 ibid.
867 3278 920 3304 585
939 3279 973 3304 66

334 3336 370 3342 ·—
400 3329 457 3355 sex,
486 3323 584 3356 quibus
612 3324 728 3349 mundus
761 3323 808 3349 suit
839 3322 973 3353 conditus,

334 3366 459 3392 denotant
478 3367 586 3393 virtutes
611 3367 645 3393 55
666 3368 698 3393 49
717 3381 753 3387 -
771 3369 858 3393 sextus
881 3373 973 3393 conve·

335 3409 422 3436 niebat
440 3410 535 3437 Christi
554 3411 631 3437 morti
650 3416 676 3437 et
700 3411 874 3444 crucifixioni,
892 3413 919 3437 'et
937 3418 974 3437 se-

1200 271 1314 304 lNDEX
1338 272 1465 305 RERUM

1010 359 1109 391 ptimus
1136 359 1309 385 conveniebat
1336 360 1486 392 sepulturae
1515 362 1540 385 et
1567 359 1647 392 quieti

1011 403 1062 429 585
1082 403 1116 429 66

1008 441 1010 443 ’
1064 462 1098 465 --
1116 448 1245 479 septimus
1263 448 1289 473 in
1302 448 1383 473 veteri
1404 450 1557 473 testamento
1576 454 1649 479 prae-

1010 491 1155 523 cipiebatur
1173 491 1309 517 observari
1329 492 1362 517 Vl
1382 492 1415 517 90
1434 499 1460 516 v.
1480 491 1497 516 7
1517 505 1550 510 —-
1569 491 1649 523 septi—

1010 542 1053 561 ma
1071 538 1111 561 est
1123 535 1267 561 Sabbatum
1282 536 1326 561 Vll
1346 535 1398 561 585
1417 536 1450 561 69
1464 549 1500 554 -
1513 536 1559 561 Die
1572 535 1649 567 septi-

1010 586 1052 605 ma
1067 579 1157 611 incipit
1173 580 1249 612 quies
1261 580 1409 605 animarum
1423 580 1469 605 361
1489 579 1522 605 43
1535 593 1570 598 —-
1582 582 1649 605 octa-

1009 630 1060 649 vus
1078 624 1237 656 praecipitur
1261 623 1398 649 observari
1423 624 1449 648 in
1472 630 1543 649 novo
1572 626 1649 649 testa-

1010 670 1099 693 mento
1119 668 1151 693 Vl
1172 668 1206 693 90
1225 676 1250 693 v.
1270 664 1287 693 7

1063 726 1098 731 -
1116 715 1227 738 octavus
1245 714 1285 737 est
1297 712 1489 744 perseverantia
1509 711 1593 737 finalis
1605 711 1648 737 Vll

1010 756 1044 782 55
1065 756 1097 781 49
1111 770 1146 775 -
1158 759 1251 782 octava
1269 756 1399 788 significat
1414 756 1648 786 resurrectionem,

1011 800 1037 825 in
1055 807 1108 833 qua
1127 801 1274 832 completur
1292 800 1368 833 quies
1387 800 1438 825 230
1459 799 1491 825 44
1510 813 1543 818 —-—
1556 803 1649 825 octava

1010 838 1238 870 consummabitur
1257 845 1281 869 in
1295 844 1370 869 nobis
1390 845 1417 869 in
1431 844 1545 876 generali
1563 850 1651 869 resur-

1010 889 1126 914 rectione
1144 889 1195 914 585
1215 889 1248 914 68
1268 902 1303 907 —
1322 889 1436 914 Perfecta
1454 888 1530 921 quies
1547 891 1573 913 et
1592 895 1651 913 con-

1011 933 1143 965 templatio
1162 940 1214 958 non
1233 932 1281 957 erit
1293 934 1354 957 ante
1372 935 1493 958 octavam
1513 932 1582 958 diem
1598 932 1649 957 230

1012 977 1044 1002 44
1064 991 1100 996 -
1117 977 1165 1002 Per
1185 977 1241 1002 dies
1260 979 1318 1002 octo
1337 976 1514 1008 intelliguntur
1533 979 1592 1001 octo
1611 983 1651 1001 ae-

1010 1023 1076 1046 tates
1095 1020 1128 1046 55
1155 1020 1187 1045 48
1207 1034 1242 1039 -
1261 1021 1309 1045 Per
1336 1024 1395 1045 octo
1420 1020 1476 1046 dies
1501 1020 1660 1059 intelligitur·

1010 1065 1093 1090 virtus
1112 1065 1270 1096 septiformis
1290 1064 1402 1096 Spiritus
1420 1063 1454 1090 z'b.
1476 1064 1507 1089 49

1064 1123 1098 1127 -
1114 1109 1263 1135 dominicus
1276 1108 1401 1134 successit
1413 1107 1586 1134 celebrandus
1599 1108 1652 1133 diei

1010 1152 1118 1179 Sabbati
1131 1154 1172 1179 Vll
1188 1153 1240 1178 585
1257 1154 1289 1178 68
1304 1167 1338 1171 -
1351 1152 1500 1178 dominicus
1518 1155 1569 1184 est²
1583 1159 1652 1185 quae

1009 1198 1129 1230 sequitur
1158 1197 1302 1222 Sabbatum
1331 1197 1382 1222 587
1409 1198 1424 1222 2
1449 1210 1485 1216 --
1504 1196 1652 1222 dominicus

1009 1242 1140 1274 significat
1157 1242 1276 1274 requiem
1296 1244 1356 1273 post
1368 1241 1585 1267 resurrectionem
1600 1241 1651 1266 604

1010 1287 1043 1312 66
1064 1301 1098 1304 -
1116 1287 1143 1312 ln
1162 1286 1206 1311 die
1225 1286 1359 1312 dominico
1378 1286 1467 1312 decuit
1485 1285 1617 1312 Christum
1637 1292 1651 1310 a

1010 1331 1121 1357 mortuis
1140 1337 1279 1362 resurgere
1298 1330 1349 1356 587
1369 1332 1384 1356 2

1062 1389 1098 1394 -
1116 1375 1266 1400 dominicus
1284 1375 1379 1400 dicitur
1398 1382 1463 1405 una,
1482 1368 1653 1407 quia'princi'-

1010 1420 1084 1452 pium
1099 1422 1138 1445 est
1161 1419 1346 1451 spiritualium
1365 1419 1581 1445 illuminationum
1609 1419 1651 1444 Vll

1011 1464 1062 1489 587
1083 1465 1098 1489 2

1064 1523 1099 1527 -
1124 1511 1238 1541 quatuor
1266 1511 1325 1540 post
1353 1511 1464 1534 mortem
1493 1508 1592 1540 peccati
1618 1508 1651 1534 Vl

1012 1553 1064 1578 399
1084 1553 1117 1577 30
1421 1572 1423 1574 ,

1064 1597 1228 1622 Βιιτιηουιτᾼε
1246 1611 1281 1614 ——
1300 1600 1386 1629 potest
1409 1604 1467 1622 esse
1491 1596 1590 1622 ratione
1609 1603 1652 1628 ge-

1012 1641 1082 1667 neris
1095 1641 1183 1672 operis
1196 1644 1221 1666 et
1234 1642 1333 1666 ratione
1347 1641 1545 1667 inordinationis
1563 1641 1652 1666 volun-

1012 1685 1070 1711 tatis
1089 1685 1122 1710 Vl
1143 1685 1176 1711 59
1195 1693 1221 1718 q.
1242 1686 1251 1710 4
1272 1700 1305 1704 -
1322 1686 1424 1711 ratione
1442 1685 1547 1717 generis
1565 1685 1652 1716 operis

1012 1730 1045 1756 ad
1064 1730 1187 1755 virtutem
1207 1730 1332 1755 maiorem
1354 1730 1414 1755 tacit
1432 1728 1539 1755 ibz'd.—
1552 1729 1652 1754 ratione

1012 1774 1211 1800 inordinationis
1230 1774 1370 1799 voluntatis
1389 1774 1452 1799 nihil
1471 1774 1504 1799 ad
1525 1773 1651 1799 maiorem

1011 1819 1134 1844 virtutem
1155 1819 1215 1844 facit
1233 1818 1296 1845 ibid.
1311 1833 1346 1837 --
1359 1818 1393 1844 ad
1412 1817 1511 1843 bonum
1525 1821 1564 1843 est
1576 1818 1652 1850 quasi

1011 1866 1103 1889 catena
1122 1863 1173 1888 579
1193 1870 1219 1888 v.
1241 1863 1250 1888 4
1272 1877 1307 1882 -
1325 1863 1386 1888 Post
1398 1862 1579 1888 remissionem
1594 1868 1653 1893 pec-

1011 1908 1061 1933 cati
1080 1910 1198 1933 remanet
1223 1907 1248 1932 in
1268 1907 1374 1932 homine
1399 1907 1538 1932 difficultas
1563 1906 1588 1931 in
1612 1913 1652 1931 co·

1012 1952 1178 1983 gnoscendo,
1197 1951 1222 1976 in
1237 1950 1304 1977 bene
1320 1951 1446 1980 volendo,
1467 1951 1491 1975 in
1506 1949 1574 1975 bene
1592 1957 1653 1982 ope-

1011 1996 1094 2021 rando
1128 1996 1178 2021 406
1211 1996 1243 2021 63
1272 2009 1307 2015 -
1335 1995 1458 2028 sequelae
1488 1995 1652 2027 quadruplex

1011 2041 1063 2065 396
1085 2040 1116 2065 10

1066 2085 1228 2110 Dirrmanrm
1247 2098 1282 2103 —
1301 2083 1476 2109 diffidendum
1493 2090 1544 2109 non
1563 2086 1602 2109 est
1620 2083 1653 2109 de

1012 2129 1120 2161 proprio
1140 2136 1202 2155 casu
1222 2129 1264 2154 Vll
1284 2128 1335 2154 553
1357 2128 1390 2153 45

1066 2174 1167 2199 DiciTus
1185 2187 1221 2192 —
1240 2173 1288 2198 Per
1307 2172 1419 2204 digitum
1434 2172 1585 2204 intelligitur
1603 2172 1654 2198 dis-

1011 2218 1099 2244 cretio.
1112 2218 1145 2243 Vl
1165 2217 1216 2243 356
1238 2216 1271 2242 44
1290 2215 1319 2242 2*

1065 2263 1184 2288 ὈισΝιΤΑε
1202 2275 1238 2280 -
1257 2261 1329 2287 Circa
1349 2261 1489 2293 dignitates
1504 2261 1651 2293 primorum

1011 2306 1201 2339 principiorum
1221 2312 1273 2331 non
1293 2308 1394 2331 erratur
1412 2305 1445 2330 Vl
1466 2305 1498 2330 46
1518 2312 1545 2338 q.
1566 2306 1575 2330 4

1066 2351 1182 2376 Dttnc‘rio
1202 2365 1235 2369 -
1256 2350 1369 2382 Diligere
1388 2356 1531 2382 possumus
1553 2349 1652 2381 invisa,

1011 2402 1063 2421 non
1082 2394 1214 2427 incognita
1234 2394 1268 2420 Vl
1288 2393 1322 2420 54
1341 2401 1368 2427 q.
1388 2395 1398 2419 4
1425 2409 1460 2412 -
1480 2393 1651 2419 Dilectionem

1011 2439 1169 2472 praecedere
1180 2438 1259 2465 debet
1268 2439 1384 2471 cognitio
1394 2438 1580 2464 aestimationis
1590 2437 1652 2464 ibid.

1010 2499 1046 2502 —
1060 2483 1134 2516 Quod
1149 2483 1360 2515 concupiscimus
1376 2483 1519 2515 diligimus,
1532 2490 1593 2508 cum
1607 2484 1653 2508 ha-

1012 2528 1107 2554 bemus
1128 2528 1177 2553 449
1197 2535 1223 2553 v.
1245 2528 1277 2552 49

1064 2586 1100 2591 -
1112 2572 1158 2598 Dei
1173 2574 1212 2598 est
1228 2572 1269 2597 vel
1283 2571 1415 2602 naturalis,
1428 2571 1470 2596 vel
1487 2571 1599 2603 gratuita
1619 2571 1651 2596 Vl

1013 2616 1063 2642 459
1078 2623 1105 2642 v.
1123 2617 1157 2642 28
1176 2631 1211 2635 -
1231 2616 1343 2648 Diligere
1362 2622 1414 2641 non
1434 2618 1519 2647 potest
1537 2615 1583 2648 qui
1598 2622 1652 2641 non

1012 2660 1091 2686 habet
1110 2661 1236 2693 Spiritum
1256 2662 1375 2686 sanctum
1397 2659 1448 2685 442
1468 2659 1502 2685 34

1065 2719 1100 2724 -
1128 2704 1289 2736 praecipitur
1317 2704 1342 2729 in
1368 2704 1443 2729 tertio
1468 2704 1592 2729 mandato
1617 2703 1650 2729 Vl

1011 2749 1062 2774 308
1083 2749 1111 2774 34
1137 2748 1166 2774 2·
1184 2763 1220 2768 —
1232 2747 1388 2780 Obligamur
1406 2747 1441 2773 ad
1453 2748 1599 2774 dilectionis
1618 2749 1652 2772 as-

1011 2794 1107 2818 sectum
1127 2799 1190 2824 erga
1210 2792 1294 2818 Deum
1321 2798 1370 2824 pro
1397 2792 1495 2817 collatis
1519 2790 1652 2817 beneflciis

1012 2837 1057 2862 Vll
1078 2835 1128 2862 485
1147 2836 1182 2861 73

1064 2895 1099 2901 -
1113 2881 1182 2906 Deus
1195 2879 1345 2911 diligendus
1359 2883 1398 2905 est
1407 2887 1437 2905 ex
1451 2882 1505 2905 toto
1519 2880 1608 2910 corde,
1621 2886 1651 2905 ex

1011 2927 1063 2951 tota
1083 2924 1169 2950 anima
1182 2926 1208 2949 et
1226 2931 1256 2949 ex
1276 2927 1328 2949 tota
1347 2928 1434 2949 mente
1448 2924 1490 2949 vu
1504 2924 1555 2949 348
1571 2923 1603 2949 44
1616 2938 1652 2942 -—-

1012 2969 1050 2995 Ad
1062 2969 1205 3001 perfectum
1219 2967 1329 2993 modum
1340 2968 1463 3000 diligendi
1475 2968 1556 2993 Deum
1568 2967 1653 3001 requi-

1010 3013 1089 3045 ritur,
1106 3012 1179 3045 quod
1198 3013 1342 3038 reseramus
1356 3012 1380 3037 in
1401 3012 1486 3044 ipsum
1501 3019 1594 3038 omnes
1611 3019 1652 3038 co-

1011 3057 1160 3089 gitationes,
1174 3063 1266 3082 omnes
1279 3056 1428 3082 affectiones
1440 3059 1466 3082 et
1481 3062 1573 3082 omnes
1592 3063 1653 3088 ope-

1011 3101 1124 3128 rationes
1153 3101 1204 3126 267
1225 3100 1257 3126 48
1282 3114 1318 3119 -
1343 3101 1412 3126 Deus
1439 3100 1589 3133 diligendus
1614 3103 1654 3126 est

1011 3145 1139 3171 intellectu
1159 3145 1214 3170 sine
1232 3151 1334 3176 errore,
1353 3145 1487 3183 voluntate
1512 3144 1568 3170 sine
1591 3151 1653 3170 con-

1011 3189 1178 3220 tradictione,
1203 3189 1331 3215 memoria
1356 3189 1412 3214 sine
1430 3188 1576 3219 oblivione,
1601 3191 1652 3214 tota

1011 3234 1106 3260 virtute
1125 3234 1181 3260 sine
1199 3233 1303 3260 tlctione
1321 3232 1383 3259 ibid.
1402 3246 1437 3252 —
1461 3233 1559 3259 Omnes
1583 3233 1653 3258 vires

1011 3280 1159 3304 referuntur
1187 3278 1212 3303 in
1237 3277 1321 3303 Deum
1351 3277 1378 3302 in
1406 3279 1465 3303 actu
1494 3277 1652 3308 memoriae,

1012 3322 1195 3354 intelligentiae
1214 3324 1238 3347 et
1258 3321 1397 3347 voluntatis
1416 3319 1478 3347 ibid.

1063 3380 1100 3386 —
1121 3367 1191 3392 Deus
1209 3365 1359 3398 diligendus
1380 3369 1419 3391 est
1437 3365 1577 3398 sapienter,
1595 3365 1653 3391 dul-

1011 3410 1075 3437 citer
1094 3413 1121 3437 et
1139 3410 1237 3437 sortiter
1263 3410 1306 3436 Vll
1325 3409 1378 3435 267
1405 3409 1437 3435 48
1456 3423 1491 3429 -
1510 3409 1580 3435 Deus
1599 3408 1654 3435 dili-

1978 316 2030 342 DlL

1686 359 1789 390 gendus
1807 361 1846 385 cst
1860 359 2009 394 vigilanter,
2024 361 2157 392 ardenter,
2176 363 2326 387 constanter

1686 406 1712 428 et
1730 403 1887 429 incessanter
1905 403 1967 429 ibid.
1981 417 2017 423 —
2028 403 2224 431 benevolentiae
2245 405 2325 431 debet

1686 454 1743 473 esse
1762 454 1841 479 pura⁷
1855 448 1995 473 affectuosa
2013 451 2039 473 et
2051 448 2147 474 devota
2168 449 2218 475 483
2238 449 2271 474 66
2288 463 2325 469 -

1686 491 1711 516 in
1725 491 1809 516 Deum
1830 498 1882 516 non
1901 494 1986 523 potest
1999 499 2056 518 esse
2074 492 2154 518 nimia
2168 493 2201 519 Vl
2215 493 2243 518 64
2261 500 2289 526 q.
2307 494 2323 519 2

1685 548 1721 554 -
1740 537 1779 561 est
1798 535 1947 561 communis
1971 536 2030 561 viae
2049 539 2076 562 et
2099 537 2199 568 patriae
2219 536 2269 562 469
2292 538 2319 562 44

1741 593 1775 598 —-
1794 579 1832 605 Ad
1849 579 2016 605 dilectionem
2035 587 2083 606 nos
2100 579 2179 606 debet
2198 581 2324 612 invitare,

1686 623 1759 656 quod
1778 623 1895 650 Christus
1913 624 1985 656 prior
2003 624 2091 650 dilexit
2109 624 2142 650 Vl
2163 624 2213 650 448
2239 625 2271 650 40
2289 639 2325 643 -—

1686 668 1761 693 Ratio
1781 674 1892 693 movens
1915 668 1948 693 ad
1968 668 2131 694 dilectionem
2151 671 2204 699 est,
2231 671 2260 694 ut
2277 675 2326 700 per

1687 719 1746 737 eam
1759 715 1951 743 cognoscantur
1970 711 2091 744 discipuli
2109 712 2203 738 Christi
2221 712 2271 738 434
2291 713 2324 738 48

1686 771 1721 775 -
1735 756 1831 788 probat
1844 756 1987 788 discipulos
2000 756 2095 782 Christi
2109 756 2159 782 475
2173 757 2207 782 39
2220 770 2255 775 -
2267 763 2326 789 pro·

1687 801 1743 833 pria
1767 803 1793 826 et
1815 800 1935 832 specialis
1958 800 2042 826 virtus
2070 803 2109 826 est
2135 800 2325 833 discipulorum

1687 845 1781 871 Christi
1801 844 1852 870 434
1873 845 1905 870 48

1739 904 1775 907 -
1794 889 1911 921 Diligens
1934 889 2018 915 Deum
2037 889 2134 921 dignus
2152 891 2192 915 est
2210 889 2283 921 diligi
2301 891 2328 915 et

1688 933 1817 959 vivificari
1841 934 2003 959 aeternaliter
2022 934 2065 959 Vll
2091 933 2142 959 445
2161 933 2196 958 57
2213 947 2248 952 —
2268 933 2328 959 Dili-

1688 980 1780 1009 gentes
1797 977 1881 1002 Deum
1902 976 2082 1003 beatificantur
2105 980 2131 1002 et
2149 977 2327 1009 glorificantur

1688 1021 1722 1046 Vl
1742 1020 1788 1046 444
1814 1022 1856 1046 30.
1879 1021 1923 1047 Vll
1949 1021 1982 1047 30
2003 1021 2036 1047 84
2055 1035 2090 1040 -
2109 1024 2197 1047 sancta
2225 1020 2326 1047 bonum

1689 1066 1748 1091 facit
1768 1064 1841 1091 V1'7-l
1862 1072 1889 1090 v.
1909 1067 1924 1091 2
1938 1080 1973 1084 -
1986 1067 2099 1097 perlecta
2115 1066 2175 1091 t'acit
2193 1065 2327 1091 hominem

1688 1110 1742 1136 Deo
1761 1110 1886 1135 dilectum
1911 1109 1961 1135 434
1981 1117 2007 1135 ν.
2028 1110 2060 1135 40
2080 1123 2115 1129 —-
2134 1109 2259 1135 Homines
2283 1116 2328 1135 ne-

1688 1155 1781 1187 sciunt,
1801 1161 1829 1179 se
1849 1161 1906 1180 esse
1925 1154 2033 1180 dilectos
2047 1161 2061 1179 a
2082 1154 2137 1180 Deo
2154 1153 2188 1179 73
2209 1161 2236 1186 q.
2255 1154 2271 1179 2
2291 1168 2325 1172 -

1688 1199 1787 1224 amicos
1800 1198 1847 1224 Dei
1861 1198 1993 1224 constituit
2007 1197 2052 1223 451
2077 1198 2106 1224 24
2123 1212 2159 1217 -
2171 1198 2230 1223 facit
2247 1200 2326 1224 trans-

1689 1243 1803 1275 migrare
1821 1243 1856 1268 ad
1875 1243 2016 1268 Dominum
2036 1242 2087 1268 545
2108 1243 2123 1268 5
2135 1255 2171 1261 —
2183 1245 2280 1274 purgat
2302 1245 2328 1268 et

1688 1287 1816 1313 illuminat
1834 1287 1982 1312 interiorem
2002 1287 2108 1312 oculum
2128 1286 2163 1312 ad
2181 1286 2328 1312 videndum

1692 1331 1743 1357 447
1756 1339 1784 1357 ν.
1798 1332 1830 1357 43
1843 1345 1879 1350 ——
1892 1331 1942 1364 Qui
1961 1331 2020 1363 plus
2038 1330 2121 1363 diligit
2134 1331 2192 1362 plus
2206 1330 2275 1362 sapit
2292 1330 2326 1356 60

1690 1384 1715 1409 q.
1737 1378 1752 1401 2
1767 1390 1801 1395 -
1815 1376 1916 1408 Quanto
1935 1382 2028 1401 sumus
2041 1375 2172 1407 pleniores
2184 1375 2330 1406 dilectione,
2375 1390 2378 1391 ν

1689 1423 1761 1446 tanto
1780 1421 1894 1446 maiores
1912 1420 1955 1445 Vll
1976 1419 2027 1445 244
2047 1420 2080 1444 89
2099 1433 2135 1438 -
2153 1420 2201 1444 Per
2214 1418 2330 1444 dilectio-

1689 1472 1750 1490 nem
1770 1465 1887 1490 eundum
1907 1467 1946 1489 est
1964 1464 1992 1489 in
2006 1463 2146 1489 Ecclesiam
2161 1463 2192 1488 VI
2206 1462 2239 1488 85
2252 1470 2281 1488 v.
2295 1462 2328 1488 45

1742 1523 1777 1528 -
1796 1509 1844 1534 Per
1863 1507 2026 1534 dilectionem
2050 1508 2130 1533 homo
2154 1507 2183 1532 flt
2201 1507 2329 1539 templum

1690 1554 1734 1579 Dei
1754 1553 1786 1578 Vl
1807 1553 1858 1578 308
1878 1553 1906 1578 31
1932 1551 1960 1577 ‘l'
1979 1566 2015 1570 —-
2033 1552 2081 1577 Per
2099 1551 2265 1577 dilectionem
2289 1557 2329 1577 ac-

1688 1598 1800 1631 quiritur
1819 1597 1894 1630 quies
1912 1597 1939 1622 in
1958 1597 2012 1622 Deo
2026 1596 2077 1621 428
2096 1602 2124 1621 v.
2144 1596 2159 1620 9
2178 1609 2214 1615 —
2232 1596 2280 1621 Per
2293 1595 2330 1621 di-

1688 1642 1824 1668 lectionem
1844 1643 1923 1667 homo
1942 1644 2030 1666 manet
2048 1641 2074 1666 in
2091 1641 2145 1666 Deo
2165 1640 2216 1665 333
2236 1640 2270 1665 86
2293 1652 2329 1658 -—

1688 1689 1779 1712 mutua
1795 1688 1834 1711 est
1853 1692 1931 1711 causa
1945 1685 2089 1710 mansionis
2107 1684 2202 1710 Christi
2228 1684 2256 1709 in
2276 1683 2330 1709 ani-

1690 1737 1731 1756 ma
1754 1733 1779 1756 et
1797 1730 1901 1755 animae
1914 1730 1940 1754 in
1958 1729 2061 1756 Christo
2081 1728 2132 1754 447
2155 1729 2216 1754 5-
2230 1728 2279 1760 Qui
2293 1728 2330 1754 di·
2375 1756 2378 1758 ,

1689 1775 1745 1807 ligit
1764 1774 1842 1800 habet
1861 1773 1944 1800 Deum
1965 1774 1998 1799 52
2017 1781 2044 1806 q.
2057 1774 2073 1798 3
2092 1787 2128 1791 —
2146 1773 2195 1798 Per
2213 1772 2331 1798 dilectio·

1689 1826 1751 1844 nem
1771 1819 1930 1845 manendum
1950 1818 1975 1843 in
1997 1818 2050 1843 Deo
2075 1816 2125 1842 448
2146 1817 2179 1841 40

1741 1877 1779 1883 -
1796 1862 1941 1888 necessario
1961 1861 2111 1893 intelligitur
2132 1861 2158 1886 in
2178 1860 2329 1892 cognitione

1690 1907 1735 1933 Dei
1756 1907 1790 1933 ad
1809 1907 1902 1932 faciem
1921 1906 1954 1931 Vl
1976 1905 2025 1930 469
2047 1905 2074 1930 44

1742 1965 1778 1970 -
1796 1951 1856 1983 plus
1875 1950 1959 1982 diligit
1987 1950 2030 1975 cui
2057 1949 2116 1981 plus
2145 1948 2257 1974 donatur
2287 1948 2329 1974 Vll

1690 1995 1741 2020 486
1759 1995 1803 2021 74.
1824 1994 1874 2020 487
1895 1995 1982 2019 80.-
2002 1994 2084 2019 maior
2103 1993 2282 2019 manifestatur
2303 1992 2330 2018 in

1689 2040 1845 2066 dimittendo
1864 2039 1962 2064 maiora
1983 2038 2034 2063 486
2053 2037 2088 2063 74

1742 2099 1778 2102 -
1791 2084 1904 2110 Affectus
1916 2082 2059 2108 dilectionis
2070 2082 2169 2108 inducit
2180 2081 2279 2114 peccati
2293 2087 2331 2106 re·

1689 2129 1841 2154 missionem
1852 2127 1941 2161 quoad
1951 2133 2064 2159 poenam
2078 2127 2120 2152 Vll
2132 2125 2182 2151 487
2197 2126 2225 2151 84
2243 2139 2278 2145 -
2290 2125 2331 2151 Di-

1690 2173 1806 2199 lectionis
1835 2173 1934 2198 fructus
1962 2174 2001 2196 est
2029 2171 2118 2196 evasio
2142 2176 2257 2202 poenae,
2285 2169 2332 2195 ad-

1690 2217 1761 2249 eptio
1781 2216 1893 2249 gratiae,
1914 2215 2036 2241 meritum
2061 2215 2161 2247 gloriae
2179 2215 2212 2240 Vl
2233 2214 2284 2240 603
2303 2221 2329 2239 v.

1691 2262 1725 2287 23
1745 2276 1780 2279 -
1798 2261 1909 2286 Fructus
1922 2259 2065 2285 dilectionis
2083 2261 2123 2285 est
2133 2259 2204 2285 salus
2222 2261 2326 2284 aeterna

1690 2308 1716 2331 et
1734 2304 1876 2331 consolatio
1897 2304 1942 2330 454
1968 2304 2001 2329 23

1743 2364 1779 2369 -
1797 2349 1889 2375 liberat
1907 2355 1922 2373 a
1941 2351 2026 2374 morte
2045 2348 2078 2373 Vl
2103 2348 2154 2373 330
2173 2347 2208 2373 74
2227 2362 2262 2366 -
2281 2347 2330 2373 Ma-

1690 2394 1800 2427 gnitudo
1820 2392 1964 2419 dilectionis
1989 2392 2131 2424 amplificat
2155 2391 2277 2418 meritum
2304 2393 2330 2416 et

1690 2439 1792 2470 expellit
1810 2439 1948 2469 peccatum
1970 2436 2019 2462 487
2038 2436 2072 2462 79
2093 2450 2126 2455 -
2145 2438 2284 2462 conservat
2302 2434 2329 2461 in

1691 2482 1783 2508 merito
1803 2480 1866 2508 ibid.

1744 2527 1824 2552 —ln
1854 2525 1991 2551 dilectione
2011 2525 2056 2551 Dei
2084 2528 2110 2550 et
2137 2524 2249 2557 proximi
2276 2523 2331 2549 uni-

1690 2578 1768 2597 versa
1787 2571 1837 2596 Lex
1851 2570 1950 2602 pendet
1969 2572 1994 2595 et
2006 2570 2151 2601 Prophetae
2170 2569 2214 2595 Vll
2231 2568 2282 2594 316
2296 2567 2330 2593 20

1689 2630 1724 2634 -
1743 2615 1790 2640 Dei
1809 2617 1834 2639 ct
1852 2613 1964 2646 proximi
1977 2616 2017 2639 est
2035 2616 2088 2639 tota
2101 2612 2228 2645 sapientia
2247 2612 2330 2644 philo-

1690 2659 1798 2691 sophiae
1817 2657 1879 2683 ibid.
1898 2670 1933 2676 —
1957 2657 2003 2682 Dei
2027 2660 2053 2683 et
2071 2657 2184 2690 proximi
2208 2659 2248 2682 est
2271 2655 2330 2681 flnis

1689 2703 1808 2729 omnium
1828 2701 2058 2727 caeremonialium
2077 2702 2110 2727 Vl
2130 2702 2181 2727 308
2201 2701 2230 2727 34
2255 2699 2330 2726 2·—

1691 2748 1725 2772 Ex
1737 2745 1873 2772 dilectione
1887 2745 1958 2770 venit
1976 2746 2115 2772 custoditio
2128 2745 2193 2777 legis
2209 2744 2253 2770 Dei
2275 2743 2325 2769 449

1690 2798 1717 2816 ν.
1737 2790 1769 2815 47
1783 2803 1818 2809 -
1832 2793 1871 2815 est
1889 2796 1967 2815 causa
1985 2790 2165 2816 custoditionis
2184 2790 2272 2821 legum
2292 2788 2321 2813 81

1690 2842 1717 2860 V.
1739 2834 1762 2860 4.
1783 2833 1833 2859 449
1852 2840 1879 2858 v.
1900 2834 1932 2858 49
1952 2847 1988 2853 -
2006 2837 2046 2860 est
2068 2841 2147 2860 causa
2172 2832 2330 2865 impletionis

1690 2879 1796 2905 divinae
1808 2878 1874 2909 legis
1894 2877 1944 2903 449
1963 2885 1990 2904 v.
2010 2879 2043 2903 49
2057 2893 2091 2897 -
2109 2878 2225 2910 Diligens
2242 2876 2330 2903 obser·

1690 2926 1735 2948 vat
1763 2924 1903 2954 praecepta
1931 2921 1981 2947 448
2004 2923 2030 2947 44
2057 2936 2091 2940 -
2109 2925 2148 2948 est
2169 2922 2242 2948 radix
2265 2921 2329 2947 divi-

1691 2973 1785 2993 norum
1805 2969 2021 2998 praeceptorum,
2040 2967 2073 2992 ad
2087 2973 2168 3000 quam
2181 2966 2269 2992 omnia
2291 2972 2331 2991 re-

1690 3012 1807 3037 seruntur
1826 3013 1852 3036 et
1870 3010 1895 3036 in
1915 3017 1968 3043 qua
1992 3011 2117 3037 uniuntur
2139 3013 2165 3036 et
2190 3009 2329 3042 implentur

1691 3055 1737 3081 451
1762 3054 1796 3080 25
2321 3083 2325 3088 .

1744 3113 1779 3117 —
1797 3105 1859 3124 vera
1872 3098 1998 3131 probatur
2011 3106 2058 3132 per
2070 3099 2247 3132 impletionem
2259 3105 2330 3124 man-

1690 3144 1813 3170 datorum
1834 3143 1864 3168 Vl
1892 3143 1937 3169 441
1962 3143 1996 3169 30
2016 3158 2050 3162 -
2069 3150 2132 3169 vera
2160 3142 2277 3169 consistit
2301 3142 2329 3167 in

1689 3187 1874 3214 observatione
1893 3194 2046 3213 sermonum
2062 3186 2156 3214 Christi
2176 3186 2227 3213 442
2247 3186 2280 3212 32
2293 3199 2329 3205 -

1690 3238 1753 3258 vera
1773 3238 1821 3264 per
1839 3238 1907 3263 opus
1925 3231 2103 3257 manifestatur
2122 3230 2174 3257 448
2193 3231 2226 3256 40
2239 3243 2275 3250 -
2286 3236 2330 3255 so-

1690 3276 1724 3301 let
1743 3274 1850 3307 probari
1863 3275 2000 3308 largitione
2017 3275 2094 3307 doni,
2107 3274 2264 3301 exhibitione
2275 3279 2329 3299 ser-

1690 3319 1759 3350 vitii,
1778 3319 1911 3345 tolerantia
1930 3319 2021 3345 damni
2049 3320 2099 3345 603
2125 3326 2153 3345 v,
2180 3318 2213 3344 23
2233 3331 2268 3337 -
2291 3323 2331 3342 re·

1690 3363 1803 3396 quiritur
1816 3363 1841 3388 in
1854 3363 1886 3389 iis
1895 3363 1993 3396 quibus
2002 3363 2119 3390 Christus
2129 3368 2240 3395 gregem
2249 3366 2330 3387 suum

1691 3407 1830 3433 committit
1848 3406 1900 3433 525
1919 3408 1948 3433 31
