2476 3921
10 756 35 778 -Jo
47 754 133 785 homine

6 788 48 805 »eus
67 787 133 803 maxx-

5 813 45 907 fm
60 814 131 831 curam

19 835 62 858 bet.

738 230 933 265 COMMENT.
958 230 995 264 IN
1019 227 1259 262 EVANGELIUM
1283 228 1403 261 LUCAE
1424 230 1457 261 C.
1481 228 1541 261 ΧΠ.

148 326 271 359 decimo
283 325 313 358 ¹:
343 337 358 354 ιι
375 325 462 358 Unus
478 333 518 357 ex
536 322 598 356 illis
615 331 676 355 non
694 321 784 355 cadet
798 329 895 363 super
913 322 1031 354 terram
1047 318 1115 352 sine

151 380 240 412 Patre
263 381 369 412 vestro
388 391 419 410 a».
444 377 482 410 Et
505 380 609 410 tamen
635 379 778 419 passeres
808 373 955 406 facillime
978 371 1113 410 cadunt;

149 432 233 466 unde
256 431 403 465 morbum
427 430 582 464 caducum
605 428 724 462 habere
738 427 908 465 dicuntur;
925 429 957 459 et
973 428 1115 468 propter-

150 494 187 518 ea
221 484 383 526 potissime
415 483 503 525 ponit
531 482 576 515 de*
601 482 647 515 eis
678 480 860 523 exemplum
894 482 1044 522 tanquam
1076 477 1115 511 de

150 536 382 569 re'maniresta.
409 536 455 568 Ex
479 545 543 578 quo
566 534 725 577 colligitur
749 538 899 576 tanquam
923 542 946 565 a
971 531 1114 570 minori,

151 588 235 631 quod
266 588 405 621 maxime
427 588 512 621 circa
542 587 684 630 regimen
708 586 847 620 hominis
876 585 981 619 divina
1009 585 1115 628 provi-

151 641 262 675 dentia
279 641 320 674 sit
343 641 471 674 intenta.

245 696 294 727 11.
323 694 425 735 (Vers.
459 692 516 735 7.).
545 693 588 726 Ad
619 692 712 726 cuius
740 691 977 735 expressionem
1009 691 1112 724 addit:

153 748 217 782 Sed
237 752 268 781 et
289 747 405 790 capilli
427 747 548 790 eapitis
572 746 675 780 vestri
688 754 800 779 omnes
823 745 995 778 numerati
1015 747 1094 777 sunt
1100 755 1113 782 ;

151 810 193 835 ex
217 810 281 844 quo
309 801 403 834 datur
434 800 583 842 intelligi,
607 799 692 843 quod
717 798 857 832 maxime
887 801 936 831 est
967 806 1046 830 cura
1070 797 1113 830 illi

151 855 190 888 de
221 854 357 888 homine.
391 854 476 887 Unde
501 853 625 886 Beda2:
656 866 672 882 «
697 852 760 886 Sea
782 855 812 884 et
842 850 975 894 capilli,
1008 853 1045 883 ut
1075 850 1115 883 de

151 918 255 942 massa
277 908 420 951 corporis
451 912 588 947 taceam;
612 916 684 940 nam
709 909 741 940 et
772 906 912 939 minutae
942 900 1115 948 particulae

151 962 206 996 Dei
230 961 427 1005 providentia
442 964 672 995 conservantur
688 973 719 993 ι).
737 960 823 993 Unde
838 959 1029 992 numeratio
1053 961 1115 992 no'n

151 1020 215 1049 tam
232 1016 370 1050 refertur
394 1015 431 1049 ad
449 1014 657 1058 cognitionem
678 1023 773 1057 quam
790 1013 829 1046 ad
845 1012 1115 1055 diligentissimam

152 1062 436 1108 conservationem,
453 1068 529 1111 quia
544 1068 583 1101 de
595 1067 783 1110 corporibus
795 1067 981 1100 Sanctorum
996 1066 1116 1108 patien-

136 1119 231 1156 'tium
255 1131 313 1156 nec
336 1122 468 1164 capillus
492 1121 597 1164 perire
620 1124 739 1164 potest;
756 1120 840 1153 unde
860 1120 942 1153 infra
965 1119 1117 1162 vigesimo

152 1174 301 1217 primo⁸:
330 1174 500 1217 «Capillus
530 1174 569 1207 de
600 1174 701 1216 eapite
733 1176 839 1207 vestro
867 1182 927 1206 non
953 1173 1115 1215 peribit».

152 1229 250 1261 Tanta
273 1228 371 1270 igitur
391 1231 438 1261 est
461 1228 526 1261 Deo
549 1237 628 1261 cura
651 1227 689 1260 de
713 1227 821 1266 nobis,
847 1230 882 1260 ut
905 1236 962 1260 nec
986 1226 1118 1269 capillus

151 1281 262 1324 capitis
285 1281 384 1320 nostri
409 1281 476 1314 sine
499 1281 569 1314 eius
591 1284 673 1314 nutu
698 1280 795 1323 possit
817 1280 946 1314 auferri.
968 1280 1038 1313 Ideo
1054 1289 1116 1313 non

151 1338 293 1377 oportet,
324 1343 382 1367 nos
405 1333 565 1367 sollicitari
597 1343 654 1376 per
686 1334 850 1373 timorem,
883 1334 1056 1367 secundum
1080 1334 1117 1366 il-

151 1388 206 1422 lud
223 1388 342 1430 primae
365 1388 446 1421 Petri
463 1388 590 1420 ultimo:
617 1401 632 1416 α
648 1387 781 1420 Omnem
801 1387 1041 1420 sollicitudinem
1064 1396 1117 1420 ve-

152 1444 250 1474 stram
270 1440 470 1482 proiicientes
493 1440 525 1472 in
541 1449 631 1479 eum,
656 1440 731 1482 quia
747 1439 805 1482 ipsi
829 1449 909 1472 cura
930 1443 978 1473 est
1000 1440 1040 1473 de
1063 1449 1117 1472 vo-

145 1492 200 1536 rbis
216 1506 247 1524 a».
264 1511 308 1517 -
325 1493 362 1525 Et
378 1493 437 1525 hoc
448 1495 501 1525 est
516 1493 600 1535 quod
618 1492 728 1525 insert:
755 1492 860 1525 Nolite
882 1502 960 1535 erqo
984 1493 1116 1531 timere,

150 1538 266 1579 'multis
285 1544 482 1588 passeribus
502 1545 615 1587 pluris
630 1544 706 1585 estis
725 1554 802 1589 yos,
832 1558 848 1574 «τ
865 1545 895 1577 id
919 1548 967 1578 est
989 1545 1117 1578 maioris

152 1599 319 1642 pretii⁴»;
344 1598 375 1631 in
404 1608 469 1641 quo
492 1598 587 1631 simul
611 1598 751 1641 tangitur
782 1598 942 1631 conclusio
973 1602 1005 1631 et
1036 1599 1117 1632 ratio

152 1652 299 1686 illationis
315 1661 372 1695 per
395 1651 504 1685 locum
527 1661 550 1684 a
573 1651 712 1687 minori.
732 1651 762 1684 Si
787 1652 869 1684 enim
894 1660 973 1685 cura
988 1656 1036 1685 est
1052 1652 1117 1685 Deo

152 1706 192 1740 de
214 1706 344 1745 minori,
365 1706 466 1739 multo
489 1705 603 1738 fortius
625 1704 664 1738 de
682 1704 806 1744 maiori;
831 1708 862 1737 et
878 1705 903 1738 si
920 1714 998 1738 cura
1014 1708 1062 1738 est
1077 1705 1117 1739 de

153 1759 261 1799 nobis,
286 1768 346 1792 non
371 1762 510 1801 oportet,
534 1757 689 1791 mundum
714 1757 817 1791 timeri
834 1767 853 1790 a
869 1758 968 1791 nobis.
992 1758 1117 1791 Maioris

152 1811 374 1854 autem-pretii
400 1820 511 1845 sumus
534 1820 630 1853 quam
648 1813 813 1844 creaturae
836 1810 996 1850 brutales,
1020 1821 1115 1854 quam

153 1865 315 1905 volucres,
339 1865 415 1907 quia
437 1864 605 1897 rationales
628 1867 813 1904 creaturae,
836 1868 868 1897 et
884 1864 961 1904 hoc,
987 1865 1062 1907 quia
1077 1865 1116 1898 ad

153 1918 319 1961 imaginem
351 1918 407 1951 Dei
439 1917 528 1955 facti;
561 1921 691 1960 propter
723 1918 809 1960 quod
840 1921 945 1951 cetera
975 1919 1116 1952 subiecta

153 1975 227 2012 sunt
250 1970 389 2010 homini;
407 1970 535 2003 Genesis
558 1970 660 2012 primo
676 1969 704 2002 ⁵:
735 1983 750 1999 «ι
771 1971 932 2004 Faciamus
956 1971 1114 2005 hominem

152 2024 191 2057 ad
223 2024 388 2066 imaginem
420 2026 451 2056 et
482 2023 717 2057 similitudinem
750 2027 904 2063 nostram,
937 2028 969 2058 et
999 2025 1117 2067 praesit

152 2077 336 2111 volucribus
359 2076 433 2110 caeli
453 2090 469 2106 ι»
497 2080 555 2110 etc.
582 2077 617 2110 Et
637 2077 707 2110 ideo
731 2077 825 2110 homo
849 2077 1117 2112 immediatissime

152 2134 200 2165 est
223 2130 283 2165 sub
306 2130 500 2173 protectione
523 2130 593 2170 Dei,
618 2133 650 2163 et
674 2130 812 2164 maxime
836 2131 931 2164 homo
954 2131 1058 2165 iustus
1085 2135 1117 2165 et

152 2184 207 2217 Dei
242 2183 371 2217 amicus.
408 2183 445 2216 Et
479 2187 648 2226 propterea
682 2193 743 2216 non
772 2187 915 2226 oportet,
939 2184 1024 2227 quod
1062 2185 1116 2217 ha-

152 2238 224 2270 beat
247 2237 403 2270 auxilium
426 2237 561 2271 alicuius
584 2237 709 2276 caduci3
736 2237 819 2271 uude
842 2237 971 2271 Genesis
994 2238 1116 2272 decimo

152 2289 306 2333 quinto‘:
336 2303 352 2318 «
368 2290 434 2323 Noli
459 2290 585 2329 timere,
610 2290 739 2329 Abram,
770 2299 829 2332 ego
853 2293 1012 2332 protector
1041 2294 1117 2323 tuus

152 2353 224 2377 sum
243 2347 275 2377 et
297 2352 419 2377 merces
442 2347 497 2376 tua
525 2353 637 2386 magna
661 2343 754 2376 nimis
771 2355 806 2381 »ς
824 2343 913 2386 quasi
934 2343 1031 2376 dicat:
1053 2343 1115 2376 noli

153 2397 279 2436 timere,
303 2397 378 2440 quia
401 2397 480 2430 nihil
504 2397 567 2439 pati
592 2400 680 2439 potes
697 2405 755 2438 pm
770 2396 894 2429 defectu
917 2396 1044 2436 auxilii,
1068 2396 1115 2429 ni-

153 2449 198 2482 hil
212 2450 305 2483 etiam
331 2450 393 2492 pati
410 2454 499 2492 potes
523 2450 590 2482 siue
606 2449 815 2494 retributione
839 2449 985 2491 praemii,
1003 2458 1115 2491 quam-

152 2502 208 2535 diu
231 2502 411 2536 adhaeseris
435 2502 524 2535 mihi.

225 2724 233 2739 ¹
255 2725 329 2750 Vei-S.
350 2725 392 2750 29.
411 2737 446 2743 —
465 2724 555 2750 Glossa
575 2723 773 2751 interlinearis:
793 2725 829 2751 Et
846 2731 919 2751 unus
937 2732 973 2752 ex
985 2724 1039 2752 illis
1058 2733 1114 2752 non

152 2773 191 2795 est
203 2768 231 2794 in
246 2767 376 2795 oblivione
389 2770 451 2797 etc„
465 2767 512 2793 sed
525 2770 585 2793 sunt
597 2768 685 2794 omnia
699 2767 749 2794 sub
762 2768 927 2801 providentia
941 2769 1001 2801 Dei,
1014 2772 1113 2802 quanto

151 2813 238 2845 magis
256 2819 305 2838 vos
323 2810 357 2838 ad
375 2811 518 2843 imaginem
538 2812 582 2838 Dei
603 2804 671 2839 lacti.
691 2827 725 2833 -
744 2812 822 2840 Card.
841 2813 932 2845 nugo,
957 2813 981 2839 in
1003 2814 1043 2839 Ps.
1063 2814 1112 2845 83,

153 2855 183 2886 5,
203 2856 376 2887 proprietates
394 2854 476 2881 bonus
494 2858 520 2882 et
538 2857 620 2883 malas
637 2857 752 2890 passeris
770 2857 892 2890 pluribus
910 2857 1033 2884 versibus
1052 2859 1114 2885 atre-

152 2906 227 2932 rens,
246 2900 310 2925 inter
330 2900 508 2926 melisendam
527 2904 659 2933 recenset,
678 2902 751 2935 quod
770 2909 862 2935 passer
880 2900 912 2928 sit
931 2901 1060 2929 caducus.

224 2941 234 2957 ²
253 2944 278 2969 lu
298 2944 388 2969 Glossa
408 2943 591 2978 interlineari,
614 2953 684 2980 quae
702 2954 751 2979 pro
770 2946 891 2973 minutae
916 2945 1048 2973 substituit
1067 2947 1113 2974 mi-

152 2986 242 3013 nimae
262 2987 310 3018 (ita
335 2988 414 3014 etiam
434 2989 510 3015 Card.
535 2990 612 3022 Ilugo
634 2994 668 3031 ει,
679 2991 721 3025 ll).
742 3005 777 3020 —-‚
797 2991 888 3023 llilar.‚
913 2990 1061 3017 Comment.
1086 2992 1113 3017 in

153 3032 241 3058 Matth.
255 3032 302 3065 10,
321 3040 347 3059 n.
363 3033 408 3059 20:
429 3034 453 3059 ln
473 3041 613 3061 numerum
626 3034 714 3061 aufem
734 3035 833 3069 aliquid
845 3035 946 3068 colligi,
964 3035 1114 3067 diligentiae

152 3083 183 3102 ac
202 3076 382 3103 sollicitudinis
407 3084 469 3103 cura
494 3081 548 3110 ost;
567 3086 654 3113 neque
672 3079 743 3105 enim
767 3079 878 3112 dignum
898 3080 1034 3112 negotium
1060 3084 1113 3112 est,

152 3120 267 3153 peritura
286 3128 426 3148 numerare
444 3127 492 3149 otc.

223 3164 234 3179 ⁸
255 3166 327 3192 Vers.
348 3167 391 3192 48.
407 3180 444 3187 —-
462 3167 586 3201 Sequitur
604 3169 622 3194 1.
642 3168 708 3194 Petr.
728 3167 759 3199 5,
778 3168 804 3194 7.

223 3208 234 3224 ⁴
254 3211 285 3236 Ut
310 3210 405 3237 dicitur
430 3211 455 3238 in
477 3212 567 3238 Glossa
593 3211 777 3239 interlineari:
803 3212 891 3239 Nolite
914 3219 980 3247 erqo
1006 3213 1112 3246 timere,

152 3260 259 3280 omnem
279 3261 369 3280 curam
388 3255 415 3281 in
434 3262 495 3281 eum
515 3256 646 3289 proiicite,
665 3257 737 3289 apud
756 3264 836 3290 quem
855 3257 965 3290 capillus
983 3265 1037 3285 non
1056 3266 1112 3291 per-

153 3296 213 3330 ibit3
226 3297 318 3324 multis
327 3298 487 3332 passeribus
495 3299 587 3334 pluris
599 3299 661 3327 estis
674 3306 736 3333 vos,
756 3300 863 3327 maioris
880 3302 971 3334 pretii,
989 3303 1051 3336 quia
1071 3310 1113 3329 ra-

152 3341 274 3374 tionales,
292 3342 354 3375 quia
373 3343 481 3369 aeterni.
499 3343 550 3370 Cl'r.
563 3344 646 3377 Beda,
667 3344 713 3372 lv..
728 3345 754 3370 in
772 3345 835 3371 Luc.
855 3345 901 3379 ⁴2,
920 3346 945 3371 7.
955 3347 1113 3374 —.lnserius

153 3387 213 3417 post
230 3391 327 3412 curam
347 3386 405 3412 Vat.
424 3387 497 3415 addit
515 3389 540 3414 el
558 3387 711 3415 sollicitudo
717 3398 728 3421 ;
747 3387 861 3415 subinde
880 3393 940 3422 post
957 3392 984 3418 et
1000 3390 1027 3418 si
1043 3398 1112 3418 cura

260 3438 291 3466 S.
310 3439 460 3466 nonau-
474 3440 552 3467 Tom.
564 3441 618 3467 Vll.

2075 227 2139 261 3¹3

1317 316 1469 344 infamatio
1487 315 1583 351 duplex
1601 316 1634 343 ad
1652 316 1805 344 servandam
1824 315 2005 343 veracitatem.

1272 425 1322 456 12.
1348 423 1449 465 (Vers.
1475 424 1530 463 8.).
1556 423 1637 456 Dico
1661 428 1772 456 autem
1805 423 1915 456 vobis.-
1942 423 2058 456 Omnis
2081 427 2140 457 etc.

1180 478 1347 520 Postquam
1364 477 1506 510 invitavit
1529 477 1567 509 ad
1589 477 1758 510 cavendam
1778 476 1972 509 dolositatem
1991 480 2022 509 et
2046 477 2144 519 repel-

1179 530 1301 563 lendam
1327 529 1539 568 timiditatem,
1563 529 1612 562 hic
1637 530 1730 562 tertio
1750 529 1861 562 invitat
1881 529 1919 562 ad
1938 530 2144 563 servandam

1178 583 1390 616 veracitatem
1405 583 1428 615 ⁷.
1455 583 1613 615 Veracitas
1635 583 1718 615 enim
1735 582 1939 615 confessionis
1961 587 2009 616 est
2033 588 2143 617 contra

1178 636 1374 669 dolositatem
1399 635 1619 669 simulationis.
1643 635 1685 668 Ad
1712 635 1771 668 hoc
1801 640 1907 668 autem
1933 636 2053 669 inducit
2084 637 2143 669 du-

1180 689 1320 731 pliciter:
1344 689 1448 731 primo
1471 688 1659 721 insinuando
1683 688 1879 732 aequitatem
1905 689 2040 722 divinae
2071 700 2143 722 sen—

1179 742 1320 780 tentiae,-
1342 741 1480 775 secundo
1505 751 1579 775 vero
1604 742 1792 775 insinuando
1815 741 2142 775 irremissibilitatem

1176 796 1307 839 peceati
1329 794 1559 838 blasphemiae.
1594 796 1651 828 Per
1679 795 1817 838 primum
1852 799 1958 828 monet
1988 795 2027 827 ad
2058 796 2144 828 veri-

1181 854 1280 883 tatem
1314 849 1556 891 confitendam,-
1590 858 1647 892 per
1679 849 1871 889 secundum,
1895 849 1933 882 ad
1961 848 2144 892 falsitatem

1180 904 1425 937 declinandam.

1270 958 1374 991 Primo
1400 958 1498 1000 igitur
1522 961 1627 991 monet
1657 958 1695 991 ad
1724 958 1943 1000 confitendam
1973 958 2143 991 veritatem
2157 963 2310 993 Damnum

1181 1015 1311 1054 propter
1334 1011 1469 1044 diuinae
1491 1011 1669 1044 sententiae
1699 1012 1917 1055 aequitatem,
1942 1020 2016 1044 cum
2047 989 2310 1045 dicitztgss'tfflzffifi

1184 1066 1263 1099 Dieo
1297 1070 1410 1098 autem
1445 1065 1557 1098 vobis:
1597 1065 1711 1098 Omnis
1743 1066 1942 1109 quicumque
1972 1064 2143 1107 confessus
2162 1043 2295 1065 mmm&

1180 1119 1285 1163 fuerit
1301 1119 1375 1152 me⁸
1395 1129 1510 1152 eoram
1528 1118 1736 1152 bominibus..
1748 1120 1797 1152 Me
1812 1119 1929 1152 scilicet
1950 1119 2144 1152 demonstrat

1182 1183 1349 1217 personam
1373 1173 1404 1206 in
1428 1173 1553 1206 duabus
1581 1173 1722 1212 naturis,
1747 1173 1864 1206 scilicet
1888 1174 1941 1216 qui
1974 1183 2024 1207 me
2048 1174 2144 1207 conli-

1182 1232 1268 1261 tetur
1291 1237 1360 1261 esse
1392 1236 1502 1260 verum
1528 1227 1626 1260 Deum
1652 1231 1683 1260 et
1714 1227 1893 1266 hominem,
1926 1237 1987 1260 non
2020 1231 2143 1260 tantum

1182 1281 1280 1314 eorde
1301 1281 1425 1320 dicens,
1451 1280 1624 1314 secundum
1649 1280 1727 1313 illud
1752 1281 1871 1322 primae
1902 1281 1941 1313 ad
1964 1281 2144 1314 Corinthios
2158 1283 2310 1332 Triffiffioffw·

1182 1334 1410 1367 duodecim0⁹z
1440 1347 1455 1362 a
1473 1334 1568 1367 Nemo
1593 1336 1694 1376 potest
1716 1334 1838 1367 dicere:
1863 1334 2017 1368 Dominus
2041 1335 2143 1373 lesus,

1182 1387 1239 1420 nisi
1265 1387 1295 1419 in
1321 1386 1440 1428 Spiritu
1463 1390 1572 1419 sancto
1589 1399 1623 1424 υ,
1649 1386 1701 1419 sed
1738 1386 1832 1419 etiam
1864 1396 1919 1419 ore
1942 1388 2143 1429 exprimens,

1182 1440 1356 1473 secundum
1373 1439 1457 1481 quod
1480 1439 1597 1472 dicitur
1612 1439 1651 1472 ad
1677 1440 1829 1472 Romanos
1844 1440 1982 1472 decimo:
2013 1453 2028 1468 α
2045 1441 2144 1473 Corde

1182 1493 1322 1526 creditur
1346 1492 1383 1525 ad
1409 1492 1575 1531 iustitiam,
1599 1501 1655 1525 ore
1675 1496 1780 1526 autem
1805 1493 1958 1526 confessio
1973 1493 2009 1525 fit
2033 1493 2070 1526 ad
2096 1503 2144 1526 sa-

1182 1546 1279 1579 lutem
1297 1558 1332 1585 »;
1361 1555 1419 1579 nec
1451 1549 1573 1578 tantum
1598 1555 1670 1585 ore,
1702 1546 1756 1579 sed
1780 1546 1872 1579 etiam
1905 1556 2001 1588 opere
2032 1550 2142 1579 contra

1181 1599 1363 1641 hypocritas
1385 1602 1417 1632 et
1447 1599 1546 1632 malos
1570 1599 1781 1638 Christianos,
1805 1599 1844 1632 de
1874 1600 1992 1642 quibus
2022 1600 2061 1632 ad
2093 1596 2144 1632 Ti-

1182 1648 1249 1686 tu'm
1268 1652 1370 1694 primo
1382 1653 1422 1684 ¹⁰:
1446 1666 1461 1681 «
1477 1652 1685 1692 Confitentur,
1705 1661 1738 1685 se
1751 1662 1842 1686 nosse
1860 1653 1974 1692 Deum,
1987 1653 2076 1686 sactis
2092 1663 2145 1686 au-

1181 1710 1243 1739 tem
1269 1709 1384 1748 negant
1404 1719 1434 1738 ».
1459 1706 1576 1739 Contra
1599 1715 1679 1749 quos
1702 1706 1848 1739 Matthaei
1873 1706 2020 1748 septimo:
2046 1720 2061 1735 <r
2080 1707 2143 1740 Non

1180 1760 1297 1798 omnis,
1329 1759 1383 1802 qui
1415 1759 1491 1792 dicit
1521 1759 1618 1792 mihi:
1643 1760 1788 1799 Domine,
1822 1760 1983 1793 Domine»
2013 1764 2089 1800 etc.;
2114 1765 2145 1794 et

1181 1813 1250 1846 ideo
1274 1812 1396 1855 primae
1428 1813 1551 1846 loannis
1582 1813 1690 1846 tertio:
1720 1813 1817 1846 «Non
1850 1814 2017 1856 diligamus
2049 1815 2145 1848 verbo

1181 1875 1284 1908 neque
1302 1866 1425 1908 lingua,
1442 1866 1496 1902 sed
1513 1875 1608 1908 opere
1624 1864 1658 1900 et⁴
1672 1867 1804 1900 veritate
1822 1881 1851 1899 ».
1873 1887 1918 1892 —-
1934 1868 1992 1910 Qui
2011 1868 2055 1902 sic
2072 1878 2145 1902 con·
2164 1870 2298 1919 Οοζξίῐεξζξξι

1181 1920 1290 1953 fitetur
1314 1920 1405 1962 plene
1436 1920 1621 1960 confitetur,
1645 1921 1763 1954 scilicet
1794 1922 1904 1961 corde,
1936 1931 2006 1961 ore,
2038 1931 2144 1965 opere.
2282 1912 2287 1918 ’

1181 1973 1226 2006 De
1250 1973 1301 2006 tali
1320 1972 1499 2015 subiungit:
1528 1973 1564 2005 Et
1581 1969 1692 2005 Filius
1715 1972 1859 2006 bominis
1883 1974 2090 2015 confitebitur
2107 1976 2146 2008 il-

1182 2026 1251 2059 tum
1275 2035 1390 2059 eoram
1424 2026 1560 2073 Anyelis
1586 2026 1662 2064 Dei,
1687 2026 1805 2059 scilicet
1828 2027 1912 2069 quod
1936 2028 2003 2069 ipse
2035 2029 2076 2061 sit
2105 2029 2144 2062 de

1181 2081 1264 2120 suis,
1301 2079 1474 2113 secundnm
1510 2079 1588 2112 illud
1624 2080 1769 2112 Matthaei
1794 2080 1943 2122 vigesimo
1974 2081 2142 2123 quint0¹¹:

1186 2147 1202 2162 «ι
1219 2133 1346 2172 Venite,
1370 2132 1524 2166 benedicti
1550 2133 1649 2165 Patris
1674 2133 1752 2171 mei,
1776 2133 1928 2175 percipite
1953 2143 2085 2176 regnum
2111 2148 2141 2167 ».

1182 2186 1268 2220 Unde
1307 2185 1521 2218 verificabitur
1556 2184 1632 2217 illud
1674 2185 1916 2218 Proverhiorum
1954 2187 2141 2221 undecimo:

1186 2251 1202 2269 α
1219 2239 1341 2277 Anima,
1366 2247 1447 2280 quae
1471 2238 1640 2276 benedicit,
1665 2237 1915 2280 impinguabitur
1933 2253 1961 2271 n.

1273 2292 1323 2324 13.
1349 2292 1449 2331 (Vers.
1476 2291 1530 2331 9.).
1557 2291 1601 2323 Ex
1634 2300 1698 2333 quo
1721 2295 1852 2333 apparet
1878 2293 2022 2334 aequitas
2050 2295 2143 2327 retri-

1180 2344 1319 2377 butionis
1350 2347 1496 2385 respectu
1527 2342 1775 2385 confitentium:
1800 2347 1838 2377 et
1868 2348 1904 2378 ut
1936 2346 2014 2379 nihil
2045 2347 2142 2387 desit,

1180 2396 1356 2430 ostenditur
1387 2396 1529 2438 aequitas
1551 2400 1697 2439 respectu
1720 2398 1933 2440 neyantium,
1962 2409 2034 2433 cum
2068 2401 2143 2434 sub·
2162 2402 2289 2456 ng‘fflg·

1179 2450 1238 2482 dit:
1265 2449 1331 2490 Qui
1353 2453 1462 2482 autem
1484 2450 1654 2492 neqaoerit
1669 2460 1720 2483 me
1741 2461 1856 2484 eoram
1877 2451 2067 2486 bominibus
2087 2455 2141 2487 de-

1179 2501 1357 2544 neqabitur
1378 2502 1405 2521 ¹²
1436 2511 1552 2535 coram
1585 2503 1720 2546 Anqelis
1758 2504 1833 2544 Dei,
1866 2506 1992 2548 quando
2023 2507 2141 2543 scilicet

1178 2728 1218 2753 est
1230 2727 1286 2753 Vat.
1308 2728 1477 2762 prosequitur
1496 2730 1549 2757 Duo
1569 2730 1600 2757 de
1618 2731 1709 2763 nobis,
1730 2738 1784 2758 non
1803 2731 1876 2759 decet
1888 2739 1936 2759 nos
1954 2732 2069 2760 nimium
2088 2734 2143 2761 sol-

1179 2769 1264 2797 licitos
1283 2778 1340 2798 esse
1354 2779 1408 2806 pro
1429 2773 1631 2809 nobismetipsis.
1652 2772 1764 2803 Maioris
1782 2778 1831 2802 etc.

1249 2813 1265 2845 ⁵,
1280 2816 1355 2842 Vers.
1374 2818 1418 2844 26.
1439 2832 1475 2838 —
1493 2819 1621 2851 Superius
1635 2827 1682 2852 pro
1700 2821 1725 2846 et
1744 2819 1797 2846 hoc.
1812 2821 1831 2846 Α
1843 2819 1862 2846 C
1880 2822 1906 2846 et
1913 2827 1964 2854 per
1984 2820 2047 2852 hoc,
2071 2821 2092 2846 D
2105 2821 2143 2846 le-

1178 2860 1232 2892 git,
1252 2860 1372 2893 pluribus
1384 2862 1503 2889 omissis:
1522 2863 1635 2890 Maioris
1653 2865 1744 2891 autem
1754 2863 1837 2897 prelii
1853 2871 1949 2895 sumus
1969 2871 2052 2898 quam
2065 2871 2143 2891 crea-

1178 2905 1257 2930 turae
1268 2906 1379 2938 propter
1392 2904 1443 2933 Ιιοό
1454 2906 1590 2940 [primitus
1602 2909 1629 2934 et
1636 2914 1688 2941 per
1701 2907 1774 2940 hoel,
1789 2907 1853 2942 quia
1872 2907 1909 2934 ad
1927 2908 2073 2942 imayinem
2092 2912 2141 2935 etc.

1250 2946 1261 2962 ⁶
1281 2949 1355 2975 Vers.
1377 2950 1400 2975 l.
1418 2963 1454 2970 -
1473 2951 1580 2977 lnserius
1599 2958 1647 2984 pro
1667 2951 1735 2978 nihil
1753 2951 1834 2978 ettam
1855 2953 1912 2978 Vnt.
1930 2951 1973 2978 vel
1991 2952 2080 2979 etiam.

1248 2990 1258 3006 ⁷
1277 2993 1328 3020 Cl'r.
1348 3001 1429 3026 supra
1448 3001 1474 3020 n.
1495 2996 1518 3021 l.
1667 3020 1670 3021 .

1249 3035 1260 3051 ⁸
1279 3037 1362 3064 Codd.
1382 3038 1522 3065 ACDFG
1548 3039 1657 3071 Omnis,
1677 3040 1725 3074 qui
1742 3039 1911 3074 coufitebilur
1929 3047 1972 3067 me
1992 3042 2042 3071 <ita
2061 3042 2140 3068 ctiam

1178 3082 1266 3107 Mutth.
1287 3082 1331 3115 lo,
1352 3083 1399 3114 3·2;
1419 3083 1448 3108 B.
1467 3083 1577 3109 Albert.:
1598 3082 1692 3110 Omnis
1711 3083 1872 3118 quicumque
1891 3084 2060 3119 confitebitur
2073 3088 2138 3118 me).

1248 3124 1260 3140 ⁹
1280 3127 1354 3153 Vers.
1373 3127 1398 3152 3.
1412 3141 1447 3147 -
1460 3119 1582 3161 sequitur
1598 3128 1673 3153 nom.
1691 3127 1858 3158 10,40.Ctr.
1877 3128 2025 3161 chrysost,
2044 3130 2140 3157 nomn.

1178 3171 1221 3197 25.
1235 3171 1262 3197 in
1281 3171 1368 3197 Matth.
1388 3171 1434 3202 10,
1454 3172 1498 3196 3-2.
1517 3178 1571 3204 seq.
1592 3171 1652 3205 (Op.
1671 3171 1839 3205 imperfect.).

1250 3213 1272 3229 ¹⁰
1291 3216 1367 3241 Vers.
1396 3216 1438 3241 ⁴6.
1456 3229 1491 3235 —
1520 3215 1576 3241 Duo
1603 3222 1678 3249 seqq.
1707 3216 1757 3241 loci
1778 3219 1840 3242 sunt
1868 3217 1955 3243 lllatth.
1983 3217 2014 3249 7.
2043 3219 2086 3245 21.
2113 3222 2140 3245 et

1177 3260 1193 3286 l.
1214 3260 1282 3285 loan.
1302 3260 1331 3291 3,
1352 3260 1393 3285 ⁴8.
1553 3258 1573 3273 ¹¹
1595 3259 1668 3285 Vers.
1687 3258 1736 3292 36,
1756 3263 1814 3292 post
1832 3267 1912 3293 quem
1932 3262 2009 3288 Prov.
2029 3263 2075 3295 ll,
2096 3263 2139 3289 25.

1249 3302 1271 3318 ¹¹
1291 3304 1325 3330 lta
1344 3304 1422 3329 etiam
1442 3303 1524 3336 Beda,
1539 3303 1721 3336 Carddlugo,
1740 3303 1891 3338 B.Albert.,
1911 3306 1936 3331 S.
1956 3306 2051 3332 Thom.
2073 3306 2137 3339 (Cat.

1176 3355 1255 3375 aurea
1276 3347 1301 3374 in
1320 3348 1381 3374 Luc.
1401 3354 1424 3374 c.
1444 3348 1487 3373 42.
1505 3354 1531 3373 n.
1552 3348 1588 3381 3.)
1607 3350 1633 3373 ct
1651 3348 1783 3380 Lyranus;
1803 3349 1915 3381 Vulgata
1933 3352 1960 3376 et
1978 3350 2037 3377 Vnt.
2055 3357 2138 3384 ‘nequ-

1176 3390 1258 3418 bt'lur.
1278 3405 1313 3411 —
1334 3390 1451 3417 Subinde
1470 3391 1614 3424 allegantur
1633 3392 1719 3418 Mutth.
1739 3392 1788 3424 25,
1811 3393 1850 3419 ¹2.
1870 3396 1896 3419 et
1913 3394 1976 3420 Luc.
1996 3394 2026 3427 9,
2046 3394 2091 3420 26.

1997 3445 2029 3471 40
