2476 3921
44 624 132 646 Divisio.

14 943 132 975 Metabi-um

22 975 122 998 primum.

752 207 945 240 COMMENT.
971 208 1007 241 ΙΝ
1033 208 1270 242 EVANGELIUM
1295 210 1411 242 LUCAE
1436 211 1468 243 C.
1494 212 1538 244 111,
2093 217 2134 248 825

341 294 470 329 Secundo,
491 295 521 321 de
539 294 691 329 genealogia
711 294 846 330 temporali
865 295 928 322 1113.

243 402 294 433 57.
320 401 421 443 (Vers.
446 401 523 439 23).
543 403 582 434 Et
604 402 673 444 ipse
689 402 782 435 Iesus
804 406 877 435 erat
892 405 951 435 etc.
978 403 1048 435 Post
1064 411 1114 435 re-

153 454 384 495 generationem
409 455 685 494 sacramentalem,
711 455 742 487 in
765 464 828 497 qua
856 456 949 488 etiam
974 455 1113 488 declara-

153 506 196 539 vit
220 507 452 549 generationem
476 507 683 546 aeternalem,
705 507 867 550 subiungit
892 508 943 541 hic
963 507 1113 551 91311εαί0-

151 560 245 602 piam
269 560 496 602 temporalem,
528 560 612 594 circa
641 570 737 604 quam
775 561 835 594 tria
866 561 1112 594 introducuntur

152 613 385 646 consideranda.
408 614 545 647 Primum
563 617 610 647 est
633 619 761 657 tempus
774 614 978 657 procedentis
1001 614 1040 647 ad
1056 623 1113 647 ex-

152 665 341 699 cludendum
367 667 559 700 intellectum
584 667 826 709 phantasticum.
856 667 1034 700 Secundum
1066 669 1114 700 est

151 719 271 752 modus
291 720 492 762 procedendi
513 720 552 753 ad
576 720 811 754 excludendum
835 721 1027 754 intellectum
1044 730 1112 754 car-

151 772 263 805 nalem.
288 773 429 806 Tertium
461 777 509 806 est
528 774 750 816 processionis
779 774 912 816 yradus
943 773 1008 806 sive
1039 783 1112 815 pro-

151 834 279 867 gressus
301 826 339 858 ad
364 825 596 859 fortificandum
620 826 814 868 intellectum
839 826 971 859 fidelem.

241 879 344 911 Primo
376 879 473 921 igitur
505 876 643 912 insinuat
672 883 799 922 tempus
829 880 968 918 aetam,
1002 883 1036 912 ut
1068 879 1111 912 illi

151 932 388 971 convincantur,
405 932 458 974 qui
477 933 625 971 credunt,
641 933 802 966 Christum
819 942 931 966 verum
953 933 1111 965 hominem

150 995 212 1019 non
236 985 351 1025 fuisse;
377 990 505 1028 propter
536 986 619 1028 quod
645 986 736 1019 dicit:
762 987 800 1018 Ec
824 987 893 1028 ipse
922 986 1016 1018 lesus
1038 989 1112 1017 erat

151 1039 311 1081 incipiens·
327 1035 430 1082 quasi
442 1048 612 1072 annorum
634 1039 794 1082 trimma,
819 1039 970 1081 incipiens
993 1038 1111 1072 scilicet

150 1092 219 1126 aliis
242 1101 275 1125 se
299 1092 498 1125 manifestare
514 1096 545 1126 et
562 1092 752 1134 praedicare.
780 1092 887 1133 Quasi
908 1091 1028 1125 dictum
1048 1094 1110 1131 est,

150 1145 225 1188 quia
241 1145 413 1178 secundum
430 1145 581 1188 quosdam
598 1149 666 1179 erat
690 1145 797 1187 viginti
819 1154 929 1178 novem
954 1153 1110 1177 annorum

151 1202 182 1232 et
206 1199 355 1232 tredecim
391 1198 475 1238 dies;
500 1199 674 1232 secundum
708 1199 785 1231 alios
821 1198 955 1231 habehat
984 1198 1111 1240 triginta

149 1261 248 1285 annos
272 1256 303 1285 et
327 1252 476 1285 tredecim
499 1252 566 1285 dies
588 1252 674 1285 ultra
688 1253 708 1283 ¹.
726 1252 758 1284 ln
774 1261 839 1293 quo
854 1252 948 1284 etiam
965 1251 1111 1293 praebuit

150 1306 352 1347 exemplum,
377 1308 413 1338 ut
448 1305 555 1338 nullus
578 1305 689 1338 debeat
722 1304 835 1338 docere
870 1308 942 1337 ante
976 1308 1110 1337 aetatem

149 1358 307 1397 adultam,
340 1362 630 1400 quantamcumque
662 1358 776 1391 habeat
804 1358 1002 1400 sapientiam;
1027 1357 1111 1390 unde

150 1411 354 1444 Ecclesiastici
372 1411 520 1453 vigesimo
534 1411 560 1443 ²:
591 1424 607 1439 «
623 1411 719 1443 Homo
739 1411 863 1453 sapiens
879 1411 994 1444 tacebit
1009 1419 1111 1453 usque

149 1463 188 1496 ad
212 1467 337 1506 tenipus
362 1477 391 1495 u.
417 1464 453 1496 Et
475 1463 544 1497 ideo
575 1464 691 1497 dicitur
714 1464 918 1497 Ecclesiastici
951 1464 1111 1506 trigesimo

150 1517 304 1550 secundo:
335 1517 551 1550 «Adolescens
582 1518 712 1560 loquere
736 1518 767 1550 in
792 1521 847 1550 tua
877 1526 972 1550 causa
1003 1517 1058 1549 vix
1080 1530 1109 1548 ι».

150 1570 236 1603 Unde
260 1570 314 1603 tilii
339 1570 457 1603 Gerson
478 1580 540 1603 non
564 1570 623 1603 nisi
648 1580 667 1603 a
689 1570 817 1613 triginta
841 1570 932 1604 annis
955 1579 1057 1613 usque
1073 1570 1111 1603 ad

149 1624 379 1666 quinquaginta
399 1624 650 1657 numerabantur
669 1624 708 1657 ad
727 1624 880 1666 portanda
896 1633 993 1657 onera
1009 1624 1112 1657 taber-

150 1677 269 1716 naculi,
298 1677 511 1711 Numerorum
535 1681 659 1720 quarto.
692 1678 776 1711 Licet
799 1681 905 1711 autem
938 1678 981 1710 ita
1004 1678 1043 1711 sit
1074 1677 1113 1710 de

151 1731 217 1773 lege
242 1731 415 1770 communi,
441 1735 544 1764 tamen
568 1731 736 1773 aliquando
759 1731 850 1764 aliter
873 1731 909 1764 fit
924 1731 963 1764 de
986 1731 1112 1773 privile-

150 1782 200 1824 gio
224 1783 368 1825 speciali,
400 1783 481 1816 sicut
512 1783 628 1816 dicitur
653 1783 800 1816 leremiae
832 1783 982 1825 primo³z
1013 1797 1028 1812 «
1045 1783 1111 1816 Noli

150 1837 271 1876 dicere,
296 1837 370 1879 quia
394 1846 474 1880 puer
498 1847 555 1880 ego
580 1846 650 1870 sum
668 1850 703 1876 »;
721 1841 751 1870 et
768 1837 904 1870 Danielis
919 1837 1110 1879 penultimo,

149 1890 188 1923 de
220 1900 284 1933 quo
318 1890 449 1930 dicitur,
485 1891 570 1933 quod
610 1904 625 1919 «
651 1891 813 1924 suscitavit
847 1890 931 1923 Deus
963 1890 1109 1933 spiritum

150 1944 240 1986 pueri
258 1944 390 1977 iunioris
403 1958 433 1977 ».
452 1945 522 1978 ldeo
544 1944 660 1978 dieitur
676 1944 850 1987 Sapientiae
873 1944 1010 1983 decimo,
1026 1944 1111 1986 quod

156 2010 171 2025 «
188 1997 338 2039 sapientia
354 1998 479 2040 aperuit
502 2008 537 2032 os
560 2002 723 2031 mutorum
748 2002 779 2031 et
803 1998 926 2041 linguas
945 1997 1111 2031 infantium

150 2050 222 2083 fecit
253 2051 385 2085 disertas
401 2064 437 2091 »;
462 2056 493 2085 et
524 2052 556 2085 in
589 2052 726 2085 Psalmo:
757 2052 834 2084 «Ex
859 2061 914 2085 ore
945 2051 1110 2084 infantium

150 2107 181 2137 et
197 2105 379 2138 lactentium
404 2106 558 2148 perfecisti
585 2105 708 2139 laudem
725 2120 754 2138 ».
780 2107 920 2138 Attamen
949 2104 1111 2147 privilegia

1177 305 1351 338 paucorum
1369 307 1429 331 non
1447 303 1521 331 sunt
1546 300 1697 333 trahenda
1713 302 1749 333 ad
1772 304 2026 344 consequentiam
2040 305 2064 342 ⁴,
2083 304 2133 336 sed

1177 359 1234 382 nec
1257 350 1380 383 divinae
1403 353 1575 393 operationi
1597 357 1627 385 et
1651 355 1769 395 gratiae
1792 359 1839 387 est
1857 356 1907 388 lex
1934 356 2135 397 imponenda,

1176 403 1266 445 quia,
1283 404 1365 437 sicut
1380 404 1496 437 dicitur
1519 406 1692 450 Sapientiae
1709 411 1836 449 quarto,
1863 421 1878 436 α
1892 410 1959 441 cani
1977 413 2051 441 sunt
2067 418 2135 442 sen-

1176 465 1231 489 sus
1255 457 1405 496 hominis,
1429 462 1460 490 et
1483 463 1568 491 aetas
1596 461 1766 492 senectutis
1797 461 1860 493 vita
1885 462 2083 495 immaculata
2100 476 2134 497 »z

1176 512 1207 542 et
1230 509 1360 542 iterum:
1383 523 1398 538 α
1414 510 1656 545 Consummatus
1672 512 1702 544 in
1727 513 1813 546 hrevi
1839 515 1978 555 explevit
1995 519 2136 557 tempora

1177 563 1277 596 multa
1297 576 1327 595 n.

1267 617 1318 648 58.
1343 616 1460 649 Deinde
1475 617 1624 650 describit
1640 619 1775 651 modum
1796 620 2036 661 processionis,
2062 631 2134 653 cum

1175 668 1266 701 dicit:
1297 669 1336 701 Ut
1356 669 1544 711 putabatur
1566 670 1658 711 filius
1682 671 1816 713 Ios-eph,-
1841 672 1870 704 in
1895 683 1960 715 quo
1982 674 2135 712 ostendit,

1175 721 1260 764 quod
1283 722 1456 755 secundum
1478 725 1710 765 generationem
1729 727 1930 767 temporalem
1955 736 2016 758 non
2042 727 2135 759 habe—

1175 775 1228 807 bat
1252 778 1372 817 patrem
1398 785 1526 815 verum,
1551 777 1604 810 sed
1629 778 1824 819 putativum,
1849 780 1923 821 quia
1947 780 1984 812 de
2011 780 2135 821 Virgine

1175 830 1277 860 natus.
1305 828 1412 870 loseph
1430 838 1566 871 namque
1586 831 1739 872 putabant
1756 832 1897 864 homines
1913 833 1982 865 eius
2000 837 2134 874 patrem,

1175 880 1349 913 secundum
1373 881 1457 923 quod
1480 882 1597 915 dicitur
1621 883 1702 916 infra
1726 885 1883 926 quart0⁵:
1915 898 1928 912 α
1948 886 2053 918 Nonne
2086 886 2134 918 liin·

1175 937 1222 966 est
1245 934 1329 967 filius
1350 935 1458 977 loseph
1473 939 1511 967 »2

1264 986 1322 1019 Sed
1347 996 1387 1019 ex
1421 988 1479 1020 hoc
1507 988 1646 1028 videtur,
1679 991 1762 1032 quod
1791 992 1970 1033 genealogia
2002 1001 2136 1034 sequens

1175 1039 1252 1072 nihil
1275 1040 1367 1073 faciat
1391 1041 1429 1074 ad
1453 1042 1613 1075 Christum
1639 1045 1811 1077 secundum
1837 1046 2010 1078 veritatem.
2030 1065 2071 1069 —
2094 1047 2134 1078 ,111

1174 1092 1259 1134 1111011
1280 1093 1448 1135 respondet
1471 1094 1576 1127 Beda⁶
1593 1097 1766 1129 secundum
1793 1097 2033 1139 Hieronymum,
2051 1099 2134 1140 quod

1175 1155 1237 1178 non
1262 1150 1309 1179 est
1324 1148 1560 1181 consuetudinis
1585 1150 1840 1191 scripturarum,
1857 1156 1892 1183 ut
1917 1151 2085 1184 mulierum
2105 1152 2133 1184 in

1174 1200 1429 1241 generationibus
1452 1201 1530 1234 ordo
1551 1205 1694 1240 texatur;
1719 1204 1830 1237 deinde
1846 1209 1877 1237 et
1902 1205 2008 1246 loseph
2026 1209 2056 1237 et
2075 1205 2135 1237 Ma-

1175 1252 1252 1285 riam
1277 1262 1319 1286 ex
1343 1253 1449 1286 eadem
1475 1255 1560 1287 tribu
1584 1256 1659 1288 (licit
1682 1265 1750 1289 esse
1774 1262 1953 1299 generatos,
1980 1258 2061 1290 umle
2094 1268 2132 1291 ex

1175 1306 1254 1348 Lege
1278 1306 1443 1339 tenebatur
1475 1316 1542 1340 eam
1566 1309 1707 1351 accipere
1740 1313 1776 1342 ut
1800 1311 2006 1353 propinquus.
2039 1312 2136 1344 Cuius

1174 1359 1266 1391 etiam
1291 1359 1415 1401 signum
1440 1364 1502 1399 est,
1527 1361 1611 1403 quod
1635 1362 1728 1394 simul
1752 1362 1783 1394 in
1802 1363 1981 1395 Bethlehem
2008 1372 2135 1396 censen-

1175 1415 1238 1451 tur,
1263 1412 1344 1445 sicut
1367 1413 1503 1446 habetur
1520 1423 1616 1456 supra
1633 1416 1770 1448 secundo
1783 1416 1805 1448 ⁷.
1826 1417 1859 1448 Et
1877 1417 1944 1449 ideo
1961 1418 2135 1459 generatio-

1174 1466 1223 1499 nis
1247 1467 1345 1499 series
1368 1467 1399 1499 in
1424 1477 1488 1500 uno
1505 1468 1640 1510 pertinet
1656 1469 1694 1501 ad
1711 1470 1817 1502 alium.
1836 1489 1877 1493 —
1896 1471 1941 1502 Ex
1960 1471 2017 1503 hoc
2042 1481 2135 1513 appa-

1176 1522 1238 1558 ret,
1256 1519 1340 1561 quod
1366 1520 1407 1552 ita
1432 1529 1545 1562 parum
1563 1521 1594 1553 in
1612 1522 1774 1563 Scriptura
1789 1523 1828 1555 de
1845 1523 1940 1555 Maria
1964 1524 1998 1555 fit
2023 1533 2134 1556 sermo.

1176 1572 1206 1605 Si
1230 1573 1312 1605 enim
1332 1573 1371 1605 de
1395 1573 1462 1615 ipsa
1478 1583 1540 1606 non
1565 1574 1619 1607 tiat
1643 1583 1747 1607 sermo
1771 1576 1800 1607 in
1819 1576 1932 1609 Cliristi
1959 1577 2137 1618 genealogia

1175 1629 1305 1668 propter
1322 1627 1512 1660 servandum
1531 1637 1649 1660 morem
1667 1626 1919 1671 Scripturarum,
1945 1639 2015 1662 cum
2035 1634 2136 1662 tamen

1175 1679 1320 1712 videatur
1343 1680 1432 1722 quasi
1458 1681 1685 1721 necessarium;
1710 1683 1810 1715 multo
1834 1683 1940 1716 minus
1962 1684 2029 1716 tieri
2047 1683 2136 1716 debet

1176 1733 1260 1766 circa
1282 1734 1428 1775 proprios
1451 1737 1549 1767 actus.
1569 1753 1610 1758 —-
1628 1735 1692 1768 Non
1711 1735 1745 1768 fit
1761 1739 1866 1768 autem
1884 1746 1987 1769 sermo
2007 1737 2044 1769 de
2069 1746 2137 1769 mu-

1176 1786 1307 1819 lieribus
1319 1786 1350 1818 in
1363 1786 1472 1819 ordine
1488 1787 1741 1829 genealogiarum
1756 1792 1822 1821 tum
1838 1793 1965 1831 propter
1982 1790 2136 1822 desectum

1175 1849 1194 1871 a
1206 1842 1295 1881 parte
1311 1844 1468 1879 naturae,
1486 1840 1560 1882 quia
1574 1854 1588 1869 a
1599 1841 1713 1873 semina
1729 1846 1776 1874 est
1794 1842 1841 1874 vir
1854 1843 2090 1875 occasionatus⁸
2107 1857 2136 1876 ».

1177 1896 1243 1925 tum
1268 1896 1397 1935 propter
1421 1893 1576 1926 defectum
1595 1903 1636 1926 ex
1660 1898 1749 1936 parte
1773 1896 2034 1938 significantiae,
2064 1897 2137 1939 quia

1175 1954 1237 1978 non
1262 1945 1421 1978 Christum
1433 1971 1440 1984 ,
1466 1945 1519 1978 sed
1538 1946 1702 1978 Ecclesiam
1719 1947 1898 1989 significat,
1916 1957 1977 1980 non
1995 1949 2136 1990 superio-

1176 2007 1242 2031 rem
1267 1999 1442 2040 portionem
1468 1999 1615 2038 rationis,
1641 1999 1694 2032 sed
1726 2000 1924 2037 inferiorem,
1954 2001 2073 2042 primae
2097 2002 2134 2033 ad

1175 2051 1353 2083 Corinthios
1389 2051 1554 2084 undecimo
1571 2052 1597 2091 ⁹3
1635 2056 1702 2085 tum
1739 2057 1868 2094 propter
1903 2054 2057 2086 desectum
2094 2065 2133 2087 ex

1175 2107 1264 2145 parte
1296 2103 1411 2146 officii,
1444 2104 1518 2145 quia
1552 2113 1609 2137 nec
1641 2104 1752 2137 docere
1788 2114 1845 2138 nec-
1877 2106 2054 2148 praesiderc
2091 2107 2135 2139 eis

150 2278 203 2296 uno
215 2271 338 2302 intelligat
347 2271 469 2303 quisque,
483 2271 507 2295 in
520 2270 582 2296 Filio
596 2271 697 2296 Patrem
711 2270 839 2302 placuisse
852 2269 1011 2301 hominibus,
1021 2270 1110 2295 admo-
1139 2270 1143 2281 ¹

150 2318 226 2341 netur
244 2323 275 2341 ex
294 2322 325 2341 eo
349 2315 422 2347 quod
442 2314 541 2340 dictum
560 2317 614 2340 est:
634 2314 667 2340 In
685 2315 709 2340 te
727 2313 891 2347 complacuit
908 2313 982 2340 mihi.
1004 2314 1037 2339 Ex
1056 2320 1110 2346 quo

150 2360 212 2386 satis
225 2364 348 2392 apparet,
361 2359 470 2392 quilibet
483 2359 707 2391 Evangelistarum
721 2359 837 2384 caelestis
851 2359 924 2384 vocis
936 2359 1013 2384 etiam
1028 2358 1109 2384 verba

152 2405 278 2435 tenuerit,
302 2404 366 2429 alios
393 2403 426 2429 ad
455 2404 566 2429 eandem
586 2403 740 2429 sententiam
760 2403 911 2429 familiarius
929 2403 1110 2435 explicandam

150 2448 231 2474 verba
251 2448 379 2479 variasse,
400 2451 428 2473 ut
446 2448 615 2480 intelligatur,
634 2449 684 2473 hoc
703 2448 802 2474 dictum
831 2455 888 2473 csse
913 2447 947 2473 ab
972 2447 1110 2481 omnibus,

151 2496 275 2526 tanquam
304 2493 450 2518 diceretur:
472 2494 497 2518 ln
517 2496 541 2518 te
560 2492 685 2525 placitum
714 2500 803 2518 meum
832 2492 968 2524 constitui,
989 2494 1037 2518 hoc
1057 2496 1110 2524 est,

150 2545 198 2570 per
216 2542 240 2564 te
260 2545 351 2570 gerere
370 2538 442 2571 quod
462 2537 524 2563 milii
544 2539 636 2570 placet.

222 2581 230 2596 ¹
252 2583 318 2608 Petr.
337 2582 487 2614 Comestor,
507 2582 600 2609 llistor.
620 2583 788 2614 scholastica,
808 2583 833 2608 in
853 2583 954 2615 Evang.
973 2590 996 2609 c.
1015 2582 1111 2609 33:13c

150 2626 207 2661 ipse
229 2628 301 2654 lesus
320 2628 381 2654 erat
399 2626 526 2661 iucipiens
546 2627 626 2661 quasi
644 2634 782 2654 aimorum
801 2627 928 2661 1119111111,
949 2628 973 2653 111
987 2631 1027 2653 est
1039 2628 1112 2653 trice-

151 2671 247 2696 simum
267 2678 364 2697 annum
386 2671 530 2703 inceperat,
551 2671 675 2698 tredecim
695 2675 794 2698 tantum
809 2671 904 2698 diebus
916 2672 1035 2698 eiusdem
1050 2673 1111 2698 anni

151 2716 270 2747 peractis.
291 2717 320 2741 Et
338 2716 484 2742 secundum
513 2718 562 2742 lioc
586 2717 649 2742 vixit
668 2717 738 2743 lesus
758 2720 857 2743 tantum
877 2717 980 2749 triginta
1006 2716 1112 2743 duobus

151 2761 226 2786 annis
245 2764 269 2786 et
288 2761 414 2792 dimi(lio;
434 2761 495 2794 quia
523 2762 616 2787 eadem
645 2762 702 2794 die,
730 2762 849 2787 revoluto
878 2769 960 2793 anno,
983 2762 1112 2788 convertit

153 2812 249 2838 aquam
270 2806 294 2831 in
314 2806 421 2836 vinum,
440 2809 465 2831 et
484 2806 601 2839 sequenti
621 2806 733 2837 Pascha,
754 2807 778 2832 id
799 2810 838 2832 est
862 2807 887 2832 in
915 2807 1013 2833 Pascha
1039 2807 1112 2833 trice-

151 2850 208 2874 simi
229 2850 308 2881 primi
327 2850 401 2882 anni,
415 2850 588 2876 incarceratus
606 2854 645 2876 est
664 2851 770 2876 loannes
789 2854 815 2876 et
828 2851 851 2876 in
866 2852 967 2876 Pascha·
978 2851 1111 2884 sequenti,

151 2893 176 2918 id
197 2896 238 2918 est
255 2894 378 2919 tricesimi
397 2894 505 2919 secundi
533 2894 607 2925 anni,
637 2894 779 2920 decollatus
804 2898 856 2927 est,
877 2898 902 2921 et
922 2896 946 2921 in
967 2896 1042 2922 tertio
1068 2897 1112 2922 Pa-

151 2939 253 2969 scliate,
274 2937 300 2963 id
320 2941 358 2963 est
376 2938 500 2963 tricesimi
519 2938 585 2964 tertii
605 2939 680 2971 anni,
700 2946 794 2971 passus
813 2943 852 2965 est
872 2940 1014 2971 Dominus,
1033 2944 1058 2967 ct
1077 2941 1111 2966 ita

152 2982 215 3007 vixit
234 2982 360 3007 Dominus
379 2982 483 3013 triginta
504 2981 609 3008 duobus
637 2983 710 3008 annis
738 2983 846 3015 integris
871 2987 896 3010 et
923 2985 958 3010 de
976 2985 1112 3017 trigesimo

151 3026 226 3052 tertio
246 3030 373 3058 quantum
394 3026 465 3051 fluxit
483 3026 609 3058 temporis
627 3034 642 3052 a
662 3027 743 3053 Natali
762 3035 847 3061 usque
865 3028 899 3054 ad
914 3029 1026 3061 Pascha,
1039 3031 1110 3063 quod

152 3077 201 3102 pro
220 3070 329 3096 dimidio
348 3077 417 3096 anno
436 3074 610 3102 computatur.
630 3069 834 3103 Ch'rysostomus
853 3075 940 3098 tamen
959 3073 1035 3106 dixit,
1049 3081 1110 3100 eum

153 3115 204 3140 iam
223 3115 397 3147 complevisse
415 3115 575 3140 tricesimum
595 3122 707 3146 annum,
728 3116 752 3141 in
772 3117 878 3142 homilia
896 3117 998 3143 decima
1012 3118 1040 3143 in
1053 3119 1112 3144 Mat-

153 3161 273 3191 thaenm,
293 3160 331 3185 sic
349 3159 455 3185 dicens:
476 3160 535 3185 Post
553 3159 656 3191 triginta
685 3167 769 3186 annos
797 3161 868 3186 venit
887 3162 957 3187 lesus
976 3162 1010 3188 ad
1030 3161 1112 3195 bapti-

152 3210 236 3230 sma...
254 3205 284 3230 Et
302 3204 446 3230 secundum
466 3205 532 3229 lianc
551 3204 702 3236 opinionem
722 3204 786 3230 vixit
804 3204 909 3236 triginta
928 3205 1012 3232 tribus
1037 3207 1112 3232 annis

154 3248 259 3280 integris
278 3252 303 3274 et
322 3251 421 3274 tantum
440 3248 474 3274 de
493 3248 629 3280 trigesimo
647 3252 755 3282 quarto,
780 3252 909 3282 quantum
928 3253 967 3275 est
990 3257 1004 3275 a
1031 3251 1110 3276 Natali

153 3300 237 3325 usque
256 3293 290 3318 ad
309 3294 406 3319 Pascha
419 3303 443 3318 ι.

224 3335 234 3350 ²
256 3337 328 3363 Vers.
347 3337 378 3370 7,
398 3341 458 3369 post
476 3345 555 3370 quem
577 3339 625 3370 32,
650 3339 691 3364 10.
712 3342 735 3364 et
756 3339 833 3364 Num.
855 3339 885 3366 A.
905 3340 948 3365 22.
965 3347 1040 3373 seqq.
1054 3340 1109 3372 (cfr.

153 3388 180 3406 v.
204 3381 264 3413 17.).

1245 2267 1256 2282 ³
1277 2269 1351 2294 Vers.
1369 2268 1394 2294 7.
1408 2283 1443 2288 —
1455 2269 1520 2294 Tres
1533 2276 1608 2302 seqq.
1623 2270 1671 2295 loci
1685 2273 1745 2295 sunt
1760 2271 1823 2296 Dan.
1837 2271 1884 2301 13,
1900 2271 1945 2303 45,
1960 2272 2021 2303 Sap.
2040 2273 2078 2302 lO,
2094 2273 2135 2297 21.

1174 2316 1200 2339 et
1219 2314 1259 2338 Ps.
1280 2314 1309 2345 8,
1329 2313 1354 2338 3.

1245 2355 1257 2370 ⁴
1276 2357 1392 2389 Regulae
1412 2357 1489 2389 iuris,
1509 2358 1600 2389 regula
1621 2359 1662 2383 28.
1683 2358 1707 2383 111
1728 2359 1769 2384 Vl.
1796 2359 1868 2391 Quae
1887 2367 1899 2384 a
1921 2359 1978 2385 iure
2003 2361 2135 2385 communi

1174 2401 1320 2428 exorbitant
1338 2409 1505 2435 nequaquam
1536 2402 1570 2428 ad
1594 2403 1808 2436 consequentiam
1828 2407 1888 2429 sunt
1916 2404 2051 2429 trahenda.
2072 2404 2135 2429 lbid.

1174 2453 1231 2479 reg.
1258 2446 1311 2472 74:
1340 2447 1416 2479 Quod
1445 2447 1522 2472 alicui
1542 2447 1655 2479 gratiose
1675 2447 1826 2473 conceditur
1846 2448 1911 2473 trahi
1931 2455 1981 2473 non
2006 2448 2084 2474 debet
2102 2448 2135 2474 ab

1175 2489 1231 2517 aliis
1252 2491 1277 2517 111
1296 2492 1453 2523 exemplum.
1475 2506 1506 2510 —
1529 2492 1651 2525 Sequitur
1671 2492 1731 2523 Sap.
1753 2492 1781 2523 l,
1802 2493 1825 2518 8.
1846 2497 1870 2517 ct
1896 2493 1933 2518 13.

1245 2534 1256 2549 ⁶
1276 2536 1351 2562 Vers.
1371 2537 1413 2561 22.
1432 2550 1467 2555 —
1487 2537 1614 2568 Superius
1633 2540 1692 2568 post
1710 2538 1791 2563 nutus
1812 2537 1837 2562 in
1858 2537 1878 2562 D
1902 2544 1995 2562 manus
2021 2538 2134 2563 secunda

1175 2580 1276 2606 addidit
1294 2580 1392 2607 vii-lule
1411 2581 1500 2607 suncti
1518 2580 1646 2614 Spiritus.

1246 2623 1257 2639 ⁶
1276 2625 1347 2651 Libr.
1367 2627 1383 2651 l.
1403 2626 1429 2651 in
1449 2627 1509 2651 Luc.
1530 2626 1622 2656 3,·23.
1643 2626 1762 2656 hieron..
1789 2627 1806 2652 1.
1826 2626 1973 2652 Comment.
1999 2626 2023 2651 in
2050 2627 2135 2652 Manli.

1177 2671 1200 2701 l,
1222 2671 1264 2696 18.
1285 2671 1312 2696 111
1332 2671 1416 2703 prima
1435 2672 1535 2697 ratione
1555 2679 1603 2703 pro
1623 2673 1734 2698 taxetur
1753 2679 1813 2697 cum
1834 2672 1938 2697 Hieron.
1957 2675 1981 2697 et
1996 2671 2064 2697 Beda
2078 2671 2137 2697 sub-

1175 2716 1309 2741 stituimus
1328 2717 1456 2747 ce.r[1lm·,·
1476 2716 1501 2741 in
1521 2716 1637 2742 secunda
1657 2716 1757 2742 ratione
1777 2720 1829 2741 tam
1849 2716 1952 2742 Hieron.
1968 2723 2048 2749 quam
2069 2717 2136 2742 Beda

1177 2760 1255 2793 (quos
1274 2760 1393 2793 sequitur
1414 2761 1482 2793 Vat.)
1507 2768 1555 2792 pro
1579 2762 1610 2787 ut
1630 2760 1802 2794 propinquus
1831 2760 1990 2786 substituunt
2021 2763 2048 2787 nl
2073 2768 2137 2794 pro-

1172 2804 1314 2839 pinquam.

1247 2847 1256 2863 ⁷
1277 2850 1351 2875 Vers.
1372 2850 1395 2875 4.
1416 2857 1473 2883 seq.

1247 2892 1258 2907 ⁸
1277 2895 1308 2919 Ut
1326 2894 1440 2920 insinuat
1459 2895 1578 2925 aristot„
1597 2896 1623 2920 ll.
1645 2894 1718 2927 (alias
1738 2895 1816 2927 xvt.)
1838 2895 1871 2920 de
1891 2896 2010 2920 tienerat.
2033 2896 2137 2920 animal.

1175 2946 1199 2965 c.
1221 2940 1245 2964 3.
1265 2943 1290 2964 et
1308 2939 1351 2964 IV.
1369 2947 1393 2965 c.
1407 2940 1430 2964 6.
1444 2939 1496 2965 Ct'r.
1511 2943 1574 2965 tom.
1588 2940 1614 2965 ll.
1629 2947 1690 2971 pag.
1705 2939 1770 2969 485,
1784 2943 1844 2965 nota
1865 2941 1888 2964 ὅ.
1910 2954 1944 2959 -
1962 2940 2070 2966 lnserius
2089 2948 2136 2972 pro

1175 2983 1371 3018 significantiae
1390 2983 1409 3009 C
1428 2983 1543 3017 figurae.

1247 3026 1258 3041 ⁹
1278 3028 1352 3053 Vcrs.
1373 3028 1397 3052 3.
1416 3035 1504 3060 seqq.,
1524 3027 1569 3053 ubi
1583 3028 1706 3059 docetur,
1720 3028 1822 3057 virum,
1837 3028 1912 3053 cuius
1926 3033 2004 3059 caput
2017 3032 2054 3053 cst
2068 3028 2137 3053 Chri-

1175 3077 1244 3105 stus,
1257 3079 1315 3098 esse
1328 3075 1407 3104 caput
1426 3072 1559 3103 mulieris;
1579 3072 1716 3097 mulierem
1737 3072 1821 3097 velato
1840 3073 1925 3103 capite
1938 3072 2034 3097 debere
2048 3079 2135 3100 orare,

1176 3118 1260 3149 ipsam
1274 3124 1332 3142 esse
1345 3124 1375 3142 ex
1389 3116 1446 3141 viro
1460 3120 1485 3141 et
1498 3119 1605 3148 propter
1624 3116 1712 3141 virum
1731 3120 1780 3142 etc.
1799 3115 1849 3142 Csr.
1868 3117 1895 3141 ll.
1915 3118 1986 3142 Sent.
2006 3116 2040 3141 lit.
2061 3117 2136 3147 Magi-

1176 3162 1230 3193 stri,
1241 3161 1268 3187 d.
1284 3161 1380 3186 XXIV.
1399 3167 1421 3185 c.
1441 3160 1466 3185 7.
1486 3167 1575 3193 seqq.,
1589 3159 1633 3185 uhi
1653 3159 1735 3185 verba
1749 3160 1866 3192 Apostoli
1879 3160 2042 3192 applicantur
2055 3160 2086 3185 ad
2101 3160 2136 3184 111-

1175 3206 1339 3232 stinctionem
1354 3205 1461 3231 rationis
1473 3205 1617 3237 superioris
1630 3208 1656 3230 et
1669 3205 1805 3231 inferioris.
1820 3219 1853 3223 —-
1868 3206 1933 3237 Epli.
1947 3205 1975 3234 5,
1991 3206 2032 3230 23.
2047 3212 2135 3237 seqq..

1176 3250 1221 3276 ubi
1240 3249 1399 3280 insinuatur,
1420 3250 1556 3275 mulierem
1576 3256 1628 3274 non
1648 3249 1794 3279 Christum,
1823 3249 1869 3274 scd
1899 3248 2037 3274 Ecclesiam
2060 3248 2136 3279 signi-

1175 3295 1270 3321 ficare:
1294 3304 1305 3317 ι
1320 3294 1448 3327 Quoniam
1471 3294 1512 3319 vir
1530 3297 1608 3326 caput
1627 3298 1665 3319 est
1685 3294 1813 3320 mulieris.
1834 3294 1899 3319 sicut
1923 3293 2040 3319 Christus
2059 3297 2137 3325 caput

1175 3344 1214 3366 est
1233 3339 1361 3365 Ecclesiae
1375 3349 1388 3361 ι)
1410 3342 1458 3364 etc.

2155 629 2283 649 Secundum.

2151 1001 2253 1026 Quaestio
2262 1000 2300 1022 sol-

2189 1031 2252 1047 vitur.

2157 1479 2276 1500 Notandum

2155 1505 2182 1526 de
2197 1506 2271 1526 Maria.

2152 1745 2301 1770 Rationessex,

2153 1777 2218 1798 quare
2229 1773 2302 1793 mulie·

2154 1804 2187 1819 res
2209 1805 2249 1819 nou
2270 1804 2302 1820 re·

2154 1826 2256 1846 terantur.
