2427 3872
344 256 407 288 706

591 296 654 323 cna
676 295 731 329 (¹8)

344 343 539 375 inspirationem
560 340 620 367 ibid.
646 354 680 360 —
705 340 820 365 vivificat
844 339 979 365 credentes

343 388 395 413 vita
408 387 512 412 animae
525 385 559 411 ib.
574 386 606 411 48
620 399 654 404 —
668 385 716 417 Qui
737 387 824 409 manet
838 383 864 409 in
877 382 979 409 Christo

343 433 409 457 vivit
427 435 534 463 propter
553 437 630 460 eum,
648 429 709 462 quia
723 429 779 460 ipsa
799 431 838 453 est
855 428 907 452 vita
927 427 979 452 333

345 477 377 502 87
396 491 431 494 -
450 476 495 501 (101
518 478 544 500 01
568 476 707 499 conservat
731 473 812 498 vitam
832 471 931 504 gratiae
955 473 981 496 et

344 521 441 554 gloriae
460 519 510 545 385
531 519 563 544 12

397 564 572 589 -‘Vivimus
592 569 639 595 per
664 562 770 593 Filium,
789 560 850 593 quia
869 559 904 585 ab
923 559 980 591 ipso

344 608 472 635 habemus
490 608 570 632 vitam
596 610 621 632 et
640 606 700 639 quia
726 604 760 630 ab
778 605 836 636 ipso
861 606 981 629 manente

345 654 370 678 in
390 652 465 678 nobis
484 656 508 677 et
528 650 724 683 participatione
744 649 800 675 elus
816 648 936 673 meliores
948 648 982 673 ef-

344 698 447 723 ficimur
467 697 499 721 Vl
519 696 570 721 335
590 695 622 720 93
643 694 671 720 2*
689 707 724 713 -
743 694 787 719 dat
805 692 982 718 immortalita-

345 745 411 772 tem,
431 747 491 766 cum
512 740 569 771 ipse
587 739 620 765 sit
638 742 759 764 aeternus
779 737 824 763 371
850 737 878 761 81

397 799 433 804 -
452 787 490 810 est
518 784 640 809 dominus
668 783 736 808 vitae
761 785 787 807 et
814 781 916 811 mortis,
935 779 980 812 qui

345 832 430 862 potest
454 829 533 854 vitam
553 830 705 859 pereuntem
731 826 832 851 salvare
861 827 887 850 et
912 831 982 849 mor-

344 879 396 901 tem
420 880 545 905 superare
564 872 606 897 Vll
628 871 678 897 175
698 872 707 896 1
736 885 771 889 -
796 873 835 895 est
859 868 982 895 dominus

345 920 414 945 vitae
433 918 465 943 Vl
486 917 536 942 629
556 917 571 941 9
584 930 619 935 -
635 918 660 941 et
678 915 777 947 lignum
796 914 865 939 vitae
883 912 981 943 viride,

345 964 405 996 quia
424 962 531 992 vivum,
551 962 712 986 fructuosum
729 962 754 984 et
772 957 918 983 virtuosum
938 956 981 981 Vll

345 1007 395 1032 574
422 1006 455 1031 36
481 1019 515 1023 —
534 1004 621 1030 electis
646 1010 693 1035 per
717 1001 981 1034 praedestinationem

345 1051 389 1076 dat
408 1050 639 1075 vitam-aeternam
656 1054 703 1079 per
722 1045 935 1078 glorificationem
949 1044 981 1069 Vl

345 1095 395 1120 468
417 1094 432 1119 4

400 1152 432 1156 —
452 1137 560 1168 inspirat
579 1136 658 1161 vitam
681 1135 723 1160 Vll
745 1135 795 1159 182
816 1134 844 1159 61
868 1148 903 1151 -
923 1133 983 1158 facit

345 1182 485 1208 ascendere
505 1188 519 1206 a
533 1184 616 1206 morte
635 1180 669 1205 ad
688 1179 769 1204 vitam
789 1178 822 1203 vt
835 1178 887 1203 282
902 1178 934 1202 23
948 1190 983 1196 -

344 1226 461 1252 vivificat
479 1228 598 1250 mortuos
611 1223 743 1249 meritorie
762 1223 808 1248 561
829 1222 839 1247 1
857 1235 892 1241 --
906 1220 984 1247 habet

345 1270 487 1303 potentiam
507 1268 658 1294 vivificandi
675 1267 821 1293 secundum
842 1265 984 1298 benignita-

344 1318 396 1340 tem
411 1313 618 1343 misericordiae,
638 1311 767 1337 iudicandi
781 1311 927 1336 secundum
947 1317 983 1336 se-

345 1359 481 1385 veritatem
501 1357 611 1383 iustitiae
630 1356 676 1382 311
702 1355 735 1381 47

398 1415 433 1422 —-
452 1402 567 1427 viviticat
591 1401 686 1426 virtute
706 1400 812 1431 propria
837 1399 983 1425 secundum

346 1444 512 1473 Div'initatem
532 1445 580 1471 sibi
600 1452 614 1470 a
635 1445 710 1470 Patre
734 1444 821 1469 datam
842 1450 889 1475 per
908 1450 985 1475 gene-

347 1492 472 1517 rationem
493 1491 525 1515 Vl
545 1490 591 1515 311
616 1490 649 1515 50
669 1503 703 1507 —
724 1492 815 1520 potens
834 1490 913 1513 estse
928 1487 985 1519 ipso

347 1536 410 1561 dare
429 1535 510 1560 vitam
537 1535 587 1559 312
608 1533 640 1558 50
660 1547 695 1552 -
715 1535 801 1558 servat
826 1532 906 1557 vitam
929 1539 986 1563 gra·

347 1580 411 1609 tiae,
430 1578 520 1604 tribuit
546 1578 628 1603 vitam
658 1577 756 1609 gloriae
780 1577 831 1602 626
852 1584 878 1601 ν.
897 1577 931 1601 22
950 1590 985 1595 -

348 1625 433 1655 potest
456 1623 610 1648 resuscitare
635 1625 660 1647 et
683 1622 831 1651 vivificare,
851 1621 913 1653 quia
939 1621 986 1646 Dei

348 1668 439 1697 Filius,
459 1667 526 1698 vult,
540 1666 601 1699 quia
617 1666 651 1691 ad
666 1667 714 1691 hoc
727 1665 822 1691 missus
835 1668 873 1690 est
888 1665 933 1690 401
952 1665 985 1689 38

403 1725 436 1729 -
464 1711 607 1736 intellectus
634 1710 756 1735 reficitur»
777 1710 801 1734 in
830 1709 986 1740 contempla-

349 1756 417 1781 tione
438 1755 582 1780 Divinitatis
597 1754 704 1785 Christi,
724 1761 817 1779 sensus
831 1754 854 1779 in
874 1757 987 1779 contem-

349 1799 463 1832 platione
482 1798 649 1824 humanitatis
673 1799 702 1823 Vl
725 1798 775 1823 385
798 1798 823 1822 11
848 1812 883 1816 —
902 1798 987 1829 Super

348 1843 479 1869 Christum
505 1842 645 1868 ascendere
673 1843 795 1868 dicuntur
824 1842 869 1874 qui
893 1849 986 1867 arcana

349 1887 455 1912 Deitatis
478 1886 656 1915 considerant,
683 1886 855 1917 descendere,
875 1885 919 1918 qni
940 1886 987 1910 hu-

350 1938 426 1956 mana
445 1930 478 1956 de
497 1937 528 1955 eo
547 1930 712 1955 considerant
732 1929 781 1954 267
802 1929 834 1953 98

401 1988 436 1994 -
455 1975 481 1999 111
501 1974 602 2000 Christo
625 1977 663 1998 est
687 1973 845 1998 abundantia
870 1973 988 1998 refectio-

348 2020 388 2045 nis
406 2019 548 2045 electorum
571 2018 611 2042 Vll
637 2017 687 2042 447
708 2017 741 2042 69
763 2030 796 2034 -
815 2023 920 2047 semper
940 2017 989 2041 erit

349 2063 475 2095 gaudium
495 2063 634 2087 Beatorum
655 2061 687 2085 vt
716 2060 765 2086 463
787 2061 819 2085 33
839 2074 874 2078 ——-
893 2060 987 2085 dicitur

348 2108 493 2133 ministrare
512 2106 611 2136 BeatiS,
630 2106 690 2138 quia
714 2112 819 2137 semper
841 2103 914 2129 dabit
935 2111 988 2129 ma-

348 2146 439 2177 teriam
453 2151 542 2182 gaudii
556 2150 663 2176 actualis
676 2149 824 2175 refectionis
841 2148 988 2174 indeficien-

348 2196 381 2221 tis
399 2195 441 2220 Vll
462 2195 513 2220 325
533 2195 565 2219 56
586 2209 620 2213 -
640 2193 760 2226 regnabit
778 2200 839 2219 cum
860 2192 945 2218 Beatis
963 2195 988 2217 01

351 2240 376 2265 111
396 2239 480 2264 Beatis
499 2239 532 2264 Vt
556 2240 603 2264 128
623 2246 650 2264 v.
669 2240 684 2264 8

401 2297 437 2303 -
460 2286 498 2309 est
523 2286 704 2308 remunerator
729 2285 816 2308 noster
841 2281 987 2307 secundum

349 2328 472 2353 meritum
492 2327 525 2352 Vl
554 2327 587 2352 92
618 2335 643 2351 v.
663 2328 678 2352 2
707 2341 741 2346 -
770 2330 808 2352 est
836 2333 989 2352 remunera-

349 2375 389 2397 tor
426 2378 474 2403 per
508 2371 685 2397 retributionis
716 2371 842 2397 iudicium
875 2371 917 2396 Vll
954 2371 987 2395 98

351 2416 383 2442 42
402 2430 436 2434 —
458 2416 483 2440 in
505 2416 549 2441 die
572 2415 660 2441 iudicii
686 2415 811 2441 retribuet
833 2414 989 2441 docentibus

350 2459 400 2485 272
421 2459 454 2484 64

404 2517 438 2521 —-
456 2502 609 2534 adimplebit
628 2503 731 2534 omnia,
755 2503 862 2536 qnando
881 2503 989 2535 recipiet

349 2553 412 2573 suos
432 2547 455 2572 in
475 2548 577 2572 aeterna
604 2546 771 2572 tabernacula
796 2547 827 2572 Vl
847 2548 893 2572 621
919 2548 934 2573 5
953 2563 988 2566 -

350 2591 516 2623 praeparavit
534 2590 702 2616 refectionem
722 2594 855 2617 aeternam
872 2592 915 2617 Vll
936 2591 987 2617 370

351 2636 383 2661 36
404 2649 437 2654 -
463 2635 629 2667 praeparavit
652 2635 821 2660 refectionem
842 2639 989 2668 aeternam,

351 2686 481 2704 summam
501 2682 526 2704 01
546 2678 663 2704 ultimam
689 2677 750 2704 ibid.
770 2692 805 2697 —-
825 2679 885 2703 Eius
909 2686 989 2704 coena

350 2726 453 2748 aeterna
474 2726 512 2748 est
530 2721 726 2750 inaestimabilis
745 2725 770 2747 et
793 2722 991 2748 interminabilis

351 2767 411 2793 ibid.

406 2825 438 2829 —
457 2818 588 2843 apparens
606 2811 631 2837 in
652 2813 743 2836 natura
765 2813 880 2835 assumta
908 2810 991 2842 aperit

351 2856 451 2881 caelum
468 2856 508 2881 Vll
529 2856 561 2880 83
581 2855 614 2880 52
628 2869 663 2874 -
677 2862 728 2880 non
749 2857 823 2886 parat
842 2854 993 2880 mansiones

352 2906 399 2931 per
429 2900 711 2931 praedestinationem,
743 2899 789 2925 sed
820 2906 867 2930 per
900 2899 991 2924 merita

352 2946 439 2969 nostra
459 2944 491 2969 Vl
512 2943 561 2969 436
582 2945 612 2975 2,
632 2944 647 2969 3
667 2958 701 2962 —-
722 2946 861 2975 praeparat
880 2943 992 2975 discipu-

352 2987 383 3012 lis
401 2987 470 3012 viam
491 2987 523 3012 ad
539 2989 686 3014 mansiones
706 2987 740 3013 ib.
763 2987 777 3012 4

407 3045 440 3049 —
460 3031 484 3056 ln
503 3031 605 3057 Christo
627 3035 666 3058 est
685 3032 770 3057 omnis
794 3031 931 3057 delectatio
951 3031 992 3057 Vll

354 3075 400 3099 601
425 3075 459 3100 55
478 3089 512 3093 -
532 3076 597 3101 Nihil
616 3079 718 3108 praeter
742 3076 873 3102 Christum
893 3076 993 3102 deside-

352 3118 465 3144 randum
486 3119 518 3144 Vl
533 3119 583 3144 569
605 3119 619 3145 4
633 3133 668 3138 —
682 3120 707 3145 ln
727 3120 829 3146 Christo
843 3121 932 3146 fideles
945 3121 993 3146 lae-

353 3165 440 3187 tantur
461 3162 493 3187 42
513 3169 540 3188 v.
563 3163 595 3188 16
614 3177 649 3183 -
668 3167 707 3189 est
725 3170 852 3195 sponsus,
873 3165 903 3190 in·
917 3165 993 3190 cuius

354 3207 501 3237 praesentia
521 3210 559 3231 est
579 3207 750 3238 gaudendum
770 3208 813 3233 Vll
834 3209 884 3233 133
904 3209 933 3234 81
959 3222 991 3227 -

355 3250 380 3275 111
400 3249 517 3275 absentia
537 3251 631 3282 Sponsi
651 3254 689 3277 est
707 3251 847 3283 spiritualis
867 3252 992 3278 desolatio

354 3293 387 3318 Vl
407 3294 459 3318 607
480 3294 489 3319 1
508 3308 543 3313 -
556 3295 595 3320 Ad
615 3294 746 3321 Christum
762 3299 900 3322 recurrunt
918 3296 992 3322 deso-

354 3337 398 3361 lati
418 3337 458 3362 vlt
479 3337 529 3363 434
550 3337 583 3363 24
602 3352 637 3357 --
656 3343 694 3364 est
712 3339 893 3366 desiderabilis
911 3346 992 3372 super

354 3387 445 3406 omnes
464 3388 540 3413 reges
561 3385 644 3408 terrae
663 3382 715 3408 573
735 3384 764 3408 31

1204 248 1319 281 INDEX
1344 248 1471 280 RERUM

1071 351 1105 357 —
1124 337 1201 363 datus
1225 339 1264 362 est
1282 335 1358 362 nobis
1383 336 1408 361 in
1433 336 1524 361 foedus
1543 335 1655 361 dilectio·

1018 381 1072 412 nis,
1092 381 1116 406 in
1136 381 1257 406 solatium
1272 379 1451 416 desolationis,
1465 379 1489 404 in
1509 379 1605 405 ducem
1619 379 1655 404 di-

1018 424 1155 455 rectionis,
1175 425 1200 449 in
1219 427 1323 449 scutum
1343 423 1514 453 defensionis,
1528 423 1552 448 in
1566 422 1655 448 cibum

1018 468 1178 499 refectionis,
1198 468 1222 493 in
1243 467 1390 499 praemium
1419 466 1597 492 retributionis
1623 466 1656 491 vt

1019 511 1070 538 554
1090 519 1117 537 v.
1137 513 1169 537 46
1189 525 1225 531 --
1243 514 1283 537 est
1301 512 1358 537 fons
1371 511 1449 536 totius
1468 510 1565 536 amoris
1584 510 1657 542 spiri-

1018 557 1094 582 tualis
1114 557 1163 581 139
1193 563 1217 581 v.
1238 556 1253 580 6
1273 569 1308 574 —
1333 562 1382 581 nos
1406 555 1465 580 facit
1492 555 1587 580 divites
1609 561 1656 586 per

1018 607 1093 632 spem
1113 601 1155 625 vtt
1177 600 1227 625 319
1249 600 1276 625 31

1072 659 1107 662 -—
1126 644 1144 669 A
1165 643 1267 669 Christo
1285 643 1371 669 omnis
1396 644 1494 669 fructus
1512 642 1591 668 habet
1608 643 1656 668 ori-

1019 688 1108 720 ginem
1129 689 1159 713 Vl
1181 687 1232 713 447
1252 688 1268 713 5
1286 701 1322 707 —-
1340 688 1423 713 reficit
1436 691 1564 719 mentem,
1584 690 1658 712 curat

1019 739 1137 764 carnem,
1156 732 1257 764 repellit
1281 733 1382 758 hostem
1410 732 1461 757 559
1482 739 1508 757 v.
1535 731 1568 757 49
1588 733 1603 757 2
1622 745 1658 750 -

1018 776 1107 801 refecit
1126 776 1178 801 325
1201 775 1233 801 40
1254 790 1287 794 -
1307 776 1390 801 reficit
1414 783 1460 801 eos
1479 775 1524 809 qui
1551 775 1576 800 in
1595 782 1656 801 eum

1019 820 1129 845 credunt
1148 819 1199 844 327
1219 820 1261 845 56.
1274 820 1325 845 328
1347 820 1379 845 57
1399 833 1434 838 --
1453 820 1535 845 reficit
1553 820 1657 845 venien-

1020 867 1059 889 tes
1078 864 1112 889 ad
1132 871 1192 889 eum
1212 864 1292 889 corde
1311 865 1442 896 perfecto,
1467 871 1517 890 non
1538 864 1611 896 ficto,
1630 864 1657 890 id

1019 911 1058 933 est
1076 915 1136 933 cum
1156 908 1261 934 caritate
1286 912 1470 940 perseverante
1497 909 1547 934 329
1568 909 1601 934 62
1622 922 1657 928 -

1019 953 1094 978 offert
1112 949 1208 985 aquam
1227 953 1317 978 vivam
1337 953 1369 978 Vl
1393 954 1444 978 292
1468 954 1513 984 18,
1539 954 1581 978 21.
1606 952 1658 978 349

1020 996 1069 1027 52,
1092 996 1125 1021 53
1144 1010 1179 1015 —
1198 996 1291 1022 invitat
1317 1004 1410 1022 omnes
1437 997 1471 1023 ad
1494 996 1542 1022 sibi
1562 1004 1659 1029 appro-

1020 1040 1202 1072 pinquandum
1229 1043 1254 1066 et
1272 1041 1438 1072 accipiendas
1457 1048 1540 1074 aquas
1558 1041 1660 1073 sapien-

1020 1085 1071 1110 tiae
1090 1085 1131 1110 Vll
1153 1085 1203 1110 -113
1223 1086 1238 1110 2

1073 1142 1109 1148 -
1127 1128 1220 1155 Christi
1234 1137 1284 1155 vox
1297 1133 1336 1156 est
1348 1137 1399 1156 vox
1418 1130 1603 1156 consolationis
1616 1137 1661 1155 vor

1021 1180 1083 1199 cans
1101 1173 1135 1199 ad
1160 1174 1331 1200 reficiendum
1356 1175 1389 1200 Vt
1412 1174 1464 1200 384
1485 1175 1500 1200 5
1519 1187 1555 1193 —-
1574 1174 1661 1199 visitat

1021 1220 1046 1243 et
1065 1218 1213 1243 consolatur
1238 1217 1322 1244 bonos
1348 1218 1393 1244 441
1418 1219 1452 1244 27
1473 1232 1506 1236 -
1525 1221 1564 1244 est
1588 1218 1659 1250 apud

1022 1269 1069 1287 nos
1089 1262 1185 1287 faciens
1204 1262 1279 1288 nobis
1298 1261 1380 1293 bona,
1400 1263 1497 1295 patitur
1519 1269 1568 1288 nos
1586 1262 1661 1288 susti-

1022 1312 1085 1331 nens
1103 1310 1190 1331 nostra
1205 1306 1270 1331 mala
1284 1306 1328 1332 Vtt
1341 1306 1387 1332 241
1408 1307 1442 1332 77
1453 1321 1488 1325 -
1501 1307 1597 1332 deserit
1615 1306 1661 1332 ob-

1021 1350 1142 1380 duratos,
1161 1350 1248 1375 visitat
1266 1350 1377 1376 devotos
1396 1351 1446 1377 357
1465 1351 1500 1376 75

1075 1408 1111 1413 —
1130 1393 1163 1419 ab
1182 1394 1274 1420 amicis
1296 1398 1405 1420 voratus
1429 1402 1481 1421 non
1510 1395 1596 1421 statim
1616 1402 1658 1420 ve-

1023 1439 1076 1470 nit,
1093 1438 1141 1464 sed
1160 1441 1304 1470 exspectat,
1324 1442 1352 1464 ut
1370 1439 1507 1465 instantius
1526 1443 1551 1465 et
1570 1439 1661 1465 arden-

1023 1483 1073 1508 tIus
1092 1483 1240 1515 requiratur
1266 1483 1298 1508 Vl
1324 1483 1376 1509 395
1394 1484 1410 1508 7
1430 1498 1464 1501 —
1484 1484 1558 1509 adest
1582 1483 1661 1509 tribu-

1023 1527 1079 1553 latis
1103 1527 1153 1552 323
1180 1527 1222 1558 28,
1249 1527 1281 1552 32
1308 1541 1341 1546 —-
1367 1528 1441 1552 adest
1466 1527 1661 1554 transeuntibus

1023 1578 1096 1596 mare
1115 1578 1162 1602 per
1181 1571 1365 1602 poenitentiam
1386 1575 1411 1596 et
1429 1571 1463 1597 {d
1483 1575 1588 1603 portum
1605 1579 1662 1604 per-

1023 1615 1095 1641 ducit
1122 1616 1173 1641 323
1202 1616 1235 1640 32
1260 1629 1295 1634 -
1318 1617 1447 1641 confortat
1470 1616 1590 1641 timentes
1621 1616 1661 1641 wi

1026 1661 1074 1685 138
1097 1659 1129 1685 15
1148 1674 1183 1679 -
1203 1661 1250 1685 Per
1263 1659 1393 1686 Christum
1408 1660 1550 1685 servientes
1565 1661 1618 1686 Deo
1634 1661 1662 1685 li-

1023 1703 1148 1730 berantur
1166 1711 1179 1729 a
1200 1704 1293 1729 tImore
1312 1707 1337 1729 et
1357 1711 1369 1729 a
1391 1704 1466 1729 malis
1487 1703 1519 1729 40
1541 1705 1585 1729 131

1077 1762 1110 1766 -
1130 1756 1158 1774 se
1178 1748 1326 1774 manifestat
1345 1752 1507 1778 curatorem,
1526 1756 1663 1773 conscrva-

1024 1796 1121 1825 torem,
1141 1793 1296 1818 directorem
1316 1795 1342 1818 et
1354 1792 1544 1818 vivificatorem
1566 1793 1597 1818 Vl
1611 1793 1662 1818 303

1027 1838 1035 1862 1
1059 1851 1094 1856 -
1113 1841 1152 1862 est
1172 1837 1291 1863 medicus
1310 1837 1472 1862 descendens
1492 1837 1523 1862 ad
1547 1837 1664 1862 101101011-

1024 1881 1088 1906 dum
1108 1888 1220 1913 egenos,
1240 1881 1272 1907 ad
1294 1881 1439 1907 curandum
1456 1881 1573 1906 infirmos
1592 1881 1663 1906 etad

1025 1925 1189 1961 liberandum
1210 1925 1245 1950 ab
1264 1926 1420 1951 adversitate
1434 1926 1485 1951 559
1505 1933 1532 1951 V.
1549 1925 1580 1950 49
1601 1926 1616 1950 2
1630 1939 1664 1944 -

1025 1976 1088 1994 vere
1109 1973 1148 1995 cst
1167 1970 1284 1995 medicus
1305 1971 1346 1995 Vll
1368 1971 1412 1995 101
1433 1970 1465 1995 49
1481 1984 1513 1988 ——
1527 1973 1565 1995 est
1585 1970 1665 1995 medi·

1025 2020 1071 2038 cus
1090 2021 1184 2039 sanans
1200 2017 1350 2046 peccatores
1371 2015 1415 2039 131
1440 2014 1474 2039 77

1085 2071 1113 2075 -
1127 2058 1164 2082 De
1178 2058 1336 2089 plenitudiue
1356 2059 1506 2084 clementIae
1519 2058 1613 2084 Christi
1627 2065 1665 2083 ac-

1025 2102 1144 2132 cepimus
1172 2102 1281 2133 gratiam
1309 2102 1473 2134 adoptionis,
1499 2103 1532 2128 de
1558 2102 1665 2134 plenitu-

1025 2145 1085 2170 dine
1116 2146 1246 2177 potentiae
1278 2146 1399 2171 virtutem
1432 2147 1600 2178 protectionis
1632 2147 1663 2172 vt

1025 2190 1076 2215 539
1096 2190 1112 2214 6
1132 2203 1167 2208 —
1187 2190 1222 2214 De
1242 2190 1401 2221 plenitudine
1420 2190 1514 2216 Christi
1534 2191 1665 2222 accipiunt

1025 2234 1191 2264 innocentes,
1210 2233 1375 2265 obedientes,
1396 2238 1544 2266 pugnantes
1563 2238 1589 2260 et
1607 2242 1665 2260 cou-

1025 2279 1180 2310 templantes
1199 2277 1231 2304 ib.
1253 2279 1268 2302 8
1287 2292 1322 2297 —
1343 2279 1379 2303 De
1399 2279 1559 2310 plenitudine
1572 2278 1664 2304 Christi

1025 2322 1156 2355 accipiunt
1174 2322 1220 2355 qui
1239 2325 1300 2347 sunt
1320 2323 1372 2347 Deo
1392 2322 1444 2347 noti
1464 2323 1497 2347 ad
1518 2322 1604 2353 ipsum
1620 2323 1665 2347 fre-

1025 2370 1135 2400 quenter
1154 2366 1327 2398 revertendo,
1347 2366 1420 2398 gnari
1440 2366 1665 2398 concupiscentias

1026 2411 1198 2442 declinando,
1217 2411 1291 2443 digni
1322 2411 1431 2436 fidenter
1460 2410 1616 2442 postulando
1641 2413 1666 2435 et

1026 2456 1091 2488 grati
1111 2456 1197 2482 eidem
1217 2455 1251 2481 de
1271 2455 1384 2487 acceptis
1398 2455 1507 2481 fideliter
1526 2454 1665 2480 serviendo

1026 2501 1077 2527 540
1100 2501 1131 2526 10

1079 2559 1114 2563 -
1139 2545 1236 2570 missus
1262 2545 1308 2570 fuit
1334 2543 1526 2576 poenitentibus
1551 2544 1667 2569 relevan-

1026 2589 1067 2615 dis
1086 2597 1100 2614 a
1120 2590 1209 2621 culpa,
1231 2588 1388 2621 patientibus
1408 2588 1555 2614 relevandis
1573 2595 1586 2613 a
1608 2595 1667 2619 poe-

1027 2641 1075 2664 na,
1104 2633 1301 2665 proficientibus
1330 2633 1517 2665 promovendis
1545 2632 1571 2658 in
1600 2632 1668 2657 iusti-

1028 2678 1060 2703 tia
1073 2698 1079 2709 ,
1108 2677 1346 2709 contemplantibus
1374 2677 1547 2702 sublimandis
1568 2677 1591 2702 iu
1611 2683 1668 2708 gra-

1028 2722 1078 2746 tiae
1106 2721 1263 2753 experientia
1294 2722 1325 2746 Vl
1346 2721 1397 2746 574
1423 2723 1438 2746 2
1458 2735 1494 2740 —-
1512 2722 1609 2747 relevat
1634 2720 1668 2746 ab

1029 2765 1172 2796 ignorantia
1200 2768 1225 2790 et
1248 2772 1262 2789 a
1283 2765 1386 2790 miseria
1412 2772 1512 2796 poenae
1531 2768 1557 2790 et
1576 2765 1668 2796 culpae

1029 2809 1079 2834 593
1100 2816 1125 2833 v.
1147 2809 1179 2833 43
1199 2822 1234 2827 ——
1253 2809 1330 2833 (10001
1349 2816 1396 2840 per
1415 2809 1585 2840 sapientiam,
1604 2809 1669 2834 rele-

1029 2855 1073 2877 vat
1087 2852 1219 2877 miseriam
1234 2860 1281 2884 per
1294 2853 1471 2883 clementiam,
1485 2854 1600 2878 confutat
1613 2860 1669 2885 per-

1030 2896 1118 2922 fidiam
1140 2903 1186 2928 per
1206 2896 1329 2921 iustitiam
1350 2897 1392 2921 Vll
1416 2897 1463 2921 137
1485 2897 1517 2921 10

1083 2954 1117 2959 -
1137 2939 1235 2965 habitat
1249 2941 1313 2966 intra
1328 2948 1375 2965 nos
1389 2941 1422 2966 ad
1441 2941 1630 2966 consolandum
1644 2944 1669 2966 et

1030 2985 1245 3011 sanctificandum
1265 2985 1388 3015 miseros,
1414 2985 1478 3010 inter
1498 2992 1544 3010 nos
1569 2985 1603 3011 ad
1629 2992 1670 3010 re-

1030 3029 1147 3061 gendum
1168 3029 1286 3060 ignaros,
1306 3029 1374 3054 circa
1400 3036 1448 3054 nos
1472 3029 1506 3054 ad
1533 3032 1669 3061 protegen-

1029 3074 1094 3099 dum
1115 3073 1237 3099 obsessos
1257 3073 1289 3098 Vl
1310 3073 1361 3098 338
1386 3073 1402 3097 7
1423 3087 1456 3091 ——
1476 3073 1619 3098 sanctisscat
1644 3073 1668 3098 in

1030 3117 1139 3143 veritate
1159 3117 1209 3143 473
1229 3117 1258 3142 31
1282 3130 1317 3135 --
1337 3117 1457 3142 iustiflcat
1470 3123 1483 3141 a
1504 3118 1605 3142 macula
1620 3117 1670 3142 cul-

1030 3169 1092 3195 pae,
1105 3161 1211 3188 redimit
1223 3168 1237 3186 a
1248 3164 1320 3187 reatu
1332 3168 1446 3192 poenae,
1459 3161 1608 3186 reconciliat
1621 3168 1669 3193 pro

1029 3208 1125 3233 offensa
1140 3206 1191 3232 574
1207 3206 1223 3231 3
1237 3219 1271 3224 —
1285 3206 1383 3231 relevat
1401 3212 1415 3230 a
1430 3212 1513 3236 poena
1534 3204 1669 3236 eripiendo

1029 3257 1044 3276 a
1063 3250 1227 3282 captivitate,
1246 3249 1364 3275 sanando
1378 3248 1412 3274 ab
1430 3249 1577 3274 infirmitate
1590 3252 1615 3274 et
1627 3256 1669 3275 eu-

1029 3295 1167 3321 stodiendo
1186 3294 1219 3320 ib.
1241 3293 1255 3319 4

1083 3352 1118 3358 —
1142 3337 1266 3365 sublimat
1294 3338 1500 3369 contemplantes
1528 3337 1669 3363 revelando

1938 291 2003 317 CHR
2024 291 2081 325 (18)

1694 334 1865 367 spiritualium
1894 336 2052 367 gaudiorum
2064 355 2070 366 ,
2099 336 2266 362 certificando
2296 337 2331 362 de

1693 379 1833 410 adeptione
1846 379 2024 411 praemiorum
2045 380 2077 405 Vl
2092 380 2143 405 574
2159 381 2174 405 6
2187 394 2223 399 —
2236 381 2330 407 assistit

1694 422 1853 448 certanthus
1870 423 1946 455 quasi
1964 426 2072 455 paratus
2096 423 2130 449 ad
2149 423 2329 450 adiuvandum

1694 466 1745 492 630
1767 467 1794 491 11
1818 481 1853 485 —-
1872 470 1960 492 servat
1978 470 2004 492 et
2029 467 2142 499 protegit
2161 475 2332 499 perseveran-

1695 513 1747 541 tes,
1766 513 1795 536 ut
1813 511 1920 536 vincant
1937 510 2001 537 ibid.

1745 568 1782 573 —
1798 554 1822 580 in
1837 555 2020 586 incipientibus
2034 556 2130 587 plantat
2149 556 2267 587 germina
2283 557 2334 582 vir-

1694 601 1778 624 tutum
1799 601 1826 624 ut
1851 599 2019 630 hortulanus,
2039 599 2205 631 proficientes
2227 600 2333 626 deducit

1694 650 1742 675 per
1761 643 1831 668 viam
1852 643 2036 669 mandatorum
2050 647 2078 669 ut
2097 644 2264 676 peregrinus,
2277 651 2334 676 per-

1695 688 1774 712 fectos
1788 687 1908 712 accendit
1926 687 1958 712 ad
1974 687 2144 713 imitationem
2163 687 2293 719 passionis
2306 691 2334 713 ut

1694 731 1832 757 crucifixus
1852 731 1885 757 Vt
1905 732 1956 757 622
1976 739 2001 757 v.
2022 732 2055 757 15

1747 789 1783 795 -
1800 774 1954 801 Prnesentia.
1973 775 2066 802 Christi
2093 776 2140 801 fuit
2154 775 2335 802 desiderabilis

1695 819 1730 845 ob
1749 820 1805 846 eius
1829 819 2016 852 benignitatem
2037 820 2080 846 Vtt
2104 821 2154 846 209
2180 820 2228 851 72,
2246 820 2281 846 73
2300 835 2335 839 -

1695 864 1841 890 Praesentia
1860 864 1953 890 Christi
1967 864 2150 891 desiderabilis
2167 865 2287 891 laetificat
2299 865 2336 889 vi-

1696 908 1787 934 dentes
1806 908 1858 934 265
1885 908 1931 939 41,
1958 908 1991 934 42
2016 924 2051 927 -
2074 909 2220 935 Praesentia
2241 909 2336 935 Christi

1696 953 1869 979 desideranda
1894 953 1944 978 539
1965 954 1998 979 58
2017 968 2053 972 —-
2072 954 2218 979 Praesentia
2242 953 2337 980 Christi

1696 997 1847 1030 quaerenda
1872 997 1918 1022 124
1941 997 1974 1023 45
1987 1012 2022 1016 —-
2036 998 2128 1024 Christi
2148 999 2293 1030 praesentia
2307 998 2338 1024 ti-

1697 1041 1793 1067 menda
1812 1048 1842 1066 ex
1868 1042 2012 1067 reverentia
2039 1042 2089 1068 207
2115 1042 2148 1068 64
2172 1057 2208 1062 -
2226 1042 2338 1069 Consor-

1697 1085 1761 1111 tium
1785 1085 1891 1111 divinae
1916 1086 2078 1117 praesentiae
2097 1086 2190 1113 Christi
2209 1094 2338 1120 quaeren-

1697 1129 1762 1155 dum
1782 1130 1833 1155 272
1853 1130 1886 1154 66
1908 1144 1941 1147 -
1960 1130 2072 1155 Tristitia
2093 1130 2118 1156 in
2137 1130 2254 1157 absentia
2267 1131 2338 1158 Chri-

1697 1173 1729 1199 sti
1750 1174 1799 1199 133
1819 1174 1852 1198 82

1752 1232 1786 1236 -
1804 1218 1950 1243 Praesentia
1976 1217 2069 1244 Christi
2095 1219 2200 1244 attrahit
2221 1219 2338 1245 studiose

1698 1264 1855 1295 quaerentes
1874 1262 1917 1287 Vll
1938 1262 1988 1287 472
2009 1263 2024 1287 2
2045 1263 2276 1296 —Unusquisque
2296 1270 2340 1289 vo-

1698 1306 1767 1332 lebat
1788 1305 1890 1332 Christo
1911 1306 2127 1339 appropinquare
2149 1307 2205 1332 sive
2231 1311 2338 1339 propter

1698 1351 1808 1376 salutem
1829 1350 1976 1376 habendam
1991 1350 2047 1376 sive
2066 1353 2173 1382 propter
2192 1351 2338 1377 doctrinam

1698 1395 1892 1427 suscipiendam
1920 1395 1977 1420 sive
2006 1398 2114 1426 propter
2137 1394 2221 1426 ipsius
2245 1394 2340 1421 Christi

1700 1440 1843 1466 videndam
1863 1439 2051 1471 benignitatem
2066 1439 2117 1464 310
2132 1440 2147 1465 2
2167 1453 2202 1457 —
2221 1439 2342 1471 Quinque

1699 1491 1808 1515 causae,
1821 1491 1903 1517 quare
1916 1483 1995 1516 aliqui
2007 1483 2185 1516 sequebantur
2198 1483 2340 1509 Dominum

1700 1529 1732 1554 Vl
1752 1529 1803 1554 326
1825 1528 1858 1554 50

1754 1587 1786 1591 —
1807 1576 1875 1598 totus
1894 1573 1971 1598 estin
1992 1573 2063 1598 caelo
2077 1575 2102 1598 et
2121 1575 2190 1598 totus
2209 1572 2235 1598 in
2250 1573 2341 1598 Sacra-

1700 1620 1787 1643 mento
1807 1617 1840 1643 Vt
1866 1618 1917 1643 336
1938 1618 1970 1643 98
1991 1631 2026 1636 —
2045 1617 2092 1642 fuit
2118 1616 2256 1643 nobiscum
2286 1623 2341 1642 cor-

1700 1661 1822 1693 poraliter
1841 1662 1867 1687 in
1887 1669 1977 1693 carne,
1997 1661 2216 1687 sacramentaliter
2228 1661 2254 1686 in
2268 1660 2340 1686 altari

1700 1708 1725 1730 01
1743 1706 1910 1737 spiritualiter
1930 1706 1954 1731 in
1975 1709 2074 1736 mente,
2093 1705 2169 1738 quasi
2188 1712 2296 1730 manens
2315 1704 2341 1730 in

1700 1749 1792 1775 eadem
1818 1750 1914 1781 domo,
1942 1750 2036 1775 sedens
2066 1750 2089 1774 in
2113 1749 2206 1779 eadem
2236 1755 2341 1779 mensa,

1701 1794 1834 1819 dormiens
1853 1794 1878 1819 in
1897 1794 1991 1820 eodem
2009 1795 2122 1819 thalamo
2143 1793 2189 1818 601
2215 1793 2341 1818 1-1110-

1701 1841 1745 1863 net
1762 1838 1787 1863 in
1806 1838 1887 1864 domo
1906 1838 2030 1863 basilicae
2047 1837 2186 1863 materialis
2203 1837 2229 1862 in
2250 1838 2341 1862 Sacra-

1703 1885 1790 1907 mento
1809 1883 1896 1908 altaris
1917 1883 1958 1908 Vll
1980 1882 2029 1908 476
2055 1883 2079 1907 11
2103 1896 2139 1899 ——
2159 1885 2246 1907 manet
2260 1881 2285 1906 in
2299 1881 2341 1906 Ec-

1701 1927 1776 1951 clesia
1798 1927 1923 1953 militante
1938 1927 1962 1952 in
1983 1926 2110 1952 membris
2128 1927 2183 1952 suis
2195 1925 2257 1952 ibid.
2268 1940 2302 1944 —
2316 1926 2340 1951 in

1703 1971 1869 1997 Sacramento
1899 1971 1997 1997 habitat
2025 1971 2163 1997 nobiscum
2192 1978 2276 2004 usque
2308 1970 2341 1995 ad

1703 2016 1780 2041 tinem
1800 2016 1896 2041 sacculi
1915 2016 1947 2042 Vl
1969 2016 2020 2042 537
2041 2017 2056 2041 6

1755 2073 1790 2079 -
1801 2063 1887 2085 manet
1897 2060 1922 2085 in
1933 2059 2008 2086 bonis
2019 2060 2052 2086 Vl
2064 2060 2114 2085 476
2126 2074 2158 2078 —-
2166 2059 2258 2086 Christi
2270 2059 2342 2084 locus

1704 2104 1827 2136 proprius
1839 2104 1914 2129 estin
1928 2105 2007 2130 corde
2021 2105 2137 2130 fidelium
2157 2104 2199 2129 Vtt
2215 2103 2248 2129 47
2264 2103 2295 2128 14
2308 2116 2343 2122 -

1703 2148 1802 2181 Aliquis
1827 2151 1866 2173 est
1892 2148 2017 2180 indignus
2044 2149 2189 2181 praesentia
2213 2147 2344 2179 corporali

1702 2192 1795 2218 Christi
1821 2192 1856 2218 ol)
1875 2192 2069 2219 immunditiam
2090 2196 2115 2218 et
2133 2195 2269 2225 peccatum
2291 2191 2341 2216 168

1704 2237 1736 2261 10
1749 2250 1784 2256 —-
1797 2236 1896 2262 recedit
1911 2244 1924 2262 a
1945 2230 2032 2263 minus
2053 2237 2153 2263 idoneis
2171 2236 2204 2262 ad
2223 2236 2342 2262 divinam

1702 2280 1921 2306 cohabitationem
1936 2281 1986 2307 207
2001 2281 2034 2307 64
2047 2282 2214 2313 —repulsus
2227 2279 2344 2306 abscedit

1703 2323 1763 2349 ibid.
1783 2338 1818 2343 -—
1837 2332 1889 2350 non
1908 2325 2029 2358 relinquit
2042 2333 2104 2356 nos,
2124 2326 2173 2351 uisi
2188 2324 2260 2357 prius
2280 2331 2341 2348 011111

1702 2369 1874 2399 repellamus,
1893 2369 1956 2402 quin
1976 2370 2062 2401 potius
2080 2377 2108 2395 se
2121 2370 2216 2401 ingerit
2234 2367 2295 2395 ibid.
2309 2381 2344 2387 -

1703 2411 1800 2437 deserit
1823 2413 1954 2438 hominem
1981 2417 2088 2446 propter
2113 2417 2251 2446 peccatum
2277 2412 2344 2438 dele-

1703 2456 1830 2487 ctationis,
1843 2457 2001 2487 operationis
2014 2460 2039 2483 et
2053 2457 2276 2490 impugnatiffliem
2290 2463 2344 2482 cor-

1705 2500 1826 2525 rectionis
1845 2501 1878 2525 Vt
1899 2500 1950 2526 578
1972 2501 1986 2526 4

1757 2559 1792 2562 —-
1811 2544 1961 2570 invitandus
1987 2545 2019 2570 ad
2049 2546 2202 2571 convivium
2229 2545 2271 2570 Vll
2293 2544 2343 2569 183

1705 2590 1737 2614 63
1757 2588 1929 2613 -invitatus
1948 2589 2019 2614 venit
2032 2590 2063 2615 ad
2084 2590 2236 2615 convivium
2254 2595 2344 2614 amore

1706 2633 1841 2659 hominum
1862 2631 1922 2657 iln'd.
1936 2646 1970 2651 —
1984 2632 2008 2657 in
2025 2633 2138 2665 hospitio
2152 2640 2276 2665 praesens
2290 2636 2343 2657 erat

1706 2677 1888 2709 corporaliter,
1901 2676 1968 2701 sicut
1987 2677 2079 2702 activis
2098 2681 2123 2702 et
2137 2676 2346 2709 contemplativis

1706 2728 1830 2753 praesens
1849 2723 1887 2745 est
1906 2720 2074 2751 spiritualiter
2092 2721 2222 2746 consortio
2240 2720 2346 2746 divinae

1707 2765 1868 2798 praesentiae
1888 2765 1939 2790 272
1960 2765 1993 2789 66

1760 2824 1793 2828 -—
1812 2809 1974 2834 convertitur
1999 2809 2032 2833 ad
2052 2815 2097 2833 eos
2116 2812 2140 2834 et
2159 2808 2280 2840 suscipit,
2299 2808 2344 2841 qui

1707 2857 1896 2880 convertuntur
1915 2853 1947 2878 ad
1965 2853 2052 2885 ipsum
2073 2853 2104 2878 Vl
2126 2853 2177 2878 262
2196 2852 2230 2877 75
2249 2866 2284 2871 -
2303 2853 2346 2878 ad-

1707 2899 1783 2924 mittit
1795 2905 1840 2924 eos
1853 2898 1898 2931 qui
1912 2905 1973 2923 eum
1993 2900 2061 2923 recta
2077 2897 2218 2922 intentione
2231 2903 2347 2929 sequun-

1707 2946 1762 2973 tur,
1781 2942 1845 2968 alios
1864 2941 1965 2974 repellit
1978 2942 2029 2967 262
2048 2941 2098 2972 76,
2116 2940 2149 2966 77
2168 2954 2204 2959 -
2223 2940 2299 2966 trahit
2312 2940 2345 2965 ad

1707 2993 1735 3011 se
1747 2987 1781 3012 de
1800 2987 1870 3011 omni
1885 2989 1963 3018 gente
1982 2989 2007 3011 et
2020 2992 2102 3017 regno
2116 2985 2172 3010 sine
2191 2984 2346 3010 discretione

1707 3031 1842 3056 nationum
1864 3030 1909 3056 421
1934 3030 1967 3056 54
1987 3044 2023 3049 -
2041 3037 2134 3055 omnes
2157 3029 2280 3061 suscipit,
2299 3029 2347 3061 qui

1707 3075 1741 3099 ad
1759 3082 1820 3099 eum
1841 3074 1962 3106 veniunt,
1975 3077 2001 3100 et
2019 3075 2118 3100 nullum
2140 3073 2229 3099 abiicit
2247 3074 2298 3098 328
2312 3073 2345 3098 58

1706 3132 1741 3136 —
1765 3118 1903 3144 liberaliter
1927 3119 2002 3144 offert
2026 3126 2055 3144 se
2075 3118 2236 3150 beneplacito
2261 3120 2347 3150 peten-

1707 3162 1739 3188 tis
1759 3162 1800 3188 Vtt
1822 3162 1867 3187 471
1896 3162 1929 3187 64
1950 3176 1984 3181 —-
2003 3161 2141 3187 liberaliter
2163 3161 2289 3188 exhibens
2318 3168 2347 3187 se

1707 3213 1759 3231 non
1779 3206 1946 3237 cognoscitur
1969 3206 2155 3237 ingratitudine
2180 3207 2292 3232 humana
2313 3205 2346 3231 Vl

1707 3251 1758 3275 602
1779 3251 1794 3276 3

1760 3308 1794 3312 -
1814 3293 1851 3319 sie
1874 3300 1903 3319 se
1921 3294 2097 3319 manifestavit
2111 3293 2197 3326 bonis,
2216 3297 2244 3319 ut
2261 3301 2290 3320 se
2309 3300 2347 3319 ce·

1707 3338 1771 3363 leret
1790 3337 1864 3363 malis
1883 3337 1916 3363 Vl
1937 3337 1983 3363 341
2009 3338 2041 3362 16
2061 3351 2096 3357 -
2115 3338 2181 3364 iuste
2204 3340 2229 3363 et
2248 3338 2348 3369 supien-

1029 3386 1128 3409 secreta
1156 3382 1341 3414 mysteriorum
1353 3402 1359 3414 ‚
1388 3381 1518 3407 visitando
1550 3381 1669 3407 fruitione
1709 3384 1746 3407 ter
1765 3381 1847 3407 votuit
1865 3381 1944 3407 tatere
1958 3381 2040 3410 malos
2053 3381 2103 3407 353
2117 3381 2152 3407 75
2164 3396 2199 3400 -—
2212 3380 2350 3407 abscondit
