<?xml version="1.0" encoding="UTF-8"?>
<!DOCTYPE html PUBLIC "-//W3C//DTD XHTML 1.0 Transitional//EN"
    "http://www.w3.org/TR/xhtml1/DTD/xhtml1-transitional.dtd">
<html xmlns="http://www.w3.org/1999/xhtml" xml:lang="en" lang="en">
 <head>
  <title>
</title>
<meta http-equiv="Content-Type" content="text/html;charset=utf-8" />
  <meta name='ocr-system' content='tesseract 3.04.00' />
  <meta name='ocr-capabilities' content='ocr_page ocr_carea ocr_par ocr_line ocrx_word'/>
</head>
<body>
  <div class='ocr_page' id='page_1' title='image "./doctorisseraphic07bona_0370.png"; bbox 0 0 2476 3921; ppageno 0'>
   <div class='ocr_carea' id='block_1_1' title="bbox 306 262 371 296">
    <p class='ocr_par' dir='ltr' id='par_1_1' title="bbox 306 262 371 296">
     <span class='ocr_line' id='line_1_1' title="bbox 306 262 371 296; baseline -0.031 0"><span class='ocrx_word' id='word_1_1' title='bbox 306 262 371 296; x_wconf 71' lang='lat'>344</span> 
     </span>
    </p>
   </div>
   <div class='ocr_carea' id='block_1_2' title="bbox 300 338 1267 1393">
    <p class='ocr_par' dir='ltr' id='par_1_2' title="bbox 300 338 1267 1393">
     <span class='ocr_line' id='line_1_2' title="bbox 307 338 1265 390; baseline -0.014 -7"><span class='ocrx_word' id='word_1_2' title='bbox 307 350 412 383; x_wconf 89' lang='lat' dir='ltr'>omnia</span> <span class='ocrx_word' id='word_1_3' title='bbox 434 356 530 390; x_wconf 88' lang='lat' dir='ltr'>opera</span> <span class='ocrx_word' id='word_1_4' title='bbox 553 350 616 378; x_wconf 88' lang='lat' dir='ltr'>tua.</span> <span class='ocrx_word' id='word_1_5' title='bbox 642 344 779 386; x_wconf 90' lang='lat' dir='ltr'>Septimo</span> <span class='ocrx_word' id='word_1_6' title='bbox 807 345 913 375; x_wconf 89' lang='lat' dir='ltr'>autem</span> <span class='ocrx_word' id='word_1_7' title='bbox 935 341 985 374; x_wconf 91' lang='lat' dir='ltr'>die</span> <span class='ocrx_word' id='word_1_8' title='bbox 1009 340 1180 373; x_wconf 84' lang='lat' dir='ltr'>Sabbatum</span> <span class='ocrx_word' id='word_1_9' title='bbox 1204 338 1265 371; x_wconf 91' lang='lat' dir='ltr'>Do-</span> 
     </span>
     <span class='ocr_line' id='line_1_3' title="bbox 305 392 1264 439; baseline -0.013 -4"><span class='ocrx_word' id='word_1_10' title='bbox 305 402 381 435; x_wconf 87' lang='lat' dir='ltr'>mini</span> <span class='ocrx_word' id='word_1_11' title='bbox 397 404 445 433; x_wconf 88' lang='lat' dir='ltr'>est</span> <span class='ocrx_word' id='word_1_12' title='bbox 460 414 490 431; x_wconf 67' lang='lat' dir='ltr'>n.</span> <span class='ocrx_word' id='word_1_13' title='bbox 505 417 546 423; x_wconf 94' lang='lat'><strong>—</strong></span> <span class='ocrx_word' id='word_1_14' title='bbox 564 399 604 431; x_wconf 85' lang='lat' dir='ltr'>In</span> <span class='ocrx_word' id='word_1_15' title='bbox 628 397 679 430; x_wconf 85' lang='lat' dir='ltr'>his</span> <span class='ocrx_word' id='word_1_16' title='bbox 695 406 772 439; x_wconf 70' lang='lat' dir='ltr'>erqo</span> <span class='ocrx_word' id='word_1_17' title='bbox 796 395 899 428; x_wconf 83' lang='lat' dir='ltr'>venite</span> <span class='ocrx_word' id='word_1_18' title='bbox 914 398 942 426; x_wconf 89' lang='lat' dir='ltr'>et</span> <span class='ocrx_word' id='word_1_19' title='bbox 966 392 1139 426; x_wconf 79' lang='lat' dir='ltr'>curamini</span> <span class='ocrx_word' id='word_1_20' title='bbox 1144 404 1155 430; x_wconf 90' lang='lat'><em>;</em></span> <span class='ocrx_word' id='word_1_21' title='bbox 1177 400 1264 430; x_wconf 88' lang='lat' dir='ltr'>ecce,</span> 
     </span>
     <span class='ocr_line' id='line_1_4' title="bbox 306 444 1265 494; baseline -0.013 -7"><span class='ocrx_word' id='word_1_22' title='bbox 306 453 476 487; x_wconf 77' lang='lat' dir='ltr'><em>simulatio</em></span> <span class='ocrx_word' id='word_1_23' title='bbox 496 451 645 494; x_wconf 81' lang='lat' dir='ltr'>pietatis,</span> <span class='ocrx_word' id='word_1_24' title='bbox 669 449 753 483; x_wconf 88' lang='lat' dir='ltr'>unde</span> <span class='ocrx_word' id='word_1_25' title='bbox 777 448 834 481; x_wconf 87' lang='lat' dir='ltr'>sibi</span> <span class='ocrx_word' id='word_1_26' title='bbox 867 446 1016 488; x_wconf 89' lang='lat' dir='ltr'>competit</span> <span class='ocrx_word' id='word_1_27' title='bbox 1039 445 1124 488; x_wconf 87' lang='lat' dir='ltr'>quod</span> <span class='ocrx_word' id='word_1_28' title='bbox 1147 444 1265 477; x_wconf 91' lang='lat' dir='ltr'>dicitur</span> 
     </span>
     <span class='ocr_line' id='line_1_5' title="bbox 307 497 1264 541; baseline -0.013 -1"><span class='ocrx_word' id='word_1_29' title='bbox 307 506 460 541; x_wconf 87' lang='lat' dir='ltr'>secundae</span> <span class='ocrx_word' id='word_1_30' title='bbox 490 505 529 537; x_wconf 87' lang='lat' dir='ltr'>ad</span> <span class='ocrx_word' id='word_1_31' title='bbox 561 503 759 536; x_wconf 79' lang='lat' dir='ltr'>Timotheum</span> <span class='ocrx_word' id='word_1_32' title='bbox 792 501 909 534; x_wconf 83' lang='lat' dir='ltr'>terti01</span> <span class='ocrx_word' id='word_1_33' title='bbox 940 499 979 532; x_wconf 93' lang='lat' dir='ltr'>de</span> <span class='ocrx_word' id='word_1_34' title='bbox 1008 497 1264 531; x_wconf 81' lang='lat' dir='ltr'>simulatoribus:</span> 
     </span>
     <span class='ocr_line' id='line_1_6' title="bbox 310 551 1263 602; baseline -0.013 -9"><span class='ocrx_word' id='word_1_35' title='bbox 310 574 326 589; x_wconf 78' lang='grc' dir='ltr'>α</span> <span class='ocrx_word' id='word_1_36' title='bbox 343 560 481 602; x_wconf 82' lang='lat' dir='ltr'>Speciem</span> <span class='ocrx_word' id='word_1_37' title='bbox 505 557 628 600; x_wconf 89' lang='lat' dir='ltr'>pietatis</span> <span class='ocrx_word' id='word_1_38' title='bbox 652 556 819 593; x_wconf 86' lang='lat' dir='ltr'>habentes,</span> <span class='ocrx_word' id='word_1_39' title='bbox 843 554 1033 595; x_wconf 80' lang='lat' dir='ltr'>abnegantes</span> <span class='ocrx_word' id='word_1_40' title='bbox 1056 551 1208 584; x_wconf 88' lang='lat' dir='ltr'>virtutem</span> <span class='ocrx_word' id='word_1_41' title='bbox 1231 562 1263 581; x_wconf 70' lang='grc' dir='ltr'>ιο.</span> 
     </span>
     <span class='ocr_line' id='line_1_7' title="bbox 306 602 1265 645; baseline -0.013 1"><span class='ocrx_word' id='word_1_42' title='bbox 306 631 347 638; x_wconf 89' lang='grc'>-</span> <span class='ocrx_word' id='word_1_43' title='bbox 364 613 442 645; x_wconf 90' lang='lat' dir='ltr'>Cum</span> <span class='ocrx_word' id='word_1_44' title='bbox 459 611 547 644; x_wconf 88' lang='lat' dir='ltr'>dicit:</span> <span class='ocrx_word' id='word_1_45' title='bbox 566 611 606 642; x_wconf 86' lang='lat' dir='ltr'>Et</span> <span class='ocrx_word' id='word_1_46' title='bbox 620 619 687 641; x_wconf 87' lang='lat' dir='ltr'>non</span> <span class='ocrx_word' id='word_1_47' title='bbox 702 608 738 640; x_wconf 85' lang='lat' dir='ltr'>in</span> <span class='ocrx_word' id='word_1_48' title='bbox 754 608 806 640; x_wconf 83' lang='lat' dir='ltr'>die</span> <span class='ocrx_word' id='word_1_49' title='bbox 824 605 977 643; x_wconf 83' lang='lat' dir='ltr'>Sabbati,·</span> <span class='ocrx_word' id='word_1_50' title='bbox 993 613 1079 643; x_wconf 91' lang='lat' dir='ltr'>ecce,</span> <span class='ocrx_word' id='word_1_51' title='bbox 1093 602 1265 636; x_wconf 77' lang='lat' dir='ltr'><em>ostentatio</em></span> 
     </span>
     <span class='ocr_line' id='line_1_8' title="bbox 305 656 1266 704; baseline -0.011 -6"><span class='ocrx_word' id='word_1_52' title='bbox 305 663 503 702; x_wconf 75' lang='lat' dir='ltr'><em>sanctitatis,</em></span> <span class='ocrx_word' id='word_1_53' title='bbox 519 662 594 704; x_wconf 85' lang='lat' dir='ltr'>quia</span> <span class='ocrx_word' id='word_1_54' title='bbox 610 665 760 703; x_wconf 76' lang='lat' dir='ltr'>tanquam</span> <span class='ocrx_word' id='word_1_55' title='bbox 775 662 912 691; x_wconf 85' lang='lat' dir='ltr'>sanctus</span> <span class='ocrx_word' id='word_1_56' title='bbox 924 658 1006 690; x_wconf 89' lang='lat' dir='ltr'>diem</span> <span class='ocrx_word' id='word_1_57' title='bbox 1023 656 1148 689; x_wconf 89' lang='lat' dir='ltr'>Sabbati</span> <span class='ocrx_word' id='word_1_58' title='bbox 1165 658 1266 688; x_wconf 86' lang='lat' dir='ltr'>osten-</span> 
     </span>
     <span class='ocr_line' id='line_1_9' title="bbox 305 707 1265 751; baseline -0.011 0"><span class='ocrx_word' id='word_1_59' title='bbox 305 718 397 751; x_wconf 82' lang='lat' dir='ltr'><em>debat</em></span> <span class='ocrx_word' id='word_1_60' title='bbox 421 726 454 750; x_wconf 90' lang='lat' dir='ltr'>se</span> <span class='ocrx_word' id='word_1_61' title='bbox 486 716 564 748; x_wconf 91' lang='lat' dir='ltr'>velle</span> <span class='ocrx_word' id='word_1_62' title='bbox 588 714 706 748; x_wconf 90' lang='lat' dir='ltr'>servari</span> <span class='ocrx_word' id='word_1_63' title='bbox 731 716 768 745; x_wconf 88' lang='lat' dir='ltr'>ut</span> <span class='ocrx_word' id='word_1_64' title='bbox 789 715 963 750; x_wconf 84' lang='lat' dir='ltr'>sanctum,</span> <span class='ocrx_word' id='word_1_65' title='bbox 988 709 1163 743; x_wconf 86' lang='lat' dir='ltr'>secundum</span> <span class='ocrx_word' id='word_1_66' title='bbox 1187 707 1265 741; x_wconf 89' lang='lat' dir='ltr'>illud</span> 
     </span>
     <span class='ocr_line' id='line_1_10' title="bbox 307 761 1265 811; baseline -0.01 -7"><span class='ocrx_word' id='word_1_67' title='bbox 307 771 432 804; x_wconf 90' lang='lat' dir='ltr'>Levitici</span> <span class='ocrx_word' id='word_1_68' title='bbox 456 768 606 811; x_wconf 87' lang='lat' dir='ltr'>vigesimo</span> <span class='ocrx_word' id='word_1_69' title='bbox 638 765 774 800; x_wconf 79' lang='lat' dir='ltr'>tertio²:</span> <span class='ocrx_word' id='word_1_70' title='bbox 805 778 820 794; x_wconf 85' lang='lat'><strong><em>«</em></strong></span> <span class='ocrx_word' id='word_1_71' title='bbox 837 765 899 797; x_wconf 89' lang='lat' dir='ltr'>Sex</span> <span class='ocrx_word' id='word_1_72' title='bbox 923 763 1035 796; x_wconf 88' lang='lat' dir='ltr'>diebus</span> <span class='ocrx_word' id='word_1_73' title='bbox 1064 761 1265 805; x_wconf 80' lang='lat' dir='ltr'>operaberis,</span> 
     </span>
     <span class='ocr_line' id='line_1_11' title="bbox 306 816 1266 866; baseline -0.01 -9"><span class='ocrx_word' id='word_1_74' title='bbox 306 824 458 866; x_wconf 89' lang='lat' dir='ltr'>septimus</span> <span class='ocrx_word' id='word_1_75' title='bbox 481 822 561 860; x_wconf 89' lang='lat' dir='ltr'>dies,</span> <span class='ocrx_word' id='word_1_76' title='bbox 586 820 660 863; x_wconf 86' lang='lat' dir='ltr'>quia</span> <span class='ocrx_word' id='word_1_77' title='bbox 684 819 854 852; x_wconf 88' lang='lat' dir='ltr'>Sabbatum</span> <span class='ocrx_word' id='word_1_78' title='bbox 886 816 1092 859; x_wconf 82' lang='lat' dir='ltr'>requietionis</span> <span class='ocrx_word' id='word_1_79' title='bbox 1123 818 1187 854; x_wconf 92' lang='lat' dir='ltr'>est,</span> <span class='ocrx_word' id='word_1_80' title='bbox 1212 824 1266 848; x_wconf 81' lang='lat' dir='ltr'>vo-</span> 
     </span>
     <span class='ocr_line' id='line_1_12' title="bbox 306 869 1264 910; baseline -0.009 0"><span class='ocrx_word' id='word_1_81' title='bbox 306 877 429 910; x_wconf 85' lang='lat' dir='ltr'>cabitur</span> <span class='ocrx_word' id='word_1_82' title='bbox 444 879 583 908; x_wconf 84' lang='lat' dir='ltr'>sanctus</span> <span class='ocrx_word' id='word_1_83' title='bbox 598 887 629 905; x_wconf 91' lang='lat'>».</span> <span class='ocrx_word' id='word_1_84' title='bbox 647 872 733 906; x_wconf 92' lang='lat' dir='ltr'>Unde</span> <span class='ocrx_word' id='word_1_85' title='bbox 749 871 851 904; x_wconf 90' lang='lat' dir='ltr'>Iudaei</span> <span class='ocrx_word' id='word_1_86' title='bbox 869 870 1013 903; x_wconf 79' lang='lat' dir='ltr'>dicebant</span> <span class='ocrx_word' id='word_1_87' title='bbox 1029 869 1151 902; x_wconf 88' lang='lat' dir='ltr'>loannis</span> <span class='ocrx_word' id='word_1_88' title='bbox 1167 877 1264 901; x_wconf 88' lang='lat' dir='ltr'>nono:</span> 
     </span>
     <span class='ocr_line' id='line_1_13' title="bbox 311 923 1266 967; baseline -0.008 -5"><span class='ocrx_word' id='word_1_89' title='bbox 311 944 327 958; x_wconf 89' lang='lat'>«</span> <span class='ocrx_word' id='word_1_90' title='bbox 343 930 407 962; x_wconf 92' lang='lat' dir='ltr'>Non</span> <span class='ocrx_word' id='word_1_91' title='bbox 429 931 476 961; x_wconf 89' lang='lat' dir='ltr'>est</span> <span class='ocrx_word' id='word_1_92' title='bbox 499 928 549 960; x_wconf 91' lang='lat' dir='ltr'>hic</span> <span class='ocrx_word' id='word_1_93' title='bbox 570 927 664 959; x_wconf 91' lang='lat' dir='ltr'>homo</span> <span class='ocrx_word' id='word_1_94' title='bbox 687 935 705 957; x_wconf 91' lang='lat' dir='ltr'>a</span> <span class='ocrx_word' id='word_1_95' title='bbox 725 925 799 963; x_wconf 91' lang='lat' dir='ltr'>Deo,</span> <span class='ocrx_word' id='word_1_96' title='bbox 816 924 871 966; x_wconf 88' lang='lat' dir='ltr'>qui</span> <span class='ocrx_word' id='word_1_97' title='bbox 892 923 1061 956; x_wconf 87' lang='lat' dir='ltr'>Sabbatum</span> <span class='ocrx_word' id='word_1_98' title='bbox 1082 932 1144 955; x_wconf 87' lang='lat' dir='ltr'>non</span> <span class='ocrx_word' id='word_1_99' title='bbox 1161 926 1266 967; x_wconf 82' lang='lat' dir='ltr'>custo-</span> 
     </span>
     <span class='ocr_line' id='line_1_14' title="bbox 305 975 1266 1020; baseline -0.008 -5"><span class='ocrx_word' id='word_1_100' title='bbox 305 982 350 1015; x_wconf 88' lang='lat' dir='ltr'>dit</span> <span class='ocrx_word' id='word_1_101' title='bbox 374 994 408 1020; x_wconf 71' lang='lat'>¹³3</span> <span class='ocrx_word' id='word_1_102' title='bbox 432 981 486 1014; x_wconf 89' lang='lat' dir='ltr'>sed</span> <span class='ocrx_word' id='word_1_103' title='bbox 504 980 577 1013; x_wconf 79' lang='lat' dir='ltr'>‘diei</span> <span class='ocrx_word' id='word_1_104' title='bbox 602 979 699 1012; x_wconf 90' lang='lat' dir='ltr'>sancti</span> <span class='ocrx_word' id='word_1_105' title='bbox 725 976 925 1010; x_wconf 88' lang='lat' dir='ltr'>observantia</span> <span class='ocrx_word' id='word_1_106' title='bbox 956 976 989 1009; x_wconf 89' lang='lat' dir='ltr'>in</span> <span class='ocrx_word' id='word_1_107' title='bbox 1017 975 1266 1017; x_wconf 75' lang='lat' dir='ltr'>archisynagogo</span> 
     </span>
     <span class='ocr_line' id='line_1_15' title="bbox 304 1028 1266 1077; baseline -0.008 -10"><span class='ocrx_word' id='word_1_108' title='bbox 304 1035 409 1077; x_wconf 89' lang='lat' dir='ltr'>potius</span> <span class='ocrx_word' id='word_1_109' title='bbox 432 1037 499 1066; x_wconf 91' lang='lat' dir='ltr'>erat</span> <span class='ocrx_word' id='word_1_110' title='bbox 522 1033 559 1065; x_wconf 84' lang='lat' dir='ltr'>ad</span> <span class='ocrx_word' id='word_1_111' title='bbox 583 1031 829 1064; x_wconf 85' lang='lat' dir='ltr'>simulatio-nem</span> <span class='ocrx_word' id='word_1_112' title='bbox 852 1029 1000 1062; x_wconf 86' lang='lat' dir='ltr'>iustitiae</span> <span class='ocrx_word' id='word_1_113' title='bbox 1023 1038 1118 1071; x_wconf 89' lang='lat' dir='ltr'>quam</span> <span class='ocrx_word' id='word_1_114' title='bbox 1141 1028 1180 1060; x_wconf 89' lang='lat' dir='ltr'>ad</span> <span class='ocrx_word' id='word_1_115' title='bbox 1204 1028 1266 1060; x_wconf 90' lang='lat' dir='ltr'>im—</span> 
     </span>
     <span class='ocr_line' id='line_1_16' title="bbox 300 1081 1266 1130; baseline -0.006 -10"><span class='ocrx_word' id='word_1_116' title='bbox 300 1087 489 1130; x_wconf 83' lang='lat' dir='ltr'>pletionem,</span> <span class='ocrx_word' id='word_1_117' title='bbox 514 1084 687 1118; x_wconf 87' lang='lat' dir='ltr'>secundum</span> <span class='ocrx_word' id='word_1_118' title='bbox 712 1082 789 1115; x_wconf 91' lang='lat' dir='ltr'>illud</span> <span class='ocrx_word' id='word_1_119' title='bbox 813 1082 908 1115; x_wconf 83' lang='lat' dir='ltr'>Isaiae</span> <span class='ocrx_word' id='word_1_120' title='bbox 932 1082 1034 1124; x_wconf 91' lang='lat' dir='ltr'>primo</span> <span class='ocrx_word' id='word_1_121' title='bbox 1047 1081 1074 1113; x_wconf 77' lang='lat'>³:</span> <span class='ocrx_word' id='word_1_122' title='bbox 1105 1094 1120 1110; x_wconf 74' lang='grc' dir='ltr'>«ι</span> <span class='ocrx_word' id='word_1_123' title='bbox 1136 1081 1266 1114; x_wconf 89' lang='lat' dir='ltr'>Neome-</span> 
     </span>
     <span class='ocr_line' id='line_1_17' title="bbox 304 1134 1264 1173; baseline -0.006 0"><span class='ocrx_word' id='word_1_124' title='bbox 304 1141 388 1173; x_wconf 90' lang='lat' dir='ltr'>niam</span> <span class='ocrx_word' id='word_1_125' title='bbox 411 1143 443 1173; x_wconf 90' lang='lat' dir='ltr'>et</span> <span class='ocrx_word' id='word_1_126' title='bbox 462 1139 631 1172; x_wconf 88' lang='lat' dir='ltr'>Sabbatum</span> <span class='ocrx_word' id='word_1_127' title='bbox 655 1140 686 1170; x_wconf 88' lang='lat' dir='ltr'>et</span> <span class='ocrx_word' id='word_1_128' title='bbox 702 1136 914 1169; x_wconf 85' lang='lat' dir='ltr'>solemnitates</span> <span class='ocrx_word' id='word_1_129' title='bbox 937 1135 1013 1168; x_wconf 87' lang='lat' dir='ltr'>alias</span> <span class='ocrx_word' id='word_1_130' title='bbox 1030 1144 1091 1168; x_wconf 91' lang='lat' dir='ltr'>non</span> <span class='ocrx_word' id='word_1_131' title='bbox 1115 1134 1215 1167; x_wconf 85' lang='lat' dir='ltr'>feram</span> <span class='ocrx_word' id='word_1_132' title='bbox 1232 1147 1264 1166; x_wconf 72' lang='lat' dir='ltr'>n.</span> 
     </span>
     <span class='ocr_line' id='line_1_18' title="bbox 310 1187 1267 1226; baseline -0.006 0"><span class='ocrx_word' id='word_1_133' title='bbox 310 1207 326 1222; x_wconf 85' lang='lat'><strong><em>«</em></strong></span> <span class='ocrx_word' id='word_1_134' title='bbox 338 1193 486 1226; x_wconf 89' lang='lat' dir='ltr'>Calendas</span> <span class='ocrx_word' id='word_1_135' title='bbox 502 1195 622 1225; x_wconf 88' lang='lat' dir='ltr'>vestras</span> <span class='ocrx_word' id='word_1_136' title='bbox 639 1194 670 1223; x_wconf 91' lang='lat' dir='ltr'>et</span> <span class='ocrx_word' id='word_1_137' title='bbox 686 1189 897 1223; x_wconf 86' lang='lat' dir='ltr'>solemnitates</span> <span class='ocrx_word' id='word_1_138' title='bbox 913 1191 1034 1221; x_wconf 84' lang='lat' dir='ltr'>vestras</span> <span class='ocrx_word' id='word_1_139' title='bbox 1050 1188 1147 1221; x_wconf 87' lang='lat' dir='ltr'>odivit</span> <span class='ocrx_word' id='word_1_140' title='bbox 1162 1187 1267 1220; x_wconf 88' lang='lat' dir='ltr'>anima</span> 
     </span>
     <span class='ocr_line' id='line_1_19' title="bbox 303 1241 1266 1285; baseline -0.006 -6"><span class='ocrx_word' id='word_1_141' title='bbox 303 1256 373 1280; x_wconf 91' lang='lat' dir='ltr'>mea</span> <span class='ocrx_word' id='word_1_142' title='bbox 388 1260 419 1278; x_wconf 86' lang='lat'>».</span> <span class='ocrx_word' id='word_1_143' title='bbox 445 1246 481 1278; x_wconf 88' lang='lat' dir='ltr'>Et</span> <span class='ocrx_word' id='word_1_144' title='bbox 504 1245 584 1278; x_wconf 89' lang='lat' dir='ltr'>ratio</span> <span class='ocrx_word' id='word_1_145' title='bbox 607 1243 704 1276; x_wconf 87' lang='lat' dir='ltr'>huius</span> <span class='ocrx_word' id='word_1_146' title='bbox 721 1246 785 1281; x_wconf 90' lang='lat' dir='ltr'>est,</span> <span class='ocrx_word' id='word_1_147' title='bbox 810 1243 884 1285; x_wconf 87' lang='lat' dir='ltr'>quia</span> <span class='ocrx_word' id='word_1_148' title='bbox 907 1242 1014 1284; x_wconf 90' lang='lat' dir='ltr'>potius</span> <span class='ocrx_word' id='word_1_149' title='bbox 1037 1241 1206 1274; x_wconf 89' lang='lat' dir='ltr'>servabant</span> <span class='ocrx_word' id='word_1_150' title='bbox 1227 1241 1266 1273; x_wconf 88' lang='lat' dir='ltr'>ad</span> 
     </span>
     <span class='ocr_line' id='line_1_20' title="bbox 304 1294 1267 1341; baseline -0.005 -9"><span class='ocrx_word' id='word_1_151' title='bbox 304 1298 559 1341; x_wconf 85' lang='lat' dir='ltr'>superstitionem</span> <span class='ocrx_word' id='word_1_152' title='bbox 575 1305 670 1339; x_wconf 89' lang='lat' dir='ltr'>quam</span> <span class='ocrx_word' id='word_1_153' title='bbox 689 1300 819 1338; x_wconf 88' lang='lat' dir='ltr'>propter</span> <span class='ocrx_word' id='word_1_154' title='bbox 835 1295 1048 1334; x_wconf 89' lang='lat' dir='ltr'>devotionem;</span> <span class='ocrx_word' id='word_1_155' title='bbox 1066 1294 1150 1328; x_wconf 88' lang='lat' dir='ltr'>unde</span> <span class='ocrx_word' id='word_1_156' title='bbox 1167 1294 1267 1327; x_wconf 91' lang='lat' dir='ltr'>Thre-</span> 
     </span>
     <span class='ocr_line' id='line_1_21' title="bbox 304 1348 1267 1393; baseline -0.005 -8"><span class='ocrx_word' id='word_1_157' title='bbox 304 1361 419 1385; x_wconf 89' lang='lat' dir='ltr'>norum</span> <span class='ocrx_word' id='word_1_158' title='bbox 443 1352 564 1393; x_wconf 90' lang='lat' dir='ltr'>primo:</span> <span class='ocrx_word' id='word_1_159' title='bbox 593 1363 609 1378; x_wconf 74' lang='lat' dir='ltr'>&lt;t</span> <span class='ocrx_word' id='word_1_160' title='bbox 627 1349 780 1382; x_wconf 91' lang='lat' dir='ltr'>Viderunt</span> <span class='ocrx_word' id='word_1_161' title='bbox 803 1358 872 1382; x_wconf 89' lang='lat' dir='ltr'>eam</span> <span class='ocrx_word' id='word_1_162' title='bbox 897 1349 1004 1381; x_wconf 88' lang='lat' dir='ltr'>hostes</span> <span class='ocrx_word' id='word_1_163' title='bbox 1027 1351 1059 1381; x_wconf 88' lang='lat' dir='ltr'>et</span> <span class='ocrx_word' id='word_1_164' title='bbox 1084 1348 1267 1381; x_wconf 90' lang='lat' dir='ltr'>deriserunt</span> 
     </span>
    </p>
   </div>
   <div class='ocr_carea' id='block_1_3' title="bbox 305 1404 1265 1499">
    <p class='ocr_par' dir='ltr' id='par_1_3' title="bbox 305 1404 1265 1499">
     <span class='ocr_line' id='line_1_22' title="bbox 305 1404 576 1438; baseline -0.007 -1"><span class='ocrx_word' id='word_1_165' title='bbox 305 1405 438 1438; x_wconf 82' lang='lat' dir='ltr'>Sabbata</span> <span class='ocrx_word' id='word_1_166' title='bbox 461 1404 530 1437; x_wconf 90' lang='lat' dir='ltr'>eius</span> <span class='ocrx_word' id='word_1_167' title='bbox 545 1417 576 1435; x_wconf 70' lang='lat'>2).</span> 
     </span>
     <span class='ocr_line' id='line_1_23' title="bbox 394 1453 1265 1499; baseline -0.005 -9"><span class='ocrx_word' id='word_1_168' title='bbox 394 1457 445 1490; x_wconf 85' lang='lat'>30.</span> <span class='ocrx_word' id='word_1_169' title='bbox 464 1457 564 1499; x_wconf 77' lang='lat' dir='ltr'>(Vers.</span> <span class='ocrx_word' id='word_1_170' title='bbox 585 1457 660 1497; x_wconf 57' lang='lat'>15).</span> <span class='ocrx_word' id='word_1_171' title='bbox 674 1455 883 1498; x_wconf 74' lang='lat' dir='ltr'>Respondeas</span> <span class='ocrx_word' id='word_1_172' title='bbox 900 1458 1012 1487; x_wconf 84' lang='lat' dir='ltr'>autem</span> <span class='ocrx_word' id='word_1_173' title='bbox 1028 1454 1076 1486; x_wconf 86' lang='lat' dir='ltr'>ad</span> <span class='ocrx_word' id='word_1_174' title='bbox 1091 1453 1187 1486; x_wconf 87' lang='lat' dir='ltr'>illum</span> <span class='ocrx_word' id='word_1_175' title='bbox 1206 1457 1265 1486; x_wconf 89' lang='lat' dir='ltr'>etc.</span> 
     </span>
    </p>
   </div>
   <div class='ocr_carea' id='block_1_4' title="bbox 142 1507 1266 1604">
    <p class='ocr_par' dir='ltr' id='par_1_4' title="bbox 142 1507 1266 1604">
     <span class='ocr_line' id='line_1_24' title="bbox 158 1507 1266 1551; baseline -0.003 -10"><span class='ocrx_word' id='word_1_176' title='bbox 158 1519 278 1551; x_wconf 62' lang='lat' dir='ltr'>conantio</span> <span class='ocrx_word' id='word_1_177' title='bbox 304 1511 358 1544; x_wconf 89' lang='lat' dir='ltr'>Hic</span> <span class='ocrx_word' id='word_1_178' title='bbox 381 1510 474 1543; x_wconf 90' lang='lat' dir='ltr'>tertio</span> <span class='ocrx_word' id='word_1_179' title='bbox 498 1509 702 1551; x_wconf 86' lang='lat' dir='ltr'>subiungitur</span> <span class='ocrx_word' id='word_1_180' title='bbox 727 1507 912 1551; x_wconf 83' lang='lat' dir='ltr'>confutatio</span> <span class='ocrx_word' id='word_1_181' title='bbox 936 1507 1123 1540; x_wconf 82' lang='lat' dir='ltr'>obiectionis</span> <span class='ocrx_word' id='word_1_182' title='bbox 1147 1516 1266 1549; x_wconf 82' lang='lat' dir='ltr'>propo-</span> 
     </span>
     <span class='ocr_line' id='line_1_25' title="bbox 142 1546 1265 1604; baseline -0.003 -10"><span class='ocrx_word' id='word_1_183' title='bbox 142 1546 295 1600; x_wconf 44' lang='lat' dir='ltr'>otacrufflffl</span> <span class='ocrx_word' id='word_1_184' title='bbox 304 1564 387 1596; x_wconf 85' lang='lat' dir='ltr'>sitae</span> <span class='ocrx_word' id='word_1_185' title='bbox 399 1564 429 1601; x_wconf 71' lang='grc'>4;</span> <span class='ocrx_word' id='word_1_186' title='bbox 453 1563 537 1596; x_wconf 88' lang='lat' dir='ltr'>circa</span> <span class='ocrx_word' id='word_1_187' title='bbox 559 1571 655 1604; x_wconf 90' lang='lat' dir='ltr'>quam</span> <span class='ocrx_word' id='word_1_188' title='bbox 680 1561 783 1603; x_wconf 90' lang='lat' dir='ltr'>primo</span> <span class='ocrx_word' id='word_1_189' title='bbox 799 1560 973 1603; x_wconf 88' lang='lat' dir='ltr'>praemittit</span> <span class='ocrx_word' id='word_1_190' title='bbox 992 1559 1177 1602; x_wconf 72' lang='lat' dir='ltr'>exemplum</span> <span class='ocrx_word' id='word_1_191' title='bbox 1193 1569 1265 1591; x_wconf 86' lang='lat' dir='ltr'>sen-</span> 
     </span>
    </p>
   </div>
   <div class='ocr_carea' id='block_1_5' title="bbox 304 1612 1264 1711">
    <p class='ocr_par' dir='ltr' id='par_1_5' title="bbox 304 1612 1264 1711">
     <span class='ocr_line' id='line_1_26' title="bbox 304 1612 1148 1657; baseline -0.005 -8"><span class='ocrx_word' id='word_1_192' title='bbox 304 1616 412 1655; x_wconf 82' lang='lat' dir='ltr'>sibile,</span> <span class='ocrx_word' id='word_1_193' title='bbox 436 1616 547 1649; x_wconf 90' lang='lat' dir='ltr'>deinde</span> <span class='ocrx_word' id='word_1_194' title='bbox 570 1615 654 1648; x_wconf 88' lang='lat' dir='ltr'>elicit</span> <span class='ocrx_word' id='word_1_195' title='bbox 677 1618 916 1657; x_wconf 71' lang='lat' dir='ltr'>aryumentum</span> <span class='ocrx_word' id='word_1_196' title='bbox 940 1612 1148 1646; x_wconf 79' lang='lat' dir='ltr'>rationabile.</span> 
     </span>
     <span class='ocr_line' id='line_1_27' title="bbox 394 1665 1264 1711; baseline -0.006 -9"><span class='ocrx_word' id='word_1_197' title='bbox 394 1669 496 1702; x_wconf 87' lang='lat' dir='ltr'>Primo</span> <span class='ocrx_word' id='word_1_198' title='bbox 524 1669 620 1711; x_wconf 88' lang='lat' dir='ltr'>igitur</span> <span class='ocrx_word' id='word_1_199' title='bbox 652 1667 857 1710; x_wconf 87' lang='lat' dir='ltr'>praemittens</span> <span class='ocrx_word' id='word_1_200' title='bbox 887 1665 1072 1708; x_wconf 74' lang='lat' dir='ltr'>exemptum</span> <span class='ocrx_word' id='word_1_201' title='bbox 1095 1665 1264 1704; x_wconf 76' lang='lat' dir='ltr'>sensibile,</span> 
     </span>
    </p>
   </div>
   <div class='ocr_carea' id='block_1_6' title="bbox 182 1719 1266 1764">
    <p class='ocr_par' dir='ltr' id='par_1_6' title="bbox 182 1719 1266 1764">
     <span class='ocr_line' id='line_1_28' title="bbox 182 1719 1266 1764; baseline -0.005 -8"><span class='ocrx_word' id='word_1_202' title='bbox 182 1731 283 1753; x_wconf 81' lang='lat' dir='ltr'>Primum.</span> <span class='ocrx_word' id='word_1_203' title='bbox 305 1723 396 1756; x_wconf 86' lang='lat' dir='ltr'>dicit:</span> <span class='ocrx_word' id='word_1_204' title='bbox 423 1723 629 1764; x_wconf 69' lang='lat' dir='ltr'>Respondeas</span> <span class='ocrx_word' id='word_1_205' title='bbox 653 1725 764 1754; x_wconf 88' lang='lat' dir='ltr'>autem</span> <span class='ocrx_word' id='word_1_206' title='bbox 787 1720 834 1753; x_wconf 84' lang='lat' dir='ltr'>ad</span> <span class='ocrx_word' id='word_1_207' title='bbox 857 1720 953 1752; x_wconf 86' lang='lat' dir='ltr'>illum</span> <span class='ocrx_word' id='word_1_208' title='bbox 972 1720 1137 1752; x_wconf 79' lang='lat' dir='ltr'>Dominus</span> <span class='ocrx_word' id='word_1_209' title='bbox 1161 1719 1266 1752; x_wconf 76' lang='lat' dir='ltr'>dixit:</span> 
     </span>
    </p>
   </div>
   <div class='ocr_carea' id='block_1_7' title="bbox 304 1772 1271 2716">
    <p class='ocr_par' dir='ltr' id='par_1_7' title="bbox 304 1772 1271 2716">
     <span class='ocr_line' id='line_1_29' title="bbox 305 1772 1268 1820; baseline -0.005 -11"><span class='ocrx_word' id='word_1_210' title='bbox 305 1776 490 1820; x_wconf 83' lang='lat' dir='ltr'>Hypoerita</span> <span class='ocrx_word' id='word_1_211' title='bbox 502 1776 525 1807; x_wconf 82' lang='lat'>⁵.</span> <span class='ocrx_word' id='word_1_212' title='bbox 538 1776 578 1808; x_wconf 89' lang='lat' dir='ltr'>Ut</span> <span class='ocrx_word' id='word_1_213' title='bbox 592 1775 754 1807; x_wconf 85' lang='lat' dir='ltr'>Dominus</span> <span class='ocrx_word' id='word_1_214' title='bbox 770 1773 948 1816; x_wconf 87' lang='lat' dir='ltr'>respondet,</span> <span class='ocrx_word' id='word_1_215' title='bbox 966 1772 1041 1815; x_wconf 88' lang='lat' dir='ltr'>quia</span> <span class='ocrx_word' id='word_1_216' title='bbox 1059 1772 1175 1805; x_wconf 87' lang='lat' dir='ltr'>dicitur</span> <span class='ocrx_word' id='word_1_217' title='bbox 1190 1772 1268 1805; x_wconf 86' lang='lat' dir='ltr'>Mat-</span> 
     </span>
     <span class='ocr_line' id='line_1_30' title="bbox 305 1825 1268 1871; baseline -0.004 -10"><span class='ocrx_word' id='word_1_218' title='bbox 305 1829 389 1862; x_wconf 88' lang='lat' dir='ltr'>thaei</span> <span class='ocrx_word' id='word_1_219' title='bbox 412 1829 561 1871; x_wconf 89' lang='lat' dir='ltr'>septim0‚</span> <span class='ocrx_word' id='word_1_220' title='bbox 585 1828 670 1870; x_wconf 88' lang='lat' dir='ltr'>quod</span> <span class='ocrx_word' id='word_1_221' title='bbox 698 1840 713 1856; x_wconf 82' lang='lat'>«</span> <span class='ocrx_word' id='word_1_222' title='bbox 731 1830 800 1860; x_wconf 89' lang='lat' dir='ltr'>erat</span> <span class='ocrx_word' id='word_1_223' title='bbox 834 1826 949 1859; x_wconf 89' lang='lat' dir='ltr'>docens</span> <span class='ocrx_word' id='word_1_224' title='bbox 972 1825 1054 1858; x_wconf 89' lang='lat' dir='ltr'>sicut</span> <span class='ocrx_word' id='word_1_225' title='bbox 1082 1828 1268 1867; x_wconf 87' lang='lat' dir='ltr'>potestatem</span> 
     </span>
     <span class='ocr_line' id='line_1_31' title="bbox 306 1878 1268 1922; baseline -0.005 -7"><span class='ocrx_word' id='word_1_226' title='bbox 306 1882 425 1915; x_wconf 89' lang='lat' dir='ltr'>habens</span> <span class='ocrx_word' id='word_1_227' title='bbox 442 1895 472 1913; x_wconf 63' lang='lat' dir='ltr'>n.</span> <span class='ocrx_word' id='word_1_228' title='bbox 507 1882 541 1914; x_wconf 93' lang='lat' dir='ltr'>Et</span> <span class='ocrx_word' id='word_1_229' title='bbox 566 1882 625 1914; x_wconf 89' lang='lat' dir='ltr'>hoc</span> <span class='ocrx_word' id='word_1_230' title='bbox 656 1880 788 1914; x_wconf 83' lang='lat' dir='ltr'>faciebat</span> <span class='ocrx_word' id='word_1_231' title='bbox 812 1879 990 1922; x_wconf 88' lang='lat' dir='ltr'>potissime,</span> <span class='ocrx_word' id='word_1_232' title='bbox 1015 1887 1087 1911; x_wconf 87' lang='lat' dir='ltr'>cum</span> <span class='ocrx_word' id='word_1_233' title='bbox 1120 1878 1198 1911; x_wconf 89' lang='lat' dir='ltr'>alios</span> <span class='ocrx_word' id='word_1_234' title='bbox 1220 1878 1268 1910; x_wconf 94' lang='lat' dir='ltr'>in—</span> 
     </span>
     <span class='ocr_line' id='line_1_32' title="bbox 306 1931 1269 1977; baseline -0.004 -9"><span class='ocrx_word' id='word_1_235' title='bbox 306 1935 468 1977; x_wconf 83' lang='lat' dir='ltr'>crepabat,</span> <span class='ocrx_word' id='word_1_236' title='bbox 493 1935 575 1967; x_wconf 89' lang='lat' dir='ltr'>sicut</span> <span class='ocrx_word' id='word_1_237' title='bbox 598 1935 687 1967; x_wconf 90' lang='lat' dir='ltr'>illum</span> <span class='ocrx_word' id='word_1_238' title='bbox 712 1942 807 1976; x_wconf 91' lang='lat' dir='ltr'>quem</span> <span class='ocrx_word' id='word_1_239' title='bbox 831 1932 1041 1976; x_wconf 80' lang='lat' dir='ltr'>hypocritam</span> <span class='ocrx_word' id='word_1_240' title='bbox 1064 1934 1172 1970; x_wconf 85' lang='lat' dir='ltr'>vocat,</span> <span class='ocrx_word' id='word_1_241' title='bbox 1193 1931 1269 1974; x_wconf 87' lang='lat' dir='ltr'>quia</span> 
     </span>
     <span class='ocr_line' id='line_1_33' title="bbox 307 1984 1269 2028; baseline -0.004 -7"><span class='ocrx_word' id='word_1_242' title='bbox 307 1988 375 2021; x_wconf 91' lang='lat' dir='ltr'>eius</span> <span class='ocrx_word' id='word_1_243' title='bbox 409 1988 532 2021; x_wconf 88' lang='lat' dir='ltr'>occulta</span> <span class='ocrx_word' id='word_1_244' title='bbox 554 1987 700 2026; x_wconf 81' lang='lat' dir='ltr'>videbat3</span> <span class='ocrx_word' id='word_1_245' title='bbox 736 1986 820 2019; x_wconf 89' lang='lat' dir='ltr'>unde</span> <span class='ocrx_word' id='word_1_246' title='bbox 856 1986 977 2028; x_wconf 90' lang='lat' dir='ltr'>primae</span> <span class='ocrx_word' id='word_1_247' title='bbox 1015 1985 1055 2018; x_wconf 89' lang='lat' dir='ltr'>ad</span> <span class='ocrx_word' id='word_1_248' title='bbox 1089 1984 1269 2017; x_wconf 87' lang='lat' dir='ltr'>Corinthios</span> 
     </span>
     <span class='ocr_line' id='line_1_34' title="bbox 306 2037 1268 2083; baseline -0.004 -10"><span class='ocrx_word' id='word_1_249' title='bbox 306 2044 419 2083; x_wconf 89' lang='lat' dir='ltr'>quarto</span> <span class='ocrx_word' id='word_1_250' title='bbox 432 2041 459 2072; x_wconf 82' lang='lat'>⁶:</span> <span class='ocrx_word' id='word_1_251' title='bbox 491 2054 505 2069; x_wconf 88' lang='lat'>«</span> <span class='ocrx_word' id='word_1_252' title='bbox 522 2040 581 2082; x_wconf 91' lang='lat' dir='ltr'>Qui</span> <span class='ocrx_word' id='word_1_253' title='bbox 599 2040 716 2073; x_wconf 88' lang='lat' dir='ltr'>iudicat</span> <span class='ocrx_word' id='word_1_254' title='bbox 739 2049 789 2072; x_wconf 92' lang='lat' dir='ltr'>me</span> <span class='ocrx_word' id='word_1_255' title='bbox 807 2039 958 2072; x_wconf 89' lang='lat' dir='ltr'>Dominus</span> <span class='ocrx_word' id='word_1_256' title='bbox 981 2042 1028 2071; x_wconf 91' lang='lat' dir='ltr'>est</span> <span class='ocrx_word' id='word_1_257' title='bbox 1045 2051 1075 2070; x_wconf 85' lang='lat'>».</span> <span class='ocrx_word' id='word_1_258' title='bbox 1101 2038 1168 2079; x_wconf 85' lang='lat' dir='ltr'>lpse</span> <span class='ocrx_word' id='word_1_259' title='bbox 1184 2037 1268 2070; x_wconf 90' lang='lat' dir='ltr'>enim</span> 
     </span>
     <span class='ocr_line' id='line_1_35' title="bbox 305 2090 1269 2132; baseline -0.004 -6"><span class='ocrx_word' id='word_1_260' title='bbox 305 2093 392 2126; x_wconf 85' lang='lat' dir='ltr'>novit</span> <span class='ocrx_word' id='word_1_261' title='bbox 415 2093 596 2126; x_wconf 85' lang='lat' dir='ltr'>abscondita</span> <span class='ocrx_word' id='word_1_262' title='bbox 619 2093 737 2132; x_wconf 91' lang='lat' dir='ltr'>cordis,</span> <span class='ocrx_word' id='word_1_263' title='bbox 762 2096 792 2125; x_wconf 93' lang='lat' dir='ltr'>et</span> <span class='ocrx_word' id='word_1_264' title='bbox 815 2092 955 2125; x_wconf 88' lang='lat' dir='ltr'>maxime</span> <span class='ocrx_word' id='word_1_265' title='bbox 977 2091 1043 2124; x_wconf 88' lang='lat' dir='ltr'>odit</span> <span class='ocrx_word' id='word_1_266' title='bbox 1070 2090 1183 2123; x_wconf 86' lang='lat' dir='ltr'>vitium</span> <span class='ocrx_word' id='word_1_267' title='bbox 1210 2090 1269 2131; x_wconf 90' lang='lat' dir='ltr'>hy-</span> 
     </span>
     <span class='ocr_line' id='line_1_36' title="bbox 304 2143 1269 2188; baseline -0.003 -9"><span class='ocrx_word' id='word_1_268' title='bbox 304 2146 446 2188; x_wconf 83' lang='lat' dir='ltr'>pocrisis.</span> <span class='ocrx_word' id='word_1_269' title='bbox 470 2146 541 2179; x_wconf 89' lang='lat' dir='ltr'>Ideo</span> <span class='ocrx_word' id='word_1_270' title='bbox 566 2146 769 2179; x_wconf 88' lang='lat' dir='ltr'>Ecclesiastici</span> <span class='ocrx_word' id='word_1_271' title='bbox 794 2145 915 2188; x_wconf 87' lang='lat' dir='ltr'>primo:</span> <span class='ocrx_word' id='word_1_272' title='bbox 944 2157 960 2174; x_wconf 74' lang='grc' dir='ltr'><strong>α</strong></span> <span class='ocrx_word' id='word_1_273' title='bbox 981 2144 1024 2177; x_wconf 91' lang='lat' dir='ltr'>Ne</span> <span class='ocrx_word' id='word_1_274' title='bbox 1047 2143 1147 2177; x_wconf 82' lang='lat' dir='ltr'>fueris</span> <span class='ocrx_word' id='word_1_275' title='bbox 1170 2143 1269 2185; x_wconf 87' lang='lat' dir='ltr'>hypo-</span> 
     </span>
     <span class='ocr_line' id='line_1_37' title="bbox 306 2196 1270 2242; baseline -0.003 -10"><span class='ocrx_word' id='word_1_276' title='bbox 306 2199 385 2232; x_wconf 92' lang='lat' dir='ltr'>crita</span> <span class='ocrx_word' id='word_1_277' title='bbox 408 2200 440 2232; x_wconf 91' lang='lat' dir='ltr'>in</span> <span class='ocrx_word' id='word_1_278' title='bbox 472 2203 641 2242; x_wconf 89' lang='lat' dir='ltr'>conspectu</span> <span class='ocrx_word' id='word_1_279' title='bbox 673 2199 837 2232; x_wconf 90' lang='lat' dir='ltr'>hominum</span> <span class='ocrx_word' id='word_1_280' title='bbox 855 2210 895 2238; x_wconf 89' lang='lat'>»;</span> <span class='ocrx_word' id='word_1_281' title='bbox 925 2211 941 2227; x_wconf 75' lang='grc' dir='ltr'>α</span> <span class='ocrx_word' id='word_1_282' title='bbox 964 2206 1004 2230; x_wconf 90' lang='lat' dir='ltr'>ne</span> <span class='ocrx_word' id='word_1_283' title='bbox 1035 2197 1155 2230; x_wconf 88' lang='lat' dir='ltr'>revelet</span> <span class='ocrx_word' id='word_1_284' title='bbox 1185 2196 1270 2230; x_wconf 89' lang='lat' dir='ltr'>Deus</span> 
     </span>
     <span class='ocr_line' id='line_1_38' title="bbox 306 2249 1269 2293; baseline -0.003 -8"><span class='ocrx_word' id='word_1_285' title='bbox 306 2252 486 2285; x_wconf 86' lang='lat' dir='ltr'>abscondita</span> <span class='ocrx_word' id='word_1_286' title='bbox 510 2256 564 2285; x_wconf 92' lang='lat' dir='ltr'>tua</span> <span class='ocrx_word' id='word_1_287' title='bbox 580 2256 610 2285; x_wconf 93' lang='lat' dir='ltr'>et</span> <span class='ocrx_word' id='word_1_288' title='bbox 626 2252 658 2285; x_wconf 91' lang='lat' dir='ltr'>in</span> <span class='ocrx_word' id='word_1_289' title='bbox 674 2251 777 2285; x_wconf 90' lang='lat' dir='ltr'>medio</span> <span class='ocrx_word' id='word_1_290' title='bbox 801 2259 975 2293; x_wconf 88' lang='lat' dir='ltr'>synagogae</span> <span class='ocrx_word' id='word_1_291' title='bbox 998 2249 1092 2283; x_wconf 90' lang='lat' dir='ltr'>elidat</span> <span class='ocrx_word' id='word_1_292' title='bbox 1115 2252 1146 2283; x_wconf 90' lang='lat' dir='ltr'>te</span> <span class='ocrx_word' id='word_1_293' title='bbox 1161 2263 1194 2288; x_wconf 82' lang='grc'>»,</span> <span class='ocrx_word' id='word_1_294' title='bbox 1210 2249 1269 2282; x_wconf 88' lang='lat' dir='ltr'>sic-</span> 
     </span>
     <span class='ocr_line' id='line_1_39' title="bbox 306 2301 1269 2347; baseline -0.004 -9"><span class='ocrx_word' id='word_1_295' title='bbox 306 2308 343 2337; x_wconf 89' lang='lat' dir='ltr'>ut</span> <span class='ocrx_word' id='word_1_296' title='bbox 374 2305 446 2338; x_wconf 78' lang='lat' dir='ltr'>fecit</span> <span class='ocrx_word' id='word_1_297' title='bbox 477 2305 570 2344; x_wconf 91' lang='lat' dir='ltr'>huic,</span> <span class='ocrx_word' id='word_1_298' title='bbox 594 2313 690 2347; x_wconf 91' lang='lat' dir='ltr'>quem</span> <span class='ocrx_word' id='word_1_299' title='bbox 723 2304 869 2346; x_wconf 84' lang='lat' dir='ltr'>exemplo</span> <span class='ocrx_word' id='word_1_300' title='bbox 899 2302 1033 2336; x_wconf 89' lang='lat' dir='ltr'>evidenti</span> <span class='ocrx_word' id='word_1_301' title='bbox 1067 2304 1098 2335; x_wconf 91' lang='lat' dir='ltr'>et</span> <span class='ocrx_word' id='word_1_302' title='bbox 1130 2301 1269 2335; x_wconf 89' lang='lat' dir='ltr'>sensibili</span> 
     </span>
     <span class='ocr_line' id='line_1_40' title="bbox 308 2354 1271 2398; baseline -0.004 -8"><span class='ocrx_word' id='word_1_303' title='bbox 308 2357 448 2392; x_wconf 81' lang='lat' dir='ltr'>confutat</span> <span class='ocrx_word' id='word_1_304' title='bbox 471 2360 503 2390; x_wconf 87' lang='lat' dir='ltr'>et</span> <span class='ocrx_word' id='word_1_305' title='bbox 524 2357 689 2390; x_wconf 86' lang='lat' dir='ltr'>convincit.</span> <span class='ocrx_word' id='word_1_306' title='bbox 722 2376 761 2380; x_wconf 97' lang='lat'><strong>—</strong></span> <span class='ocrx_word' id='word_1_307' title='bbox 790 2356 861 2389; x_wconf 90' lang='lat' dir='ltr'>Ideo</span> <span class='ocrx_word' id='word_1_308' title='bbox 884 2355 1007 2389; x_wconf 89' lang='lat' dir='ltr'>subdit:</span> <span class='ocrx_word' id='word_1_309' title='bbox 1038 2354 1271 2398; x_wconf 76' lang='lat' dir='ltr'>Unusquisque</span> 
     </span>
     <span class='ocr_line' id='line_1_41' title="bbox 306 2408 1270 2444; baseline -0.004 -1"><span class='ocrx_word' id='word_1_310' title='bbox 306 2415 453 2444; x_wconf 81' lang='lat' dir='ltr'>vestrum</span> <span class='ocrx_word' id='word_1_311' title='bbox 476 2411 536 2443; x_wconf 76' lang='lat' dir='ltr'>in⁷</span> <span class='ocrx_word' id='word_1_312' title='bbox 562 2410 704 2444; x_wconf 86' lang='lat' dir='ltr'>Sabbato</span> <span class='ocrx_word' id='word_1_313' title='bbox 732 2419 799 2443; x_wconf 85' lang='lat' dir='ltr'>non</span> <span class='ocrx_word' id='word_1_314' title='bbox 822 2409 919 2442; x_wconf 86' lang='lat' dir='ltr'>solvit</span> <span class='ocrx_word' id='word_1_315' title='bbox 942 2408 1052 2441; x_wconf 87' lang='lat' dir='ltr'>bovem</span> <span class='ocrx_word' id='word_1_316' title='bbox 1084 2417 1186 2440; x_wconf 87' lang='lat' dir='ltr'>suum</span> <span class='ocrx_word' id='word_1_317' title='bbox 1210 2410 1270 2440; x_wconf 88' lang='lat' dir='ltr'>aut</span> 
     </span>
     <span class='ocr_line' id='line_1_42' title="bbox 308 2460 1268 2505; baseline -0.003 -9"><span class='ocrx_word' id='word_1_318' title='bbox 308 2463 443 2496; x_wconf 85' lang='lat' dir='ltr'>asinum</span> <span class='ocrx_word' id='word_1_319' title='bbox 467 2473 490 2496; x_wconf 88' lang='lat' dir='ltr'>a</span> <span class='ocrx_word' id='word_1_320' title='bbox 517 2463 692 2505; x_wconf 82' lang='lat' dir='ltr'>praesepio</span> <span class='ocrx_word' id='word_1_321' title='bbox 724 2466 754 2495; x_wconf 88' lang='lat' dir='ltr'>et</span> <span class='ocrx_word' id='word_1_322' title='bbox 782 2462 875 2495; x_wconf 83' lang='lat' dir='ltr'>ducit</span> <span class='ocrx_word' id='word_1_323' title='bbox 904 2460 1108 2505; x_wconf 75' lang='lat' dir='ltr'>adaquare?</span> <span class='ocrx_word' id='word_1_324' title='bbox 1140 2460 1268 2493; x_wconf 90' lang='lat' dir='ltr'>Glossa:</span> 
     </span>
     <span class='ocr_line' id='line_1_43' title="bbox 314 2513 1270 2559; baseline -0.004 -11"><span class='ocrx_word' id='word_1_325' title='bbox 314 2529 329 2544; x_wconf 89' lang='lat'>«</span> <span class='ocrx_word' id='word_1_326' title='bbox 346 2516 455 2548; x_wconf 90' lang='lat' dir='ltr'>Merito</span> <span class='ocrx_word' id='word_1_327' title='bbox 471 2515 664 2559; x_wconf 77' lang='lat' dir='ltr'>hypocritas</span> <span class='ocrx_word' id='word_1_328' title='bbox 687 2515 888 2548; x_wconf 85' lang='lat' dir='ltr'>simulatores</span> <span class='ocrx_word' id='word_1_329' title='bbox 903 2517 1010 2552; x_wconf 87' lang='lat' dir='ltr'>vocat,</span> <span class='ocrx_word' id='word_1_330' title='bbox 1027 2513 1098 2555; x_wconf 89' lang='lat' dir='ltr'>qui,</span> <span class='ocrx_word' id='word_1_331' title='bbox 1116 2521 1188 2545; x_wconf 89' lang='lat' dir='ltr'>cum</span> <span class='ocrx_word' id='word_1_332' title='bbox 1204 2521 1270 2545; x_wconf 90' lang='lat' dir='ltr'>ma-</span> 
     </span>
     <span class='ocr_line' id='line_1_44' title="bbox 308 2565 1269 2611; baseline -0.004 -10"><span class='ocrx_word' id='word_1_333' title='bbox 308 2568 397 2611; x_wconf 82' lang='lat' dir='ltr'>gistri</span> <span class='ocrx_word' id='word_1_334' title='bbox 421 2568 561 2610; x_wconf 90' lang='lat' dir='ltr'>plebium</span> <span class='ocrx_word' id='word_1_335' title='bbox 578 2567 677 2600; x_wconf 89' lang='lat' dir='ltr'>videri</span> <span class='ocrx_word' id='word_1_336' title='bbox 701 2570 863 2609; x_wconf 88' lang='lat' dir='ltr'>appetant,</span> <span class='ocrx_word' id='word_1_337' title='bbox 886 2566 1079 2599; x_wconf 86' lang='lat' dir='ltr'>sanationem</span> <span class='ocrx_word' id='word_1_338' title='bbox 1105 2565 1269 2598; x_wconf 90' lang='lat' dir='ltr'>hominum</span> 
     </span>
     <span class='ocr_line' id='line_1_45' title="bbox 308 2618 1270 2662; baseline -0.002 -9"><span class='ocrx_word' id='word_1_339' title='bbox 308 2630 371 2653; x_wconf 90' lang='lat' dir='ltr'>non</span> <span class='ocrx_word' id='word_1_340' title='bbox 397 2624 546 2654; x_wconf 88' lang='lat' dir='ltr'>verentur</span> <span class='ocrx_word' id='word_1_341' title='bbox 577 2623 765 2662; x_wconf 82' lang='lat' dir='ltr'>postponere</span> <span class='ocrx_word' id='word_1_342' title='bbox 797 2628 892 2652; x_wconf 88' lang='lat' dir='ltr'>curae</span> <span class='ocrx_word' id='word_1_343' title='bbox 916 2627 1066 2661; x_wconf 85' lang='lat' dir='ltr'>pecorum</span> <span class='ocrx_word' id='word_1_344' title='bbox 1083 2631 1113 2649; x_wconf 66' lang='lat' dir='ltr'>n.</span> <span class='ocrx_word' id='word_1_345' title='bbox 1147 2618 1179 2650; x_wconf 88' lang='lat' dir='ltr'>ln</span> <span class='ocrx_word' id='word_1_346' title='bbox 1203 2618 1270 2651; x_wconf 88' lang='lat' dir='ltr'>istis</span> 
     </span>
     <span class='ocr_line' id='line_1_46' title="bbox 310 2670 1270 2716; baseline -0.002 -11"><span class='ocrx_word' id='word_1_347' title='bbox 310 2674 459 2716; x_wconf 92' lang='lat' dir='ltr'>impletur</span> <span class='ocrx_word' id='word_1_348' title='bbox 483 2672 560 2706; x_wconf 88' lang='lat' dir='ltr'>illud</span> <span class='ocrx_word' id='word_1_349' title='bbox 584 2673 678 2705; x_wconf 86' lang='lat' dir='ltr'>Isaiae</span> <span class='ocrx_word' id='word_1_350' title='bbox 702 2672 963 2715; x_wconf 86' lang='lat' dir='ltr'>quinquagesimo</span> <span class='ocrx_word' id='word_1_351' title='bbox 986 2670 1157 2713; x_wconf 75' lang='lat' dir='ltr'>septimo⁸z</span> <span class='ocrx_word' id='word_1_352' title='bbox 1189 2684 1204 2699; x_wconf 82' lang='lat'>«</span> <span class='ocrx_word' id='word_1_353' title='bbox 1221 2671 1270 2703; x_wconf 94' lang='lat' dir='ltr'>lu-</span> 
     </span>
    </p>
   </div>
   <div class='ocr_carea' id='block_1_8' title="bbox 313 2873 1272 3432">
    <p class='ocr_par' dir='ltr' id='par_1_8' title="bbox 384 2873 534 2898">
     <span class='ocr_line' id='line_1_47' title="bbox 384 2873 534 2898; baseline 0 0"><span class='ocrx_word' id='word_1_354' title='bbox 384 2873 391 2887; x_wconf 89' lang='lat'>¹</span> <span class='ocrx_word' id='word_1_355' title='bbox 414 2874 489 2898; x_wconf 71' lang='lat' dir='ltr'>Vere.</span> <span class='ocrx_word' id='word_1_356' title='bbox 509 2873 534 2898; x_wconf 94' lang='lat'>5.</span> 
     </span>
    </p>

    <p class='ocr_par' dir='ltr' id='par_1_9' title="bbox 383 2916 1217 2950">
     <span class='ocr_line' id='line_1_48' title="bbox 383 2916 1217 2950; baseline 0 -8"><span class='ocrx_word' id='word_1_357' title='bbox 383 2916 393 2931; x_wconf 79' lang='lat'>²</span> <span class='ocrx_word' id='word_1_358' title='bbox 415 2918 488 2942; x_wconf 88' lang='lat' dir='ltr'>Vers.</span> <span class='ocrx_word' id='word_1_359' title='bbox 507 2918 532 2943; x_wconf 87' lang='lat'>3.</span> <span class='ocrx_word' id='word_1_360' title='bbox 553 2917 608 2950; x_wconf 77' lang='lat' dir='ltr'>(cfr.</span> <span class='ocrx_word' id='word_1_361' title='bbox 629 2917 693 2943; x_wconf 86' lang='lat' dir='ltr'>ibid.</span> <span class='ocrx_word' id='word_1_362' title='bbox 713 2917 760 2947; x_wconf 55' lang='lat'>1¹6,</span> <span class='ocrx_word' id='word_1_363' title='bbox 781 2917 849 2949; x_wconf 83' lang='lat' dir='ltr'>3l.),</span> <span class='ocrx_word' id='word_1_364' title='bbox 870 2919 929 2948; x_wconf 86' lang='lat' dir='ltr'>post</span> <span class='ocrx_word' id='word_1_365' title='bbox 947 2923 1026 2949; x_wconf 86' lang='lat' dir='ltr'>quem</span> <span class='ocrx_word' id='word_1_366' title='bbox 1046 2917 1115 2942; x_wconf 86' lang='lat' dir='ltr'>loan.</span> <span class='ocrx_word' id='word_1_367' title='bbox 1130 2917 1153 2948; x_wconf 82' lang='lat'>9,</span> <span class='ocrx_word' id='word_1_368' title='bbox 1178 2917 1217 2942; x_wconf 88' lang='grc'>16.</span> 
     </span>
    </p>

    <p class='ocr_par' dir='ltr' id='par_1_10' title="bbox 313 2960 1270 3037">
     <span class='ocr_line' id='line_1_49' title="bbox 383 2960 1270 2992; baseline 0 -6"><span class='ocrx_word' id='word_1_369' title='bbox 383 2961 394 2977; x_wconf 71' lang='lat'>³</span> <span class='ocrx_word' id='word_1_370' title='bbox 414 2961 489 2986; x_wconf 87' lang='lat' dir='ltr'>Vers.</span> <span class='ocrx_word' id='word_1_371' title='bbox 510 2961 551 2986; x_wconf 79' lang='grc'>13.</span> <span class='ocrx_word' id='word_1_372' title='bbox 570 2964 595 2986; x_wconf 86' lang='lat' dir='ltr'>et</span> <span class='ocrx_word' id='word_1_373' title='bbox 617 2960 657 2986; x_wconf 72' lang='lat' dir='ltr'>tt.</span> <span class='ocrx_word' id='word_1_374' title='bbox 678 2974 711 2978; x_wconf 93' lang='lat'>—</span> <span class='ocrx_word' id='word_1_375' title='bbox 732 2960 849 2986; x_wconf 85' lang='lat' dir='ltr'>Subinde</span> <span class='ocrx_word' id='word_1_376' title='bbox 874 2960 1000 2991; x_wconf 78' lang='lat' dir='ltr'>allegatur</span> <span class='ocrx_word' id='word_1_377' title='bbox 1029 2960 1127 2986; x_wconf 86' lang='lat' dir='ltr'>Thren.</span> <span class='ocrx_word' id='word_1_378' title='bbox 1147 2961 1176 2992; x_wconf 79' lang='lat' dir='ltr'>l,</span> <span class='ocrx_word' id='word_1_379' title='bbox 1195 2961 1225 2992; x_wconf 90' lang='lat'>7,</span> <span class='ocrx_word' id='word_1_380' title='bbox 1244 2961 1270 2987; x_wconf 90' lang='lat' dir='ltr'>in</span> 
     </span>
     <span class='ocr_line' id='line_1_50' title="bbox 313 3004 717 3037; baseline 0 -8"><span class='ocrx_word' id='word_1_381' title='bbox 313 3012 366 3037; x_wconf 84' lang='lat' dir='ltr'>qno</span> <span class='ocrx_word' id='word_1_382' title='bbox 386 3011 434 3036; x_wconf 87' lang='lat' dir='ltr'>pro</span> <span class='ocrx_word' id='word_1_383' title='bbox 453 3004 509 3031; x_wconf 83' lang='lat' dir='ltr'>eius</span> <span class='ocrx_word' id='word_1_384' title='bbox 529 3004 638 3031; x_wconf 78' lang='lat' dir='ltr'><strong>ACDF</strong></span> <span class='ocrx_word' id='word_1_385' title='bbox 656 3011 717 3031; x_wconf 81' lang='lat' dir='ltr'>sua.</span> 
     </span>
    </p>

    <p class='ocr_par' dir='ltr' id='par_1_11' title="bbox 313 3048 1271 3170">
     <span class='ocr_line' id='line_1_51' title="bbox 384 3048 1271 3081; baseline 0.002 -7"><span class='ocrx_word' id='word_1_386' title='bbox 384 3048 395 3063; x_wconf 76' lang='lat'><strong>⁴</strong></span> <span class='ocrx_word' id='word_1_387' title='bbox 413 3048 465 3075; x_wconf 85' lang='lat' dir='ltr'>Csr.</span> <span class='ocrx_word' id='word_1_388' title='bbox 485 3056 564 3081; x_wconf 83' lang='lat' dir='ltr'>supra</span> <span class='ocrx_word' id='word_1_389' title='bbox 584 3056 610 3074; x_wconf 92' lang='lat' dir='ltr'>n.</span> <span class='ocrx_word' id='word_1_390' title='bbox 629 3049 671 3074; x_wconf 67' lang='lat'>21.</span> <span class='ocrx_word' id='word_1_391' title='bbox 690 3062 727 3068; x_wconf 90' lang='lat'>—</span> <span class='ocrx_word' id='word_1_392' title='bbox 753 3049 860 3074; x_wconf 72' lang='lat' dir='ltr'>Interius</span> <span class='ocrx_word' id='word_1_393' title='bbox 888 3049 1044 3074; x_wconf 84' lang='lat' dir='ltr'>retinuimus</span> <span class='ocrx_word' id='word_1_394' title='bbox 1072 3056 1132 3075; x_wconf 88' lang='lat' dir='ltr'>cum</span> <span class='ocrx_word' id='word_1_395' title='bbox 1163 3049 1218 3075; x_wconf 85' lang='lat' dir='ltr'>Vat.</span> <span class='ocrx_word' id='word_1_396' title='bbox 1246 3053 1271 3076; x_wconf 89' lang='lat' dir='ltr'>et</span> 
     </span>
     <span class='ocr_line' id='line_1_52' title="bbox 313 3092 1270 3126; baseline 0.001 -8"><span class='ocrx_word' id='word_1_397' title='bbox 313 3094 443 3119; x_wconf 87' lang='lat' dir='ltr'>nonnullis</span> <span class='ocrx_word' id='word_1_398' title='bbox 462 3094 548 3124; x_wconf 74' lang='lat' dir='ltr'>codd„</span> <span class='ocrx_word' id='word_1_399' title='bbox 573 3097 601 3119; x_wconf 89' lang='lat' dir='ltr'>ut</span> <span class='ocrx_word' id='word_1_400' title='bbox 624 3094 642 3119; x_wconf 87' lang='lat' dir='ltr'><strong>F</strong></span> <span class='ocrx_word' id='word_1_401' title='bbox 657 3094 694 3124; x_wconf 82' lang='lat' dir='ltr'>H,</span> <span class='ocrx_word' id='word_1_402' title='bbox 722 3092 901 3125; x_wconf 77' lang='lat' dir='ltr'>rationabile,·</span> <span class='ocrx_word' id='word_1_403' title='bbox 920 3093 963 3118; x_wconf 89' lang='lat' dir='ltr'>alii</span> <span class='ocrx_word' id='word_1_404' title='bbox 983 3093 1024 3119; x_wconf 85' lang='lat' dir='ltr'>vel</span> <span class='ocrx_word' id='word_1_405' title='bbox 1051 3093 1200 3126; x_wconf 84' lang='lat' dir='ltr'>rationale,</span> <span class='ocrx_word' id='word_1_406' title='bbox 1229 3094 1270 3120; x_wconf 89' lang='lat' dir='ltr'>vel</span> 
     </span>
     <span class='ocr_line' id='line_1_53' title="bbox 314 3137 1052 3170; baseline 0 -7"><span class='ocrx_word' id='word_1_407' title='bbox 314 3141 373 3163; x_wconf 84' lang='lat' dir='ltr'>sunt</span> <span class='ocrx_word' id='word_1_408' title='bbox 392 3138 489 3163; x_wconf 82' lang='lat' dir='ltr'>dubiae</span> <span class='ocrx_word' id='word_1_409' title='bbox 507 3138 637 3170; x_wconf 83' lang='lat' dir='ltr'>lectionis;</span> <span class='ocrx_word' id='word_1_410' title='bbox 658 3138 727 3164; x_wconf 90' lang='lat' dir='ltr'>idem</span> <span class='ocrx_word' id='word_1_411' title='bbox 747 3138 858 3164; x_wconf 84' lang='lat' dir='ltr'>recurrit</span> <span class='ocrx_word' id='word_1_412' title='bbox 875 3137 941 3163; x_wconf 78' lang='lat' dir='ltr'>infra</span> <span class='ocrx_word' id='word_1_413' title='bbox 961 3144 987 3163; x_wconf 92' lang='lat' dir='ltr'>n.</span> <span class='ocrx_word' id='word_1_414' title='bbox 1008 3137 1052 3163; x_wconf 88' lang='grc'>31.</span> 
     </span>
    </p>

    <p class='ocr_par' dir='ltr' id='par_1_12' title="bbox 385 3180 1128 3216">
     <span class='ocr_line' id='line_1_54' title="bbox 385 3180 1128 3216; baseline 0.001 -9"><span class='ocrx_word' id='word_1_415' title='bbox 385 3180 396 3195; x_wconf 77' lang='lat'><strong>⁰</strong></span> <span class='ocrx_word' id='word_1_416' title='bbox 414 3182 526 3213; x_wconf 82' lang='lat' dir='ltr'>Vulgata</span> <span class='ocrx_word' id='word_1_417' title='bbox 546 3181 715 3216; x_wconf 81' lang='lat' dir='ltr'>Hypocritae.</span> <span class='ocrx_word' id='word_1_418' title='bbox 733 3195 769 3201; x_wconf 92' lang='lat'>—</span> <span class='ocrx_word' id='word_1_419' title='bbox 787 3182 911 3215; x_wconf 84' lang='lat' dir='ltr'>Sequitur</span> <span class='ocrx_word' id='word_1_420' title='bbox 930 3181 1017 3207; x_wconf 87' lang='lat' dir='ltr'>Matth.</span> <span class='ocrx_word' id='word_1_421' title='bbox 1035 3181 1066 3213; x_wconf 89' lang='lat'>7,</span> <span class='ocrx_word' id='word_1_422' title='bbox 1086 3182 1128 3208; x_wconf 80' lang='lat'>29.</span> 
     </span>
    </p>

    <p class='ocr_par' dir='ltr' id='par_1_13' title="bbox 314 3223 1271 3304">
     <span class='ocr_line' id='line_1_55' title="bbox 385 3223 1270 3259; baseline 0.002 -8"><span class='ocrx_word' id='word_1_423' title='bbox 385 3223 397 3239; x_wconf 66' lang='grc' dir='ltr'><strong>θ</strong></span> <span class='ocrx_word' id='word_1_424' title='bbox 417 3226 491 3251; x_wconf 84' lang='lat' dir='ltr'>Vers.</span> <span class='ocrx_word' id='word_1_425' title='bbox 511 3225 534 3251; x_wconf 73' lang='lat' dir='ltr'>t.</span> <span class='ocrx_word' id='word_1_426' title='bbox 553 3239 590 3245; x_wconf 89' lang='lat'><strong>—</strong></span> <span class='ocrx_word' id='word_1_427' title='bbox 608 3227 758 3259; x_wconf 84' lang='lat' dir='ltr'>Sequuntur</span> <span class='ocrx_word' id='word_1_428' title='bbox 783 3226 858 3252; x_wconf 81' lang='lat' dir='ltr'>Eccll.</span> <span class='ocrx_word' id='word_1_429' title='bbox 886 3226 914 3258; x_wconf 75' lang='lat' dir='ltr'>l,</span> <span class='ocrx_word' id='word_1_430' title='bbox 934 3225 976 3251; x_wconf 87' lang='grc'>37.</span> <span class='ocrx_word' id='word_1_431' title='bbox 996 3228 1021 3252; x_wconf 88' lang='lat' dir='ltr'>et</span> <span class='ocrx_word' id='word_1_432' title='bbox 1046 3226 1090 3257; x_wconf 81' lang='grc'>39.</span> <span class='ocrx_word' id='word_1_433' title='bbox 1107 3239 1143 3246; x_wconf 90' lang='grc'><strong>-</strong></span> <span class='ocrx_word' id='word_1_434' title='bbox 1162 3227 1270 3253; x_wconf 79' lang='lat' dir='ltr'>interius</span> 
     </span>
     <span class='ocr_line' id='line_1_56' title="bbox 314 3269 1271 3304; baseline 0.001 -9"><span class='ocrx_word' id='word_1_435' title='bbox 314 3276 363 3302; x_wconf 81' lang='lat' dir='ltr'>pro</span> <span class='ocrx_word' id='word_1_436' title='bbox 381 3269 451 3296; x_wconf 72' lang='lat' dir='ltr'>sicut</span> <span class='ocrx_word' id='word_1_437' title='bbox 467 3270 528 3303; x_wconf 80' lang='lat' dir='ltr'>fecit</span> <span class='ocrx_word' id='word_1_438' title='bbox 547 3269 610 3297; x_wconf 86' lang='lat' dir='ltr'>huic</span> <span class='ocrx_word' id='word_1_439' title='bbox 629 3270 673 3303; x_wconf 75' lang='lat' dir='ltr'>(ita</span> <span class='ocrx_word' id='word_1_440' title='bbox 693 3270 726 3303; x_wconf 92' lang='lat' dir='ltr'>D)</span> <span class='ocrx_word' id='word_1_441' title='bbox 745 3269 787 3296; x_wconf 85' lang='lat' dir='ltr'>alii</span> <span class='ocrx_word' id='word_1_442' title='bbox 807 3269 885 3296; x_wconf 83' lang='lat' dir='ltr'>codd.</span> <span class='ocrx_word' id='word_1_443' title='bbox 905 3272 931 3295; x_wconf 91' lang='lat' dir='ltr'>et</span> <span class='ocrx_word' id='word_1_444' title='bbox 950 3270 1009 3295; x_wconf 75' lang='lat' dir='ltr'>Vnt.</span> <span class='ocrx_word' id='word_1_445' title='bbox 1027 3269 1098 3297; x_wconf 74' lang='lat' dir='ltr'>sicut</span> <span class='ocrx_word' id='word_1_446' title='bbox 1115 3270 1177 3304; x_wconf 81' lang='lat' dir='ltr'>fecit</span> <span class='ocrx_word' id='word_1_447' title='bbox 1189 3269 1271 3298; x_wconf 76' lang='lat' dir='ltr'>hunc.</span> 
     </span>
    </p>

    <p class='ocr_par' dir='ltr' id='par_1_14' title="bbox 315 3311 1272 3432">
     <span class='ocr_line' id='line_1_57' title="bbox 385 3311 1272 3346; baseline 0.002 -7"><span class='ocrx_word' id='word_1_448' title='bbox 385 3311 395 3326; x_wconf 94' lang='lat'>⁷</span> <span class='ocrx_word' id='word_1_449' title='bbox 416 3313 474 3339; x_wconf 85' lang='lat' dir='ltr'>Vat.</span> <span class='ocrx_word' id='word_1_450' title='bbox 488 3320 548 3339; x_wconf 89' lang='lat' dir='ltr'>cum</span> <span class='ocrx_word' id='word_1_451' title='bbox 563 3314 674 3346; x_wconf 83' lang='lat' dir='ltr'>Vulgata</span> <span class='ocrx_word' id='word_1_452' title='bbox 695 3313 790 3340; x_wconf 89' lang='lat' dir='ltr'>omittit</span> <span class='ocrx_word' id='word_1_453' title='bbox 808 3313 845 3340; x_wconf 88' lang='lat' dir='ltr'>in.</span> <span class='ocrx_word' id='word_1_454' title='bbox 858 3327 891 3332; x_wconf 89' lang='lat'>-—</span> <span class='ocrx_word' id='word_1_455' title='bbox 904 3313 995 3339; x_wconf 82' lang='lat' dir='ltr'>Glossa</span> <span class='ocrx_word' id='word_1_456' title='bbox 1008 3320 1063 3346; x_wconf 86' lang='lat' dir='ltr'>seq.</span> <span class='ocrx_word' id='word_1_457' title='bbox 1077 3317 1116 3340; x_wconf 81' lang='lat' dir='ltr'>est</span> <span class='ocrx_word' id='word_1_458' title='bbox 1129 3313 1272 3341; x_wconf 78' lang='lat' dir='ltr'>ordinaria</span> 
     </span>
     <span class='ocr_line' id='line_1_58' title="bbox 316 3356 1272 3390; baseline 0.002 -8"><span class='ocrx_word' id='word_1_459' title='bbox 316 3357 357 3387; x_wconf 83' lang='lat' dir='ltr'>&lt;ex</span> <span class='ocrx_word' id='word_1_460' title='bbox 375 3356 473 3390; x_wconf 83' lang='lat' dir='ltr'>Beda),</span> <span class='ocrx_word' id='word_1_461' title='bbox 491 3356 517 3383; x_wconf 87' lang='lat' dir='ltr'>ln</span> <span class='ocrx_word' id='word_1_462' title='bbox 536 3363 588 3390; x_wconf 85' lang='lat' dir='ltr'>qua</span> <span class='ocrx_word' id='word_1_463' title='bbox 608 3357 629 3383; x_wconf 83' lang='grc' dir='ltr'>Η</span> <span class='ocrx_word' id='word_1_464' title='bbox 649 3364 710 3383; x_wconf 88' lang='lat' dir='ltr'>cum</span> <span class='ocrx_word' id='word_1_465' title='bbox 725 3359 794 3384; x_wconf 81' lang='lat' dir='ltr'>textu</span> <span class='ocrx_word' id='word_1_466' title='bbox 808 3356 928 3389; x_wconf 80' lang='lat' dir='ltr'>originali</span> <span class='ocrx_word' id='word_1_467' title='bbox 941 3356 1000 3383; x_wconf 81' lang='lat' dir='ltr'>voci</span> <span class='ocrx_word' id='word_1_468' title='bbox 1014 3356 1187 3384; x_wconf 75' lang='lat' dir='ltr'>simulatores</span> <span class='ocrx_word' id='word_1_469' title='bbox 1199 3363 1272 3390; x_wconf 82' lang='lat' dir='ltr'>prae·</span> 
     </span>
     <span class='ocr_line' id='line_1_59' title="bbox 315 3399 483 3432; baseline 0.006 -6"><span class='ocrx_word' id='word_1_470' title='bbox 315 3401 372 3432; x_wconf 78' lang='lat' dir='ltr'>tigit</span> <span class='ocrx_word' id='word_1_471' title='bbox 391 3399 419 3427; x_wconf 80' lang='lat' dir='ltr'>id</span> <span class='ocrx_word' id='word_1_472' title='bbox 436 3402 483 3427; x_wconf 75' lang='lat' dir='ltr'>est.</span> 
     </span>
    </p>
   </div>
   <div class='ocr_carea' id='block_1_9' title="bbox 894 248 1710 286">
    <p class='ocr_par' dir='ltr' id='par_1_15' title="bbox 894 248 1710 286">
     <span class='ocr_line' id='line_1_60' title="bbox 894 248 1710 286; baseline -0.007 0"><span class='ocrx_word' id='word_1_473' title='bbox 894 253 1089 286; x_wconf 87' lang='lat' dir='ltr'>COMMENT.</span> <span class='ocrx_word' id='word_1_474' title='bbox 1114 252 1151 284; x_wconf 88' lang='lat' dir='ltr'>IN</span> <span class='ocrx_word' id='word_1_475' title='bbox 1175 249 1414 284; x_wconf 79' lang='lat' dir='ltr'>EVANGELIUM</span> <span class='ocrx_word' id='word_1_476' title='bbox 1438 248 1556 282; x_wconf 83' lang='lat' dir='ltr'><strong>LUCAE</strong></span> <span class='ocrx_word' id='word_1_477' title='bbox 1580 248 1612 281; x_wconf 92' lang='lat' dir='ltr'>C.</span> <span class='ocrx_word' id='word_1_478' title='bbox 1637 248 1710 281; x_wconf 88' lang='lat' dir='ltr'>Xlll.</span> 
     </span>
    </p>
   </div>
   <div class='ocr_carea' id='block_1_10' title="bbox 1329 334 2301 2716">
    <p class='ocr_par' dir='ltr' id='par_1_16' title="bbox 1329 334 2294 644">
     <span class='ocr_line' id='line_1_61' title="bbox 1330 334 2291 379; baseline -0.002 -9"><span class='ocrx_word' id='word_1_479' title='bbox 1330 340 1398 370; x_wconf 89' lang='lat' dir='ltr'>stus</span> <span class='ocrx_word' id='word_1_480' title='bbox 1421 337 1522 378; x_wconf 89' lang='lat' dir='ltr'>perit,</span> <span class='ocrx_word' id='word_1_481' title='bbox 1547 339 1578 370; x_wconf 94' lang='lat' dir='ltr'>et</span> <span class='ocrx_word' id='word_1_482' title='bbox 1601 345 1663 369; x_wconf 91' lang='lat' dir='ltr'>non</span> <span class='ocrx_word' id='word_1_483' title='bbox 1687 339 1735 370; x_wconf 86' lang='lat' dir='ltr'>est</span> <span class='ocrx_word' id='word_1_484' title='bbox 1758 336 1813 379; x_wconf 86' lang='lat' dir='ltr'>qui</span> <span class='ocrx_word' id='word_1_485' title='bbox 1831 335 1982 378; x_wconf 84' lang='lat' dir='ltr'>recogitet</span> <span class='ocrx_word' id='word_1_486' title='bbox 2004 335 2036 368; x_wconf 92' lang='lat' dir='ltr'>in</span> <span class='ocrx_word' id='word_1_487' title='bbox 2061 334 2155 368; x_wconf 92' lang='lat' dir='ltr'>corde</span> <span class='ocrx_word' id='word_1_488' title='bbox 2178 344 2237 368; x_wconf 90' lang='lat' dir='ltr'>suo</span> <span class='ocrx_word' id='word_1_489' title='bbox 2260 348 2291 368; x_wconf 75' lang='lat' dir='ltr'>n.</span> 
     </span>
     <span class='ocr_line' id='line_1_62' title="bbox 1331 387 2293 431; baseline -0.002 -9"><span class='ocrx_word' id='word_1_490' title='bbox 1331 390 1366 422; x_wconf 89' lang='lat' dir='ltr'>Et</span> <span class='ocrx_word' id='word_1_491' title='bbox 1382 389 1460 422; x_wconf 85' lang='lat' dir='ltr'>illud</span> <span class='ocrx_word' id='word_1_492' title='bbox 1483 389 1576 422; x_wconf 90' lang='lat' dir='ltr'>etiam</span> <span class='ocrx_word' id='word_1_493' title='bbox 1593 389 1686 422; x_wconf 90' lang='lat' dir='ltr'>hodie</span> <span class='ocrx_word' id='word_1_494' title='bbox 1709 389 1834 431; x_wconf 91' lang='lat' dir='ltr'>impleri</span> <span class='ocrx_word' id='word_1_495' title='bbox 1850 388 1994 427; x_wconf 84' lang='lat' dir='ltr'>videtur,</span> <span class='ocrx_word' id='word_1_496' title='bbox 2019 387 2194 421; x_wconf 89' lang='lat' dir='ltr'>secundum</span> <span class='ocrx_word' id='word_1_497' title='bbox 2214 388 2293 421; x_wconf 89' lang='lat' dir='ltr'>illud</span> 
     </span>
     <span class='ocr_line' id='line_1_63' title="bbox 1329 440 2293 483; baseline -0.001 -8"><span class='ocrx_word' id='word_1_498' title='bbox 1329 442 1497 476; x_wconf 85' lang='lat' dir='ltr'>Bernardi:</span> <span class='ocrx_word' id='word_1_499' title='bbox 1523 455 1539 471; x_wconf 74' lang='grc' dir='ltr'><em>α</em></span> <span class='ocrx_word' id='word_1_500' title='bbox 1556 442 1640 475; x_wconf 87' lang='lat' dir='ltr'>Perit</span> <span class='ocrx_word' id='word_1_501' title='bbox 1658 442 1776 481; x_wconf 89' lang='lat' dir='ltr'>anima,</span> <span class='ocrx_word' id='word_1_502' title='bbox 1800 445 1832 475; x_wconf 91' lang='lat' dir='ltr'>et</span> <span class='ocrx_word' id='word_1_503' title='bbox 1855 451 1918 474; x_wconf 91' lang='lat' dir='ltr'>non</span> <span class='ocrx_word' id='word_1_504' title='bbox 1941 444 1989 474; x_wconf 89' lang='lat' dir='ltr'>est</span> <span class='ocrx_word' id='word_1_505' title='bbox 2009 441 2065 483; x_wconf 88' lang='lat' dir='ltr'>qui</span> <span class='ocrx_word' id='word_1_506' title='bbox 2088 444 2193 480; x_wconf 90' lang='lat' dir='ltr'>curet;</span> <span class='ocrx_word' id='word_1_507' title='bbox 2211 440 2293 474; x_wconf 90' lang='lat' dir='ltr'>cadit</span> 
     </span>
     <span class='ocr_line' id='line_1_64' title="bbox 1329 495 2294 538; baseline -0.001 -10"><span class='ocrx_word' id='word_1_508' title='bbox 1329 496 1433 535; x_wconf 86' lang='lat' dir='ltr'>asina,</span> <span class='ocrx_word' id='word_1_509' title='bbox 1457 499 1488 529; x_wconf 92' lang='lat' dir='ltr'>et</span> <span class='ocrx_word' id='word_1_510' title='bbox 1511 499 1559 528; x_wconf 88' lang='lat' dir='ltr'>est</span> <span class='ocrx_word' id='word_1_511' title='bbox 1574 496 1628 538; x_wconf 90' lang='lat' dir='ltr'>qui</span> <span class='ocrx_word' id='word_1_512' title='bbox 1654 495 1844 528; x_wconf 81' lang='lat' dir='ltr'>sublevet».</span> <span class='ocrx_word' id='word_1_513' title='bbox 1864 495 2082 538; x_wconf 80' lang='lat' dir='ltr'>Hypoeritam</span> <span class='ocrx_word' id='word_1_514' title='bbox 2106 503 2183 537; x_wconf 85' lang='lat' dir='ltr'>ergo</span> <span class='ocrx_word' id='word_1_515' title='bbox 2203 497 2294 527; x_wconf 88' lang='lat' dir='ltr'>vocat</span> 
     </span>
     <span class='ocr_line' id='line_1_65' title="bbox 1330 547 2292 592; baseline -0.001 -10"><span class='ocrx_word' id='word_1_516' title='bbox 1330 558 1403 582; x_wconf 91' lang='lat' dir='ltr'>eum</span> <span class='ocrx_word' id='word_1_517' title='bbox 1416 549 1482 592; x_wconf 86' lang='lat' dir='ltr'>qui,</span> <span class='ocrx_word' id='word_1_518' title='bbox 1496 549 1597 582; x_wconf 92' lang='lat' dir='ltr'>zelum</span> <span class='ocrx_word' id='word_1_519' title='bbox 1614 548 1703 591; x_wconf 87' lang='lat' dir='ltr'>Legis</span> <span class='ocrx_word' id='word_1_520' title='bbox 1723 549 1886 587; x_wconf 84' lang='lat' dir='ltr'>simulans,</span> <span class='ocrx_word' id='word_1_521' title='bbox 1902 548 2002 590; x_wconf 88' lang='lat' dir='ltr'>magis</span> <span class='ocrx_word' id='word_1_522' title='bbox 2017 551 2109 581; x_wconf 82' lang='lat' dir='ltr'>curat</span> <span class='ocrx_word' id='word_1_523' title='bbox 2124 547 2163 581; x_wconf 91' lang='lat' dir='ltr'>de</span> <span class='ocrx_word' id='word_1_524' title='bbox 2178 556 2292 588; x_wconf 85' lang='lat' dir='ltr'>pecore</span> 
     </span>
     <span class='ocr_line' id='line_1_66' title="bbox 1329 601 1853 644; baseline -0.002 -9"><span class='ocrx_word' id='word_1_525' title='bbox 1329 603 1379 635; x_wconf 88' lang='lat' dir='ltr'>vel</span> <span class='ocrx_word' id='word_1_526' title='bbox 1403 602 1537 644; x_wconf 86' lang='lat' dir='ltr'>pecunia</span> <span class='ocrx_word' id='word_1_527' title='bbox 1559 610 1655 644; x_wconf 89' lang='lat' dir='ltr'>quam</span> <span class='ocrx_word' id='word_1_528' title='bbox 1678 601 1717 634; x_wconf 92' lang='lat' dir='ltr'>de</span> <span class='ocrx_word' id='word_1_529' title='bbox 1739 602 1853 634; x_wconf 90' lang='lat' dir='ltr'>anima.</span> 
     </span>
    </p>

    <p class='ocr_par' dir='ltr' id='par_1_17' title="bbox 1330 654 2301 2555">
     <span class='ocr_line' id='line_1_67' title="bbox 1420 654 2292 697; baseline -0.001 -9"><span class='ocrx_word' id='word_1_530' title='bbox 1420 655 1472 688; x_wconf 87' lang='lat'>31.</span> <span class='ocrx_word' id='word_1_531' title='bbox 1508 655 1610 697; x_wconf 89' lang='lat' dir='ltr'>(Vers.</span> <span class='ocrx_word' id='word_1_532' title='bbox 1650 655 1724 695; x_wconf 88' lang='lat'>16.).</span> <span class='ocrx_word' id='word_1_533' title='bbox 1761 654 1922 694; x_wconf 89' lang='lat' dir='ltr'>Secundo,</span> <span class='ocrx_word' id='word_1_534' title='bbox 1954 654 2081 688; x_wconf 86' lang='lat' dir='ltr'>eliciens</span> <span class='ocrx_word' id='word_1_535' title='bbox 2112 663 2292 697; x_wconf 63' lang='lat' dir='ltr'>argumen-</span> 
     </span>
     <span class='ocr_line' id='line_1_68' title="bbox 1331 707 2293 750; baseline -0.001 -9"><span class='ocrx_word' id='word_1_536' title='bbox 1331 712 1402 741; x_wconf 85' lang='lat' dir='ltr'>tum</span> <span class='ocrx_word' id='word_1_537' title='bbox 1419 708 1595 747; x_wconf 85' lang='lat' dir='ltr'>rationale,</span> <span class='ocrx_word' id='word_1_538' title='bbox 1620 708 1800 750; x_wconf 82' lang='lat' dir='ltr'>subiungit:</span> <span class='ocrx_word' id='word_1_539' title='bbox 1818 708 1916 740; x_wconf 85' lang='lat' dir='ltr'>Hane</span> <span class='ocrx_word' id='word_1_540' title='bbox 1930 711 2043 741; x_wconf 89' lang='lat' dir='ltr'>autem</span> <span class='ocrx_word' id='word_1_541' title='bbox 2058 707 2167 749; x_wconf 75' lang='lat' dir='ltr'>filiam</span> <span class='ocrx_word' id='word_1_542' title='bbox 2184 707 2293 740; x_wconf 84' lang='lat' dir='ltr'>Abra-</span> 
     </span>
     <span class='ocr_line' id='line_1_69' title="bbox 1331 759 2293 805; baseline 0 -12"><span class='ocrx_word' id='word_1_543' title='bbox 1331 759 1411 799; x_wconf 85' lang='lat' dir='ltr'>hae,</span> <span class='ocrx_word' id='word_1_544' title='bbox 1442 770 1545 805; x_wconf 88' lang='lat' dir='ltr'>quam</span> <span class='ocrx_word' id='word_1_545' title='bbox 1569 760 1722 803; x_wconf 76' lang='lat' dir='ltr'>alliyavit</span> <span class='ocrx_word' id='word_1_546' title='bbox 1743 764 1902 799; x_wconf 70' lang='lat' dir='ltr'>satanas,</span> <span class='ocrx_word' id='word_1_547' title='bbox 1926 769 2007 799; x_wconf 85' lang='lat' dir='ltr'>ecee,</span> <span class='ocrx_word' id='word_1_548' title='bbox 2040 760 2148 793; x_wconf 82' lang='lat' dir='ltr'>decem</span> <span class='ocrx_word' id='word_1_549' title='bbox 2172 764 2201 793; x_wconf 88' lang='lat' dir='ltr'>et</span> <span class='ocrx_word' id='word_1_550' title='bbox 2223 764 2293 793; x_wconf 83' lang='lat' dir='ltr'>octo</span> 
     </span>
     <span class='ocr_line' id='line_1_70' title="bbox 1330 812 2301 856; baseline 0 -9"><span class='ocrx_word' id='word_1_551' title='bbox 1330 814 1450 853; x_wconf 83' lang='lat' dir='ltr'>annis,</span> <span class='ocrx_word' id='word_1_552' title='bbox 1474 813 1526 847; x_wconf 92' lang='lat' dir='ltr'>cui</span> <span class='ocrx_word' id='word_1_553' title='bbox 1549 813 1684 847; x_wconf 88' lang='lat' dir='ltr'>debetur</span> <span class='ocrx_word' id='word_1_554' title='bbox 1707 812 1938 852; x_wconf 88' lang='lat' dir='ltr'>misericordia,</span> <span class='ocrx_word' id='word_1_555' title='bbox 1962 816 1994 847; x_wconf 87' lang='lat' dir='ltr'>et</span> <span class='ocrx_word' id='word_1_556' title='bbox 2017 813 2092 856; x_wconf 87' lang='lat' dir='ltr'>quia</span> <span class='ocrx_word' id='word_1_557' title='bbox 2114 814 2230 847; x_wconf 91' lang='lat' dir='ltr'>mulier</span> <span class='ocrx_word' id='word_1_558' title='bbox 2246 814 2301 847; x_wconf 72' lang='lat' dir='ltr'>in-‘</span> 
     </span>
     <span class='ocr_line' id='line_1_71' title="bbox 1330 866 2294 909; baseline 0 -9"><span class='ocrx_word' id='word_1_559' title='bbox 1330 867 1423 900; x_wconf 85' lang='lat' dir='ltr'>firma</span> <span class='ocrx_word' id='word_1_560' title='bbox 1454 876 1496 900; x_wconf 85' lang='lat' dir='ltr'>ex</span> <span class='ocrx_word' id='word_1_561' title='bbox 1528 875 1628 905; x_wconf 89' lang='lat' dir='ltr'>sexu;</span> <span class='ocrx_word' id='word_1_562' title='bbox 1661 866 1782 908; x_wconf 88' lang='lat' dir='ltr'>primae</span> <span class='ocrx_word' id='word_1_563' title='bbox 1814 866 1897 899; x_wconf 88' lang='lat' dir='ltr'>Petri</span> <span class='ocrx_word' id='word_1_564' title='bbox 1925 866 2066 899; x_wconf 80' lang='lat' dir='ltr'>tertio⁹z</span> <span class='ocrx_word' id='word_1_565' title='bbox 2096 867 2223 909; x_wconf 78' lang='lat' dir='ltr'>«Quasi</span> <span class='ocrx_word' id='word_1_566' title='bbox 2246 867 2294 900; x_wconf 87' lang='lat' dir='ltr'>in-</span> 
     </span>
     <span class='ocr_line' id='line_1_72' title="bbox 1331 919 2294 961; baseline 0.001 -8"><span class='ocrx_word' id='word_1_567' title='bbox 1331 920 1464 953; x_wconf 87' lang='lat' dir='ltr'>firmiori</span> <span class='ocrx_word' id='word_1_568' title='bbox 1488 920 1615 953; x_wconf 89' lang='lat' dir='ltr'>vasculo</span> <span class='ocrx_word' id='word_1_569' title='bbox 1636 919 1784 952; x_wconf 90' lang='lat' dir='ltr'>muliebri</span> <span class='ocrx_word' id='word_1_570' title='bbox 1800 919 2017 961; x_wconf 88' lang='lat' dir='ltr'>impartientes</span> <span class='ocrx_word' id='word_1_571' title='bbox 2040 920 2192 953; x_wconf 89' lang='lat' dir='ltr'>honorem</span> <span class='ocrx_word' id='word_1_572' title='bbox 2210 933 2246 960; x_wconf 75' lang='lat'>»;</span> <span class='ocrx_word' id='word_1_573' title='bbox 2263 925 2294 954; x_wconf 93' lang='lat' dir='ltr'>et</span> 
     </span>
     <span class='ocr_line' id='line_1_73' title="bbox 1330 972 2294 1016; baseline 0.001 -11"><span class='ocrx_word' id='word_1_574' title='bbox 1330 973 1406 1016; x_wconf 83' lang='lat' dir='ltr'>quia</span> <span class='ocrx_word' id='word_1_575' title='bbox 1421 973 1547 1005; x_wconf 84' lang='lat' dir='ltr'>infirma</span> <span class='ocrx_word' id='word_1_576' title='bbox 1570 982 1611 1006; x_wconf 85' lang='lat' dir='ltr'>ex</span> <span class='ocrx_word' id='word_1_577' title='bbox 1628 972 1831 1015; x_wconf 89' lang='lat' dir='ltr'>oppressione</span> <span class='ocrx_word' id='word_1_578' title='bbox 1850 972 2025 1012; x_wconf 87' lang='lat' dir='ltr'>daemonis;</span> <span class='ocrx_word' id='word_1_579' title='bbox 2042 973 2127 1006; x_wconf 90' lang='lat' dir='ltr'>unde</span> <span class='ocrx_word' id='word_1_580' title='bbox 2147 974 2294 1007; x_wconf 87' lang='lat' dir='ltr'>Matthaei</span> 
     </span>
     <span class='ocr_line' id='line_1_74' title="bbox 1330 1025 2293 1069; baseline 0.001 -10"><span class='ocrx_word' id='word_1_581' title='bbox 1330 1026 1451 1059; x_wconf 87' lang='lat' dir='ltr'>decimo</span> <span class='ocrx_word' id='word_1_582' title='bbox 1467 1026 1579 1068; x_wconf 84' lang='lat' dir='ltr'>quinto</span> <span class='ocrx_word' id='word_1_583' title='bbox 1592 1026 1632 1058; x_wconf 88' lang='lat'>¹⁰:</span> <span class='ocrx_word' id='word_1_584' title='bbox 1663 1039 1679 1055; x_wconf 72' lang='grc' dir='ltr'>(ι</span> <span class='ocrx_word' id='word_1_585' title='bbox 1695 1026 1843 1059; x_wconf 90' lang='lat' dir='ltr'>Miserere</span> <span class='ocrx_word' id='word_1_586' title='bbox 1859 1025 1935 1065; x_wconf 91' lang='lat' dir='ltr'>mei,</span> <span class='ocrx_word' id='word_1_587' title='bbox 1952 1025 1996 1058; x_wconf 87' lang='lat' dir='ltr'>fili</span> <span class='ocrx_word' id='word_1_588' title='bbox 2013 1026 2121 1065; x_wconf 91' lang='lat' dir='ltr'>David,</span> <span class='ocrx_word' id='word_1_589' title='bbox 2138 1027 2213 1069; x_wconf 89' lang='lat' dir='ltr'>quia</span> <span class='ocrx_word' id='word_1_590' title='bbox 2228 1027 2293 1060; x_wconf 88' lang='lat' dir='ltr'>filia</span> 
     </span>
     <span class='ocr_line' id='line_1_75' title="bbox 1330 1078 2295 1121; baseline 0 -9"><span class='ocrx_word' id='word_1_591' title='bbox 1330 1088 1401 1112; x_wconf 91' lang='lat' dir='ltr'>mea</span> <span class='ocrx_word' id='word_1_592' title='bbox 1424 1080 1505 1112; x_wconf 86' lang='lat' dir='ltr'>male</span> <span class='ocrx_word' id='word_1_593' title='bbox 1528 1088 1547 1112; x_wconf 90' lang='lat' dir='ltr'>a</span> <span class='ocrx_word' id='word_1_594' title='bbox 1570 1078 1734 1112; x_wconf 92' lang='lat' dir='ltr'>daemonio</span> <span class='ocrx_word' id='word_1_595' title='bbox 1749 1082 1886 1112; x_wconf 84' lang='lat' dir='ltr'>vexatur</span> <span class='ocrx_word' id='word_1_596' title='bbox 1903 1090 1938 1118; x_wconf 76' lang='lat'>»3</span> <span class='ocrx_word' id='word_1_597' title='bbox 1963 1078 2038 1121; x_wconf 88' lang='lat' dir='ltr'>quia</span> <span class='ocrx_word' id='word_1_598' title='bbox 2053 1078 2148 1112; x_wconf 88' lang='lat' dir='ltr'>etiam</span> <span class='ocrx_word' id='word_1_599' title='bbox 2172 1082 2241 1112; x_wconf 89' lang='lat' dir='ltr'>erat</span> <span class='ocrx_word' id='word_1_600' title='bbox 2255 1080 2295 1113; x_wconf 89' lang='lat' dir='ltr'>de</span> 
     </span>
     <span class='ocr_line' id='line_1_76' title="bbox 1330 1131 2294 1174; baseline -0.001 -8"><span class='ocrx_word' id='word_1_601' title='bbox 1330 1133 1449 1166; x_wconf 89' lang='lat' dir='ltr'>semine</span> <span class='ocrx_word' id='word_1_602' title='bbox 1465 1132 1624 1172; x_wconf 79' lang='lat' dir='ltr'>Abrabae,</span> <span class='ocrx_word' id='word_1_603' title='bbox 1648 1140 1744 1174; x_wconf 90' lang='lat' dir='ltr'>quem</span> <span class='ocrx_word' id='word_1_604' title='bbox 1761 1132 1844 1165; x_wconf 89' lang='lat' dir='ltr'>Deus</span> <span class='ocrx_word' id='word_1_605' title='bbox 1868 1131 1927 1164; x_wconf 91' lang='lat' dir='ltr'>sibi</span> <span class='ocrx_word' id='word_1_606' title='bbox 1943 1131 2095 1174; x_wconf 78' lang='lat' dir='ltr'>elegerat3</span> <span class='ocrx_word' id='word_1_607' title='bbox 2116 1132 2200 1165; x_wconf 89' lang='lat' dir='ltr'>unde</span> <span class='ocrx_word' id='word_1_608' title='bbox 2216 1133 2294 1165; x_wconf 89' lang='lat' dir='ltr'>Mat-</span> 
     </span>
     <span class='ocr_line' id='line_1_77' title="bbox 1331 1185 2292 1228; baseline 0 -9"><span class='ocrx_word' id='word_1_609' title='bbox 1331 1186 1414 1219; x_wconf 88' lang='lat' dir='ltr'>thaei</span> <span class='ocrx_word' id='word_1_610' title='bbox 1445 1185 1567 1219; x_wconf 89' lang='lat' dir='ltr'>decimo</span> <span class='ocrx_word' id='word_1_611' title='bbox 1598 1185 1763 1228; x_wconf 89' lang='lat' dir='ltr'>quinto¹¹:</span> <span class='ocrx_word' id='word_1_612' title='bbox 1793 1198 1809 1214; x_wconf 76' lang='lat'>-1</span> <span class='ocrx_word' id='word_1_613' title='bbox 1830 1185 1896 1217; x_wconf 93' lang='lat' dir='ltr'>Non</span> <span class='ocrx_word' id='word_1_614' title='bbox 1921 1194 1992 1218; x_wconf 90' lang='lat' dir='ltr'>sum</span> <span class='ocrx_word' id='word_1_615' title='bbox 2015 1185 2131 1218; x_wconf 90' lang='lat' dir='ltr'>missus</span> <span class='ocrx_word' id='word_1_616' title='bbox 2162 1185 2222 1219; x_wconf 91' lang='lat' dir='ltr'>nisi</span> <span class='ocrx_word' id='word_1_617' title='bbox 2253 1186 2292 1219; x_wconf 90' lang='lat' dir='ltr'>ad</span> 
     </span>
     <span class='ocr_line' id='line_1_78' title="bbox 1331 1238 2295 1282; baseline 0.001 -10"><span class='ocrx_word' id='word_1_618' title='bbox 1331 1248 1406 1272; x_wconf 92' lang='lat' dir='ltr'>oves</span> <span class='ocrx_word' id='word_1_619' title='bbox 1425 1248 1507 1281; x_wconf 84' lang='lat' dir='ltr'>quae</span> <span class='ocrx_word' id='word_1_620' title='bbox 1530 1238 1695 1281; x_wconf 90' lang='lat' dir='ltr'>perierunt</span> <span class='ocrx_word' id='word_1_621' title='bbox 1721 1238 1835 1271; x_wconf 89' lang='lat' dir='ltr'>domus</span> <span class='ocrx_word' id='word_1_622' title='bbox 1859 1238 1953 1271; x_wconf 89' lang='lat' dir='ltr'>lsrael</span> <span class='ocrx_word' id='word_1_623' title='bbox 1969 1251 2000 1270; x_wconf 74' lang='lat' dir='ltr'>n.</span> <span class='ocrx_word' id='word_1_624' title='bbox 2016 1256 2062 1262; x_wconf 91' lang='lat'>—</span> <span class='ocrx_word' id='word_1_625' title='bbox 2078 1238 2124 1271; x_wconf 88' lang='lat' dir='ltr'>Ex</span> <span class='ocrx_word' id='word_1_626' title='bbox 2148 1239 2199 1272; x_wconf 92' lang='lat' dir='ltr'>bis</span> <span class='ocrx_word' id='word_1_627' title='bbox 2219 1248 2295 1282; x_wconf 89' lang='lat' dir='ltr'>ergo</span> 
     </span>
     <span class='ocr_line' id='line_1_79' title="bbox 1331 1290 2294 1334; baseline 0.002 -10"><span class='ocrx_word' id='word_1_628' title='bbox 1331 1292 1435 1325; x_wconf 88' lang='lat' dir='ltr'>causis</span> <span class='ocrx_word' id='word_1_629' title='bbox 1458 1290 1646 1333; x_wconf 88' lang='lat' dir='ltr'>opportunis</span> <span class='ocrx_word' id='word_1_630' title='bbox 1668 1291 1769 1323; x_wconf 89' lang='lat' dir='ltr'>multo</span> <span class='ocrx_word' id='word_1_631' title='bbox 1792 1290 1906 1323; x_wconf 89' lang='lat' dir='ltr'>fortius</span> <span class='ocrx_word' id='word_1_632' title='bbox 1929 1290 2104 1333; x_wconf 87' lang='lat' dir='ltr'>colligitur,</span> <span class='ocrx_word' id='word_1_633' title='bbox 2128 1291 2214 1334; x_wconf 87' lang='lat' dir='ltr'>quod</span> <span class='ocrx_word' id='word_1_634' title='bbox 2237 1301 2294 1326; x_wconf 85' lang='lat' dir='ltr'>cu-</span> 
     </span>
     <span class='ocr_line' id='line_1_80' title="bbox 1331 1343 2292 1386; baseline 0 -8"><span class='ocrx_word' id='word_1_635' title='bbox 1331 1345 1412 1378; x_wconf 88' lang='lat' dir='ltr'>ratio</span> <span class='ocrx_word' id='word_1_636' title='bbox 1436 1344 1578 1377; x_wconf 89' lang='lat' dir='ltr'>mulieris</span> <span class='ocrx_word' id='word_1_637' title='bbox 1601 1347 1732 1386; x_wconf 89' lang='lat' dir='ltr'>propter</span> <span class='ocrx_word' id='word_1_638' title='bbox 1752 1343 1922 1376; x_wconf 88' lang='lat' dir='ltr'>Sabbatum</span> <span class='ocrx_word' id='word_1_639' title='bbox 1944 1353 2005 1376; x_wconf 91' lang='lat' dir='ltr'>non</span> <span class='ocrx_word' id='word_1_640' title='bbox 2029 1344 2139 1377; x_wconf 89' lang='lat' dir='ltr'>debuit</span> <span class='ocrx_word' id='word_1_641' title='bbox 2161 1345 2292 1379; x_wconf 81' lang='lat' dir='ltr'>differri.</span> 
     </span>
     <span class='ocr_line' id='line_1_81' title="bbox 1331 1396 2294 1439; baseline 0.002 -9"><span class='ocrx_word' id='word_1_642' title='bbox 1331 1417 1376 1421; x_wconf 83' lang='lat'>—-</span> <span class='ocrx_word' id='word_1_643' title='bbox 1398 1398 1469 1430; x_wconf 91' lang='lat' dir='ltr'>Ideo</span> <span class='ocrx_word' id='word_1_644' title='bbox 1493 1397 1617 1430; x_wconf 88' lang='lat' dir='ltr'>subdit:</span> <span class='ocrx_word' id='word_1_645' title='bbox 1643 1396 1718 1429; x_wconf 93' lang='lat' dir='ltr'>Non</span> <span class='ocrx_word' id='word_1_646' title='bbox 1741 1397 1889 1439; x_wconf 87' lang='lat' dir='ltr'>oportuit</span> <span class='ocrx_word' id='word_1_647' title='bbox 1910 1396 1995 1429; x_wconf 84' lang='lat' dir='ltr'>solvi</span> <span class='ocrx_word' id='word_1_648' title='bbox 2016 1407 2039 1430; x_wconf 89' lang='lat' dir='ltr'>a</span> <span class='ocrx_word' id='word_1_649' title='bbox 2068 1398 2199 1431; x_wconf 85' lang='lat' dir='ltr'>vinculo</span> <span class='ocrx_word' id='word_1_650' title='bbox 2231 1399 2294 1432; x_wconf 86' lang='lat' dir='ltr'>isto</span> 
     </span>
     <span class='ocr_line' id='line_1_82' title="bbox 1332 1449 2296 1493; baseline 0.002 -10"><span class='ocrx_word' id='word_1_651' title='bbox 1332 1451 1384 1484; x_wconf 84' lang='lat' dir='ltr'>die</span> <span class='ocrx_word' id='word_1_652' title='bbox 1397 1449 1558 1484; x_wconf 77' lang='lat' dir='ltr'>Sabbati?</span> <span class='ocrx_word' id='word_1_653' title='bbox 1575 1450 1671 1483; x_wconf 91' lang='lat' dir='ltr'>lmmo</span> <span class='ocrx_word' id='word_1_654' title='bbox 1690 1453 1776 1483; x_wconf 89' lang='lat' dir='ltr'>certe</span> <span class='ocrx_word' id='word_1_655' title='bbox 1796 1450 1954 1492; x_wconf 90' lang='lat' dir='ltr'>oportuit,</span> <span class='ocrx_word' id='word_1_656' title='bbox 1978 1450 2053 1493; x_wconf 88' lang='lat' dir='ltr'>quia</span> <span class='ocrx_word' id='word_1_657' title='bbox 2075 1452 2296 1493; x_wconf 88' lang='lat' dir='ltr'>opportunitas</span> 
     </span>
     <span class='ocr_line' id='line_1_83' title="bbox 1332 1503 2295 1546; baseline 0.003 -10"><span class='ocrx_word' id='word_1_658' title='bbox 1332 1503 1483 1546; x_wconf 87' lang='lat' dir='ltr'>temporis</span> <span class='ocrx_word' id='word_1_659' title='bbox 1501 1503 1578 1536; x_wconf 87' lang='lat' dir='ltr'>fuit:</span> <span class='ocrx_word' id='word_1_660' title='bbox 1595 1506 1664 1536; x_wconf 90' lang='lat' dir='ltr'>tum</span> <span class='ocrx_word' id='word_1_661' title='bbox 1681 1503 1756 1546; x_wconf 87' lang='lat' dir='ltr'>quia</span> <span class='ocrx_word' id='word_1_662' title='bbox 1771 1503 1803 1536; x_wconf 92' lang='lat' dir='ltr'>in</span> <span class='ocrx_word' id='word_1_663' title='bbox 1820 1503 1980 1536; x_wconf 87' lang='lat' dir='ltr'>infinitum</span> <span class='ocrx_word' id='word_1_664' title='bbox 1996 1504 2096 1537; x_wconf 90' lang='lat' dir='ltr'>maior</span> <span class='ocrx_word' id='word_1_665' title='bbox 2112 1513 2191 1538; x_wconf 92' lang='lat' dir='ltr'>cura</span> <span class='ocrx_word' id='word_1_666' title='bbox 2202 1505 2295 1539; x_wconf 90' lang='lat' dir='ltr'>debet</span> 
     </span>
     <span class='ocr_line' id='line_1_84' title="bbox 1332 1556 2295 1601; baseline 0.003 -11"><span class='ocrx_word' id='word_1_667' title='bbox 1332 1566 1400 1590; x_wconf 89' lang='lat' dir='ltr'>esse</span> <span class='ocrx_word' id='word_1_668' title='bbox 1423 1556 1461 1590; x_wconf 91' lang='lat' dir='ltr'>de</span> <span class='ocrx_word' id='word_1_669' title='bbox 1478 1556 1579 1589; x_wconf 86' lang='lat' dir='ltr'>salute</span> <span class='ocrx_word' id='word_1_670' title='bbox 1602 1556 1740 1590; x_wconf 87' lang='lat' dir='ltr'>hominis</span> <span class='ocrx_word' id='word_1_671' title='bbox 1756 1565 1851 1599; x_wconf 87' lang='lat' dir='ltr'>quam</span> <span class='ocrx_word' id='word_1_672' title='bbox 1875 1557 1961 1590; x_wconf 90' lang='lat' dir='ltr'>bruti</span> <span class='ocrx_word' id='word_1_673' title='bbox 1978 1557 2140 1598; x_wconf 88' lang='lat' dir='ltr'>animalis;</span> <span class='ocrx_word' id='word_1_674' title='bbox 2164 1562 2295 1601; x_wconf 90' lang='lat' dir='ltr'>propter</span> 
     </span>
     <span class='ocr_line' id='line_1_85' title="bbox 1333 1609 2296 1654; baseline 0.003 -12"><span class='ocrx_word' id='word_1_675' title='bbox 1333 1609 1416 1652; x_wconf 88' lang='lat' dir='ltr'>quod</span> <span class='ocrx_word' id='word_1_676' title='bbox 1441 1610 1561 1652; x_wconf 87' lang='lat' dir='ltr'>primae</span> <span class='ocrx_word' id='word_1_677' title='bbox 1577 1609 1615 1642; x_wconf 86' lang='lat' dir='ltr'>ad</span> <span class='ocrx_word' id='word_1_678' title='bbox 1632 1609 1810 1643; x_wconf 88' lang='lat' dir='ltr'>Corinthios</span> <span class='ocrx_word' id='word_1_679' title='bbox 1826 1619 1909 1643; x_wconf 91' lang='lat' dir='ltr'>nono</span> <span class='ocrx_word' id='word_1_680' title='bbox 1923 1610 1964 1643; x_wconf 80' lang='lat'>1²:</span> <span class='ocrx_word' id='word_1_681' title='bbox 1989 1624 2006 1640; x_wconf 71' lang='grc' dir='ltr'>α</span> <span class='ocrx_word' id='word_1_682' title='bbox 2022 1611 2170 1654; x_wconf 90' lang='lat' dir='ltr'>Nunquid</span> <span class='ocrx_word' id='word_1_683' title='bbox 2185 1611 2225 1645; x_wconf 88' lang='lat' dir='ltr'>de</span> <span class='ocrx_word' id='word_1_684' title='bbox 2240 1612 2296 1645; x_wconf 88' lang='lat' dir='ltr'>bo-</span> 
     </span>
     <span class='ocr_line' id='line_1_86' title="bbox 1332 1663 2297 1705; baseline 0.002 -9"><span class='ocrx_word' id='word_1_685' title='bbox 1332 1663 1392 1696; x_wconf 90' lang='lat' dir='ltr'>bus</span> <span class='ocrx_word' id='word_1_686' title='bbox 1416 1671 1494 1695; x_wconf 89' lang='lat' dir='ltr'>cura</span> <span class='ocrx_word' id='word_1_687' title='bbox 1517 1665 1564 1696; x_wconf 90' lang='lat' dir='ltr'>est</span> <span class='ocrx_word' id='word_1_688' title='bbox 1580 1663 1643 1696; x_wconf 91' lang='lat' dir='ltr'>Deo</span> <span class='ocrx_word' id='word_1_689' title='bbox 1660 1676 1674 1692; x_wconf 72' lang='grc' dir='ltr'><strong>υ</strong></span> <span class='ocrx_word' id='word_1_690' title='bbox 1689 1666 1702 1694; x_wconf 73' lang='lat' dir='ltr'>‘t</span> <span class='ocrx_word' id='word_1_691' title='bbox 1718 1663 1798 1695; x_wconf 89' lang='lat' dir='ltr'>Tum</span> <span class='ocrx_word' id='word_1_692' title='bbox 1818 1663 1930 1702; x_wconf 81' lang='lat' dir='ltr'>etlam,</span> <span class='ocrx_word' id='word_1_693' title='bbox 1947 1663 2022 1705; x_wconf 89' lang='lat' dir='ltr'>quia</span> <span class='ocrx_word' id='word_1_694' title='bbox 2046 1663 2216 1697; x_wconf 87' lang='lat' dir='ltr'>Sabbatum</span> <span class='ocrx_word' id='word_1_695' title='bbox 2233 1674 2297 1698; x_wconf 92' lang='lat' dir='ltr'>non</span> 
     </span>
     <span class='ocr_line' id='line_1_87' title="bbox 1332 1709 2297 1759; baseline 0.002 -11"><span class='ocrx_word' id='word_1_696' title='bbox 1332 1719 1379 1749; x_wconf 91' lang='lat' dir='ltr'>est</span> <span class='ocrx_word' id='word_1_697' title='bbox 1403 1714 1618 1748; x_wconf 89' lang='lat' dir='ltr'>introductum</span> <span class='ocrx_word' id='word_1_698' title='bbox 1635 1715 1667 1748; x_wconf 91' lang='lat' dir='ltr'>in</span> <span class='ocrx_word' id='word_1_699' title='bbox 1691 1715 1920 1757; x_wconf 89' lang='lat' dir='ltr'>praeiudicium</span> <span class='ocrx_word' id='word_1_700' title='bbox 1945 1709 2097 1755; x_wconf 87' lang='lat' dir='ltr'>hominis,</span> <span class='ocrx_word' id='word_1_701' title='bbox 2117 1716 2170 1750; x_wconf 88' lang='lat' dir='ltr'>sed</span> <span class='ocrx_word' id='word_1_702' title='bbox 2191 1716 2297 1759; x_wconf 87' lang='lat' dir='ltr'>potius</span> 
     </span>
     <span class='ocr_line' id='line_1_88' title="bbox 1332 1768 2296 1812; baseline 0.001 -10"><span class='ocrx_word' id='word_1_703' title='bbox 1332 1769 1365 1802; x_wconf 89' lang='lat' dir='ltr'>in</span> <span class='ocrx_word' id='word_1_704' title='bbox 1388 1768 1521 1802; x_wconf 88' lang='lat' dir='ltr'>salutem</span> <span class='ocrx_word' id='word_1_705' title='bbox 1546 1768 1676 1801; x_wconf 86' lang='lat' dir='ltr'>humani</span> <span class='ocrx_word' id='word_1_706' title='bbox 1700 1768 1842 1810; x_wconf 81' lang='lat' dir='ltr'>generis3</span> <span class='ocrx_word' id='word_1_707' title='bbox 1859 1768 1943 1801; x_wconf 89' lang='lat' dir='ltr'>unde</span> <span class='ocrx_word' id='word_1_708' title='bbox 1960 1769 2082 1802; x_wconf 91' lang='lat' dir='ltr'>loannis</span> <span class='ocrx_word' id='word_1_709' title='bbox 2105 1769 2238 1812; x_wconf 89' lang='lat' dir='ltr'>septimo</span> <span class='ocrx_word' id='word_1_710' title='bbox 2251 1770 2296 1803; x_wconf 78' lang='lat'>²⁸:</span> 
     </span>
     <span class='ocr_line' id='line_1_89' title="bbox 1337 1821 2297 1863; baseline 0.002 -8"><span class='ocrx_word' id='word_1_711' title='bbox 1337 1835 1353 1851; x_wconf 78' lang='grc' dir='ltr'><strong>α</strong></span> <span class='ocrx_word' id='word_1_712' title='bbox 1370 1822 1401 1855; x_wconf 93' lang='lat' dir='ltr'>Si</span> <span class='ocrx_word' id='word_1_713' title='bbox 1421 1821 1691 1855; x_wconf 84' lang='lat' dir='ltr'>circumcisionem</span> <span class='ocrx_word' id='word_1_714' title='bbox 1708 1821 1821 1863; x_wconf 89' lang='lat' dir='ltr'>accipit</span> <span class='ocrx_word' id='word_1_715' title='bbox 1844 1822 1940 1854; x_wconf 91' lang='lat' dir='ltr'>homo</span> <span class='ocrx_word' id='word_1_716' title='bbox 1955 1821 1987 1854; x_wconf 91' lang='lat' dir='ltr'>in</span> <span class='ocrx_word' id='word_1_717' title='bbox 2013 1822 2162 1862; x_wconf 89' lang='lat' dir='ltr'>Sabbato,</span> <span class='ocrx_word' id='word_1_718' title='bbox 2182 1827 2297 1857; x_wconf 92' lang='lat' dir='ltr'>utnon</span> 
     </span>
     <span class='ocr_line' id='line_1_90' title="bbox 1333 1875 2297 1919; baseline 0.003 -11"><span class='ocrx_word' id='word_1_719' title='bbox 1333 1876 1473 1909; x_wconf 90' lang='lat' dir='ltr'>solvatur</span> <span class='ocrx_word' id='word_1_720' title='bbox 1505 1875 1693 1914; x_wconf 89' lang='lat' dir='ltr'>Sabbatum;</span> <span class='ocrx_word' id='word_1_721' title='bbox 1726 1875 1803 1907; x_wconf 89' lang='lat' dir='ltr'>mihi</span> <span class='ocrx_word' id='word_1_722' title='bbox 1836 1875 2058 1917; x_wconf 84' lang='lat' dir='ltr'>indignamini,</span> <span class='ocrx_word' id='word_1_723' title='bbox 2091 1876 2166 1919; x_wconf 88' lang='lat' dir='ltr'>quia</span> <span class='ocrx_word' id='word_1_724' title='bbox 2194 1880 2297 1911; x_wconf 92' lang='lat' dir='ltr'>totum</span> 
     </span>
     <span class='ocr_line' id='line_1_91' title="bbox 1333 1927 2298 1974; baseline 0.003 -13"><span class='ocrx_word' id='word_1_725' title='bbox 1333 1928 1491 1961; x_wconf 89' lang='lat' dir='ltr'>bominem</span> <span class='ocrx_word' id='word_1_726' title='bbox 1516 1936 1628 1960; x_wconf 92' lang='lat' dir='ltr'>sanum</span> <span class='ocrx_word' id='word_1_727' title='bbox 1651 1927 1709 1960; x_wconf 81' lang='lat' dir='ltr'>feci</span> <span class='ocrx_word' id='word_1_728' title='bbox 1733 1927 1765 1960; x_wconf 91' lang='lat' dir='ltr'>in</span> <span class='ocrx_word' id='word_1_729' title='bbox 1786 1927 1920 1960; x_wconf 82' lang='lat' dir='ltr'>sabbato</span> <span class='ocrx_word' id='word_1_730' title='bbox 1936 1931 1972 1961; x_wconf 68' lang='grc' dir='ltr'>»ἲ</span> <span class='ocrx_word' id='word_1_731' title='bbox 1993 1929 2073 1962; x_wconf 90' lang='lat' dir='ltr'>Tum</span> <span class='ocrx_word' id='word_1_732' title='bbox 2090 1929 2202 1970; x_wconf 89' lang='lat' dir='ltr'>etiam,</span> <span class='ocrx_word' id='word_1_733' title='bbox 2223 1931 2298 1974; x_wconf 87' lang='lat' dir='ltr'>quia</span> 
     </span>
     <span class='ocr_line' id='line_1_92' title="bbox 1333 1980 2297 2020; baseline 0.003 -6"><span class='ocrx_word' id='word_1_734' title='bbox 1333 1981 1467 2014; x_wconf 89' lang='lat' dir='ltr'>Sabbato</span> <span class='ocrx_word' id='word_1_735' title='bbox 1490 1983 1638 2013; x_wconf 87' lang='lat' dir='ltr'>vetantur</span> <span class='ocrx_word' id='word_1_736' title='bbox 1666 1980 1771 2013; x_wconf 91' lang='lat' dir='ltr'>omnia</span> <span class='ocrx_word' id='word_1_737' title='bbox 1797 1980 1958 2020; x_wconf 83' lang='lat' dir='ltr'>servilia,·</span> <span class='ocrx_word' id='word_1_738' title='bbox 1990 1982 2074 2015; x_wconf 92' lang='lat' dir='ltr'>unde</span> <span class='ocrx_word' id='word_1_739' title='bbox 2097 1983 2223 2017; x_wconf 90' lang='lat' dir='ltr'>Levitici</span> <span class='ocrx_word' id='word_1_740' title='bbox 2251 1984 2297 2018; x_wconf 90' lang='lat' dir='ltr'>vi-</span> 
     </span>
     <span class='ocr_line' id='line_1_93' title="bbox 1333 2032 2295 2077; baseline 0.004 -10"><span class='ocrx_word' id='word_1_741' title='bbox 1333 2034 1451 2077; x_wconf 86' lang='lat' dir='ltr'>gesimo</span> <span class='ocrx_word' id='word_1_742' title='bbox 1475 2033 1569 2066; x_wconf 89' lang='lat' dir='ltr'>tertio</span> <span class='ocrx_word' id='word_1_743' title='bbox 1583 2033 1626 2065; x_wconf 74' lang='lat'>¹⁴:</span> <span class='ocrx_word' id='word_1_744' title='bbox 1657 2046 1673 2062; x_wconf 89' lang='lat'>«</span> <span class='ocrx_word' id='word_1_745' title='bbox 1689 2032 1788 2067; x_wconf 90' lang='lat' dir='ltr'>Omne</span> <span class='ocrx_word' id='word_1_746' title='bbox 1811 2043 1892 2076; x_wconf 89' lang='lat' dir='ltr'>opus</span> <span class='ocrx_word' id='word_1_747' title='bbox 1915 2035 2029 2069; x_wconf 91' lang='lat' dir='ltr'>servile</span> <span class='ocrx_word' id='word_1_748' title='bbox 2045 2045 2106 2069; x_wconf 94' lang='lat' dir='ltr'>non</span> <span class='ocrx_word' id='word_1_749' title='bbox 2127 2036 2247 2071; x_wconf 80' lang='lat' dir='ltr'>facietis</span> <span class='ocrx_word' id='word_1_750' title='bbox 2264 2037 2295 2071; x_wconf 94' lang='lat' dir='ltr'>in</span> 
     </span>
     <span class='ocr_line' id='line_1_94' title="bbox 1333 2087 2296 2130; baseline 0.004 -9"><span class='ocrx_word' id='word_1_751' title='bbox 1333 2097 1370 2121; x_wconf 94' lang='lat' dir='ltr'>eo</span> <span class='ocrx_word' id='word_1_752' title='bbox 1386 2101 1418 2127; x_wconf 72' lang='lat' dir='ltr'>n,</span> <span class='ocrx_word' id='word_1_753' title='bbox 1442 2097 1504 2120; x_wconf 91' lang='lat' dir='ltr'>non</span> <span class='ocrx_word' id='word_1_754' title='bbox 1535 2090 1641 2120; x_wconf 88' lang='lat' dir='ltr'>autem</span> <span class='ocrx_word' id='word_1_755' title='bbox 1673 2096 1769 2130; x_wconf 89' lang='lat' dir='ltr'>opera</span> <span class='ocrx_word' id='word_1_756' title='bbox 1791 2087 1988 2130; x_wconf 82' lang='lat' dir='ltr'>spiritualia</span> <span class='ocrx_word' id='word_1_757' title='bbox 1996 2101 2008 2128; x_wconf 94' lang='lat'>,·</span> <span class='ocrx_word' id='word_1_758' title='bbox 2038 2089 2123 2124; x_wconf 90' lang='lat' dir='ltr'>unde</span> <span class='ocrx_word' id='word_1_759' title='bbox 2149 2091 2296 2125; x_wconf 87' lang='lat' dir='ltr'>Matthaei</span> 
     </span>
     <span class='ocr_line' id='line_1_95' title="bbox 1333 2140 2297 2183; baseline 0.003 -9"><span class='ocrx_word' id='word_1_760' title='bbox 1333 2140 1536 2174; x_wconf 87' lang='lat' dir='ltr'>duodecimo:</span> <span class='ocrx_word' id='word_1_761' title='bbox 1566 2153 1582 2169; x_wconf 79' lang='grc' dir='ltr'><em>α</em></span> <span class='ocrx_word' id='word_1_762' title='bbox 1597 2140 1663 2173; x_wconf 93' lang='lat' dir='ltr'>Non</span> <span class='ocrx_word' id='word_1_763' title='bbox 1687 2140 1823 2183; x_wconf 86' lang='lat' dir='ltr'>legistis,</span> <span class='ocrx_word' id='word_1_764' title='bbox 1848 2141 1923 2183; x_wconf 88' lang='lat' dir='ltr'>quia</span> <span class='ocrx_word' id='word_1_765' title='bbox 1954 2142 2096 2176; x_wconf 92' lang='lat' dir='ltr'>Sabbatis</span> <span class='ocrx_word' id='word_1_766' title='bbox 2118 2143 2297 2177; x_wconf 89' lang='lat' dir='ltr'>sacerdotes</span> 
     </span>
     <span class='ocr_line' id='line_1_96' title="bbox 1334 2193 2296 2236; baseline 0.003 -10"><span class='ocrx_word' id='word_1_767' title='bbox 1334 2194 1366 2227; x_wconf 90' lang='lat' dir='ltr'>in</span> <span class='ocrx_word' id='word_1_768' title='bbox 1390 2193 1506 2236; x_wconf 91' lang='lat' dir='ltr'>templo</span> <span class='ocrx_word' id='word_1_769' title='bbox 1530 2193 1700 2226; x_wconf 88' lang='lat' dir='ltr'>Sabbatum</span> <span class='ocrx_word' id='word_1_770' title='bbox 1724 2193 1842 2227; x_wconf 88' lang='lat' dir='ltr'>violant</span> <span class='ocrx_word' id='word_1_771' title='bbox 1865 2197 1896 2228; x_wconf 90' lang='lat' dir='ltr'>et</span> <span class='ocrx_word' id='word_1_772' title='bbox 1919 2194 1985 2228; x_wconf 89' lang='lat' dir='ltr'>sine</span> <span class='ocrx_word' id='word_1_773' title='bbox 2009 2196 2141 2229; x_wconf 90' lang='lat' dir='ltr'>crimine</span> <span class='ocrx_word' id='word_1_774' title='bbox 2164 2200 2239 2230; x_wconf 88' lang='lat' dir='ltr'>sunt</span> <span class='ocrx_word' id='word_1_775' title='bbox 2254 2200 2296 2229; x_wconf 69' lang='lat' dir='ltr'>so?</span> 
     </span>
     <span class='ocr_line' id='line_1_97' title="bbox 1333 2247 2296 2290; baseline 0.002 -10"><span class='ocrx_word' id='word_1_776' title='bbox 1333 2248 1400 2281; x_wconf 91' lang='lat' dir='ltr'>Non</span> <span class='ocrx_word' id='word_1_777' title='bbox 1431 2250 1579 2280; x_wconf 81' lang='lat' dir='ltr'>vetantur</span> <span class='ocrx_word' id='word_1_778' title='bbox 1609 2247 1703 2280; x_wconf 90' lang='lat' dir='ltr'>etiam</span> <span class='ocrx_word' id='word_1_779' title='bbox 1734 2256 1831 2290; x_wconf 90' lang='lat' dir='ltr'>opera</span> <span class='ocrx_word' id='word_1_780' title='bbox 1861 2247 1978 2281; x_wconf 79' lang='lat' dir='ltr'>divina</span> <span class='ocrx_word' id='word_1_781' title='bbox 2009 2252 2037 2281; x_wconf 93' lang='lat' dir='ltr'>et</span> <span class='ocrx_word' id='word_1_782' title='bbox 2067 2248 2276 2282; x_wconf 77' lang='lat' dir='ltr'>miraculosa</span> <span class='ocrx_word' id='word_1_783' title='bbox 2284 2261 2296 2288; x_wconf 90' lang='lat'><em>;</em></span> 
     </span>
     <span class='ocr_line' id='line_1_98' title="bbox 1333 2299 2297 2344; baseline 0.004 -12"><span class='ocrx_word' id='word_1_784' title='bbox 1333 2300 1418 2333; x_wconf 88' lang='lat' dir='ltr'>unde</span> <span class='ocrx_word' id='word_1_785' title='bbox 1431 2299 1550 2333; x_wconf 86' lang='lat' dir='ltr'>loannis</span> <span class='ocrx_word' id='word_1_786' title='bbox 1562 2300 1673 2343; x_wconf 90' lang='lat' dir='ltr'>quinto</span> <span class='ocrx_word' id='word_1_787' title='bbox 1686 2299 1727 2333; x_wconf 85' lang='lat'>¹⁵:</span> <span class='ocrx_word' id='word_1_788' title='bbox 1751 2313 1766 2329; x_wconf 74' lang='grc' dir='ltr'>α</span> <span class='ocrx_word' id='word_1_789' title='bbox 1783 2301 1873 2334; x_wconf 86' lang='lat' dir='ltr'>Pater</span> <span class='ocrx_word' id='word_1_790' title='bbox 1889 2310 1980 2334; x_wconf 91' lang='lat' dir='ltr'>meus</span> <span class='ocrx_word' id='word_1_791' title='bbox 1995 2310 2098 2344; x_wconf 91' lang='lat' dir='ltr'>usque</span> <span class='ocrx_word' id='word_1_792' title='bbox 2114 2302 2206 2336; x_wconf 89' lang='lat' dir='ltr'>modo</span> <span class='ocrx_word' id='word_1_793' title='bbox 2223 2311 2297 2344; x_wconf 90' lang='lat' dir='ltr'>ope-</span> 
     </span>
     <span class='ocr_line' id='line_1_99' title="bbox 1334 2355 2296 2398; baseline 0.002 -12"><span class='ocrx_word' id='word_1_794' title='bbox 1334 2356 1443 2393; x_wconf 89' lang='lat' dir='ltr'>ratur,</span> <span class='ocrx_word' id='word_1_795' title='bbox 1467 2357 1498 2386; x_wconf 91' lang='lat' dir='ltr'>et</span> <span class='ocrx_word' id='word_1_796' title='bbox 1521 2362 1579 2396; x_wconf 85' lang='lat' dir='ltr'>ego</span> <span class='ocrx_word' id='word_1_797' title='bbox 1601 2362 1716 2396; x_wconf 88' lang='lat' dir='ltr'>operor</span> <span class='ocrx_word' id='word_1_798' title='bbox 1732 2366 1768 2394; x_wconf 77' lang='lat'>”3</span> <span class='ocrx_word' id='word_1_799' title='bbox 1793 2358 1824 2387; x_wconf 91' lang='lat' dir='ltr'>et</span> <span class='ocrx_word' id='word_1_800' title='bbox 1846 2363 1944 2387; x_wconf 90' lang='lat' dir='ltr'>nono:</span> <span class='ocrx_word' id='word_1_801' title='bbox 1972 2367 1988 2383; x_wconf 76' lang='grc' dir='ltr'><em>α</em></span> <span class='ocrx_word' id='word_1_802' title='bbox 2005 2355 2052 2388; x_wconf 95' lang='lat' dir='ltr'>Me</span> <span class='ocrx_word' id='word_1_803' title='bbox 2075 2358 2200 2397; x_wconf 86' lang='lat' dir='ltr'>oportet</span> <span class='ocrx_word' id='word_1_804' title='bbox 2222 2364 2296 2398; x_wconf 87' lang='lat' dir='ltr'>ope-</span> 
     </span>
     <span class='ocr_line' id='line_1_100' title="bbox 1334 2406 2296 2450; baseline 0.001 -10"><span class='ocrx_word' id='word_1_805' title='bbox 1334 2407 1414 2446; x_wconf 86' lang='lat' dir='ltr'>rari,</span> <span class='ocrx_word' id='word_1_806' title='bbox 1438 2407 1537 2440; x_wconf 91' lang='lat' dir='ltr'>donec</span> <span class='ocrx_word' id='word_1_807' title='bbox 1560 2406 1626 2440; x_wconf 90' lang='lat' dir='ltr'>dies</span> <span class='ocrx_word' id='word_1_808' title='bbox 1649 2410 1742 2441; x_wconf 82' lang='lat' dir='ltr'>est».</span> <span class='ocrx_word' id='word_1_809' title='bbox 1759 2408 1825 2441; x_wconf 92' lang='lat' dir='ltr'>Non</span> <span class='ocrx_word' id='word_1_810' title='bbox 1849 2411 1997 2441; x_wconf 87' lang='lat' dir='ltr'>vetantur</span> <span class='ocrx_word' id='word_1_811' title='bbox 2013 2407 2107 2441; x_wconf 89' lang='lat' dir='ltr'>etiam</span> <span class='ocrx_word' id='word_1_812' title='bbox 2130 2417 2227 2450; x_wconf 89' lang='lat' dir='ltr'>opera</span> <span class='ocrx_word' id='word_1_813' title='bbox 2242 2418 2296 2442; x_wconf 82' lang='lat' dir='ltr'>ne-</span> 
     </span>
     <span class='ocr_line' id='line_1_101' title="bbox 1334 2460 2296 2501; baseline 0.003 -9"><span class='ocrx_word' id='word_1_814' title='bbox 1334 2460 1483 2493; x_wconf 80' lang='lat' dir='ltr'>cessaria</span> <span class='ocrx_word' id='word_1_815' title='bbox 1507 2460 1553 2493; x_wconf 84' lang='lat' dir='ltr'>ad</span> <span class='ocrx_word' id='word_1_816' title='bbox 1574 2460 1732 2493; x_wconf 84' lang='lat' dir='ltr'>sanitatis</span> <span class='ocrx_word' id='word_1_817' title='bbox 1755 2461 2056 2501; x_wconf 82' lang='lat' dir='ltr'>conservationem,</span> <span class='ocrx_word' id='word_1_818' title='bbox 2073 2465 2109 2495; x_wconf 86' lang='lat' dir='ltr'>ut</span> <span class='ocrx_word' id='word_1_819' title='bbox 2133 2461 2296 2497; x_wconf 83' lang='lat' dir='ltr'>comedere</span> 
     </span>
     <span class='ocr_line' id='line_1_102' title="bbox 1334 2512 2025 2555; baseline 0.001 -10"><span class='ocrx_word' id='word_1_820' title='bbox 1334 2516 1365 2546; x_wconf 89' lang='lat' dir='ltr'>et</span> <span class='ocrx_word' id='word_1_821' title='bbox 1388 2512 1512 2546; x_wconf 89' lang='lat' dir='ltr'>bibere:</span> <span class='ocrx_word' id='word_1_822' title='bbox 1537 2513 1633 2555; x_wconf 86' lang='lat' dir='ltr'>igitur</span> <span class='ocrx_word' id='word_1_823' title='bbox 1658 2523 1714 2546; x_wconf 90' lang='lat' dir='ltr'>nec</span> <span class='ocrx_word' id='word_1_824' title='bbox 1739 2514 1785 2546; x_wconf 69' lang='lat' dir='ltr'>ast</span> <span class='ocrx_word' id='word_1_825' title='bbox 1807 2514 2025 2547; x_wconf 82' lang='lat' dir='ltr'>curationem.</span> 
     </span>
    </p>

    <p class='ocr_par' dir='ltr' id='par_1_18' title="bbox 1334 2566 2297 2716">
     <span class='ocr_line' id='line_1_103' title="bbox 1424 2566 2296 2610; baseline 0.005 -12"><span class='ocrx_word' id='word_1_826' title='bbox 1424 2566 1475 2598; x_wconf 74' lang='lat'>32.</span> <span class='ocrx_word' id='word_1_827' title='bbox 1500 2566 1547 2598; x_wconf 84' lang='lat' dir='ltr'>Ex</span> <span class='ocrx_word' id='word_1_828' title='bbox 1568 2576 1635 2608; x_wconf 87' lang='lat' dir='ltr'>quo</span> <span class='ocrx_word' id='word_1_829' title='bbox 1648 2567 1673 2586; x_wconf 79' lang='lat'>1³</span> <span class='ocrx_word' id='word_1_830' title='bbox 1698 2567 1792 2600; x_wconf 90' lang='lat' dir='ltr'>datur</span> <span class='ocrx_word' id='word_1_831' title='bbox 1808 2566 1956 2609; x_wconf 90' lang='lat' dir='ltr'>intelligi,</span> <span class='ocrx_word' id='word_1_832' title='bbox 1973 2570 2092 2610; x_wconf 85' lang='lat' dir='ltr'>quanta</span> <span class='ocrx_word' id='word_1_833' title='bbox 2107 2567 2227 2601; x_wconf 90' lang='lat' dir='ltr'>homini</span> <span class='ocrx_word' id='word_1_834' title='bbox 2243 2568 2296 2602; x_wconf 89' lang='lat' dir='ltr'>de-</span> 
     </span>
     <span class='ocr_line' id='line_1_104' title="bbox 1334 2618 2297 2662; baseline 0.003 -11"><span class='ocrx_word' id='word_1_835' title='bbox 1334 2618 1405 2651; x_wconf 86' lang='lat' dir='ltr'>beat</span> <span class='ocrx_word' id='word_1_836' title='bbox 1428 2628 1496 2652; x_wconf 87' lang='lat' dir='ltr'>esse</span> <span class='ocrx_word' id='word_1_837' title='bbox 1519 2619 1694 2652; x_wconf 87' lang='lat' dir='ltr'>sollicitudo</span> <span class='ocrx_word' id='word_1_838' title='bbox 1718 2622 1749 2652; x_wconf 91' lang='lat' dir='ltr'>et</span> <span class='ocrx_word' id='word_1_839' title='bbox 1767 2618 1945 2661; x_wconf 86' lang='lat' dir='ltr'>diligentia,</span> <span class='ocrx_word' id='word_1_840' title='bbox 1970 2623 2006 2652; x_wconf 92' lang='lat' dir='ltr'>ut</span> <span class='ocrx_word' id='word_1_841' title='bbox 2022 2623 2167 2662; x_wconf 90' lang='lat' dir='ltr'>peccator</span> <span class='ocrx_word' id='word_1_842' title='bbox 2190 2620 2229 2653; x_wconf 93' lang='lat' dir='ltr'>de</span> <span class='ocrx_word' id='word_1_843' title='bbox 2252 2621 2297 2654; x_wconf 86' lang='lat' dir='ltr'>la-</span> 
     </span>
     <span class='ocr_line' id='line_1_105' title="bbox 1335 2672 2295 2716; baseline 0.003 -12"><span class='ocrx_word' id='word_1_844' title='bbox 1335 2672 1424 2714; x_wconf 90' lang='lat' dir='ltr'>queis</span> <span class='ocrx_word' id='word_1_845' title='bbox 1454 2672 1568 2705; x_wconf 86' lang='lat' dir='ltr'>diaboli</span> <span class='ocrx_word' id='word_1_846' title='bbox 1592 2672 1794 2712; x_wconf 89' lang='lat' dir='ltr'>absolvatur;</span> <span class='ocrx_word' id='word_1_847' title='bbox 1825 2676 1862 2705; x_wconf 90' lang='lat' dir='ltr'>ut</span> <span class='ocrx_word' id='word_1_848' title='bbox 1885 2672 1979 2705; x_wconf 90' lang='lat' dir='ltr'>etiam</span> <span class='ocrx_word' id='word_1_849' title='bbox 1994 2698 2002 2712; x_wconf 91' lang='lat'>,</span> <span class='ocrx_word' id='word_1_850' title='bbox 2027 2672 2052 2705; x_wconf 92' lang='lat' dir='ltr'>si</span> <span class='ocrx_word' id='word_1_851' title='bbox 2085 2672 2154 2706; x_wconf 84' lang='lat' dir='ltr'>fieri</span> <span class='ocrx_word' id='word_1_852' title='bbox 2178 2674 2295 2716; x_wconf 88' lang='lat' dir='ltr'>possit,</span> 
     </span>
    </p>
   </div>
   <div class='ocr_carea' id='block_1_11' title="bbox 1334 2872 2295 3437">
    <p class='ocr_par' dir='ltr' id='par_1_19' title="bbox 1334 2872 2294 2951">
     <span class='ocr_line' id='line_1_106' title="bbox 1406 2872 2294 2901; baseline 0.002 -2"><span class='ocrx_word' id='word_1_853' title='bbox 1406 2872 1416 2887; x_wconf 81' lang='lat'>⁸</span> <span class='ocrx_word' id='word_1_854' title='bbox 1437 2874 1510 2900; x_wconf 84' lang='lat' dir='ltr'>Vers.</span> <span class='ocrx_word' id='word_1_855' title='bbox 1535 2875 1555 2899; x_wconf 94' lang='grc'>1.</span> <span class='ocrx_word' id='word_1_856' title='bbox 1574 2888 1609 2893; x_wconf 95' lang='grc'><strong>-</strong></span> <span class='ocrx_word' id='word_1_857' title='bbox 1629 2873 1759 2899; x_wconf 83' lang='lat' dir='ltr'>Sententia</span> <span class='ocrx_word' id='word_1_858' title='bbox 1778 2873 1903 2899; x_wconf 84' lang='lat' dir='ltr'>Bernardi</span> <span class='ocrx_word' id='word_1_859' title='bbox 1924 2872 2035 2899; x_wconf 82' lang='lat' dir='ltr'>habetur</span> <span class='ocrx_word' id='word_1_860' title='bbox 2055 2873 2097 2899; x_wconf 91' lang='lat' dir='ltr'>lV.</span> <span class='ocrx_word' id='word_1_861' title='bbox 2117 2874 2151 2899; x_wconf 90' lang='lat' dir='ltr'>de</span> <span class='ocrx_word' id='word_1_862' title='bbox 2169 2873 2294 2901; x_wconf 89' lang='lat' dir='ltr'>Conside-</span> 
     </span>
     <span class='ocr_line' id='line_1_107' title="bbox 1334 2917 2125 2951; baseline 0.001 -8"><span class='ocrx_word' id='word_1_863' title='bbox 1334 2921 1380 2943; x_wconf 85' lang='lat' dir='ltr'>rat.</span> <span class='ocrx_word' id='word_1_864' title='bbox 1401 2925 1422 2943; x_wconf 90' lang='lat' dir='ltr'>c.</span> <span class='ocrx_word' id='word_1_865' title='bbox 1443 2919 1467 2943; x_wconf 84' lang='lat'>6.</span> <span class='ocrx_word' id='word_1_866' title='bbox 1488 2925 1513 2943; x_wconf 90' lang='lat' dir='ltr'>n.</span> <span class='ocrx_word' id='word_1_867' title='bbox 1533 2919 1575 2943; x_wconf 82' lang='lat'>20.</span> <span class='ocrx_word' id='word_1_868' title='bbox 1596 2919 1645 2943; x_wconf 84' lang='lat' dir='ltr'>Pro</span> <span class='ocrx_word' id='word_1_869' title='bbox 1664 2919 1741 2944; x_wconf 82' lang='lat' dir='ltr'>curet</span> <span class='ocrx_word' id='word_1_870' title='bbox 1760 2920 1843 2942; x_wconf 85' lang='lat' dir='ltr'>textus</span> <span class='ocrx_word' id='word_1_871' title='bbox 1860 2917 1995 2948; x_wconf 83' lang='lat' dir='ltr'>originalis</span> <span class='ocrx_word' id='word_1_872' title='bbox 2013 2919 2125 2951; x_wconf 77' lang='lat' dir='ltr'>reputet.</span> 
     </span>
    </p>

    <p class='ocr_par' dir='ltr' id='par_1_20' title="bbox 1335 2960 2295 3040">
     <span class='ocr_line' id='line_1_108' title="bbox 1405 2960 2295 2995; baseline 0.002 -8"><span class='ocrx_word' id='word_1_873' title='bbox 1405 2960 1417 2975; x_wconf 81' lang='lat'>⁹</span> <span class='ocrx_word' id='word_1_874' title='bbox 1436 2962 1509 2988; x_wconf 82' lang='lat' dir='ltr'>Vers.</span> <span class='ocrx_word' id='word_1_875' title='bbox 1529 2962 1555 2987; x_wconf 88' lang='lat'>7.</span> <span class='ocrx_word' id='word_1_876' title='bbox 1570 2975 1606 2981; x_wconf 89' lang='lat'><strong>—</strong></span> <span class='ocrx_word' id='word_1_877' title='bbox 1620 2961 1746 2993; x_wconf 84' lang='lat' dir='ltr'>Superius</span> <span class='ocrx_word' id='word_1_878' title='bbox 1759 2962 1779 2986; x_wconf 83' lang='grc' dir='ltr'>Α</span> <span class='ocrx_word' id='word_1_879' title='bbox 1789 2960 1809 2986; x_wconf 93' lang='lat' dir='ltr'>C</span> <span class='ocrx_word' id='word_1_880' title='bbox 1820 2961 1841 2986; x_wconf 82' lang='grc' dir='ltr'>Η</span> <span class='ocrx_word' id='word_1_881' title='bbox 1855 2960 2028 2994; x_wconf 71' lang='lat' dir='ltr'>intelliyitur,</span> <span class='ocrx_word' id='word_1_882' title='bbox 2042 2962 2099 2987; x_wconf 90' lang='lat' dir='ltr'>loco</span> <span class='ocrx_word' id='word_1_883' title='bbox 2112 2961 2211 2989; x_wconf 76' lang='lat' dir='ltr'>mulier</span> <span class='ocrx_word' id='word_1_884' title='bbox 2218 2972 2230 2995; x_wconf 88' lang='lat'>,·</span> <span class='ocrx_word' id='word_1_885' title='bbox 2245 2970 2295 2995; x_wconf 84' lang='lat' dir='ltr'>pro</span> 
     </span>
     <span class='ocr_line' id='line_1_109' title="bbox 1335 3005 1622 3040; baseline -0.003 -8"><span class='ocrx_word' id='word_1_886' title='bbox 1335 3006 1446 3040; x_wconf 78' lang='lat' dir='ltr'>infirma</span> <span class='ocrx_word' id='word_1_887' title='bbox 1464 3007 1485 3031; x_wconf 82' lang='lat' dir='ltr'>H</span> <span class='ocrx_word' id='word_1_888' title='bbox 1504 3005 1622 3040; x_wconf 60' lang='lat' dir='ltr'>fragilis.</span> 
     </span>
    </p>

    <p class='ocr_par' dir='ltr' id='par_1_21' title="bbox 1405 3048 2292 3085">
     <span class='ocr_line' id='line_1_110' title="bbox 1405 3048 2292 3085; baseline 0.002 -9"><span class='ocrx_word' id='word_1_889' title='bbox 1405 3048 1428 3064; x_wconf 89' lang='lat'>¹⁰</span> <span class='ocrx_word' id='word_1_890' title='bbox 1448 3051 1520 3076; x_wconf 70' lang='lat' dir='ltr'>vers.</span> <span class='ocrx_word' id='word_1_891' title='bbox 1542 3051 1585 3076; x_wconf 82' lang='lat'>22.</span> <span class='ocrx_word' id='word_1_892' title='bbox 1603 3064 1638 3068; x_wconf 81' lang='lat'>—</span> <span class='ocrx_word' id='word_1_893' title='bbox 1652 3049 1779 3081; x_wconf 82' lang='lat' dir='ltr'>Superius</span> <span class='ocrx_word' id='word_1_894' title='bbox 1792 3056 1840 3080; x_wconf 88' lang='lat' dir='ltr'>pro</span> <span class='ocrx_word' id='word_1_895' title='bbox 1853 3049 2024 3082; x_wconf 77' lang='lat' dir='ltr'>oppressione</span> <span class='ocrx_word' id='word_1_896' title='bbox 2037 3050 2095 3076; x_wconf 81' lang='lat' dir='ltr'>Vat.</span> <span class='ocrx_word' id='word_1_897' title='bbox 2109 3051 2292 3085; x_wconf 73' lang='lat' dir='ltr'>expressione.</span> 
     </span>
    </p>

    <p class='ocr_par' dir='ltr' id='par_1_22' title="bbox 1335 3093 2292 3173">
     <span class='ocr_line' id='line_1_111' title="bbox 1406 3093 2292 3129; baseline 0.001 -8"><span class='ocrx_word' id='word_1_898' title='bbox 1406 3093 1427 3108; x_wconf 81' lang='lat'>¹¹</span> <span class='ocrx_word' id='word_1_899' title='bbox 1449 3095 1522 3121; x_wconf 83' lang='lat' dir='ltr'>Vers.</span> <span class='ocrx_word' id='word_1_900' title='bbox 1544 3094 1587 3119; x_wconf 80' lang='lat'>24.</span> <span class='ocrx_word' id='word_1_901' title='bbox 1613 3107 1647 3112; x_wconf 91' lang='lat'><strong>—</strong></span> <span class='ocrx_word' id='word_1_902' title='bbox 1672 3093 1755 3118; x_wconf 78' lang='lat' dir='ltr'>Alium</span> <span class='ocrx_word' id='word_1_903' title='bbox 1783 3093 1912 3119; x_wconf 81' lang='lat' dir='ltr'>rationem</span> <span class='ocrx_word' id='word_1_904' title='bbox 1940 3093 2048 3120; x_wconf 85' lang='lat' dir='ltr'>adducit</span> <span class='ocrx_word' id='word_1_905' title='bbox 2065 3095 2087 3121; x_wconf 85' lang='grc' dir='ltr'><strong><em>Η</em></strong></span> <span class='ocrx_word' id='word_1_906' title='bbox 2106 3096 2133 3122; x_wconf 80' lang='lat' dir='ltr'>et</span> <span class='ocrx_word' id='word_1_907' title='bbox 2149 3094 2214 3129; x_wconf 79' lang='lat' dir='ltr'>quia</span> <span class='ocrx_word' id='word_1_908' title='bbox 2232 3094 2292 3122; x_wconf 76' lang='lat' dir='ltr'>diu-</span> 
     </span>
     <span class='ocr_line' id='line_1_112' title="bbox 1335 3136 2255 3173; baseline 0.001 -8"><span class='ocrx_word' id='word_1_909' title='bbox 1335 3140 1418 3166; x_wconf 82' lang='lat' dir='ltr'>turna</span> <span class='ocrx_word' id='word_1_910' title='bbox 1437 3140 1496 3165; x_wconf 87' lang='lat' dir='ltr'>erat</span> <span class='ocrx_word' id='word_1_911' title='bbox 1514 3137 1668 3172; x_wconf 73' lang='lat' dir='ltr'>infirmitas.</span> <span class='ocrx_word' id='word_1_912' title='bbox 1688 3136 1796 3163; x_wconf 83' lang='lat' dir='ltr'>interius</span> <span class='ocrx_word' id='word_1_913' title='bbox 1814 3143 1863 3169; x_wconf 89' lang='lat' dir='ltr'>pro</span> <span class='ocrx_word' id='word_1_914' title='bbox 1882 3138 2042 3171; x_wconf 61' lang='lat' dir='ltr'>opportunis</span> <span class='ocrx_word' id='word_1_915' title='bbox 2061 3139 2119 3165; x_wconf 71' lang='lat' dir='ltr'>Vnt„</span> <span class='ocrx_word' id='word_1_916' title='bbox 2139 3138 2255 3173; x_wconf 81' lang='lat' dir='ltr'>optimis.</span> 
     </span>
    </p>

    <p class='ocr_par' dir='ltr' id='par_1_23' title="bbox 1406 3180 2056 3212">
     <span class='ocr_line' id='line_1_113' title="bbox 1406 3180 2056 3212; baseline 0.002 -4"><span class='ocrx_word' id='word_1_917' title='bbox 1406 3180 1428 3196; x_wconf 80' lang='lat'>¹²</span> <span class='ocrx_word' id='word_1_918' title='bbox 1448 3182 1523 3208; x_wconf 82' lang='lat' dir='ltr'>Vers.</span> <span class='ocrx_word' id='word_1_919' title='bbox 1542 3181 1567 3206; x_wconf 84' lang='lat'>9.</span> <span class='ocrx_word' id='word_1_920' title='bbox 1586 3180 1638 3207; x_wconf 77' lang='lat' dir='ltr'>Cir.</span> <span class='ocrx_word' id='word_1_921' title='bbox 1658 3187 1738 3212; x_wconf 82' lang='lat' dir='ltr'>supra</span> <span class='ocrx_word' id='word_1_922' title='bbox 1757 3187 1780 3206; x_wconf 79' lang='lat' dir='ltr'>c,</span> <span class='ocrx_word' id='word_1_923' title='bbox 1800 3180 1842 3207; x_wconf 71' lang='lat'>⁴2.</span> <span class='ocrx_word' id='word_1_924' title='bbox 1861 3188 1886 3207; x_wconf 91' lang='lat' dir='ltr'>n.</span> <span class='ocrx_word' id='word_1_925' title='bbox 1908 3182 1949 3208; x_wconf 74' lang='lat'>10.</span> <span class='ocrx_word' id='word_1_926' title='bbox 1969 3185 1994 3208; x_wconf 87' lang='lat' dir='ltr'>et</span> <span class='ocrx_word' id='word_1_927' title='bbox 2013 3183 2056 3209; x_wconf 85' lang='grc'>36.</span> 
     </span>
    </p>

    <p class='ocr_par' dir='ltr' id='par_1_24' title="bbox 1335 3223 2294 3305">
     <span class='ocr_line' id='line_1_114' title="bbox 1406 3223 2294 3260; baseline 0.002 -8"><span class='ocrx_word' id='word_1_928' title='bbox 1406 3224 1429 3240; x_wconf 76' lang='lat'>¹³</span> <span class='ocrx_word' id='word_1_929' title='bbox 1447 3226 1522 3252; x_wconf 78' lang='lat' dir='ltr'>Vei-s.</span> <span class='ocrx_word' id='word_1_930' title='bbox 1542 3225 1591 3257; x_wconf 82' lang='lat'>23,</span> <span class='ocrx_word' id='word_1_931' title='bbox 1610 3224 1655 3250; x_wconf 92' lang='lat' dir='ltr'>ubi</span> <span class='ocrx_word' id='word_1_932' title='bbox 1679 3231 1729 3256; x_wconf 90' lang='lat' dir='ltr'>pro</span> <span class='ocrx_word' id='word_1_933' title='bbox 1757 3223 1906 3252; x_wconf 80' lang='lat' dir='ltr'>Sabbatum</span> <span class='ocrx_word' id='word_1_934' title='bbox 1925 3226 1946 3252; x_wconf 83' lang='lat' dir='ltr'>H</span> <span class='ocrx_word' id='word_1_935' title='bbox 1966 3230 1991 3253; x_wconf 85' lang='lat' dir='ltr'>et</span> <span class='ocrx_word' id='word_1_936' title='bbox 2010 3227 2069 3253; x_wconf 74' lang='lat' dir='ltr'>Vnt.</span> <span class='ocrx_word' id='word_1_937' title='bbox 2096 3234 2158 3254; x_wconf 88' lang='lat' dir='ltr'>cum</span> <span class='ocrx_word' id='word_1_938' title='bbox 2182 3227 2294 3260; x_wconf 76' lang='lat' dir='ltr'>Vulgata</span> 
     </span>
     <span class='ocr_line' id='line_1_115' title="bbox 1335 3266 2294 3305; baseline 0 -8"><span class='ocrx_word' id='word_1_939' title='bbox 1335 3269 1381 3297; x_wconf 71' lang='lat' dir='ltr'>lex</span> <span class='ocrx_word' id='word_1_940' title='bbox 1399 3269 1494 3304; x_wconf 76' lang='lat' dir='ltr'>Moysi.</span> <span class='ocrx_word' id='word_1_941' title='bbox 1732 3266 1754 3282; x_wconf 74' lang='lat'>¹⁰</span> <span class='ocrx_word' id='word_1_942' title='bbox 1775 3268 1847 3295; x_wconf 85' lang='lat' dir='ltr'>Vers.</span> <span class='ocrx_word' id='word_1_943' title='bbox 1868 3270 1896 3302; x_wconf 79' lang='grc' dir='ltr'>Β,</span> <span class='ocrx_word' id='word_1_944' title='bbox 1916 3273 1976 3302; x_wconf 80' lang='lat' dir='ltr'>post</span> <span class='ocrx_word' id='word_1_945' title='bbox 1994 3277 2074 3304; x_wconf 85' lang='lat' dir='ltr'>quem</span> <span class='ocrx_word' id='word_1_946' title='bbox 2094 3271 2181 3297; x_wconf 80' lang='lat' dir='ltr'>Matth.</span> <span class='ocrx_word' id='word_1_947' title='bbox 2203 3272 2249 3304; x_wconf 72' lang='lat'>⁴2,</span> <span class='ocrx_word' id='word_1_948' title='bbox 2269 3271 2294 3305; x_wconf 75' lang='grc'>5.</span> 
     </span>
    </p>

    <p class='ocr_par' dir='ltr' id='par_1_25' title="bbox 1406 3312 2180 3345">
     <span class='ocr_line' id='line_1_116' title="bbox 1406 3312 2180 3345; baseline 0.003 -6"><span class='ocrx_word' id='word_1_949' title='bbox 1406 3312 1429 3328; x_wconf 77' lang='lat'>¹⁵</span> <span class='ocrx_word' id='word_1_950' title='bbox 1448 3314 1522 3339; x_wconf 81' lang='lat' dir='ltr'>Vers.</span> <span class='ocrx_word' id='word_1_951' title='bbox 1543 3312 1585 3339; x_wconf 84' lang='grc' dir='ltr'>Π.</span> <span class='ocrx_word' id='word_1_952' title='bbox 1604 3316 1629 3338; x_wconf 90' lang='lat' dir='ltr'>et</span> <span class='ocrx_word' id='word_1_953' title='bbox 1647 3313 1679 3345; x_wconf 84' lang='lat'>9,</span> <span class='ocrx_word' id='word_1_954' title='bbox 1699 3312 1723 3338; x_wconf 72' lang='lat'>4.</span> <span class='ocrx_word' id='word_1_955' title='bbox 1742 3312 1795 3338; x_wconf 78' lang='lat' dir='ltr'>Cir.</span> <span class='ocrx_word' id='word_1_956' title='bbox 1814 3314 1852 3340; x_wconf 87' lang='grc' dir='ltr'><strong>ΙΙΙ.</strong></span> <span class='ocrx_word' id='word_1_957' title='bbox 1872 3315 1941 3340; x_wconf 85' lang='lat' dir='ltr'>sent.</span> <span class='ocrx_word' id='word_1_958' title='bbox 1961 3314 1989 3341; x_wconf 88' lang='lat' dir='ltr'>d.</span> <span class='ocrx_word' id='word_1_959' title='bbox 2007 3314 2051 3341; x_wconf 90' lang='grc'>37.</span> <span class='ocrx_word' id='word_1_960' title='bbox 2069 3314 2136 3342; x_wconf 89' lang='lat' dir='ltr'>dub.</span> <span class='ocrx_word' id='word_1_961' title='bbox 2154 3315 2180 3341; x_wconf 80' lang='lat'>3.</span> 
     </span>
    </p>

    <p class='ocr_par' dir='ltr' id='par_1_26' title="bbox 1335 3350 2293 3437">
     <span class='ocr_line' id='line_1_117' title="bbox 1406 3350 2293 3392; baseline 0 -8"><span class='ocrx_word' id='word_1_962' title='bbox 1406 3355 1429 3372; x_wconf 79' lang='lat'>¹⁶</span> <span class='ocrx_word' id='word_1_963' title='bbox 1447 3350 1529 3384; x_wconf 82' lang='lat' dir='ltr'>codd.</span> <span class='ocrx_word' id='word_1_964' title='bbox 1549 3357 1661 3383; x_wconf 81' lang='lat' dir='ltr'><strong>ADFG</strong></span> <span class='ocrx_word' id='word_1_965' title='bbox 1681 3357 1781 3384; x_wconf 73' lang='lat' dir='ltr'>addunt</span> <span class='ocrx_word' id='word_1_966' title='bbox 1808 3364 1909 3391; x_wconf 74' lang='lat' dir='ltr'>unum,</span> <span class='ocrx_word' id='word_1_967' title='bbox 1928 3359 1950 3385; x_wconf 82' lang='lat' dir='ltr'>u</span> <span class='ocrx_word' id='word_1_968' title='bbox 1970 3358 2000 3392; x_wconf 89' lang='lat' dir='ltr'>(c</span> <span class='ocrx_word' id='word_1_969' title='bbox 2019 3367 2034 3386; x_wconf 75' lang='lat' dir='ltr'>a</span> <span class='ocrx_word' id='word_1_970' title='bbox 2062 3359 2178 3387; x_wconf 75' lang='lat' dir='ltr'>secunda</span> <span class='ocrx_word' id='word_1_971' title='bbox 2202 3358 2293 3391; x_wconf 78' lang='lat' dir='ltr'>manu)</span> 
     </span>
     <span class='ocr_line' id='line_1_118' title="bbox 1335 3400 2057 3437; baseline 0.001 -8"><span class='ocrx_word' id='word_1_972' title='bbox 1335 3401 1476 3429; x_wconf 81' lang='lat' dir='ltr'>nimirum.</span> <span class='ocrx_word' id='word_1_973' title='bbox 1497 3400 1614 3427; x_wconf 88' lang='lat' dir='ltr'>Subinde</span> <span class='ocrx_word' id='word_1_974' title='bbox 1632 3407 1681 3433; x_wconf 85' lang='lat' dir='ltr'>pro</span> <span class='ocrx_word' id='word_1_975' title='bbox 1699 3400 1791 3428; x_wconf 84' lang='lat' dir='ltr'>debeat</span> <span class='ocrx_word' id='word_1_976' title='bbox 1809 3401 1828 3429; x_wconf 92' lang='lat' dir='ltr'>C</span> <span class='ocrx_word' id='word_1_977' title='bbox 1839 3403 1920 3437; x_wconf 14' lang='lat' dir='ltr'>nli-&#39;n</span> <span class='ocrx_word' id='word_1_978' title='bbox 1939 3401 2021 3430; x_wconf 85' lang='lat' dir='ltr'>debet.</span> <span class='ocrx_word' id='word_1_979' title='bbox 2053 3431 2057 3434; x_wconf 75' lang='grc'><em>,</em></span> 
     </span>
    </p>
   </div>
   <div class='ocr_carea' id='block_1_12' title="bbox 2312 660 2436 690">
    <p class='ocr_par' dir='ltr' id='par_1_27' title="bbox 2312 660 2436 690">
     <span class='ocr_line' id='line_1_119' title="bbox 2312 660 2436 690; baseline 0.016 -8"><span class='ocrx_word' id='word_1_980' title='bbox 2312 660 2427 684; x_wconf 79' lang='lat' dir='ltr'>seeundum</span> <span class='ocrx_word' id='word_1_981' title='bbox 2434 681 2436 690; x_wconf 76' lang='grc'>,</span> 
     </span>
    </p>
   </div>
   <div class='ocr_carea' id='block_1_13' title="bbox 2314 1508 2426 1563">
    <p class='ocr_par' dir='ltr' id='par_1_28' title="bbox 2314 1508 2426 1563">
     <span class='ocr_line' id='line_1_120' title="bbox 2314 1508 2426 1531; baseline 0.009 -1"><span class='ocrx_word' id='word_1_982' title='bbox 2314 1508 2377 1531; x_wconf 79' lang='lat' dir='ltr'>Ratio</span> <span class='ocrx_word' id='word_1_983' title='bbox 2390 1508 2426 1531; x_wconf 83' lang='lat' dir='ltr'>tri-</span> 
     </span>
     <span class='ocr_line' id='line_1_121' title="bbox 2345 1536 2401 1563; baseline 0 -6"><span class='ocrx_word' id='word_1_984' title='bbox 2345 1536 2401 1563; x_wconf 80' lang='lat' dir='ltr'>plex.</span> 
     </span>
    </p>
   </div>
   <div class='ocr_carea' id='block_1_14' title="bbox 2317 1933 2434 1956">
    <p class='ocr_par' dir='ltr' id='par_1_29' title="bbox 2317 1933 2434 1956">
     <span class='ocr_line' id='line_1_122' title="bbox 2317 1933 2434 1956; baseline -0.009 0"><span class='ocrx_word' id='word_1_985' title='bbox 2317 1933 2434 1956; x_wconf 80' lang='lat' dir='ltr'>Notandum</span> 
     </span>
    </p>
   </div>
   <div class='ocr_carea' id='block_1_15' title="bbox 2312 2567 2437 2591">
    <p class='ocr_par' dir='ltr' id='par_1_30' title="bbox 2312 2567 2437 2591">
     <span class='ocr_line' id='line_1_123' title="bbox 2312 2567 2437 2591; baseline -0.016 0"><span class='ocrx_word' id='word_1_986' title='bbox 2312 2567 2437 2591; x_wconf 64' lang='lat' dir='ltr'>coronarint</span> 
     </span>
    </p>
   </div>
  </div>
 </body>
</html>
