2476 3921
4 578 5 611 ξ
25 580 108 609 Triplex
123 586 155 602 sa-

4 608 68 631 *mtto
81 609 155 629 contra

4 634 52 680 {tria
65 634 127 656 mala.

3 697 5 719 l

4 725 5 738 1

64 1006 150 1034 Quarto.

2 1156 91 1193 {Triplex
103 1171 152 1187 con-

2 1192 4 1224 l
27 1192 133 1215 solidatio.

22 2283 141 2306 celebritas

32 2310 131 2332 miraculi

22 2336 143 2360 attenditur

1 2363 154 2412 »quim-plici-

0 2611 3 2617 *
17 2602 96 2626 christi
109 2604 151 2626 vir-

0 2643 3 2678 :
14 2631 151 2681 mmm.

779 214 973 248 COMMENT.
998 215 1035 248 IN
1059 215 1298 249 EVANGELIUM
1323 217 1440 250 LUCAE
1464 218 1496 251 C.
1522 219 1558 251 V.

180 316 197 332 α
213 303 332 346 Surge,
364 303 437 336 tolle
467 303 633 346 grabatum
664 307 696 336 et
718 303 846 337 ambula
862 317 894 336 ».
918 322 962 328 -
985 303 1138 345 Praecipit

175 356 340 390 ambulare
371 360 402 389 et
433 356 465 389 in
495 356 626 389 domum
657 356 721 396 ire,
745 365 818 390 cum
843 356 970 390 subdit:
996 357 1035 389 Et
1065 366 1137 389 am-

176 408 281 442 bula2
310 414 340 443 et
368 410 454 443 vade
484 410 520 442 in
551 410 685 443 domum
716 414 830 449 tuam,
855 413 891 443 ut
915 410 1033 443 scilicet
1063 418 1135 443 cum

175 462 238 496 tuis
260 462 506 505 congratuleris,
530 463 612 496 sicut
635 463 729 496 Marci
745 463 878 505 quinto:
901 476 916 492 α
933 462 1016 496 Vade
1033 463 1065 495 in
1081 462 1136 495 do-

174 524 262 549 mum
286 519 372 549 tuam
396 515 434 548 ad
459 519 532 549 tuos
554 518 586 548 et
605 515 757 549 annuntia
774 515 850 555 illis,
868 519 987 558 quanta
1002 516 1058 549 tibi
1076 516 1136 548 Do-

174 569 279 602 minus
302 568 410 602 t'ecerit
427 582 457 601 n.
483 587 525 594 —
549 569 582 602 ln
606 569 656 602 his
679 569 783 602 tribus
806 569 980 602 includitur
997 568 1136 611 perlecta

173 621 289 655 sanitas
312 625 422 655 contra
444 622 505 655 tria
528 622 626 661 mala,
650 631 732 664 quae
755 622 828 655 facit
851 621 1015 664 aegritudo
1043 630 1135 663 para—

173 675 256 717 lysis.
283 675 391 708 Reddit
421 675 505 708 enim
530 675 699 708 inhabilem
723 675 762 708 ad
785 675 946 708 standum
976 679 1008 708 et
1045 675 1136 708 inha—

172 727 315 761 biliorem
338 727 378 760 ad
400 727 608 770 operandum
640 730 672 760 et
706 727 973 761 inhabilissimum
1000 727 1039 761 ad
1062 737 1135 760 am-

172 779 377 818 bulandum,-
394 784 425 814 et
440 784 568 814 econtra
583 781 718 823 imperat
730 782 743 801 ²
760 781 990 814 rectitudinem
1009 785 1133 820 status,

171 833 402 876 fortitudinem
425 838 522 868 aetus
544 838 576 868 et
597 834 894 878 promptitudinem
918 839 1048 873 motus,·
1064 835 1135 878 qui-

171 887 232 920 bus
254 887 407 927 obtentis,
432 887 569 921 efficitur
593 887 730 930 perfecte
754 897 859 921 sanus.

261 940 313 974 54.
339 940 440 982 (Vers.
464 941 542 982 ἃᾶ).
570 941 785 983 ’8111111111ςί1111·
813 940 926 973 111ῑί1110
949 941 1135 974 consolida-

171 994 240 1027 ιίοει
264 994 490 1027 membrorum
513 994 743 1038 lanquentium
775 995 806 1027 in
831 995 892 1028 hoc
919 994 1004 1037 quod
1029 995 1134 1038 sequi-

170 1050 242 1080 tur:
268 1049 306 1081 Ει
329 1047 500 1090 confestim
524 1057 729 1091 consur-qens
751 1058 867 1081 coram
892 1048 958 1082 illis
978 1052 1037 1082 etc.
1055 1049 1134 1082 Con-

169 1100 299 1134 solidata
321 1102 406 1135 enim
429 1104 503 1135 sunt
526 1101 624 1135 verbo
648 1101 764 1134 Christi
797 1102 940 1135 membra
970 1101 1132 1144 paralytici

170 1159 325 1199 quantum
348 1155 387 1188 ad
410 1155 562 1188 virtutem
587 1155 861 1195 sustentativam,
879 1155 1086 1198 operativum
1103 1159 1134 1189 et

169 1209 337 1242 motivam.
370 1209 519 1242 Surrexit
546 1209 648 1248 enim,
672 1208 733 1241 iam
758 1217 820 1241 non
844 1209 986 1251 indigens
1009 1213 1133 1242 susten-

161 1266 308 1296 ·tamento
343 1263 449 1296 lectuli
481 1265 537 1295 aut
566 1262 689 1302 baculi,
720 1266 752 1295 et
783 1262 843 1295 hoc
874 1263 992 1295 virtute
1019 1271 1133 1296 manus

169 1317 224 1351 Dei
241 1316 485 1359 omnipotentis;
510 1316 646 1349 Danielis
668 1316 837 1349 decimo⁴:
867 1329 883 1344 «
900 1316 994 1355 Ecce,
1020 1325 1131 1349 manus

169 1371 270 1413 tetigit
300 1379 350 1404 me
381 1373 413 1404 et
440 1370 544 1403 erexit
567 1378 618 1403 me
641 1378 738 1411 super
761 1378 864 1411 genua
889 1378 957 1402 mea
980 1373 1012 1402 et
1035 1377 1131 1411 super

168 1424 320 1457 articulos
350 1431 503 1456 manuum
534 1431 678 1455 mearum
695 1436 724 1454 n.
750 1439 792 1445 —
825 1421 911 1454 Tulit
935 1421 1071 1461 lectum,
1096 1422 1132 1454 in

168 1487 232 1521 quo
256 1476 407 1515 iacebat,·
431 1476 492 1509 iam
516 1485 579 1508 non
603 1475 745 1517 indigens
768 1475 808 1508 ab
839 1475 900 1508 aiio
932 1475 1069 1517 portari,
1101 1479 1132 1508 et

167 1530 212 1564 sic
235 1530 362 1564 videtur
389 1529 593 1572 adimpletum
618 1528 695 1561 illud
719 1529 811 1561 Amos
836 1528 950 1561 tertio:
979 1541 995 1557 α
1013 1529 1132 1561 Eruen-

169 1588 222 1617 tur
246 1584 300 1617 filii
325 1583 436 1622 Israel,
468 1583 523 1626 qui
555 1583 698 1616 habitant
727 1582 759 1615 in
791 1582 948 1622 Samaria,
981 1583 1012 1615 in
1041 1583 1132 1625 plaga

169 1637 273 1670 lectuli
297 1641 328 1670 et
351 1636 493 1669 Damasci
517 1636 647 1678 grabato
663 1649 692 1668 n.
711 1654 755 1659 —
771 1636 813 1668 Et
834 1635 917 1668 abiit
938 1635 973 1668 in
994 1636 1131 1668 domum

167 1700 286 1730 suam,
310 1689 534 1733 maynilicans
558 1689 684 1727 Deum‚·
707 1688 769 1721 iam
795 1688 901 1721 valens
917 1688 1049 1721 faciliter
1064 1697 1132 1721 mo-

167 1743 252 1784 veri,
276 1744 358 1778 sicut
380 1747 412 1777 et
433 1743 485 1776 ille
508 1742 640 1775 claudus
663 1751 682 1774 a
705 1742 796 1775 Petro
819 1745 968 1781 curatus,
997 1743 1130 1775 Actuum

167 1798 304 1837 terti0⁶‚
341 1796 503 1830 «intravit
533 1805 606 1829 cum
638 1795 683 1829 eis
710 1796 741 1828 in
775 1795 928 1837 templum
963 1795 1131 1828 ambulans

168 1854 200 1884 et
223 1851 372 1895 exsiliens
395 1854 427 1883 et
450 1849 581 1882 laudans
613 1849 713 1882 Deum
730 1862 761 1881 ».
795 1848 881 1881 Unde
911 1848 1132 1890 magnificabat

168 1904 268 1937 Deum
293 1906 324 1936 et
346 1903 449 1945 ipsum
474 1902 629 1935 laudando
652 1902 768 1935 eteius
784 1901 937 1935 miracula
954 1901 1131 1935 enarrando

168 1960 199 1990 et
222 1956 261 1989 ad
284 1955 474 1989 laudandum
507 1955 585 1987 alios
616 1954 798 1994 invitando;
823 1953 908 1987 unde
930 1956 1054 1996 poterat
1084 1953 1131 1987 di-

168 2018 260 2043 cere:
290 2021 305 2038 «
321 2008 514 2051 Magnificate
538 2008 705 2041 Dominum
730 2017 875 2047 mecum,
899 2011 931 2041 et
953 2008 1130 2041 exaltemus

167 2071 281 2095 nomen
297 2061 366 2095 eius
380 2061 413 2094 in
433 2061 465 2094 id
480 2061 585 2104 ipsum
601 2074 632 2093 n.
650 2061 774 2094 Poterat
789 2061 892 2109 eti-amr
907 2063 1034 2094 cantare
1057 2069 1130 2094 cum

168 2115 316 2159 Virgine:
345 2128 362 2144 «ι
378 2115 554 2158 Magnificat
576 2115 681 2148 anima
710 2124 780 2148 mea
810 2114 989 2148 Dominum.
1014 2114 1050 2147 Et
1073 2123 1130 2148 ex-

167 2169 297 2203 sultavit
319 2169 450 2211 spiritus
471 2177 562 2202 meus
578 2182 594 2198 »
622 2172 681 2202 etc.

258 2223 309 2255 55.
324 2222 424 2264 (Vers.
439 2223 516 2264 96).
533 2223 572 2255 Et
582 2226 700 2264 stupor
712 2220 930 2265 apprehendit
941 2231 1053 2254 omnes
1069 2224 1128 2254 etc.

167 2276 220 2309 Hic
237 2275 330 2309 tertio
343 2279 413 2318 post
429 2275 572 2308 miraculi
586 2274 715 2308 faciendi
733 2274 1000 2317 opportunitatem
1013 2277 1045 2307 et
1057 2274 1130 2307 facti

167 2330 379 2372 integritatem
403 2328 566 2371 subiungit
589 2328 730 2361 eiusdem
751 2327 938 2371 publicati⁶
963 2326 1130 2360 celebrita-

168 2387 246 2423 tem,
269 2392 327 2426 per
351 2391 446 2426 quam
471 2381 641 2415 clarificata
664 2385 711 2415 est
734 2381 839 2415 divina
862 2381 965 2414 virtus
992 2381 1024 2414 in
1040 2381 1131 2414 Chri-

167 2440 230 2477 sto,
254 2436 402 2479 quoniam
435 2445 477 2469 ex
509 2435 683 2478 praesentis
705 2434 850 2468 miraculi
882 2434 1130 2469 consideratione

167 2494 292 2524 ostensa
314 2493 362 2523 est
385 2489 500 2523 Christi
530 2489 633 2522 virtus
657 2488 871 2522 admirabilis
902 2492 934 2522 et
961 2488 1130 2522 venerabi-

169 2544 229 2584 lis,
253 2542 479 2587 formidabilis
502 2546 534 2576 et
554 2541 803 2585 praedicabilis.

260 2598 311 2630 56.
337 2596 578 2636 Admirabilis,
610 2595 754 2639 inquam,
778 2599 904 2629 ostensa
926 2598 974 2629 est
1004 2605 1047 2630 ex
1071 2596 1130 2629 im-

170 2650 374 2693 possibilitate
397 2648 706 2693 comprehendendi;
730 2651 859 2692 propter
876 2648 961 2692 quod
984 2648 1072 2682 dicit:
1093 2650 1131 2682 Et

169 2817 337 2850 Sipontinus:
358 2815 510 2845 Grabatum
534 2816 641 2849 proprie
666 2823 795 2842 vocamus
819 2817 945 2849 exiguum
968 2817 1080 2848 lectum,
1105 2817 1133 2843 in

169 2869 223 2896 quo
242 2862 374 2888 meridiari
393 2862 521 2893 solemus;
540 2861 641 2887 dictum
664 2861 742 2894 quasi
760 2860 935 2894 car-abutum,
958 2862 1031 2895 quod
1057 2862 1082 2887 in
1101 2869 1132 2888 eo

169 2907 254 2939 capite
272 2905 474 2939 recumbmnus;
493 2903 573 2939 χάραν
593 2903 688 2939 [κάρα]
706 2905 776 2931 enim
795 2909 888 2938 caput,
902 2904 995 2938 βατὸν,
1009 2906 1132 2938 pervium

170 2950 261 2977 Graeci
280 2951 451 2983 appellant».
471 2950 548 2977 Card.
567 2950 650 2982 Hug„
670 2949 696 2975 in
719 2950 788 2976 loan.
810 2949 841 2981 5,
861 2950 893 2976 8:
917 2949 1070 2977 Grabatum
1094 2953 1134 2977 est

170 2995 252 3022 lectus
270 2998 370 3021 tantum
390 2994 490 3021 habens
509 2994 622 3021 cervical
641 2994 675 3020 ad
693 2994 890 3020 reclinationem
903 2995 1008 3027 capitis;
1026 2998 1053 3021 et
1071 2995 1134 3022 dici·

170 3043 212 3066 tur
231 3047 245 3066 a
265 3038 365 3073 araba,
387 3040 461 3073 quod
479 3039 577 3066 scilicet
595 3042 634 3065 est
652 3042 740 3072 caput.

243 3083 251 3098 ¹
273 3084 384 3116 Vulgata
403 3084 498 3110 omittit
517 3084 551 3111 Et
568 3083 693 3116 ambula,
717 3083 790 3117 quod
809 3084 887 3110 etiam
913 3083 1037 3110 exhibent
1055 3083 1132 3111 Card.

171 3128 239 3161 Hug.
258 3131 291 3154 et.
302 3128 332 3154 B.
350 3127 446 3154 Albert.
464 3139 500 3148 ——
519 3128 643 3162 Sequitur
656 3129 733 3154 Marc.
752 3127 783 3159 5,
802 3128 844 3154 49.
859 3142 893 3147 --
906 3128 966 3154 Post
984 3130 1015 3156 ut
1033 3128 1133 3156 scilicet

172 3174 193 3200 Η
212 3173 380 3206 prosequitur
399 3172 452 3200 tuis
470 3172 670 3207 conyratuleris
688 3174 714 3200 et
732 3172 773 3200 teu·
789 3172 848 3206 tibi,
867 3172 941 3200 unde
952 3172 1043 3201 Marci
1059 3176 1110 3200 etc.

242 3216 253 3232 ²
273 3218 332 3245 Vat.
350 3217 424 3244 addit
441 3217 467 3245 ei
486 3217 626 3245 Dominus.
649 3217 767 3244 Subinde
785 3224 835 3250 pro
858 3217 972 3253 efficitur
996 3218 1077 3245 DFG
1095 3218 1133 3253 ef-

171 3260 289 3296 ficiatur.
1049 3266 1054 3270 ’

244 3304 255 3320 ³
273 3305 358 3333 Codd.
379 3304 522 3340 solidatio,·
545 3307 592 3333 cir.
616 3308 703 3332 tamen
733 3312 814 3338 supra
837 3313 863 3332 n.
887 3305 931 3333 47.
956 3306 1006 3333 Pro
1035 3305 1132 3333 ultimo

173 3351 194 3377 Α
203 3349 223 3377 C
233 3350 255 3376 D
264 3351 286 3377 G
305 3350 393 3383 ultra,
407 3351 429 3377 ll
441 3350 529 3378 ettam.
543 3351 651 3377 interius
669 3357 718 3384 pro
730 3350 949 3384 sustentantium,
963 3350 1037 3384 quod
1049 3350 1068 3377 C
1079 3351 1101 3377 D
1111 3351 1132 3377 Η

173 3396 309 3428 omittunt,
328 3396 347 3422 E
357 3396 375 3422 F
385 3396 407 3433 (ξι
419 3395 598 3423 contentivam
612 3395 669 3429 (cir.
680 3395 706 3421 ll.
718 3395 788 3421 Sem.
798 3395 825 3421 d.
837 3395 880 3421 49.
890 3402 914 3421 a.
926 3395 951 3421 3.
964 3402 990 3428 q.
1002 3396 1026 3421 2.
1038 3395 1073 3421 ad
1085 3395 1130 3428 4.).

2099 224 2161 256 127

1201 307 1319 346 stupor
1350 305 1567 348 apprehendit
1601 317 1735 348 omnes,
1768 309 1799 342 id
1826 314 1874 343 est
1905 311 2090 343 innocentes
2122 310 2162 343 ad

1201 357 1422 397 credendum,-
1445 359 1498 392 lob
1520 359 1641 393 decimo
1657 362 1789 403 septimo
1803 363 1830 394 ⁷:
1861 376 1877 391 α
1893 364 2071 405 Stupebunt
2087 363 2161 396 iusti

1201 419 1298 453 super
1322 411 1396 450 hoc,
1421 415 1452 445 et
1475 412 1624 446 innocens
1648 418 1758 447 contra
1777 415 1973 457 hypocritam
1998 417 2162 449 suscitabi-

1201 467 1255 497 tur
1276 474 1411 504 »;<nam
1449 466 1605 499 Pharisaei
1638 467 1819 509 hypocritae
1850 472 1924 501 sunt
1959 470 2096 508 confusi,
2132 474 2163 502 et

1200 517 1346 551 Christus
1368 518 1562 552 admirabilis
1584 524 1632 553 est
1653 521 1791 554 effectus.
1818 521 2041 564 Apprehendit
2064 523 2161 555 mali-

1198 574 1339 613 gnantes
1368 571 1407 604 ad
1437 570 1710 614 confundendum
1720 585 1731 611 ,·
1763 574 1815 606 lob
1838 574 2043 607 duodecimo:
2073 575 2163 608 ‹Ad-

1199 623 1286 656 ducit
1310 624 1503 658 consiliarios
1527 626 1558 658 in
1579 626 1714 658 stultum
1739 626 1833 660 tinem
1857 631 1888 660 et
1912 628 2031 660 iudices
2048 628 2077 660 in
2095 632 2163 661 stu-

1199 686 1309 719 porem
1327 691 1357 709 ι».

1290 731 1342 763 57.
1375 730 1575 764 Venerabilis
1598 740 1674 765 vero
1697 732 1873 765 ostenditur
1897 741 1938 765 ex
1963 733 2162 774 impossibili-
2176 741 2320 763 vener-buu.

1200 787 1263 816 tate
1286 784 1445 817 imitandi
1452 796 1464 823 ,·
1488 788 1618 827 propter
1641 785 1726 828 quod
1749 785 1883 819 dicitur:
1909 787 1948 818 Et
1964 786 2161 829 maynificar

1200 836 1281 869 bant
1303 837 1428 876 Deum,
1453 838 1571 871 scilicet
1588 838 1618 870 in
1638 847 1735 881 opere
1758 848 1830 878 suo,
1855 843 1892 872 ut
1914 844 2042 882 possent
2056 840 2162 873 dicere

1199 890 1276 923 illud
1303 891 1459 923 Psalmifl:
1490 892 1618 933 «Quam
1642 892 1840 935 magnificata
1867 896 1942 925 sunt
1964 902 2060 934 opera
2090 896 2160 931 tua,

1199 943 1346 977 Domine!
1372 943 1484 977 Omnia
1507 945 1538 977 in
1571 945 1723 987 sapientia
1745 945 1843 978 fecisti
1864 958 1899 984 »;
1924 950 1955 979 et
1979 946 2074 979 Isaiae
2106 946 2161 978 tri-

1198 997 1317 1039 gesimo
1341 998 1449 1030 tertio:
1480 1011 1495 1027 α
1512 998 1726 1041 Magnificatus
1750 1002 1797 1032 est
1822 999 1987 1038 Dominus,
2013 999 2160 1041 quoniam

1199 1050 1352 1083 habitavit
1374 1051 1406 1083 in
1430 1051 1557 1084 excelso
1572 1055 1604 1085 et
1627 1052 1769 1094 implevit
1792 1052 1863 1085 Sion
1888 1052 2007 1085 iustitia
2026 1056 2057 1085 et
2082 1052 2161 1085 iudi—

1198 1104 1293 1136 cio».
1319 1104 1368 1137 Sic
1392 1104 1435 1137 illi
1462 1108 1527 1138 tres
1550 1105 1640 1147 pueri
1672 1114 1714 1138 ex
1745 1109 1875 1148 aspectu
1906 1106 2068 1144 miraculi;
2101 1106 2161 1138 Da-

1198 1157 1289 1190 nielis
1313 1158 1423 1190 tertio:
1452 1171 1467 1186 «1
1484 1158 1518 1190 lli
1544 1161 1608 1191 tres
1624 1168 1689 1191 uno
1712 1168 1767 1192 ore
1795 1158 1964 1192 laudabant
1986 1162 2018 1191 et
2041 1159 2160 1201 magni-

1198 1210 1311 1243 cabant
1334 1215 1365 1243 et
1389 1211 1615 1245 benedicebant
1638 1211 1739 1245 Deum
1756 1226 1786 1244 n.

1288 1264 1340 1296 58.
1359 1263 1599 1297 Formidabilis
1615 1274 1691 1297 vero
1707 1265 1883 1298 ostenditur
1903 1265 2005 1298 virtus
2021 1266 2052 1298 in
2069 1265 2158 1297 Chri-
2167 1272 2324 1294 rommamm.

1197 1320 1246 1350 sto
1269 1326 1311 1350 ex
1339 1317 1589 1359 impossibilitate
1620 1318 1798 1357 evadendi;
1831 1318 1914 1351 unde
1944 1318 2086 1350 additur:
2120 1319 2160 1350 Et

1196 1370 1311 1413 repleti
1332 1375 1412 1403 sunt
1435 1371 1567 1409 timore,
1592 1371 1826 1404 considerantes
1849 1372 2086 1404 immensitatem
2104 1381 2159 1413 po-

1197 1424 1327 1463 tentiae,
1351 1433 1448 1466 quam
1479 1433 1572 1457 nemo
1603 1428 1706 1466 potest
1737 1425 1893 1466 effugere;
1926 1424 2006 1456 infra
2040 1424 2158 1457 duode-

1196 1477 1277 1509 cimo
1289 1477 1317 1509 ⁹:
1341 1490 1356 1505 α
1369 1477 1539 1510 Ostendam
1555 1477 1659 1516 vobis,
1676 1486 1771 1519 quem
1791 1477 1937 1515 timeatis;
1963 1477 2069 1509 timete
2085 1486 2158 1510 eum

1196 1530 1267 1572 qui,
1291 1534 1459 1572 postquam
1475 1529 1642 1569 occiderit,
1666 1530 1762 1563 habet
1777 1534 1960 1572 potestatem
1985 1530 2111 1563 mittere
2128 1530 2158 1562 in

1195 1583 1372 1625 gehennam
1396 1596 1426 1614 n.
1452 1582 1535 1615 Hanc
1559 1582 1728 1624 potentiam
1754 1582 1883 1615 timebat
1907 1582 1976 1621 Iob,
2001 1582 2160 1624 trigesimo

1196 1637 1316 1679 primo:
1346 1636 1508 1678 «Semper
1538 1636 1629 1678 quasi
1655 1639 1812 1669 tumentes
1842 1636 1960 1669 fluctus
1991 1645 2086 1678 super
2110 1645 2160 1669 me

1196 1690 1286 1723 timui
1312 1690 1427 1728 Deum,
1450 1693 1482 1722 et
1505 1689 1629 1731 pondus
1652 1689 1721 1722 eius
1743 1688 1828 1722 ferre
1851 1698 1912 1722 non
1938 1690 2069 1731 potui».

1287 1742 1338 1776 59.
1364 1742 1610 1775 Praedicabilis
1633 1746 1738 1776 autem
1755 1742 1932 1775 ostenditur
1949 1751 1991 1775 ex
2015 1742 2159 1784 impossi-

1195 1796 1315 1829 bilitate
1338 1796 1607 1834 contradicendi;
1631 1799 1761 1838 propter
1792 1795 1876 1838 quod
1904 1795 2070 1829 subditur:
2103 1796 2160 1828 Di-

1195 1853 1318 1883 cenles:
1345 1849 1434 1890 Quia
1457 1849 1604 1882 vidimus
1628 1848 1801 1881 mirabilia
1825 1847 1935 1887 hodie;
1958 1852 1989 1882 et
2012 1849 2073 1881 iam
2097 1858 2160 1882 non

1195 1906 1242 1936 est
1259 1902 1347 1935 locus
1363 1901 1610 1941 contradicendi;
1628 1902 1712 1935 unde
1732 1902 1866 1935 Actuum
1883 1906 1997 1944 quarto
2013 1903 2052 1934 ¹⁰:
2075 1915 2091 1931 «ι
2108 1902 2160 1934 Vi-

1194 1955 1304 1989 dentes
1327 1955 1409 1988 Petri
1433 1955 1640 1988 constantiam
1663 1959 1694 1988 et
1712 1955 1850 1994 loannis,
1875 1955 2113 1988 admirabantur
2129 1959 2160 1988 et

1195 2008 1424 2051 cognoscebant
1446 2017 1513 2047 eos,
1534 2008 1684 2051 quoniam
1707 2017 1781 2041 cum
1800 2009 1868 2041 lesu
1893 2008 2032 2048 fuerant;
2057 2009 2160 2042 homi-

1194 2071 1266 2095 nem
1290 2070 1419 2104 quoque
1442 2061 1601 2101 videntes,
1626 2062 1680 2104 qui
1698 2061 1802 2095 suerat
1825 2065 1971 2101 curatus,
1994 2062 2073 2095 nihil
2090 2066 2159 2104 pot-

1194 2118 1286 2149 erant
1315 2114 1531 2148 contradicere
1547 2126 1582 2154 »;
1607 2114 1692 2148 unde
1720 2115 1832 2148 Petrus
1862 2118 1894 2148 et
1917 2115 2046 2148 loannes
2076 2115 2159 2149 dice-

1194 2169 1270 2202 bant
1293 2169 1426 2202 Actuum
1451 2172 1584 2211 quarto:
1614 2169 1709 2201 «Non
1741 2177 1911 2211 possumus
1934 2178 2016 2212 quae
2039 2169 2160 2203 audivi-

1194 2231 1266 2255 mus
1283 2225 1314 2255 et
1329 2222 1467 2255 vidimus
1478 2231 1541 2255 non
1558 2221 1687 2265 loqui».
1702 2240 1744 2246 —
1757 2222 1817 2264 Qui
1834 2231 1909 2265 ergo
1925 2227 1996 2265 post
2008 2223 2160 2256 visionem

1194 2276 1311 2309 horum
1327 2275 1489 2318 signorum
1506 2275 1639 2308 Domino
1655 2275 1841 2309 contradicit
1860 2276 2043 2309 excluditur
2064 2286 2082 2309 a
2105 2286 2160 2319 po-

1194 2329 1270 2372 pulo
1293 2329 1347 2362 Dei
1366 2332 1398 2362 et
1420 2328 1594 2362 hereditate
1618 2329 1722 2371 regni,
1747 2328 1921 2362 secundum
1945 2329 2023 2362 illud
2046 2330 2160 2363 Nume-

1194 2391 1306 2415 rorum
1341 2381 1463 2415 decimo
1494 2386 1609 2424 quarto
1623 2382 1663 2414 1¹:
1694 2394 1709 2410 «ι
1727 2382 1890 2421 Homines,
1923 2383 1977 2425 qui
2014 2382 2161 2415 viderunt

1194 2436 1388 2469 maiestatem
1412 2445 1514 2469 meam
1539 2438 1571 2469 et
1594 2436 1697 2478 signa,
1722 2444 1804 2478 quae
1828 2435 1886 2469 feci
1904 2436 1936 2469 in
1953 2438 2106 2479 Aegypto,
2130 2440 2161 2470 et

1195 2492 1398 2523 tentaverunt
1414 2498 1464 2522 me
1480 2498 1542 2522 non
1568 2489 1719 2522 videbunt
1736 2494 1854 2523 terram
1865 2515 1873 2529 ,
1898 2499 1956 2532 pro
1972 2499 2035 2533 qua
2058 2490 2160 2523 iuravi

1195 2543 1340 2586 patribus
1364 2552 1523 2577 eorum».

1286 2597 1337 2629 60.
1375 2596 1604 2639 Spiritualiter
1635 2600 1742 2630 autem
1774 2597 1835 2630 tria
1869 2601 1944 2631 sunt
1978 2598 2030 2631 hic
2061 2601 2161 2631 atten-

1194 2649 1312 2683 denda:
1345 2650 1417 2693 quis
1448 2650 1488 2683 sit
1523 2650 1575 2683 hic
1609 2650 1766 2690 morbus,
1803 2650 1857 2693 qui
1893 2649 2161 2694 curatur;'quae

2179 1748 2318 1780 Praedicabi-

2190 2601 2298 2628 Expositio

2184 2629 2309 2657 spiritualis.

1268 2816 1279 2831 ¹
1298 2818 1374 2843 Vers.
1397 2818 1436 2843 t0.
1456 2831 1491 2835 —
1511 2815 1629 2843 Subinde
1648 2816 1774 2849 allegatur
1787 2816 1868 2842 Amos
1887 2816 1916 2847 3,
1937 2817 1978 2842 42.
1998 2829 2034 2835 -
2053 2816 2160 2842 inferius

1197 2868 1246 2894 pro
1264 2860 1372 2888 ab·alio
1391 2862 1409 2887 F
1428 2860 1462 2888 ab
1482 2860 1537 2887 illo.

1268 2904 1280 2920 Β
1299 2906 1375 2932 Vers.
1394 2906 1418 2931 8.
1437 2919 1473 2925 —
1493 2905 1549 2931 Duo
1568 2912 1643 2938 seqq.
1661 2905 1711 2931 loci
1734 2908 1796 2931 sunt
1818 2905 1858 2931 Ps.
1880 2905 1928 2936 33,
1949 2904 1973 2930 4.
1998 2908 2024 2930 et
2046 2905 2108 2930 Luc.
2132 2905 2159 2935 4,

1198 2950 1240 2976 46.
1260 2957 1315 2983 seq.
1336 2964 1369 2968 —
1389 2949 1497 2975 interius
1517 2956 1566 2981 pro
1585 2948 1675 2983 ipsum
1695 2948 1832 2975 laudando
1853 2949 1910 2974 Vat.
1929 2948 1985 2982 ipse
1997 2947 2080 2975 simtu
2103 2947 2160 2975 lau-

1196 2993 1297 3021 dando.

1268 3037 1280 3053 ⁶
1299 3039 1358 3065 Vat.
1373 3037 1530 3073 publicam;
1549 3038 1596 3064 etr.
1614 3040 1703 3064 tamen
1721 3044 1801 3070 supra
1821 3044 1849 3063 n.
1868 3037 1912 3063 40.

1267 3081 1278 3097 '¹
1299 3084 1375 3110 vers.
1398 3084 1423 3108 8.
1444 3096 1481 3102 -
1502 3081 1621 3108 Subinde
1642 3082 1787 3114 allegantur
1819 3081 1863 3108 lob
1888 3082 1936 3112 42,
1961 3081 2010 3113 47,
2033 3081 2076 3107 cui
2100 3081 2159 3107 Vat.

1198 3127 1336 3162 subiungit
1353 3127 1439 3154 Iudith
1459 3127 1505 3159 40,
1526 3126 1567 3153 tl.

1267 3171 1278 3187 ⁸
1297 3173 1391 3198 psalm.
1413 3172 1477 3202 403,
1496 3171 1540 3197 24.
1560 3185 1593 3190 -
1613 3171 1670 3197 Duo
1693 3177 1769 3204 seqq.
1788 3170 1836 3197 loci
1860 3173 1920 3196 sunt
1940 3169 1995 3196 lsai.
2021 3169 2070 3202 33,
2090 3169 2114 3195 5.
2134 3172 2160 3195 et

1197 3217 1260 3244 Dan.
1282 3218 1310 3250 3,
1332 3217 1375 3243 5¹.

1267 3260 1279 3275 ⁹
1299 3262 1373 3287 vers.
1392 3261 1418 3287 5.
1437 3273 1473 3280 —-
1491 3260 1616 3294 Sequitur
1635 3259 1680 3286 lob
1699 3260 1742 3291 34,
1762 3260 1806 3286 23.

1268 3303 1291 3320 ¹⁰
1310 3305 1385 3331 Vers.
1406 3305 1448 3331 43.
1467 3311 1538 3338 seq.;
1557 3303 1670 3330 subinde
1689 3311 1715 3330 v,
1736 3304 1778 3330 20.

1268 3349 1290 3365 ¹¹
1310 3350 1387 3376 vers.
1406 3350 1448 3376 22.
1474 3352 1500 3375 et
1518 3349 1560 3375 23.
