2476 3921
128 745 159 765 De
173 743 272 765 secundo.

156 2497 185 2518 De
201 2498 270 2518 tertio.

293 226 356 257 912

292 313 347 355 qui
370 322 431 345 non
456 311 593 344 crederis
616 311 646 343 in
673 310 790 342 virtute
805 311 1042 342 consummatus
1059 322 1088 340 ».
1106 307 1249 341 Ostendit

292 369 396 398 autem
420 365 563 397 effectum
588 363 798 405 egredientem
823 362 863 394 ab
880 362 964 403 ipso,
981 360 1154 394 secundum
1171 360 1248 393 illud

291 418 374 459 quod
399 426 495 458 supra
518 420 608 449 sexto
632 415 765 453 dicitur,
790 414 874 457 quod
901 427 917 442 «
933 414 1035 447 virtus
1057 413 1095 446 de
1112 414 1165 446 illo
1180 413 1249 446 exi-

292 471 343 503 bat
366 474 397 503 et
420 470 548 502 sanabat
571 477 680 501 omnes
696 482 725 500 n.
751 468 811 501 Nec
836 468 971 506 mirum,
1003 467 1096 509 quia,
1128 467 1248 509 primae

290 524 328 556 ad
352 523 528 555 Corinthios
552 523 653 564 primo
667 523 695 560 ¹,
718 534 733 550 «τ
750 521 909 554 Christum
927 520 1060 553 dicimus
1076 520 1130 553 Dei
1147 520 1248 553 virtu-

291 580 352 609 tem
377 579 407 608 et
430 576 483 608 Dei
509 575 690 617 sapientiam
707 587 738 613 »;
763 574 801 606 ad
826 573 981 606 Hebraeos
996 573 1119 615 primo:
1142 586 1157 601 α
1175 573 1247 605 Por-

292 633 359 661 tans
383 628 486 661 omnia
509 628 606 661 verbo
630 627 757 660 virtutis
781 635 856 659 suae
872 639 903 658 ».

378 682 429 713 84.
456 681 557 721 (Vers.
582 680 659 722 47.).
692 680 834 713 Secundo
861 689 936 712 vero
959 678 1141 721 adiungitur
1164 678 1249 710 dete-

290 735 352 767 ctio
375 734 525 766 veritatis
548 731 766 776 deprehensae
783 741 839 774 per
855 732 988 765 alienam
1011 731 1247 770 confessionem,

290 796 361 820 cum
385 787 519 819 dicitur:
543 787 660 819 Videns
683 790 794 818 autem
817 785 949 824 mulier,
966 785 1048 828 quia
1063 794 1130 817 non
1150 784 1248 816 latuit

289 850 362 872 eum
376 840 388 859 ²
401 852 412 878 ;
436 839 519 872 unde
543 842 664 881 poterat
687 839 791 872 dicere
814 838 891 871 illud
916 838 1058 871 mulieris
1080 838 1248 870 Samarita-

290 903 363 931 nae,
390 893 510 925 loannis
533 896 669 935 quarto:
700 905 716 921 «
732 892 880 930 Domine,
904 895 940 923 ut
964 891 1068 930 video,
1094 891 1248 933 Propheta

289 955 322 978 es
347 950 380 978 tu
398 959 427 977 ».
453 946 581 987 Propter
606 945 690 987 quod
721 949 752 978 et
783 945 851 986 ipsa
883 948 1005 986 poterat
1036 944 1137 977 simile
1160 944 1247 977 testi-

289 1000 428 1031 monium
453 1008 523 1032 cum
549 999 601 1031 illa
622 998 790 1040 perhibere
813 1000 844 1030 et
866 997 936 1030 ideo
959 997 1083 1030 dicere:
1107 997 1247 1030 «Venite

289 1056 319 1085 et
343 1052 444 1085 videte
469 1052 646 1090 hominem,
671 1051 725 1093 qui
742 1051 823 1083 dixit
839 1050 915 1083 mihi
932 1050 1053 1089 omnia,
1077 1059 1246 1092 quaecum-

288 1115 350 1148 que
374 1106 478 1138 feci».
505 1106 563 1138 Iste
586 1114 660 1138 vere
688 1108 756 1137 erat
787 1105 866 1137 alter
897 1104 1059 1142 Salomon,
1084 1104 1179 1136 immo
1199 1112 1247 1136 sa—

289 1159 422 1200 pientior
451 1167 505 1196 eo,
534 1158 573 1190 de
605 1167 668 1200 quo
691 1157 807 1190 dicitur
831 1157 913 1189 tertii
939 1157 1055 1198 Regum
1079 1156 1246 1189 decimoss:

293 1225 308 1240 α
326 1213 390 1244 Non
415 1212 475 1244 fuit
503 1220 606 1244 sermo
655 1211 708 1253 qui
742 1219 846 1252 regem
872 1214 975 1252 posset
999 1210 1095 1242 latere
1111 1222 1142 1248 »;
1174 1210 1249 1251 quia

288 1265 354 1306 ipse
377 1268 441 1302 est,
458 1264 496 1296 de
513 1273 576 1306 quo
594 1264 728 1296 Danielis
749 1263 907 1296 secundo:
936 1276 951 1291 «
970 1263 1036 1304 lpse
1052 1263 1138 1295 novit
1154 1263 1185 1295 in
1202 1266 1248 1295 te-

288 1318 395 1350 nebris
419 1318 604 1356 constituta,
628 1321 659 1349 et
684 1317 740 1349 lux
765 1326 838 1349 cum
862 1326 899 1349 eo
923 1321 1016 1349 est».
1043 1317 1079 1348 Et
1094 1317 1169 1358 quia
1186 1316 1246 1348 iam

289 1375 476 1414 cognoverat
501 1371 669 1412 potentiam
694 1371 725 1403 in
750 1371 863 1403 effectu
888 1374 919 1403 et
944 1370 1127 1412 sapientiam
1152 1370 1248 1411 perci-

289 1425 392 1467 piebat
416 1425 446 1456 in
479 1433 640 1462 sermone,
673 1424 742 1456 ideo
772 1424 969 1462 attendebat,
1001 1432 1033 1456 se
1064 1432 1125 1455 non
1158 1432 1248 1464 posse

289 1479 436 1520 effugere.
455 1497 495 1501 —
514 1478 549 1510 Et
572 1481 739 1519 propterea
762 1477 927 1509 subditur:
955 1477 1018 1509 ΕΗ
1041 1481 1181 1508 tremens
1196 1486 1248 1508 ve-

288 1532 338 1564 nit
360 1536 389 1563 et
408 1531 553 1573 procidit
585 1531 630 1563 ad
659 1531 754 1572 pectes
785 1531 876 1569 cius,
909 1530 945 1563 ad
980 1530 1247 1562 honorificandam

290 1585 499 1622 Maiestatem;
525 1584 679 1616 Michaeae
704 1587 814 1617 sexto:
837 1597 851 1612 (ι
869 1583 950 1625 Quid
966 1583 1095 1625 dignum
1119 1584 1247 1616 offeram

291 1639 447 1671 Domino?
470 1638 615 1670 Curvabo
638 1647 720 1679 genu
746 1638 811 1670 Deo
834 1637 960 1670 excelso
978 1651 1006 1669 ».
1034 1637 1068 1669 Et
1094 1637 1151 1669 hoc
1175 1645 1247 1669 cum

291 1696 440 1730 tremore,
454 1691 525 1733 quia
540 1691 622 1723 solos
636 1690 711 1723 tales
725 1690 852 1732 respicit
868 1690 966 1729 Deus;
986 1690 1077 1722 isaiae
1093 1690 1204 1722 ultimo
1217 1690 1247 1721 ⁵:

297 1758 311 1772 «
329 1744 370 1776 Ad
395 1753 487 1786 quem
523 1744 685 1786 respiciam
719 1744 776 1776 nisi
809 1743 846 1775 ad
872 1744 1099 1785 pauperculum
1124 1747 1154 1775 et
1187 1747 1249 1775 tre—

290 1801 424 1829 mentem
449 1806 609 1829 sermones
634 1805 718 1829 meos
735 1800 770 1828 n?
803 1796 837 1828 Et
869 1796 937 1829 ideo
968 1797 1005 1829 ad
1036 1797 1249 1838 Philippenses

292 1850 445 1883 secundo:
476 1849 584 1882 «Cum
617 1853 703 1882 metu
728 1853 759 1882 et
783 1854 919 1882 tremore
951 1853 1086 1882 vestram
1116 1850 1247 1882 salutem

292 1902 481 1944 operamini,
512 1902 585 1944 quia
609 1902 693 1935 Deus
721 1906 872 1944 operatur
897 1902 925 1933 in
952 1902 1039 1934 vobis
1062 1905 1093 1934 et
1116 1902 1195 1934 velle
1219 1906 1250 1934 et

293 1956 444 1997 perticere
461 1964 517 1996 pro
535 1955 613 1987 bona
631 1955 790 1988 voluntate
807 1969 836 1987 n.
854 1974 896 1978 —
915 1955 949 1987 Et
966 1955 1040 1996 quia
1058 1955 1134 1987 nihil
1153 1956 1249 1997 magis

292 2012 410 2049 spectat
434 2007 472 2039 ad
497 2008 647 2040 honorem
673 2008 839 2040 Maiestatis
862 2017 956 2050 quam
974 2008 1180 2040 manifestatio
1200 2017 1249 2041 ve-

292 2061 410 2098 ritatis,
434 2060 502 2092 ideo
526 2061 693 2093 subditur:
728 2062 767 2093 Et
790 2060 827 2093 ob
852 2070 954 2104 quam
978 2070 1117 2093 causam
1143 2062 1249 2103 tetige-

292 2113 338 2146 rit
367 2123 462 2152 eum,
495 2114 657 2146 indicavit
688 2123 803 2146 coram
835 2114 927 2146 omni
953 2113 1095 2156 populo,
1132 2114 1250 2147 scilicet

292 2167 452 2210 quomodo
476 2165 647 2208 confestim
671 2172 796 2199 sanata
819 2167 911 2204 est⁶,·
935 2166 1026 2208 quia,
1043 2167 1156 2199 Tobiae
1172 2167 1249 2199 duo-

291 2220 428 2259 decimo,
458 2233 473 2248 «
490 2229 585 2261 opera
612 2220 665 2252 Dei
698 2220 839 2252 revelare
867 2223 898 2252 et
928 2220 1068 2252 confiteri
1102 2220 1251 2252 honorifi-

292 2281 363 2305 cum
399 2275 492 2304 est».
531 2272 565 2304 Et
600 2271 669 2304 ideo
703 2271 826 2304 dicebat
860 2271 1014 2313 Angelus:
1046 2271 1251 2304 «Benedicite

293 2327 391 2359 Deum
415 2326 490 2358 caeli
515 2329 546 2358 et
570 2334 675 2357 coram
699 2325 846 2357 omnibus
868 2324 1045 2357 viventibus
1061 2325 1250 2357 confitemini

291 2380 336 2418 ei,
361 2370 435 2420 quia
459 2378 530 2412 fecit
555 2378 715 2411 vobiscum
742 2377 987 2410 misericordiam
1012 2386 1101 2409 suam
1119 2390 1150 2408 ».

380 2433 432 2464 85.
461 2432 562 2473 (Vers
594 2432 671 2471 48).
705 2431 810 2463 Tertio
840 2431 1022 2472 adiungitur
1053 2430 1251 2472 approbatio

290 2486 440 2518 veritatis
471 2486 611 2518 detectae
636 2494 691 2527 per
715 2484 907 2517 definitivam
931 2483 1251 2522 commendationem,

292 2547 363 2570 cum
389 2539 558 2571 subditur:
586 2540 627 2571 At
651 2538 720 2580 ipsc
744 2538 830 2570 dimit
854 2538 926 2570 ittt⁷
941 2549 950 2569 ;
967 2537 1076 2576 Filia,
1093 2537 1174 2579 fides
1191 2541 1251 2569 tua

877 220 1069 253 COMMENT.
1094 220 1131 252 IN
1155 218 1394 252 EVANGELIUM
1420 220 1536 252 LUCAE
1560 220 1592 252 C.
1617 220 1689 252 Vlll.

1314 312 1342 340 te
1363 308 1495 341 salvam
1518 307 1614 350 fecit,
1639 309 1727 350 quasi
1752 309 1854 341 dicat:
1880 309 1960 342 iuste
1977 310 2036 343 hoc
2052 314 2194 343 assecuta
2217 320 2268 349 es,

1312 361 1387 403 quia
1410 361 1589 400 credidisti;
1615 362 1704 404 quasi
1728 362 1827 394 dicat:
1845 362 1922 395 fides
1938 363 2009 396 fecit
2034 367 2064 396 te
2086 363 2204 405 filiam,
2222 373 2268 397 se-

1312 414 1450 447 cundum
1475 415 1550 447 illud
1576 415 1696 448 Ioannis
1720 415 1842 457 primo:
1872 429 1887 444 «
1904 416 1994 448 Dedit
2017 417 2061 449 eis
2085 421 2267 458 potestatem

1312 467 1392 500 filios
1415 468 1469 500 Dei
1495 467 1581 506 fieri,
1615 468 1663 501 his
1694 468 1748 510 qui
1781 468 1914 501 credunt
1945 469 1975 501 in
2005 470 2130 502 nomine
2153 470 2267 503 eius».

1312 520 1399 553 Fides
1422 520 1515 553 etiam
1540 520 1612 553 fecit
1634 521 1777 560 salvam,
1795 522 1886 563 quia,
1911 522 1948 554 ad
1966 522 2118 555 Romanos
2133 522 2267 561 decimo,

1317 586 1333 602 «
1348 574 1466 612 omnis,
1491 574 1686 616 quicumque
1712 574 1902 607 invocaverit
1922 584 2034 608 nomen
2052 576 2192 614 Domini,
2210 576 2269 608 sal-

1312 635 1371 659 vus
1394 626 1454 658 erit
1469 640 1500 658 ».
1526 627 1611 659 Unde
1636 627 1666 659 in
1692 628 1750 659 hoc
1767 630 1898 669 apparet
1914 628 1993 660 mira
2009 628 2198 670 dispensatio
2214 622 2269 661 n0-'
2284 635 2435 683 ⁵¹³¹}a‘},³,}¹’⁰¹¹”

1311 684 1395 712 strae
1427 680 1551 718 salutis,
1583 680 1657 722 quia
1688 680 1809 713 mulier
1839 685 1962 713 sanata
1993 685 2094 713 totum
2125 681 2270 714 attribuit
2380 679 2385 684 ’

1311 733 1443 765 divinae
1466 733 1603 772 viriati,
1628 734 1800 766 secundum
1825 733 1901 766 illud
1918 734 1955 766 ad
1975 735 2126 767 Romanos
2142 734 2266 767 non08:

1317 786 1413 818 «Non
1445 790 1492 819 est
1524 787 1656 820 volentis
1679 796 1781 829 neque
1813 787 1987 826 currentis,
2020 788 2074 820 sed
2098 788 2151 820 Dei
2177 788 2267 821 mise-

1311 839 1409 871 rentis
1426 851 1456 877 »ς
1485 839 1571 871 Deus
1594 840 1732 872 salvam
1756 844 1856 872 totum
1880 840 2026 873 attribuit
2041 842 2156 873 merito
2171 841 2267 883 fidei,

1311 892 1393 925 sicut
1408 893 1524 925 dicitur
1541 893 1632 925 Marci
1652 902 1750 925 nono:
1778 906 1793 921 «
1811 893 1839 925 Si
1858 893 1986 935 potestis
2003 893 2148 932 credere,
2164 894 2269 927 omnia

1311 946 1468 987 possibilia
1481 951 1554 978 sunt
1567 946 1703 979 credenti
1719 960 1748 978 ».
1760 965 1801 970 —
1812 947 1847 979 Et
1860 947 2006 988 quoniam
2021 946 2052 978 in
2065 947 2269 989 acquisitione
2288 952 2319 973 De
2334 953 2388 983 ‘19⁰⁰

1310 999 1420 1031 salutis
1444 1008 1499 1040 per
1523 1008 1718 1041 consequens
1742 1000 1776 1032 fit
1799 1000 1963 1041 acquisitio
1984 1000 2090 1042 pacta,
2111 999 2180 1032 ideo
2196 1000 2270 1032 sub·
2304 985 2369 1006 ‘mm'

1310 1051 1414 1084 ditur:
1447 1052 1533 1084 Vade
1560 1053 1596 1084 iri
1624 1062 1725 1095 pace,
1759 1057 1905 1095 tanquam
1931 1053 1985 1085 Dei
2010 1053 2109 1085 amica
2132 1056 2163 1086 et
2185 1053 2268 1093 filia3
2319 1063 2321 1068 ’

1311 1105 1485 1146 Sapientiae
1510 1106 1602 1138 tertio
1616 1106 1649 1138 ⁹:
1679 1119 1694 1134 «
1712 1106 1834 1138 Donum
1856 1110 1886 1138 et
1903 1115 1965 1148 pax
1982 1110 2029 1138 est
2045 1106 2151 1139 electis
2167 1106 2220 1139 Dei
2238 1120 2268 1138 ».

1312 1158 1373 1190 Pax
1399 1162 1446 1190 est
1470 1159 1546 1191 illud
1570 1159 1654 1201 quod
1680 1160 1832 1192 Dominus
1855 1160 2001 1191 omnibus
2017 1164 2109 1201 optat
2123 1163 2154 1192 et
2169 1160 2269 1201 optari

1311 1211 1454 1249 mandat,
1479 1211 1651 1243 secundum
1685 1212 1761 1244 illud
1791 1212 1871 1244 infra
1894 1211 2035 1244 decimo:
2064 1212 2127 1244 «ln
2160 1222 2270 1254 quam-

1312 1273 1449 1305 cumque
1467 1264 1595 1296 domum
1609 1265 1819 1304 intraveritiS,
1834 1265 1971 1306 primum
1988 1265 2098 1297 dicite:
2116 1266 2177 1298 Pax
2197 1266 2270 1299 huic

1311 1317 1415 1350 domui
1436 1331 1464 1349 ».
1490 1318 1550 1350 Hoc
1575 1322 1639 1356 est,
1663 1318 1747 1360 quod
1771 1327 1844 1359 prae
1860 1318 1928 1350 aliis
1944 1317 2064 1356 donat‚·
2082 1318 2202 1351 loannis
2217 1319 2269 1352 de-

1312 1371 1394 1402 cimo
1410 1375 1524 1412 quarto
1540 1371 1582 1402 ¹0:
1606 1384 1621 1399 «
1635 1371 1742 1404 Pacem
1762 1371 1905 1413 relinquo
1923 1371 2027 1410 vobis,
2044 1381 2151 1413 pacem
2169 1378 2268 1405 meam

1311 1423 1350 1455 do
1376 1424 1462 1456 vohis
1479 1436 1508 1462 »;
1534 1424 1593 1456 hoc
1617 1427 1678 1462 est,
1703 1424 1741 1456 ad
1765 1423 1849 1466 quod
1873 1424 2048 1465 specialiter
2064 1429 2158 1457 vocat
2167 1436 2178 1463 ;
2195 1425 2269 1457 Mat-

1312 1476 1394 1508 thaei
1419 1476 1604 1508 undecimo:
1634 1490 1649 1504 <1
1667 1477 1776 1509 Tollite
1800 1476 1907 1518 iugum
1934 1485 2039 1509 meum
2070 1486 2165 1519 super
2197 1486 2269 1516 vos,

1311 1533 1342 1562 et
1374 1530 1536 1562 invenietis
1568 1530 1709 1571 requiem
1728 1542 1757 1568 »;
1790 1533 1821 1562 et
1854 1530 1974 1562 loannis
2004 1530 2125 1563 decimo
2157 1536 2269 1564 sexto:

1317 1596 1331 1611 (ι
1349 1583 1428 1615 Haec
1452 1583 1574 1616 locutus
1599 1592 1669 1615 sum
1695 1583 1801 1620 vohis,
1825 1586 1860 1615 ut
1882 1582 1911 1614 in
1929 1591 1978 1615 me
1997 1592 2102 1625 pacem
2120 1584 2269 1617 habeatis.

1313 1637 1343 1668 ln
1369 1636 1485 1668 nmndo
1519 1645 1698 1677 pressuram
1732 1635 1902 1673 habebitis,
1935 1636 1987 1668 sed
2020 1637 2181 1675 confidite,
2213 1646 2270 1679 ego

1313 1690 1370 1722 vici
1388 1690 1540 1722 mundum
1558 1703 1588 1721 ».
1608 1690 1651 1722 De
1668 1690 1726 1721 hac
1742 1689 1780 1721 ad
1797 1689 2008 1731 Philippenses
2024 1695 2155 1731 quarto:
2178 1704 2192 1718 «
2207 1691 2270 1723 Pax

1312 1743 1384 1781 Dei,
1409 1752 1490 1784 quae
1514 1746 1687 1784 exsuperat
1702 1752 1825 1775 omnem
1844 1752 1988 1781 sensum,
2006 1743 2160 1775 custodiat
2176 1743 2270 1776 corda

1312 1800 1417 1829 vestra
1440 1800 1471 1828 et
1495 1796 1713 1838 intelligentias
1737 1800 1857 1829 vestras
1874 1797 1903 1828 in
1926 1796 2049 1829 Christo
2074 1797 2140 1829 lesu
2159 1810 2190 1835 »,
2215 1797 2271 1829 Do-

1312 1850 1396 1881 mino
1422 1858 1499 1881 meo.

1401 1903 1453 1934 86.
1479 1903 1515 1934 Et
1538 1906 1627 1940 nota,
1653 1902 1735 1943 quod
1761 1903 1856 1935 trium
1881 1903 2049 1935 mulierum
2068 1903 2218 1936 Dominus
2234 1903 2272 1935 sl-
2290 1906 2431 1955 Figffiiet‘rgfnm

1312 1955 1381 1988 dem
1412 1956 1625 1994 commendat,
1657 1964 1736 1997 quas
1767 1956 1898 1988 exaudit
1921 1960 1952 1988 et
1976 1957 2083 1989 salvat.
2109 1956 2271 1989 Commen-
2297 1960 2428 2008 οοωιῖξοᾱῡ-

1312 2008 1396 2041 davit
1420 2009 1629 2050 Magdalenam
1647 2017 1744 2050 supra
1768 2009 1899 2050 septimo
1914 2011 1956 2047 ¹¹,
1981 2009 2088 2042 dicens
2110 2010 2271 2043 consimile

1313 2061 1464 2093 verbum:
1494 2074 1509 2088 «
1526 2061 1613 2093 Fides
1638 2064 1692 2093 tua
1716 2064 1745 2093 te
1769 2061 1885 2093 salvam
1903 2062 1975 2094 fecit
1991 2074 2021 2100 »3
2043 2066 2074 2094 et
2093 2063 2171 2095 hanc
2187 2071 2270 2095 com-

1314 2115 1438 2147 mendat
1462 2115 1533 2153 hic;
1552 2119 1582 2147 et
1604 2115 1767 2147 mulierem
1792 2115 2025 2154 Chananaeam,
2050 2116 2195 2149 Matthaei
2218 2116 2270 2148 de-

1313 2167 1394 2200 cimo
1426 2168 1554 2209 quinto⁷
1586 2167 1636 2200 cui
1669 2168 1771 2200 dixit:
1802 2182 1817 2196 «
1834 2168 1965 2207 Mulier,
1990 2178 2101 2211 magna
2125 2172 2171 2202 est
2195 2169 2271 2202 fides

1314 2223 1368 2252 tua
1384 2233 1414 2251 ».
1439 2238 1483 2243 -—
1507 2220 1538 2252 In
1563 2220 1612 2252 his
1641 2220 1744 2253 tribus
1768 2221 1953 2254 mulieribus
1978 2224 2042 2254 tres
2066 2222 2271 2263 poenitentiae
2296 2225 2318 2246 ¹11
2328 2224 2433 2251 hissigni-

1314 2276 1419 2314 partes
1441 2273 1665 2315 spiritualiter
1689 2274 1917 2316 intelliguntur.
1941 2275 2015 2308 Nam
2041 2275 2159 2317 prima,
2191 2284 2271 2317 quae
2283 2251 2433 2326 ῗέἷῖἷῖἷπίῗῖἷῖ

1315 2325 1401 2358 flevit
1417 2330 1447 2358 et
1464 2327 1609 2368 lacrymis
1627 2327 1749 2369 rigavit,
1765 2328 1817 2360 dat
1834 2328 2006 2370 intelligere
2023 2328 2270 2365 contr-ttionemn·
2293 2310 2333 2326 Μ’

1314 2378 1514 2417 Chananaea,
1539 2389 1619 2421 quae
1643 2380 1805 2419 clamavit,
1823 2381 1875 2413 dat
1899 2381 2072 2423 intelligere
2095 2380 2270 2424 confessio-

1314 2440 1407 2468 nerm
1432 2432 1508 2464 haec
1531 2436 1654 2471 autem,
1679 2442 1760 2474 quae
1776 2434 1877 2475 tetigit
1901 2434 2138 2472 vestimentum,
2155 2434 2207 2478 dat
2225 2434 2271 2466 in-

1316 2483 1454 2525 telligere
1478 2484 1748 2526 satisfactionem.
1775 2486 1817 2518 De
1842 2487 2019 2528 Magdalena
2044 2488 2157 2529 legitur
2173 2496 2270 2529 supra

1315 2537 1447 2578 septimo
1462 2537 1504 2575 ¹2,
1529 2537 1612 2579 quod
1641 2550 1656 2565 α
1674 2538 1762 2570 stans
1783 2543 1868 2571 retro
1891 2549 1982 2572 secus
2010 2541 2104 2582 pedes
2128 2541 2269 2580 Domini,

363 2684 371 2698 ¹
394 2685 468 2710 Vers.
487 2685 535 2717 24,
556 2688 615 2716 post
634 2693 714 2718 quem
734 2685 813 2711 Hebr.
835 2687 857 2716 vl,
878 2687 901 2710 3.

362 2727 372 2742 ²
393 2730 425 2754 lta
446 2729 574 2760 ACDH,
594 2730 626 2755 ita
646 2730 724 2755 etiam
745 2731 771 2755 B.
791 2729 887 2755 Albert.
901 2734 926 2755 et
937 2731 963 2755 S.
974 2731 1068 2755 Thom.
1090 2730 1156 2763 (Cat.
1169 2738 1248 2756 aurea

293 2773 318 2797 in
338 2773 399 2798 Luc.
420 2780 442 2798 c.
463 2774 487 2798 8.
511 2781 535 2798 n.
554 2773 606 2805 7.);
627 2774 737 2805 Vulgata
756 2774 851 2799 omittit
868 2780 938 2800 eam.
957 2788 992 2793 —
1010 2775 1160 2807 Sequuntur
1180 2775 1248 2800 ioan.

294 2816 323 2846 t,
347 2817 386 2842 19.
405 2820 430 2842 et
450 2817 492 2841 29.
505 2830 539 2835 -
555 2817 661 2842 interius
680 2824 728 2849 pro
747 2819 772 2843 et
790 2817 849 2851 ipsa
868 2819 887 2843 Α
907 2819 931 2844 et
950 2817 1011 2850 ista,
1027 2821 1053 2843 ct
1065 2817 1177 2844 subinde
1196 2818 1215 2845 C
1229 2819 1248 2844 D

293 2860 414 2885 omittunt
431 2860 531 2892 simile,
553 2868 602 2892 pro
621 2868 674 2893 quo
694 2863 713 2886 u
733 2861 865 2888 similiter.

364 2903 375 2920 ³
394 2904 467 2929 Vers.
487 2905 517 2935 3,
545 2905 586 2929 cui
612 2904 780 2936 subiungitur
799 2906 862 2930 Dan.
882 2907 913 2936 2,
933 2907 975 2931 22.
995 2906 1085 2932 Glossa
1104 2905 1248 2932 ordinaria

294 2947 334 2977 (ex
354 2947 434 2979 Beda)
455 2948 480 2972 in
500 2948 561 2973 Luc.
582 2949 611 2979 8,
632 2949 682 2974 46:
703 2949 756 2974 Non
780 2950 840 2974 latet
867 2949 1030 2982 quicumque
1058 2950 1153 2981 tangit,
1180 2950 1248 2975 Deus

294 2998 344 3016 non
365 2991 464 3023 indiget
482 2992 591 3017 oculis...
604 2992 650 3017 sed
666 2993 689 3017 in
703 3000 731 3017 se
745 2992 823 3018 habet
835 2993 1010 3024 cognitionem
1024 2994 1151 3019 omnium.
1165 2994 1247 3019 Etiam

293 3035 390 3066 virtus,
409 3042 477 3067 quae
495 3035 550 3069 [Ps.
571 3036 636 3066 402,
656 3036 695 3069 3.]
718 3036 884 3069 propitiatur
911 3036 1035 3063 omnibus
1063 3037 1247 3071 iniquitatibus

294 3079 416 3105 nostris...
436 3087 486 3105 non
506 3086 537 3105 ex
556 3079 645 3111 nobis,
665 3080 711 3105 sed
730 3087 760 3105 ex
781 3080 834 3106 Deo
852 3080 911 3106 exit.

363 3122 374 3136 ⁴
395 3124 520 3155 Vulgata,
547 3130 627 3156 quam
652 3127 798 3156 sequuntur
817 3124 837 3149 H
857 3128 882 3149 et
901 3124 974 3155 Van..
993 3124 1087 3150 omittit
1106 3125 1154 3157 Et,
1179 3132 1247 3158 quae

293 3167 370 3206 etiam
390 3167 504 3193 subinde
522 3167 656 3193 substituit
667 3168 729 3193 ante
744 3167 824 3201 pedes
844 3175 892 3200 pro
910 3167 948 3193 ad
962 3167 1050 3201 pedes.
1070 3181 1105 3187 —
1124 3168 1248 3201 Sequitur

294 3211 368 3236 Mich.
387 3212 416 3243 6,
437 3213 461 3236 6.
480 3226 515 3231 —
535 3211 651 3237 Vocibus
670 3211 905 3246 honorificandum
923 3211 1090 3239 Maiestatem
1110 3213 1166 3238 Vat.
1186 3219 1247 3238 cum

294 3256 314 3279 (i
334 3256 462 3281 interserit
481 3256 550 3287 eius,
571 3257 591 3281 11
611 3255 740 3282 divinam.

364 3298 374 3312 ³
395 3300 469 3325 Vers.
491 3301 522 3330 2,
541 3304 600 3332 post
619 3308 698 3333 quem
719 3301 782 3325 Phil.
802 3302 832 3331 2,
853 3301 894 3326 42.
914 3308 969 3334 seq.

363 3341 374 3356 ⁶
393 3343 456 3369 Cod.
476 3344 497 3368 Η
517 3348 542 3369 et
570 3345 627 3370 Vat.
655 3352 714 3370 cum
745 3345 856 3377 Vulgata
875 3346 900 3371 el
917 3345 1144 3379 quemadmodum
1163 3345 1248 3379 confe-

293 3386 355 3413 stim
374 3389 472 3413 sanata
491 3388 532 3414 sit.
554 3402 586 3406 -
606 3387 723 3414 Subinde
742 3389 886 3421 allegantur
904 3388 971 3416 Tob.
992 3391 1039 3421 42,
1058 3390 1083 3415 7.
1103 3393 1128 3416 et
1147 3390 1172 3416 6.

1384 2684 1393 2699 ⁷
1415 2686 1448 2711 lta
1468 2686 1545 2713 etiam
1567 2685 1648 2717 Beda,
1669 2685 1745 2711 Card.
1765 2686 1856 2717 Ilugo,
1876 2686 1903 2710 B.
1917 2685 2028 2716 Albert.,
2043 2687 2067 2711 S.
2088 2687 2182 2712 Thom.
2204 2686 2269 2719 (Cat.

1313 2737 1391 2756 aureo
1412 2731 1437 2755 in
1458 2731 1519 2756 Luc.
1539 2738 1563 2756 c.
1582 2731 1605 2756 8.
1626 2737 1652 2756 n.
1671 2730 1710 2761 7.)
1731 2733 1755 2755 et
1775 2730 1910 2761 Lyranus;
1935 2729 2045 2761 Vulgata
2065 2734 2090 2755 et
2110 2731 2167 2756 Vat.
2186 2730 2216 2756 ei.
2236 2745 2271 2749 —

1314 2775 1370 2800 Duo
1389 2782 1464 2807 seqq.
1483 2775 1531 2800 loci
1552 2778 1612 2800 suut
1630 2775 1698 2800 ioan.
1720 2775 1744 2805 4,
1765 2775 1806 2800 42.
1826 2777 1851 2800 et
1871 2775 1946 2799 Rom.
1968 2775 2016 2805 40,
2032 2775 2121 2799 43.-
2136 2775 2218 2806 Beda,
2233 2776 2269 2800 ΙΙΙ.

1313 2819 1337 2844 in
1357 2819 1419 2844 Luc.
1438 2819 1466 2849 8,
1487 2819 1538 2844 48:
1559 2819 1618 2844 ldeo
1636 2818 1708 2853 filia,
1727 2819 1789 2851 quia
1807 2818 1873 2853 fides
1892 2820 1940 2845 tua
1959 2820 1983 2845 te
2001 2818 2107 2845 salvam
2125 2818 2194 2852 fecit.
2219 2819 2269 2844 Nec

1312 2863 1391 2888 dixit:
1412 2863 1477 2888 fides
1496 2866 1539 2888 tua
1560 2866 1584 2888 te
1602 2863 1702 2888 salvam
1723 2864 1820 2888 factura
1840 2867 1892 2895 est,
1912 2863 1959 2889 sed
1978 2863 2084 2890 salvam
2102 2863 2171 2897 fecit.
2192 2865 2217 2889 ln
2237 2870 2268 2889 eo

1311 2906 1396 2937 enirn,
1415 2907 1487 2939 quod
1506 2906 1654 2937 credidisti,
1674 2907 1725 2932 iam
1745 2907 1815 2932 salva
1837 2909 1900 2933 facta
1920 2915 1957 2933 es.

1382 2948 1393 2963 ⁸
1412 2950 1488 2976 Vers.
1510 2951 1550 2976 46.
1570 2965 1603 2968 -
1623 2951 1747 2984 Sequitur·
1767 2952 1842 2977 Marc.
1862 2952 1894 2982 9,
1913 2953 1964 2977 22:
1984 2951 2017 2978 Si
2031 2954 2106 2985 potes
2126 2952 2170 2986 [ita
2190 2953 2267 2979 etiam

1312 2994 1332 3019 H
1352 2998 1377 3020 et
1396 2993 1468 3027 Vnt]
1487 2994 1595 3020 credere
1612 2998 1661 3020 etr.

1381 3036 1393 3051 ⁹
1413 3038 1485 3064 Vers.
1505 3039 1534 3064 9.-
1546 3052 1581 3057 -
1601 3039 1717 3065 Subinde
1735 3040 1862 3072 allegatur
1881 3041 1943 3066 Luc.
1964 3041 2009 3072 40,
2023 3041 2047 3065 5.
2061 3040 2145 3066 Codd.
2157 3041 2269 3072 allegant

1313 3082 1406 3108 Matth.
1426 3080 1470 3114 to,
1492 3083 1533 3108 44.
1552 3090 1623 3116 seq.,
1652 3083 1695 3109 ubi
1721 3085 1863 3115 sententia,
1882 3085 1928 3110 sed
1948 3092 1998 3110 non
2018 3084 2098 3110 verba
2119 3088 2268 3111 occurrunt.

1311 3139 1346 3145 —-
1365 3127 1492 3158 Superius
1513 3132 1561 3158 pro
1580 3126 1608 3153 in
1626 3127 1802 3161 acquisitione
1822 3129 1879 3154 Vat.
1898 3128 2077 3162 inquisitione,
2097 3130 2117 3154 G
2137 3128 2164 3154 in
2184 3128 2269 3162 inqui-

1311 3168 1414 3195 sitione.
2218 3180 2220 3183 ·

1383 3212 1405 3227 ¹⁰
1425 3214 1499 3240 Vers.
1519 3214 1562 3240 27.
1582 3228 1616 3234 —
1635 3216 1700 3242 Tres
1718 3223 1792 3250 seqq.
1813 3217 1862 3242 loci
1881 3220 1941 3242 sunt
1959 3217 2046 3242 Matth.
2067 3217 2108 3248 44,
2127 3217 2178 3248 29;
2198 3218 2267 3243 loan.

1313 3256 1360 3288 46,
1380 3257 1421 3282 33.
1443 3257 1532 3289 (codd.
1552 3259 1675 3285 omittunt
1693 3260 1791 3287 Haec...
1806 3266 1904 3294 pacem
1923 3259 2052 3293 habeatis)
2071 3264 2097 3286 et
2116 3261 2179 3286 Phil.
2199 3261 2223 3292 4,
2242 3261 2268 3286 7.

1384 3299 1404 3314 ¹¹
1426 3301 1498 3327 Vers.
1519 3302 1562 3327 50.
1581 3316 1616 3321 —
1636 3304 1758 3336 Sequitur
1778 3305 1864 3330 Matth.
1885 3304 1933 3337 45,
1953 3305 1994 3330 28.

1384 3344 1405 3359 ¹²
1426 3346 1500 3372 Vers.
1523 3347 1564 3372 38.
1586 3361 1618 3365 —-
1638 3348 1695 3373 Duo
1723 3356 1797 3382 seqq.
1826 3349 1874 3375 loci
1900 3353 1960 3375 sunt
1988 3349 2076 3375 Matth.
2100 3349 2147 3381 45,
2176 3350 2217 3375 23.
2242 3353 2267 3375 et

1311 3391 1373 3416 Luc.
1394 3391 1423 3422 8,
1444 3391 1485 3421 44.
