2427 3872
311 351 375 384 764

601 393 654 419 1GN

361 453 396 458 —
415 438 527 470 Spiritus
546 440 651 463 sanctus
664 437 689 462 in
708 437 796 470 specie
816 437 884 468 iguis
902 443 946 468 ap-

309 483 395 516 paruit
414 483 446 508 Vl
466 482 517 508 542
539 482 554 507 4
572 496 607 500 -
626 482 713 514 Quare
733 481 758 507 in
777 481 865 513 specie
877 480 947 513 ignis

308 527 460 559 apparuerit
487 526 600 558 Spiritus
624 528 731 551 sanctus
754 525 885 557 Apostolis
904 525 947 550 Vll

308 573 341 597 83
361 572 393 597 53
414 571 447 589 —'
466 570 602 603 Apparitio
622 569 733 602 Spiritus
751 570 834 595 sancti
847 569 872 595 in
886 569 948 601 igne

306 616 413 648 signum
432 618 471 641 est
491 614 590 647 gratiae
609 614 634 640 in
653 614 775 646 perfectis
789 613 822 639 84
842 613 875 639 54

359 673 396 679 —
415 660 504 692 ignem
524 659 687 691 spiritualem
715 658 793 684 mittit
820 658 948 684 Dominus

307 704 528 730 communicando
541 703 696 735 doctrinam,
710 702 872 728 infundendo
888 709 947 734 gra-

308 749 378 780 tiam,
400 748 588 774 inflammando
601 747 636 773 ad
649 747 772 773 iustitiam
786 747 829 773 Vll
850 747 900 772 330
914 746 948 772 70

308 807 343 812 -
362 793 503 825 spiritualis
522 793 616 818 frustra
641 792 766 822 mittitur,
791 791 842 817 nisi
860 797 949 816 accen·

309 837 386 863 datur
405 844 452 869 per
472 836 668 862 meditationem
694 835 882 861 beneficiorum
902 835 948 860 Dei

309 880 372 907 ibid.
386 895 420 900 —
433 881 517 907 divini
536 880 634 906 amoris
646 882 685 905 est
698 880 789 912 triplex
803 879 950 911 baptismus

310 926 361 951 333
380 925 414 950 78

363 983 399 988 -
417 969 585 1001 superficiem
610 971 706 998 terrae,
732 968 758 993 in
787 974 839 1000 qua
869 968 950 993 factae

310 1016 371 1039 sunt
391 1014 540 1046 iniquitates
568 1013 726 1044 impiorum,
746 1014 836 1037 exuret
855 1014 880 1036 et
899 1011 948 1036 ari-

311 1058 372 1083 dam
392 1057 484 1083 reddet
503 1057 536 1082 Vi
559 1056 607 1082 144
627 1063 655 1082 V.
674 1056 707 1081 24

363 1116 397 1120 —
415 1102 592 1133 sempiternus
610 1107 659 1126 nec
687 1100 875 1132 exstinguitur,
900 1106 949 1125 nec

310 1146 450 1178 exstinguit
470 1146 512 1172 Vii
532 1146 565 1171 80
586 1145 619 1170 42

364 1191 513 1216 lenonium
538 1204 573 1208 —
602 1189 718 1215 Caecitas
741 1191 779 1214 est
802 1188 949 1220 ignorantia

311 1236 454 1261 intellectus
474 1235 506 1260 Vl
526 1235 577 1261 560
597 1241 624 1259 v.
650 1235 665 1259 3
686 1248 719 1251 —
739 1236 777 1259 est
797 1240 868 1258 mors
888 1239 949 1264 pec-

311 1282 428 1305 catorum
449 1279 499 1304 589
521 1279 536 1303 6
556 1293 591 1297 —
606 1279 690 1304 aufert
709 1278 789 1303 vitam
809 1277 951 1309 intelligen-

311 1324 361 1349 tiae
380 1322 441 1350 ibid.

364 1382 399 1387 —
418 1367 534 1394 Caecitas
552 1367 714 1399 ignorantiae
742 1370 781 1393 est
808 1366 950 1392 relevanda

312 1413 345 1439 Vl
365 1413 415 1438 578
437 1413 446 1438 4
471 1426 507 1431 -
524 1413 593 1438 Fons
611 1412 753 1444 sapientiae
766 1414 863 1444 purgat
877 1411 951 1443 igno-

311 1458 422 1484 rantiam
442 1457 584 1483 intellectus
603 1457 655 1482 555
675 1458 689 1481 2

365 1516 400 1521 -
419 1502 447 1527 in
466 1504 553 1527 mente
572 1504 611 1527 est
630 1508 645 1526 a
670 1501 747 1533 culpa
766 1500 892 1532 originali>
909 1501 951 1526 Vll

315 1547 364 1572 128
385 1546 417 1571 60
437 1560 472 1565 -
491 1548 530 1572 051
548 1546 624 1577 origo
643 1548 668 1571 et
681 1552 764 1577 poena
780 1548 950 1576 peccatorum

313 1591 347 1616 Vl
368 1590 418 1616 404
439 1590 471 1616 57
491 1604 526 1608 -
545 1590 639 1615 Malum
670 1589 831 1621 ignorantiae
857 1588 953 1621 premit

313 1635 441 1661 rationem
455 1634 569 1660 hominis
581 1635 632 1659 602
648 1634 657 1659 4
675 1647 710 1653 ——
724 1634 866 1666 Occupatio
879 1633 953 1665 peior

314 1682 353 1705 est
371 1686 402 1704 ex
421 1679 568 1711 ignorantia
588 1679 621 1703 ¹i8
640 1686 668 1704 v.
688 1679 721 1704 43

369 1737 403 1742 -
422 1723 568 1755 ignorantia
596 1723 652 1749 sine
680 1723 777 1748 malitia
804 1725 911 1748 excusat
938 1729 953 1747 a

315 1771 423 1800 peccato
444 1768 485 1793 Vll
515 1767 566 1792 344
586 1768 619 1793 45
638 1781 674 1786 --
692 1770 798 1793 excusat
816 1769 954 1799 peecatum

316 1813 349 1838 Vi
369 1812 420 1838 454
440 1812 473 1837 35
492 1826 527 1830 —
552 1812 661 1843 simplex
691 1814 805 1837 meretur
834 1811 954 1841 veniam,

316 1864 366 1882 non
387 1863 451 1882 vero
471 1856 616 1887 ignorantia
635 1863 721 1881 crassa
741 1858 766 1881 et
784 1856 878 1887 supina
903 1855 954 1881 494

316 1908 341 1926 v.
363 1901 378 1925 8
398 1915 432 1918 -
450 1900 560 1932 simplex
588 1902 694 1926 excusat
719 1900 762 1925 Vll
789 1900 839 1925 330
867 1900 899 1924 68
919 1913 954 1917 -

316 1945 439 1970 Affectata
458 1952 509 1970 non
529 1948 634 1970 excusat
653 1947 678 1969 et
696 1944 812 1976 graviter
831 1944 954 1976 punietur

317 1988 377 2015 ibid.
397 2003 432 2008 —
457 1989 531 2020 impii
558 1989 702 2020 ignorantia
731 1995 819 2014 crassa
847 1991 872 2014 et
897 1989 954 2014 affe-

316 2036 383 2059 ctata
402 2034 523 2065 ignorant
549 2033 620 2058 viam
639 2033 685 2058 Dei
706 2033 738 2058 Vi
769 2032 818 2058 440
837 2039 864 2058 v.
883 2032 899 2057 7
919 2047 954 2050 —

316 2079 467 2110 Ignorantes
485 2077 626 2109 punientur
646 2077 690 2103 Vii
711 2077 761 2103 484
782 2077 815 2102 34
828 2091 864 2096 -
883 2077 954 2109 lgno-

316 2125 404 2148 rantes
416 2122 450 2148 ad
463 2121 594 2148 Christum
608 2121 859 2154 appropinquabant
874 2122 923 2146 ii3
939 2122 954 2147 2

321 2166 323 2168 ’
370 2181 405 2186 -
424 2167 562 2193 Peccantes
581 2173 629 2198 per
658 2166 832 2198 ignorantiam
860 2166 956 2198 signifi-

318 2214 410 2237 cantur
429 2218 476 2243 per
495 2218 588 2237 caecos
608 2211 641 2236 Vi
660 2211 712 2236 305
733 2210 765 2235 44

371 2256 448 2281 ittam
468 2270 503 2273 —
521 2256 591 2281 Deus
609 2256 681 2280 solus
700 2254 778 2280 intrat
796 2255 822 2280 in
842 2254 956 2279 animam

318 2299 447 2325 illabendo
468 2300 500 2324 Vi
521 2299 571 2325 433
592 2299 625 2324 43
646 2298 674 2324 2*

371 2344 491 2370 intonans
509 2357 545 2362 —
563 2343 649 2369 illusio
662 2343 850 2369 contumeliosa
864 2345 903 2368 est
915 2349 958 2368 su-

318 2388 438 2414 stinenda
457 2390 483 2413 et
495 2387 617 2413 seditiosa
631 2387 755 2419 fugienda
769 2387 801 2413 Vl
822 2386 871 2412 617
893 2387 909 2412 6
923 2401 957 2405 —-

319 2426 442 2458 Graviter*
462 2432 572 2457 sustinet
595 2431 668 2457 illudi
697 2431 802 2463 sapiens
831 2438 845 2456 a
871 2431 958 2457 minus

319 2477 429 2508 sciente,
449 2476 557 2508 gravius
576 2479 670 2508 potens
688 2483 703 2501 a
731 2476 819 2502 minus
837 2478 957 2508 potente,

320 2521 476 2552 gravissime
494 2520 662 2546 benefaciens
680 2519 713 2546 ab
733 2527 817 2552 egeno
841 2520 897 2546 eius
916 2520 958 2546 be-

319 2565 442 2590 neficium
462 2565 603 2596 recipiente
622 2565 673 2590 646
692 2566 708 2590 2

372 2622 408 2628 -
420 2609 547 2635 Dominus
556 2609 649 2640 sciens,
659 2609 821 2634 illudendum
833 2610 886 2634 fore
896 2609 958 2641 suis,

321 2653 463 2685 praemittit
490 2653 640 2684 exemplum
669 2660 732 2678 suae
760 2653 900 2683 illusionis,
931 2656 959 2678 ut

321 2697 448 2729 patienter
466 2697 609 2722 sustineant
628 2697 661 2722 Vi
681 2697 732 2721 617
754 2697 768 2722 4
788 2710 823 2715 -
842 2696 960 2723 Christus

322 2748 374 2766 non
392 2741 477 2766 solum
498 2741 588 2766 illusus
617 2741 664 2766 fuit
692 2741 893 2772 contumeliose,
913 2741 960 2767 sed

321 2785 400 2810 etiam
420 2785 542 2810 seditiose
562 2783 596 2809 ib.
615 2785 630 2809 6

375 2843 410 2847 -
430 2828 554 2854 Diabolus
574 2828 658 2853 illudit
678 2828 775 2853 homini
790 2828 823 2853 ad
836 2828 962 2854 seducen-

323 2873 387 2899 dum
409 2873 440 2898 Vl
455 2873 506 2898 617
527 2873 541 2897 6
561 2886 596 2891 -
615 2873 701 2898 1110510
721 2872 816 2898 diaboli
837 2879 884 2904 per
903 2880 962 2898 con-

323 2917 509 2949 cupiscentiam
530 2918 660 2942 honorum
679 2920 766 2942 notata
786 2917 832 2942 fuit
845 2917 870 2942 in
891 2924 963 2943 coro-

322 2962 426 2987 natione
455 2961 560 2992 Christi,
589 2961 671 2987 iiiusio
700 2968 746 2993 per
777 2961 962 2993 concupiscen-

323 3006 385 3031 tiam
405 3006 555 3031 divitiarum
575 3005 601 3031 in
619 3008 692 3031 veste
710 3013 858 3037 purpurea,
878 3005 962 3032 illusio

324 3057 372 3081 per
391 3050 630 3081 concupiscentiam
659 3050 824 3082 voluptatum
854 3050 877 3075 in
898 3053 961 3082 potu

323 3094 417 3120 Christi
437 3093 471 3120 ib.
491 3094 507 3119 7
527 3108 562 3113 -
581 3094 711 3120 Peccatori
726 3094 840 3120 illuditur
853 3101 868 3119 a
888 3095 963 3120 sedu-

324 3141 409 3168 cente,
429 3138 535 3171 quando
564 3142 669 3170 peccat,
694 3145 708 3163 a
735 3139 882 3164 deducente
907 3139 964 3164 sive

324 3183 556 3215 deprehendente,
577 3190 591 3207 a
611 3183 697 3208 iudice
716 3186 742 3209 et
760 3186 857 3209 tortore
877 3183 928 3208 6i6
948 3184 963 3209 3

324 3241 360 3246 -
386 3227 439 3252 Non
469 3227 555 3252 solum
584 3227 700 3252 illuditur
729 3227 894 3258 damnando,
917 3228 964 3254 sed

325 3271 465 3303 aliquando
486 3272 616 3297 innocenti
635 3271 719 3297 illudit
743 3271 839 3297 malitia
859 3272 964 3298 illuden-

326 3315 358 3340 tis
376 3314 408 3341 ib.
430 3315 444 3340 4

379 3359 536 3385 ittunnvnio
555 3373 589 3378 —
602 3359 744 3391 spiritualis
757 3362 796 3385 est
809 3367 905 3391 magna
920 3360 965 3385 uti-

327 3403 383 3428 litas
404 3403 435 3428 Vl
456 3403 508 3428 375
536 3403 568 3428 45
588 3418 621 3421 -
643 3404 701 3429 facit
729 3404 760 3429 ad
790 3404 964 3430 eruditionem

326 3450 352 3472 et
370 3448 480 3472 salutem
499 3447 550 3472 254
570 3447 603 3472 34
623 3462 657 3467 -
676 3449 773 3474 Omnes
788 3448 966 3474 iiiumInantur

327 3490 424 3516 iumine
452 3494 573 3522 naturae,
593 3499 644 3517 non
674 3492 772 3523 gratiae
801 3492 851 3518 253
877 3494 910 3519 30
930 3507 965 3512 -

1172 348 1286 381 INDEX
1310 348 1438 382 RERUM

984 437 1054 462 Deus
1072 443 1165 462 omnes
1189 440 1297 468 paratus
1325 439 1364 462 est
1391 437 1550 467 illuminare,
1575 435 1623 462 sed

984 488 1038 507 non
1058 481 1185 507 illuminat
1203 487 1249 506 eos
1268 481 1313 513 qui
1332 480 1382 506 sibi
1407 481 1534 507 claudunt
1551 480 1623 506 viam

984 524 1089 551 luminis
1108 523 1170 551 ibid.
1188 538 1225 544 —
1248 524 1355 555 Omnes,
1374 524 1419 557 qui
1438 524 1624 554 illuminantur,

984 575 999 595 a
1018 569 1073 595 Deo
1093 568 1271 594 illuminantur
1290 567 1353 595 ibid.
1373 582 1407 586 —
1427 569 1496 594 Deus
1514 568 1585 594 solus
1597 567 1624 593 il-

984 613 1095 639 luminat
1113 612 1246 643 effective,
1266 612 1353 638 Sancti
1373 612 1527 644 dispositive
1539 610 1624 637 verbo

984 659 1011 683 et
1029 657 1150 689 exemplo
1170 656 1216 682 251
1241 657 1275 682 23

1041 714 1075 719 -
1100 700 1217 727 Christus
1245 700 1373 726 illuminat
1399 699 1566 732 spiritualiter
1590 699 1624 724 Vi

987 744 1038 771 372
1059 746 1069 770 4
1094 759 1128 762 -
1147 744 1265 771 Christus
1285 744 1411 770 illuminat
1430 747 1521 776 gentes
1533 744 1577 769 Vll
1589 744 1623 769 98

987 789 1020 815 40
1039 803 1074 808 -
1095 789 1228 821 implendo
1247 789 1401 814 mandatum
1421 788 1513 814 Christi
1533 787 1625 814 illumi-

987 836 1063 860 natur
1082 835 1162 859 homo
1182 834 1214 859 Vl
1235 833 1286 858 374
1307 833 1339 858 43

1040 892 1076 897 -
1093 877 1192 910 Aliquis
1205 880 1366 907 excaecatur,
1378 877 1440 909 quia
1453 876 1561 902 interius
1574 883 1625 901 non

986 922 1146 948 illuminatur
1166 922 1199 948 Vi
1218 922 1269 947 382
1289 922 1325 947 55
1341 935 1377 940 ·—-
1395 921 1490 947 Anima
1513 920 1626 946 hominis

986 966 1161 997 illuminatur,
1180 973 1242 992 cum
1270 965 1430 991 convertitur
1458 965 1492 990 ad
1520 967 1625 990 aeterna

987 1010 1056 1036 hona
1076 1010 1109 1036 54
1129 1018 1155 1043 q.
1175 1011 1190 1036 2

1040 1068 1075 1074 -
1094 1054 1164 1080 0100
1190 1055 1216 1080 in
1244 1053 1476 1080 illuminationibus
1503 1052 1627 1085 angelicis

987 1099 1020 1125 Vi
1041 1099 1090 1124 409
1111 1106 1137 1124 ν.
1157 1099 1172 1124 9
1193 1113 1225 1117 —-
1240 1098 1393 1124 illuminatio
1406 1098 1468 1124 solis
1481 1097 1567 1130 primo
1581 1097 1626 1123 de-

986 1144 1087 1169 rivatur
1111 1143 1145 1169 ad
1173 1143 1230 1168 ioca
1257 1143 1394 1174 superiora
1421 1145 1446 1168 et
1474 1143 1554 1168 03010.
1566 1142 1627 1167 ν101·

986 1188 1068 1220 mora,
1081 1187 1178 1213 deinde
1191 1188 1216 1213 in
1235 1187 1332 1218 media,
1350 1187 1442 1213 ultimo
1455 1187 1480 1212 in
1494 1189 1627 1218 postrema

986 1232 1048 1259 ibid.
1067 1246 1102 1251 —
1115 1233 1142 1258 10
1155 1232 1279 1258 humanis
1292 1231 1525 1257 illuminationibus
1538 1231 1626 1257 iumen

987 1277 1129 1309 sapientiae
1148 1277 1235 1309 primo
1263 1276 1290 1301 in
1318 1277 1462 1309 praelatos,
1482 1275 1578 1301 deinde
1601 1275 1626 1301 in

987 1328 1080 1347 eorum
1100 1321 1244 1352 ministros,
1264 1321 1370 1347 tandem
1395 1321 1422 1346 in
1450 1320 1571 1346 subditos
1589 1322 1628 1346 est

988 1366 1189 1392 diffundendum
1208 1365 1271 1392 ibid.

1041 1425 1075 1430 —
1094 1411 1141 1437 Per
1160 1411 1375 1436 illuminationem
1394 1409 1517 1435 ducimur
1536 1408 1570 1435 ad
1592 1408 1628 1434 di-

988 1456 1131 1481 rectionem
1152 1455 1194 1481 Vll
1215 1455 1248 1480 42
1270 1454 1320 1480 440
1341 1469 1375 1472 -
1394 1454 1548 1480 illuminatio
1567 1460 1629 1480 con-

989 1500 1112 1526 scientiae
1132 1503 1171 1525 est
1198 1500 1232 1525 ad
1261 1499 1452 1525 aedificandam
1472 1498 1567 1524 Christi
1587 1499 1630 1524 Ec-

989 1545 1109 1577 clesiam,
1128 1544 1162 1570 ad
1181 1544 1367 1570 confutandam
1387 1543 1544 1576 pravitatem
1573 1543 1630 1568 alie-

990 1596 1066 1621 nam,
1086 1589 1119 1614 ad
1147 1588 1297 1614 habendam
1325 1588 1443 1614 divinam
1470 1587 1586 1613 notitiam
1605 1589 1631 1612 et

990 1634 1025 1659 ad
1044 1633 1187 1659 videndam
1207 1633 1350 1658 claritatem
1370 1632 1488 1658 divinam
1508 1632 1558 1657 302
1578 1632 1612 1657 76

1044 1693 1079 1696 -
1098 1678 1258 1704 llluminatus
1277 1677 1357 1703 debet
1382 1677 1406 1702 in
1431 1676 1508 1708 plebe
1533 1676 1630 1708 princi-

991 1723 1048 1755 pari
1068 1723 1111 1748 Vll
1130 1722 1181 1747 209
1200 1721 1235 1747 74

1045 1769 1204 1800 ittosTnA'rio
1223 1781 1258 1785 —
1278 1766 1390 1798 Spiritus
1403 1768 1509 1792 sanctus
1521 1765 1631 1790 illustrat

992 1812 1025 1838 ad
1045 1811 1228 1843 cognoscenda
1246 1810 1293 1836 Dei
1311 1810 1408 1836 iudicia
1427 1810 1460 1835 Vi
1478 1810 1513 1835 72
1533 1817 1559 1842 q.
1579 1810 1589 1834 4

1045 1857 1175 1882 immixtam
1193 1869 1229 1874 —
1241 1855 1316 1880 Ratio
1329 1854 1428 1888 aliquid
1442 1854 1561 1886 cogitans
1574 1856 1631 1885 pot-

991 1904 1031 1927 est
1049 1907 1096 1933 per
1116 1900 1231 1932 speciem
1245 1900 1270 1925 in
1285 1899 1472 1936 imaginatione
1492 1899 1589 1929 facere,
1604 1901 1632 1924 ut

991 1945 1114 1971 sensitiva
1134 1945 1197 1970 iliud
1216 1944 1287 1970 idem
1307 1944 1466 1976 imaginetur
1485 1943 1518 1969 Vi
1532 1942 1578 1968 431
1598 1943 1631 1968 39

991 2003 1026 2008 -
1045 1989 1111 2015 Cum
1124 1989 1210 2021 aliqua
1225 1988 1397 2020 praescimus,
1410 1994 1553 2020 possumus
1571 1987 1632 2013 ima-

992 2034 1076 2066 ginari
1094 2032 1156 2060 ibid.
1170 2047 1206 2052 -—-
1218 2032 1420 2065 Imaginationes
1437 2033 1574 2058 retrahunt
1585 2039 1633 2057 1105

991 2078 1026 2104 ab
1044 2079 1162 2104 oratione
1181 2084 1229 2110 per
1253 2077 1391 2109 strepitum
1415 2083 1494 2102 suum
1518 2076 1561 2102 Vll
1581 2076 1628 2102 471

993 2123 1026 2149 62
1046 2136 1080 2142 -
1100 2122 1303 2154 imaginationes
1315 2124 1376 2147 sunt
1388 2120 1552 2147 obstaculum
1566 2121 1633 2146 inter

993 2174 1041 2193 nos
1060 2170 1086 2193 et
1105 2166 1237 2193 Christum
1257 2165 1319 2192 ibid.
1629 2187 1633 2190 ,

994 2208 999 2210 ’
1048 2212 1126 2237 inico
1144 2224 1181 2230 --
1205 2213 1245 2236 est
1272 2210 1432 2242 principium
1456 2209 1634 2241 cognoscendi

996 2256 1029 2280 Vi
1050 2255 1100 2281 425
1120 2263 1148 2280 ν.
1167 2254 1202 2280 24
1221 2268 1256 2273 -
1276 2255 1319 2280 Est
1347 2255 1439 2286 triplex
1464 2253 1580 2286 potentia
1609 2254 1634 2278 in

996 2299 1111 2331 imagine
1130 2299 1174 2324 Vii
1194 2299 1245 2325 558
1266 2298 1299 2324 58
1319 2312 1354 2317 —
1372 2301 1411 2324 est
1426 2297 1569 2323 similitudo
1587 2297 1635 2328 rei,

996 2351 1047 2370 non
1066 2344 1123 2376 ipsa
1151 2351 1193 2369 res
1219 2343 1253 2368 Vi
1283 2343 1333 2368 495
1361 2350 1387 2368 v.
1409 2343 1441 2367 46
1460 2356 1496 2361 -
1514 2349 1578 2367 vera
1596 2345 1636 2367 est

995 2388 1086 2414 similis
1104 2387 1206 2413 auctori
1225 2388 1267 2413 Vll
1287 2387 1334 2412 551
1359 2387 1393 2412 38

1050 2447 1083 2451 -
1102 2432 1221 2459 Caesaris
1240 2434 1279 2458 est
1298 2432 1323 2457 in
1342 2431 1450 2458 denario
1472 2432 1513 2457 Vil
1528 2430 1575 2456 511
1601 2431 1629 2456 34

995 2492 1031 2497 -
1049 2477 1095 2503 Dei
1115 2480 1154 2503 est
1171 2477 1197 2502 in
1216 2477 1303 2502 anima
1324 2475 1386 2502 ibid.
1404 2489 1440 2495 -
1458 2475 1548 2501 divina
1568 2476 1636 2501 relu-

996 2525 1037 2548 cet
1056 2522 1081 2547 in
1109 2522 1197 2547 anima
1226 2523 1342 2547 humana
1372 2521 1404 2546 Vi
1431 2520 1481 2546 458
1502 2527 1527 2545 v.
1548 2520 1581 2545 26
1601 2534 1636 2538 -

996 2567 1128 2592 1311003115
1147 2566 1251 2591 31111030
1278 2568 1317 2591 051
1340 2566 1404 2590 sacta
1432 2565 1467 2591 ad
1495 2564 1575 2590 totius
1598 2571 1635 2589 sa-

996 2611 1109 2643 pientiae
1127 2609 1325 2635 similitudinem
1355 2609 1405 2634 407
1425 2616 1450 2634 v.
1472 2609 1481 2633 4
1505 2622 1540 2628 -
1559 2608 1636 2634 13110-

996 2656 1061 2680 03115
1081 2654 1185 2680 animae
1203 2661 1251 2685 per
1270 2656 1408 2685 peccatum
1434 2653 1458 2678 in
1479 2656 1579 2678 tantum
1597 2655 1637 2678 est

997 2699 1155 2730 deformata,
1175 2701 1203 2723 ut
1221 2698 1263 2723 vix
1283 2697 1406 2729 cognosci
1426 2697 1508 2729 possit
1527 2696 1589 2722 ibid.
1602 2711 1637 2714 —

997 2743 1043 2768 Dei
1062 2743 1087 2767 in
1107 2742 1213 2767 homine
1226 2745 1265 2767 est
1277 2741 1418 2773 exspoliata
1437 2744 1546 2773 propter
1565 2747 1637 2766 aver-

998 2787 1098 2812 sionem
1118 2789 1143 2811 et
1161 2787 1296 2811 vulnerata
1316 2790 1424 2817 propter
1437 2785 1636 2811 conversionem

999 2831 1043 2856 Vll
1062 2830 1109 2855 271
1133 2831 1166 2855 62
1186 2843 1221 2848 —-
1240 2830 1310 2855 Deus
1323 2829 1429 2861 appetit,
1443 2836 1548 2861 semper
1561 2836 1636 2855 suam

1000 2875 1143 2906 imaginem
1157 2873 1207 2899 sibi
1221 2873 1379 2899 conformari
1393 2873 1424 2898 Vi
1439 2874 1490 2898 382
1505 2873 1538 2899 55
1551 2880 1607 2905 arg.
1622 2874 1637 2899 2

1052 2932 1087 2937 -
1113 2918 1217 2943 30111130
1240 2917 1385 2943 deformata
1410 2920 1449 2943 est
1468 2924 1515 2949 per
1539 2917 1638 2949 sapien-

1001 2963 1062 2989 tiam
1076 2962 1224 2988 necessario
1243 2962 1410 2987 reformanda
1425 2962 1456 2987 Vi
1471 2961 1520 2987 407
1534 2969 1561 2987 v.
1575 2962 1585 2986 4
1603 2976 1639 2981 -

1000 3007 1040 3033 Ad
1065 3007 1276 3032 reformationem
1300 3006 1424 3038 imaginis
1449 3006 1552 3032 animae
1579 3009 1639 3032 sunt

1001 3051 1148 3077 necessaria
1161 3050 1274 3076 malitiae
1287 3050 1403 3082 expulsio
1416 3053 1442 3075 et
1455 3050 1562 3082 perfecti
1576 3050 1638 3076 boni

1001 3095 1138 3128 acquisitio
1162 3094 1224 3121 ibid.
1243 3109 1278 3114 —
1303 3094 1405 3125 divina,
1426 3101 1473 3126 per
1501 3097 1638 3126 peccatum

1002 3140 1027 3165 in
1047 3139 1134 3165 anima
1160 3139 1319 3169 deformata,
1338 3139 1521 3164 reformatione
1540 3138 1640 3170 indiget

1001 3184 1148 3210 secundum
1168 3183 1376 3214 intelligentiam,
1391 3183 1545 3208 memoriam
1560 3185 1584 3208 01
1597 3190 1640 3208 vo-

1002 3229 1127 3254 luntatem
1146 3226 1207 3254 ibid.
1227 3240 1261 3246 —
1281 3227 1326 3252 Dei
1340 3227 1365 3252 in
1379 3222 1465 3252 anima
1483 3228 1640 3253 reformatur

1002 3280 1049 3305 per
1069 3273 1196 3298 unitatem
1210 3271 1309 3303 gratiae
1323 3274 1348 3297 et
1361 3271 1499 3297 trinitatem
1513 3272 1639 3297 virtutum

1003 3317 1046 3342 Vll
1067 3316 1117 3342 264
1138 3316 1171 3342 24

1057 3375 1092 3379 --
1111 3361 1199 3386 Honor
1218 3359 1341 3391 imaginis
1365 3361 1474 3385 refertur
1502 3360 1533 3385 ad
1555 3362 1641 3391 proto-

1004 3408 1096 3437 typum
1116 3405 1183 3431 sicut
1210 3405 1244 3430 ad
1268 3404 1399 3430 obiectum
1430 3404 1461 3430 Vi
1483 3404 1532 3430 429
1554 3404 1585 3429 27
1605 3418 1640 3422 -

1005 3449 1049 3475 Dei
1069 3452 1107 3475 est
1125 3449 1260 3475 adoranda
1288 3448 1359 3473 latria
1378 3447 1438 3474 ibid.
1459 3462 1493 3467 —
1513 3448 1641 3480 imagines

1004 3493 1084 3519 modo
1112 3500 1166 3519 non
1194 3493 1291 3519 obsunt
1319 3499 1397 3518 verae
1425 3492 1571 3518 adorationi
1590 3485 1643 3518 296

1950 394 2004 420 ΙΜΡ

1662 435 1694 461 43
1715 435 1744 461 2*
1762 450 1798 455 -
1816 437 1871 463 Non
1889 438 2018 469 creditur,
2039 438 2064 464 in
2083 438 2242 471 imaginibus
2255 440 2297 465 aii-

1660 480 1725 513 quid
1745 480 1829 506 inesse
1847 481 1980 514 divinum,
2000 489 2049 508 nec
2067 482 2152 509 Deum
2175 490 2233 509 esse
2259 482 2297 509 ibi

1661 524 1839 556 corporaliter,
1858 525 1905 551 sed
1923 526 2009 551 solum
2034 526 2208 558 significative
2235 525 2298 554 ibid.

1660 582 1697 588 —
1713 568 1851 594 Christiani
1864 569 1975 595 adorant
1988 570 2117 602 imagines
2130 573 2159 597 ut
2171 571 2247 603 signa
2260 578 2298 597 so·

1661 613 1730 644 ium,
1755 615 1781 639 et
1800 612 1825 638 in
1845 616 1972 646 quantum
1991 613 2093 640 ducunt
2115 614 2142 640 in
2169 615 2211 641 1113
2235 622 2299 648 quo-

1661 664 1721 683 rum
1740 660 1802 683 sunt
1819 657 1894 689 signa
1908 658 1959 683 496
1977 665 2004 684 v.
2025 658 2057 683 49

1715 702 1791 727 iussn
1809 715 1845 721 -
1863 705 1959 728 terram
1978 702 2116 729 fructificat
2134 703 2168 728 Vi
2182 703 2215 728 88
2234 710 2262 729 v.
2281 703 2296 729 3

1661 760 1697 765 —
1712 746 1841 778 significat
1854 746 1936 772 divini
1949 745 2023 772 verbi
2036 747 2182 773 doctrinam
2196 747 2230 772 90
2243 754 2270 772 v.
2283 747 2298 772 6

1715 791 1829 816 lutuno
1848 804 1884 810 —·
1903 790 1953 823 Qui
1972 791 2063 816 volunt
2079 797 2136 816 esse
2155 791 2201 817 filii
2218 786 2301 817 Abra-

1661 835 1711 861 hae
1723 835 1957 866 per-imitationem
1979 834 2077 861 debent
2090 841 2170 867 opera
2180 834 2301 861 Abrahae

1664 880 1749 905 facere
1763 879 1796 904 Vi
1810 879 1860 908 366
1875 879 1908 904 56
1921 893 1956 897 -
1970 878 2093 905 Diabolus
2104 882 2215 905 vocatur
2227 882 2301 911 pater

1663 923 1815 955 generando
1828 930 1876 955 per
1889 923 2060 949 imitationem
2079 924 2131 949 368
2145 923 2188 949 69.
2203 923 2253 949 369
2266 923 2301 949 72

1716 967 1889 993 immicum-rus
1906 981 1943 987 —
1961 968 2008 993 Per
2028 967 2224 993 immaculatum
2253 974 2302 1000 pu-

1663 1011 1738 1037 ritate
1757 1011 1959 1043 incorruptionis
1978 1011 2106 1037 docemur
2133 1011 2250 1037 ordinari
2268 1011 2302 1037 ad

1664 1062 1761 1087 corpus
1779 1055 1918 1087 proprium
1943 1055 1977 1081 Vi
1997 1055 2047 1081 543
2069 1056 2084 1081 2

1717 1100 1939 1125 10015511100111111111
1956 1114 1993 1118 -
2011 1106 2089 1125 causa
2109 1102 2149 1125 est
2163 1106 2237 1126 amor
2250 1100 2304 1132 pri-

1664 1144 1717 1170 vati
1736 1144 1799 1170 boni
1819 1144 1862 1169 Vii
1881 1143 1933 1169 415
1953 1143 1987 1170 35

1718 1190 1857 1214 immi-rans
1875 1202 1911 1207 —
1930 1188 2102 1220 cogitationes
2126 1188 2221 1214 dicitur
2245 1195 2304 1221 pro-

1664 1233 1721 1266 prie
1740 1236 1765 1259 et
1783 1233 1959 1259 communiter
1972 1232 2006 1258 Vi
2021 1232 2070 1258 427
2093 1232 2126 1258 44
2145 1246 2180 1252 -
2198 1233 2305 1265 proprie

1664 1280 1704 1304 est
1722 1277 1867 1303 virtualiter
1895 1278 2008 1303 formare
2026 1277 2110 1309 intus,
2131 1277 2305 1303 communiter

1664 1329 1729 1347 vero
1748 1324 1787 1347 est
1804 1321 1940 1347 offerendo
1964 1328 2108 1353 suggerere
2126 1328 2174 1353 per
2193 1321 2306 1347 occasio-

1665 1373 1727 1392 nem
1746 1365 1809 1392 ibid.
1829 1380 1862 1384 —
1883 1365 2009 1391 Diabolus
2026 1373 2078 1391 non
2091 1365 2208 1391 immittit
2219 1366 2247 1391 in
2259 1372 2305 1392 cor

1666 1410 1794 1443 hominis,
1814 1410 1860 1436 sed
1881 1413 1981 1436 tantum
1994 1410 2114 1442 suggerit
2132 1410 2174 1436 vei
2192 1410 2308 1436 incendit

1666 1455 1700 1481 ib.
1719 1454 1748 1481 2*

1720 1500 1905 1525 iunonTAtrrAs
1923 1513 1959 1518 —
1977 1499 2062 1525 iustus
2086 1501 2175 1531 sperat
2199 1499 2308 1525 immor-

1668 1544 1792 1570 talitatem
1811 1544 1837 1569 in
1856 1544 1928 1569 caelo
1947 1544 1980 1569 Vl
1997 1544 2046 1569 426
2066 1551 2093 1569 ν.
2113 1543 2129 1569 4
2149 1557 2183 1562 -
2202 1543 2308 1569 damna-

1667 1592 1753 1615 torum
1774 1589 1800 1614 in
1818 1588 1919 1614 inferno
1947 1588 2085 1614 coniuncta
2109 1591 2149 1614 est
2167 1594 2228 1614 cum
2247 1594 2308 1620 per-

1667 1637 1747 1666 petuo
1767 1633 1898 1659 moriendi
1916 1633 2048 1659 desiderio
2067 1632 2129 1659 ibid.

1720 1678 1870 1703 lununmru
1889 1691 1925 1697 —
1952 1677 2022 1703 servi
2050 1678 2170 1710 displicet
2196 1677 2307 1704 Domino

1668 1723 1700 1748 Vi
1712 1722 1763 1747 600
1778 1722 1793 1747 6
1807 1737 1842 1740 —
1855 1721 1989 1748 Polluebat
2007 1722 2141 1748 hominem
2161 1722 2309 1748 secundum

1667 1767 1765 1798 Legem
1793 1766 1947 1792 immundus
1975 1769 2123 1799 contactus,
2153 1766 2309 1792 immundus

1668 1811 1757 1842 cibus,
1776 1811 1932 1837 immundus
1950 1810 2023 1837 iocus
2035 1814 2061 1837 et
2074 1811 2227 1837 immundus
2242 1818 2310 1837 mor-

1668 1855 1718 1881 bus
1738 1855 1789 1881 599
1811 1855 1825 1880 3
1844 1868 1880 1874 —-
1899 1855 2068 1881 Immundum
2088 1855 2171 1887 tangit
2189 1856 2269 1881 homo
2282 1855 2309 1880 in

1668 1900 1736 1925 mala
1759 1899 1945 1930 delectatione,
1974 1899 2142 1925 immundum
2167 1902 2259 1931 gustat
2283 1899 2309 1925 in

1670 1945 1739 1969 malo
1764 1950 1910 1975 consensu,
1929 1943 1954 1968 in
1974 1943 2142 1969 immundum
2163 1943 2261 1970 incedit
2282 1944 2310 1969 in

1669 1988 1738 2014 malo
1757 1994 1852 2020 opere,
1871 1988 2041 2014 immundum
2060 1986 2184 2013 morbum
2200 1988 2310 2014 incurrit

1670 2033 1695 2058 in
1714 2033 1783 2058 maia
1802 2032 1993 2058 consuetudine
2013 2032 2065 2057 600
2085 2033 2101 2063 3

1724 2078 1882 2103 ΙΜΡΛΤιΕΝτιΑ
1902 2091 1938 2096 -
1965 2080 2005 2102 051
2032 2076 2197 2103 conturbatio
2215 2077 2250 2103 Vi
2275 2077 2309 2103 57

1670 2129 1697 2155 q.
1718 2122 1727 2147 4
1751 2135 1787 2141 -
1806 2122 1854 2147 Ρο1
1873 2121 2061 2153 impatientiam
2087 2121 2225 2147 dilaniatur
2249 2128 2311 2148 con-

1671 2166 1778 2192 scientia
1803 2166 1847 2192 Vll
1873 2166 1919 2192 244
1943 2166 1977 2191 76
1997 2179 2033 2185 -
2057 2166 2197 2198 impatiens
2214 2167 2311 2192 multos

1672 2210 1782 2236 sustinet
1800 2210 1905 2236 dolores
1924 2210 1957 2236 Vl
1978 2210 2010 2235 49
2030 2217 2058 2236 ν.
2081 2211 2114 2235 48
2134 2224 2168 2229 —-
2185 2217 2235 2248 pro
2255 2217 2312 2236 mo-

1671 2255 1730 2280 dica
1750 2261 1828 2280 causa
1841 2258 1962 2281 movetur
1975 2257 2001 2280 et
2013 2261 2065 2280 non
2078 2257 2163 2286 potest
2175 2255 2312 2288 quiescere

1674 2299 1717 2324 Vii
1734 2299 1784 2324 249
1800 2299 1815 2324 8
1834 2313 1869 2317 —
1888 2299 1968 2325 Mater
1999 2299 2176 2331 impatientiae
2204 2302 2244 2325 est
2270 2306 2312 2325 su·

1674 2342 1766 2375 perbia
1785 2342 1848 2369 ibid.

1716 2388 1892 2422 ,IMPERATIVUS
1910 2400 1945 2406 —
1964 2387 2084 2418 pluribus
2097 2387 2184 2413 modis
2203 2387 2311 2413 adhibe-

1673 2435 1714 2458 tur
1734 2432 1760 2457 in
1781 2431 1920 2463 Scripturis
1948 2431 1982 2456 Vi
2002 2431 2053 2456 277
2073 2431 2106 2456 40
2125 2446 2161 2450 -
2179 2432 2313 2464 Scriptura

1673 2476 1814 2509 aliquando
1845 2475 2003 2507 imparativo
2031 2475 2112 2501 utitur
2143 2476 2312 2508 imperative,

1673 2520 1815 2554 aliquando
1833 2520 1993 2552 consuitive‚
2018 2519 2158 2552 aliquando
2183 2520 2313 2552 permissi·

1673 2573 1720 2597 ve,
1740 2565 1881 2598 aliquando
1909 2564 2020 2595 ironice,
2049 2564 2191 2597 aliquando
2210 2565 2313 2597 praedi-

1674 2611 1742 2636 ctive
1762 2609 1812 2635 548
1834 2610 1844 2634 4

1726 2655 1873 2680 1015015011
1892 2667 1928 2672 -
1943 2653 2122 2684 intelliguntur
2141 2659 2188 2685 per
2213 2660 2312 2685 agnos,

1673 2698 1719 2732 qui
1732 2698 1881 2724 sollicitiore
1895 2704 1956 2723 cura
1970 2697 2089 2728 indigent
2107 2698 2140 2723 Vi
2159 2697 2210 2723 526
2231 2697 2264 2723 40
2278 2712 2313 2716 -

1674 2742 1834 2774 imperfectis
1852 2741 1981 2767 Dominus
2007 2741 2052 2767 dat
2078 2741 2226 2773 remedium
2254 2741 2315 2767 diie-

1675 2786 1768 2812 ctionis
1787 2788 1893 2810 mutuae
1913 2784 1963 2810 433
1984 2784 2017 2810 47
2036 2785 2244 2811 -inducuntur
2263 2792 2311 2817 per

1676 2830 1829 2862 temporalia
1843 2829 1970 2854 beneficia
1989 2829 2023 2854 70
2043 2836 2070 2861 q.
2088 2842 2123 2848 —
2142 2829 2176 2855 de
2194 2829 2259 2855 facili
2273 2836 2312 2855 ca-

1675 2875 1713 2900 dit
1731 2873 1792 2900 ibid.
1808 2888 1840 2891 —
1860 2873 2020 2904 imperfectis
2039 2873 2200 2905 prosperitas
2214 2876 2253 2899 est
2266 2874 2315 2900 uti-

1675 2919 1722 2944 lior
1742 2916 1803 2944 ibid.
1822 2932 1855 2936 —
1877 2920 2016 2943 moventur
2032 2924 2086 2942 non
2107 2917 2191 2943 solum
2209 2924 2314 2952 amore,

1676 2963 1723 2989 sed
1742 2962 1821 2988 etiam
1842 2962 1936 2987 timore
1954 2961 1997 2987 Vll
2021 2961 2069 2987 152
2090 2962 2123 2987 62

1728 3021 1764 3025 —-
1783 3013 1836 3032 non
1863 3005 1961 3031 debent
1988 3006 2141 3037 praedicare
2169 3008 2228 3032 ante
2252 3008 2316 3032 10111-

1677 3059 1726 3084 pus
1745 3051 1789 3076 Vii
1808 3050 1858 3076 603
1880 3050 1913 3075 62
1932 3063 1967 3069 ·—
1980 3050 2140 3082 imperfectis
2153 3050 2211 3076 licet
2225 3051 2315 3082 fugere

1676 3098 1785 3128 propter
1797 3094 1915 3121 cavenda
1929 3095 2044 3127 pericula
2058 3094 2104 3120 534
2123 3095 2156 3120 32

1730 3141 1894 3165 10110100110
1914 3152 1949 3158 -
1968 3139 2045 3164 estin
2057 3138 2137 3165 101105
2151 3138 2316 3170 singulariter

1677 3177 1848 3210 consideratis
1867 3183 1900 3208 Vi
1921 3183 1954 3208 32
1973 3191 1999 3216 q.

1732 3228 1828 3255 lurenu
1843 3234 1879 3246 “-
1898 3228 2078 3253 Romanorum
2106 3227 2192 3253 unitas
2210 3227 2316 3259 signum

1670 3275 1733 3313 prat
1751 3272 1881 3297 adventus
1906 3271 2001 3298 Christi
2020 3272 2063 3297 Vll
2082 3271 2117 3297 70
2137 3273 2152 3297 2
2171 3285 2207 3291 -
2225 3272 2253 3297 ln
2272 3271 2315 3297 de-

1678 3316 1820 3348 scriptione
1838 3316 1942 3347 imperii
1961 3316 2052 3348 triplex
2070 3318 2174 3341 notatur
2192 3316 2318 3341 excellen-

1679 3361 1711 3386 tia
1721 3380 1727 3392 ,
1746 3366 1815 3392 quae
1835 3361 1919 3386 futura
1938 3363 1994 3386 erat
2011 3361 2039 3386 in
2052 3360 2153 3387 Christo
2168 3359 2200 3385 44
2214 3361 2239 3391 2,
2252 3359 2268 3385 5
2281 3373 2317 3380 -

1678 3405 1821 3436 imperium
1836 3405 1981 3430 humanum
1997 3405 2136 3430 famulatur
2149 3404 2240 3430 divino
2254 3403 2286 3429 46
2301 3404 2316 3428 8

1733 3449 1875 3481 1111131111οΕ
1903 3463 1938 3467 -
1965 3448 2040 3474 Ratio
2068 3448 2203 3480 potissima
2235 3447 2317 3479 impe-

1680 3493 1765 3518 trandi
1786 3495 1824 3518 051
1843 3492 1965 3518 0101110111
1985 3492 2055 3525 eius,
2081 3499 2129 3524 pro
2149 3499 2202 3525 quo
2221 3491 2317 3524 petitur
