2427 3872
446 225 509 251 LAB

211 490 287 515 LABlA
309 503 344 508 —
363 488 489 515 claudunt
508 490 612 521 portam
631 489 685 515 oris
704 488 738 514 Vl
764 488 797 514 93

157 541 183 560 v.
207 531 224 559 ⁴»

209 579 323 604 Lasoaas
335 591 369 597 -
382 577 526 609 respiciunt
539 584 637 609 corpus
650 577 683 602 Vl
697 577 729 602 38
744 583 770 602 v.
781 577 796 602 4

155 636 190 640 —-
208 622 357 654 significant
385 622 509 647 virtutem
529 620 591 647 ibid.
611 634 646 640 —-
664 620 796 647 Laborare

155 665 255 692 bonum
273 669 313 692 est
332 665 365 691 44
384 673 410 699 q.
431 666 441 690 ⁴
465 672 523 697 arg.
543 666 558 690 3

207 725 242 729 —
261 710 388 736 Continue
412 716 517 742 semper
541 709 661 735 laborare
682 711 722 735 est
740 715 795 734 ma-

155 755 210 781 lum
230 755 323 786 culpae
342 757 368 779 et
386 760 488 786 poenae
503 753 535 779 Vl
548 753 582 779 27
596 761 623 779 v.
639 753 673 779 24
686 767 721 772 -
735 753 795 779 Sine

153 799 298 825 cessatione
315 799 436 830 exemplo
448 797 542 824 Christi
561 800 600 824 est
618 797 793 828 laborandum

154 844 196 869 Vll
226 843 277 869 350
307 843 340 868 49
359 856 395 862 -
414 849 461 875 per
488 842 620 869 Christum
647 845 686 868 est
713 842 793 868 facilis

153 889 270 920 perfecto
290 887 437 913 Christiano
451 886 502 913 405
515 887 531 911 6
547 900 579 905 ——
593 887 618 912 ln
632 885 721 912 labore
734 893 793 912 con-

152 932 309 958 siderandus
329 934 368 957 est
386 930 504 957 Christus
523 930 645 956 laborans
664 931 696 956 Vl
711 930 762 956 554
778 930 787 955 ⁴

205 991 240 994 —
260 975 338 1001 habet
363 975 530 1007 asperitatem
550 975 583 1001 Vl
603 975 655 1001 565
675 975 691 1000 5
710 986 745 993 —
764 975 792 1000 In

151 1019 242 1046 labore
261 1022 300 1046 est
318 1019 422 1045 afllictio
446 1019 480 1044 85
500 1027 528 1045 v.
547 1020 581 1045 ⁴5
598 1032 635 1038 -
654 1020 680 1044 ln
700 1018 792 1044 labori-

151 1063 203 1090 bus
221 1064 299 1090 sudat
317 1070 415 1095 corpus
434 1067 460 1089 et
478 1063 585 1089 sollicita
604 1065 643 1089 est
655 1063 744 1088 anima
757 1063 791 1088 26

150 1115 178 1134 v.
198 1108 230 1133 ⁴9
249 1122 285 1127 —
304 1108 447 1140 corporalis
475 1110 583 1139 propter
612 1107 790 1133 difficultatem

150 1155 286 1178 recusatur
311 1151 345 1178 ab
369 1152 457 1177 animo
485 1151 599 1177 hominis
624 1151 722 1177 infirmi
747 1151 790 1177 Vll

150 1196 202 1222 405
222 1196 238 1221 5
256 1210 292 1216 -
311 1196 427 1222 Dulcedo
446 1196 482 1221 rei
502 1195 637 1228 quaesitae
656 1198 681 1221 et
699 1195 788 1221 inven-

149 1243 191 1266 tae
207 1240 311 1266 alleviat
326 1239 444 1266 laborem
459 1239 490 1265 Vl
505 1239 556 1265 448
569 1247 597 1265 ν.
611 1239 645 1265 45
658 1254 693 1258 -—
706 1240 792 1265 Homi-

149 1291 209 1310 nem
229 1284 316 1310 taedet
333 1284 403 1309 vitae
421 1286 530 1316 propter
548 1283 652 1309 labores
671 1284 705 1309 25
716 1291 743 1309 v.
757 1284 790 1309 ⁴6

202 1328 441 1354 —Laborandum
469 1330 509 1354 est
535 1335 585 1360 pro
610 1327 670 1354 cibo
689 1331 790 1360 tempo·

148 1372 197 1398 rali
217 1372 250 1398 Vl
270 1373 322 1398 327
345 1372 374 1398 51
397 1387 432 1390 -
453 1372 503 1405 Qui
531 1379 583 1398 non
611 1371 711 1398 laborat
736 1379 789 1398 non

147 1416 290 1443 manducet
309 1416 361 1442 565
375 1416 390 1442 5
405 1430 438 1435 -
452 1415 561 1442 Laboris
573 1417 672 1442 fructus
685 1422 739 1442 non
751 1420 790 1442 est

147 1461 197 1487 nisi
215 1461 317 1487 vanitas
337 1461 370 1486 ⁴2
390 1468 416 1486 v.
436 1462 451 1486 3
465 1475 501 1479 —
514 1460 629 1486 hominis
643 1467 727 1486 vanus
742 1462 788 1492 est,

147 1506 294 1532 secundum
307 1505 380 1538 quod
399 1508 439 1531 est
457 1504 508 1531 sub
527 1508 648 1536 tempore
660 1507 788 1537 quantum

147 1550 181 1576 ad
191 1553 278 1576 actum
292 1552 318 1575 et
330 1549 518 1580 intentionem,
531 1549 577 1574 sed
591 1548 686 1579 bonus,
699 1555 789 1574 secun·

147 1594 211 1620 dum
230 1594 303 1627 quod
323 1596 411 1619 manet
429 1600 478 1625 pro
498 1593 649 1619 aeternitate
669 1592 701 1618 44
725 1600 752 1625 q.
773 1593 782 1618 4

201 1652 234 1657 -
253 1638 322 1664 Multi
343 1637 463 1663 laborant
481 1637 593 1668 inaniter
613 1637 645 1663 Vl
667 1637 699 1662 48
713 1644 739 1663 v.
754 1636 788 1663 44

147 1696 183 1702 -
202 1683 228 1708 ln
247 1681 397 1713 laboribus,
421 1689 489 1715 quos
509 1683 589 1707 homo
607 1688 661 1707 non
680 1684 788 1714 propter

145 1727 230 1753 Deum
249 1726 318 1759 facit,
338 1728 432 1753 frustra
451 1726 528 1752 sudat
546 1729 572 1752 et
590 1726 616 1752 in
635 1732 735 1752 vanum
754 1726 788 1752 la-

146 1770 222 1797 borat
236 1770 269 1797 24
283 1778 308 1797 v.
324 1771 351 1796 44
369 1785 405 1790 -
418 1771 483 1797 Nihil
502 1771 536 1796 de
555 1770 678 1797 universo
698 1770 788 1796 labore

145 1822 194 1841 suo
218 1815 337 1847 proderit
355 1815 455 1841 homini
474 1814 601 1841 laboranti
621 1817 730 1847 propter
747 1815 788 1840 vi-

147 1859 231 1886 sibilia
260 1858 381 1885 habenda
407 1859 440 1884 27
459 1865 486 1884 v.
507 1860 550 1884 22.
581 1858 614 1884 48
642 1865 668 1884 v.
700 1858 733 1884 45
753 1872 787 1877 -

146 1903 203 1930 eius
221 1903 266 1936 qui
286 1903 379 1929 fruitur
397 1902 473 1929 bonis
498 1901 681 1935 praesentibus
699 1902 786 1929 statim

145 1947 224 1974 habet
251 1947 489 1973 remunerationem
516 1947 549 1972 33
568 1954 594 1973 v.
617 1947 648 1972 ⁴2
667 1960 703 1965 —
721 1947 786 1972 Nihil

144 1995 183 2018 est
196 1995 249 2018 tam
263 1998 362 2017 vanum
377 1998 457 2024 quam
471 1990 591 2017 laborare
609 1991 718 2017 sollicite
737 1998 786 2023 pro

146 2036 224 2062 stulto
243 2038 269 2062 et
287 2035 371 2062 otioso
391 2035 425 2061 26
444 2042 471 2061 ν.
485 2036 527 2061 49.
547 2035 580 2061 27
600 2042 628 2061 ν.
647 2035 675 2061 24
693 2048 729 2055 -
741 2036 786 2061 La-

145 2079 240 2106 borare
258 2087 308 2112 pro
327 2079 403 2106 bonis
422 2079 611 2112 temporalibus
628 2082 668 2105 est
686 2086 785 2105 vanum

147 2125 180 2151 26
195 2131 220 2150 v.
237 2125 267 2150 ⁴8
287 2138 323 2144 —
342 2125 392 2157 Qui
411 2131 461 2157 pro
480 2123 619 2150 mundanis
639 2123 739 2150 laborat
759 2124 784 2150 in

144 2175 244 2195 vanum
263 2168 378 2201 laborat,
398 2169 460 2202 quia
479 2175 531 2194 non
550 2168 660 2201 quiescit
680 2168 695 2194 4
715 2169 730 2194 8

198 2226 233 2232 -
252 2212 326 2239 Circa
346 2220 473 2239 manuum
487 2213 667 2245 operationem
688 2212 784 2238 contin-

145 2256 183 2289 git
201 2256 359 2283 inordinatio
387 2257 413 2282 ln
442 2257 595 2288 intentione,
622 2257 647 2282 in
666 2257 785 2283 sollicitu-

145 2301 219 2333 dine,
248 2301 275 2326 in
304 2303 423 2333 tempore
451 2301 483 2326 Vl
508 2300 559 2326 327
579 2301 608 2327 54
633 2315 668 2319 -
686 2301 785 2333 Impius

144 2344 247 2371 labores
265 2345 374 2371 sustinet
392 2346 448 2371 sine
468 2346 553 2371 fructu
574 2345 624 2371 ⁴29
645 2352 672 2371 v.
692 2345 720 2370 ⁴⁴
751 2359 784 2363 —

144 2389 204 2415 Vita
221 2389 365 2422 impiorum
385 2388 514 2415 laboriosa
535 2392 575 2415 est
592 2388 655 2415 ibid.
674 2403 709 2407 —
730 2389 783 2415 inu-

144 2433 195 2460 tilis
214 2437 253 2459 est
272 2434 298 2459 in
325 2440 413 2459 rerum
442 2433 546 2459 curiosa
575 2433 724 2465 cognitione
752 2433 784 2458 ⁴9

144 2485 171 2503 v.
191 2478 224 2503 ⁴7
243 2491 278 2496 —
297 2476 430 2503 Laborans
448 2476 482 2502 ad
496 2476 620 2503 desiderii
632 2476 785 2508 completio-

144 2528 205 2548 nem
223 2528 275 2547 non
294 2521 416 2553 impletur
435 2520 546 2552 pecunia
565 2528 614 2546 nec
632 2521 737 2546 scientia
751 2520 779 2545 54

146 2573 172 2592 v.
184 2565 201 2591 7
221 2579 256 2585 -
275 2565 365 2591 Melius
384 2568 423 2591 est
440 2564 620 2597 voluptatibus
639 2565 688 2590 frui
704 2571 784 2597 quam

146 2610 269 2636 continue
288 2616 393 2642 semper
412 2608 531 2635 laborare
550 2609 584 2635 27
603 2616 630 2635 v.
650 2608 683 2646 24

198 2654 318 2680 Licinum
337 2668 373 2673 —
392 2653 509 2686 Quatuor
536 2656 597 2679 sunt
624 2653 784 2679 differentiae

145 2698 323 2730 lacrymarum
351 2698 395 2723 Vll
425 2697 476 2723 495
505 2697 538 2723 64
562 2711 598 2717 -
617 2697 784 2730 Quadruplex

145 2741 322 2774 lacrymarum
342 2742 439 2768 ssuvins
458 2741 537 2768 debet
555 2741 670 2768 derivari
688 2748 719 2768 ex
732 2742 785 2774 pie-

147 2789 199 2811 tate
217 2786 304 2812 cordis
322 2786 403 2812 nostri
424 2786 473 2812 496
494 2786 528 2812 64
770 2807 772 2809 .

198 2843 233 2849 -
252 2830 432 2861 significantur
460 2837 507 2862 per
535 2830 662 2862 piscinam
691 2830 723 2855 Vl
749 2830 783 2855 22

146 2881 173 2900 v.
193 2874 207 2898 8
227 2887 260 2892 -
280 2875 466 2905 Lacrymarum
485 2873 647 2899 abnndantia
665 2877 704 2900 est
716 2880 784 2907 aqua

145 2917 262 2950 piscinae
280 2917 455 2943 conscientiae
483 2917 534 2943 560
559 2925 584 2943 v.
605 2918 620 2943 2
641 2931 675 2936 —
699 2917 784 2943 lmber

145 2962 321 2994 laerymarum
350 2961 498 2993 intelligitur
524 2968 571 2993 per
598 2961 720 2988 nimbum
740 2961 783 2988 Vll

146 3005 198 3031 334
218 3006 251 3031 83

199 3062 234 3068 -
252 3051 439 3074 convertuntur
466 3048 492 3074 in
520 3048 610 3074 vinum
637 3048 784 3075 devotionis

147 3092 180 3118 Vl
208 3092 254 3118 27⁴
289 3093 321 3118 ⁴3
350 3106 385 3110 —
409 3092 542 3124 Lacrymis
569 3092 719 3124 irrigandas
746 3096 785 3119 est

146 3136 285 3169 paradisus
303 3136 477 3162 conscientiae
496 3136 537 3161 Vll
558 3135 608 3161 496
629 3136 662 3162 64

200 3193 235 3200 --
253 3180 330 3206 datur
349 3186 364 3205 a
383 3180 437 3206 Deo
462 3179 606 3206 humilibus
627 3180 658 3205 Vl
678 3180 730 3206 304
751 3180 784 3206 42

147 3236 182 3243 -
201 3224 343 3256 disponunt
362 3223 395 3249 ad
414 3223 577 3249 sanationem
596 3222 648 3249 305
668 3222 701 3248 44

199 3281 236 3287 -
253 3268 344 3300 culpas
363 3267 465 3293 diluunt
493 3267 536 3293 Vll
562 3267 613 3293 562
632 3266 667 3292 74
686 3281 721 3286 -
741 3268 785 3293 La·

829 181 867 214 ΙΝ
890 181 1185 215 COMMENTARlOS
1208 183 1236 216 S.
1262 183 1488 218 SCRIPTURAE

1133 353 1182 406 L

837 488 961 514 nitentiae
989 488 1040 514 563
1060 488 1094 514 74
1114 503 1149 507 -
1167 490 1274 522 quando
1299 497 1329 516 ex
1355 492 1478 517 amaritu—

836 532 898 558 dine
929 532 1088 564 procedunt,
1120 533 1243 559 inclinant
1271 534 1412 561 Dominum
1443 536 1477 561 ad

835 576 1017 602 remissionem
1037 575 1098 602 ibid.
1121 590 1157 596 -·
1184 578 1395 609 Lacrymandum
1424 583 1476 612 est,

834 620 963 652 quamdiu
982 627 1075 646 sumus
1094 621 1118 646 in
1133 623 1181 647 hac
1197 623 1296 648 mortali
1310 623 1362 648 vita
1378 623 1427 649 496
1442 623 1475 649 64

888 665 1005 690 Lar-:rma
1024 678 1060 684 --
1076 665 1183 697 respicit
1195 667 1427 698 concupiscibilem
1443 668 1473 693 Vl

834 707 885 734 457
907 709 939 734 40
959 723 992 727 -
1012 712 1052 735 est
1071 709 1095 734 in
1116 710 1196 736 corde
1225 711 1258 736 33
1284 718 1311 737 v.
1331 711 1363 737 ⁴2
1382 725 1418 730 —
1436 714 1475 737 est

833 752 858 778 in
880 753 992 779 fruendo
1011 752 1073 779 ibid.

886 811 919 816 —
939 797 1004 822 Nihil
1023 800 1062 823 est
1074 798 1161 824 utilius
1173 798 1267 824 laetitia
1281 800 1377 825 mentis
1391 800 1423 826 Vl
1438 801 1471 826 33

832 847 859 867 v.
880 841 912 866 ⁴3
932 855 965 859 —
985 841 1082 867 Fruitio
1101 842 1212 869 laetitiae
1230 843 1339 869 inservit
1355 844 1387 870 ad
1402 844 1474 870 dete-

831 884 969 911 stationem
989 886 1136 912 afflictionis
1154 887 1280 913 avaritiae
1300 888 1332 914 48
1347 896 1374 914 ν.
1391 889 1423 914 47
1438 902 1472 908 -

830 929 911 955 efficit
929 929 1117 956 iucunditatem
1138 931 1287 958 interiorem
1306 931 1369 959 ibid.

884 986 920 992 —
938 974 1035 1000 Fruitio
1054 976 1200 1006 praesentis
1227 976 1339 1002 laetitiae
1367 980 1406 1002 est
1428 977 1473 1004 do-

829 1024 894 1043 num
913 1018 1038 1050 largitatis
1056 1019 1161 1045 divinae
1178 1020 1210 1046 Vl
1230 1021 1263 1046 33
1284 1028 1309 1046 v.
1331 1021 1373 1046 ⁴2.
1393 1020 1426 1047 47
1446 1029 1471 1047 ν.

831 1062 864 1087 42
882 1076 917 1080 -
937 1063 1044 1089 Laetitia
1065 1064 1158 1090 fruitur
1177 1065 1257 1090 homo
1276 1071 1306 1091 ex
1326 1064 1416 1091 labore
1438 1066 1471 1091 48

829 1113 855 1131 v.
877 1106 910 1132 ⁴7

881 1164 917 1170 -
936 1151 1115 1178 Adolescentia
1135 1155 1174 1178 est
1192 1155 1263 1179 aetas
1282 1154 1393 1179 laetitiae
1410 1157 1471 1186 apta

830 1194 863 1220 Vl
889 1195 918 1220 94
953 1202 979 1221 v.
998 1196 1014 1221 9
1033 1210 1069 1214 —
1088 1196 1143 1222 Non
1163 1200 1202 1222 est
1220 1197 1370 1223 laetandum
1390 1198 1415 1223 in
1435 1198 1471 1224 iu-

829 1241 951 1272 ventute,
971 1246 1004 1265 ne
1019 1240 1052 1266 sit
1065 1240 1208 1267 dolendum
1224 1241 1250 1266 in
1263 1245 1395 1268 senectute
1408 1241 1470 1268 ibid.

832 1297 862 1302 --
882 1283 966 1309 Homo
986 1291 1035 1316 pro
1055 1286 1186 1316 praesenti
1204 1286 1300 1311 laetitia
1314 1286 1471 1312 iudicandus

828 1330 867 1354 est
885 1327 947 1354 ibid.
966 1343 1001 1347 —
1022 1329 1154 1361 Tempore
1182 1329 1293 1355 laetitIae
1321 1337 1373 1356 non
1398 1337 1470 1363 prae-

828 1371 950 1398 videntur
969 1373 1093 1405 propriae
1112 1373 1233 1399 miserIae
1253 1375 1295 1400 Vll
1317 1374 1368 1400 496
1387 1375 1422 1401 65

880 1430 916 1435 —-
937 1417 962 1442 ln
985 1417 1097 1443 Domino
1126 1421 1165 1444 est
1184 1419 1343 1450 laetandum,
1367 1426 1418 1445 non
1443 1420 1469 1445 in

828 1459 933 1486 diabolo
954 1461 986 1486 Vl
1007 1461 1039 1487 42
1059 1469 1086 1487 ν.
1106 1462 1138 1487 46
1158 1476 1194 1482 -
1212 1463 1354 1495 spiritualis
1377 1466 1416 1489 est
1434 1464 1470 1490 lu-

828 1511 889 1529 men
909 1504 1018 1531 interius
1037 1506 1164 1532 emissum
1178 1513 1192 1531 a
1206 1507 1263 1532 luce
1282 1507 1372 1533 divina
1387 1507 1439 1533 536
1453 1508 1469 1534 5

826 1561 862 1567 -
885 1549 1027 1580 spiritualis
1056 1549 1167 1576 delectat
1195 1554 1310 1577 mentem
1338 1555 1468 1584 quantum

826 1592 861 1618 ad
889 1594 1108 1626 contemplativos
1137 1594 1190 1621 555
1211 1596 1226 1621 2
1247 1610 1280 1614 -
1299 1596 1415 1628 Diligens
1434 1596 1470 1622 iu-

826 1637 922 1663 stitiam
951 1644 966 1663 a
994 1638 1049 1663 Deo
1077 1639 1206 1670 spirituali
1232 1639 1326 1666 laetitia
1345 1640 1469 1672 impletur

827 1682 878 1707 ⁴⁴0
898 1689 925 1707 v.
945 1683 954 1707 ’4
979 1695 1014 1701 -
1033 1682 1132 1708 interna
1160 1684 1280 1716 sequitur
1308 1684 1342 1710 ad
1365 1685 1466 1711 mundi-

826 1726 888 1751 tiam
908 1726 1081 1752 conscientiae
1100 1726 1135 1752 75
1154 1734 1180 1752 v.
1202 1728 1235 1752 40

880 1783 914 1788 -
934 1770 1088 1796 irrationalis
1108 1771 1208 1796 insania
1228 1774 1268 1797 est
1281 1772 1314 1798 Vl
1327 1773 1378 1797 203
1393 1780 1418 1798 v.
1433 1774 1465 1798 28

825 1827 860 1834 —
879 1814 964 1840 carnis
982 1815 1035 1840 sola
1063 1821 1078 1840 a
1107 1814 1257 1841 carnalibus
1279 1816 1414 1848 quaeritur
1432 1816 1467 1842 70

826 1865 852 1884 v.
874 1859 907 1884 45
925 1872 961 1878 —-
980 1858 1030 1885 Cor
1050 1859 1189 1884 stultorum
1213 1860 1317 1892 quaerit
1344 1860 1466 1886 laetitiam

826 1902 860 1928 55
879 1910 905 1928 v.
920 1903 935 1928 5
956 1917 989 1921 -
1007 1902 1130 1929 Carnales
1149 1910 1254 1936 semper
1267 1903 1405 1937 requirunt
1418 1905 1466 1930 lae-

825 1946 907 1972 titiam
934 1946 969 1972 70
995 1954 1021 1973 v.
1047 1947 1090 1973 45.
1119 1947 1151 1972 86
1180 1954 1207 1973 ν.
1237 1947 1268 1972 49
1288 1961 1323 1966 ——
1342 1947 1464 1973 Carnales

825 1990 949 2017 omnibus
968 1990 1063 2017 diebus
1081 1991 1209 2017 laetantur
1228 1991 1256 2016 94
1281 1999 1307 2017 ν.
1321 1992 1336 2017 9
1350 2005 1385 2011 -
1403 1991 1465 2018 Car-

824 2036 895 2061 nales
923 2042 1004 2061 omne
1031 2035 1129 2062 faciunt
1156 2038 1265 2068 propter
1287 2036 1410 2061 laetitiam
1431 2036 1464 2061 86

824 2087 849 2105 v.
870 2080 904 2105 49
923 2093 958 2099 -
978 2081 1053 2112 lmpii
1072 2080 1132 2106 nihil
1152 2080 1222 2106 aliud
1241 2083 1391 2112 exspectant
1416 2080 1464 2106 nisi

824 2124 912 2150 laetari
932 2124 958 2150 in
978 2125 1031 2150 vita
1050 2131 1097 2150 sua
1116 2124 1150 2150 70
1165 2132 1190 2150 v.
1206 2124 1239 2150 ⁴5
1251 2139 1286 2143 —
1299 2124 1398 2150 Laetari
1411 2132 1464 2151 car-

823 2168 914 2194 naliter
942 2169 1041 2194 malum
1067 2171 1106 2194 est
1130 2168 1162 2194 49
1186 2176 1213 2201 q.
1233 2169 1243 2193 ⁴
1267 2183 1302 2187 —-
1321 2169 1405 2195 carnis
1423 2176 1464 2195 re-

823 2213 994 2245 prehenditur
1013 2211 1075 2239 ibid.
1094 2226 1129 2231 —
1147 2212 1289 2238 Carnaliter
1308 2212 1464 2239 laetantibus

823 2257 957 2288 Scriptura
977 2257 1151 2282 comminatur
1171 2257 1269 2282 malum
1289 2257 1318 2282 94
1343 2264 1370 2283 v.
1390 2257 1405 2282 9

876 2302 1039 2327 ιΑΜΕΝτΑτιο
1058 2315 1093 2319 -
1112 2302 1177 2326 facta
1207 2301 1232 2326 in
1260 2303 1344 2326 morte
1366 2300 1460 2327 Christi

823 2345 957 2377 designata
986 2344 1034 2370 fuit
1061 2351 1109 2376 per
1133 2344 1345 2370 lamentationem
1367 2345 1461 2371 factam

823 2395 903 2421 super
921 2388 1014 2414 losiam
1034 2388 1077 2414 Vll
1096 2388 1147 2413 573
1167 2389 1196 2413 34
1217 2402 1250 2407 -
1263 2395 1344 2420 super
1367 2389 1460 2414 losiam

824 2434 906 2459 factae
925 2435 950 2458 et
968 2432 1119 2465 praedictae
1138 2433 1241 2458 fuerunt
1259 2439 1308 2464 pro
1327 2433 1462 2459 Salvatore

823 2475 884 2503 ibid.
903 2490 938 2496 —-
958 2476 983 2501 ln
1003 2475 1230 2502 lamentationibus
1243 2476 1411 2508 deplangitur
1430 2476 1461 2503 si-

823 2521 878 2546 mul
897 2527 969 2546 mors
988 2520 1082 2545 Christi
1102 2522 1127 2546 et
1145 2520 1220 2546 ruina
1240 2521 1378 2546 lerusalem
1397 2519 1460 2547 ibid.

876 2565 974 2590 LAniAa
992 2577 1028 2583 —
1052 2564 1177 2596 parvulos
1205 2564 1329 2590 occidunt
1357 2567 1382 2590 et
1406 2571 1462 2590 san-

823 2608 930 2640 guinem
950 2611 1048 2640 sugunt
1066 2608 1109 2634 Vll
1130 2607 1181 2634 450
1201 2608 1216 2634 8
1236 2622 1271 2627 -
1289 2609 1416 2635 sussocant
1437 2612 1463 2635 et

822 2652 1008 2684 strangulando
1027 2652 1151 2678 occidunt
1170 2652 1215 2678 451
1242 2653 1256 2677 8

875 2697 978 2722 Lanms
995 2711 1031 2715 —
1051 2696 1200 2729 intelligitur
1220 2698 1342 2724 honestas
1354 2704 1462 2724 conver-

823 2741 930 2767 sationis
952 2741 981 2766 Vl
1002 2741 1053 2767 266
1073 2741 1102 2766 94

875 2786 1010 2811 mevm
1023 2799 1056 2804 —-
1069 2788 1108 2811 est
1127 2786 1151 2811 in
1171 2786 1272 2818 peccati
1291 2786 1462 2812 delectatione

822 2829 966 2862 periculosa
986 2829 1019 2854 Vl
1039 2830 1089 2854 399
1111 2830 1144 2855 30

874 2873 975 2900 Lanuoo
994 2887 1029 2893 —·
1048 2873 1139 2899 cardui
1159 2874 1191 2899 Vl
1213 2873 1258 2899 444
1283 2881 1308 2899 v.
1330 2874 1363 2898 45

874 2917 948 2943 Laris
966 2931 1001 2936 ——
1019 2920 1059 2943 est
1077 2917 1161 2949 ilgura
1181 2916 1273 2942 Christi
1295 2917 1337 2943 Vll
1355 2918 1406 2943 508
1426 2918 1459 2943 23

821 2975 856 2979 -
874 2961 1007 2993 angularis
1025 2964 1064 2987 est
1081 2960 1199 2987 Christus
1212 2960 1283 2992 ibid„
1298 2961 1341 2987 24.
1358 2962 1409 2987 556
1426 2962 1459 2987 53

822 3018 856 3024 -
875 3005 1007 3037 angularis
1026 3005 1102 3031 cadet
1119 3011 1199 3036 super
1217 3004 1345 3036 reprobos
1364 3005 1414 3031 338
1435 3006 1460 3030 9.

822 3049 873 3075 508
887 3049 920 3075 24
933 3063 965 3068 -
976 3049 1046 3075 cadit
1058 3056 1138 3081 snper
1151 3055 1212 3074 eum
1231 3049 1277 3081 qui
1297 3055 1349 3074 non
1369 3048 1460 3074 ambu-

822 3094 857 3119 lat
874 3096 944 3119 recte
964 3093 1015 3119 508
1036 3092 1068 3118 24
1088 3107 1123 3111 -
1142 3092 1275 3124 angularis
1298 3093 1460 3118 comminuet

821 3143 896 3170 eum,
914 3143 995 3169 super
1014 3142 1094 3169 quem
1119 3136 1242 3162 ceciderit
1266 3143 1313 3168 per
1333 3136 1457 3162 ultionem

821 3180 910 3206 iudicii
939 3180 1017 3205 futuri
1046 3179 1108 3206 ibid.
1127 3194 1159 3199 —
1182 3180 1232 3212 Qui
1252 3174 1459 3206 condemnantur

821 3230 836 3249 a
854 3223 941 3256 lapide
959 3223 1060 3250 Christo
1080 3227 1249 3250 conteruntur
1269 3223 1319 3249 509
1341 3223 1374 3249 24

2093 192 2154 224 784

1809 234 1871 259 tat*

1570 508 1602 512 —
1624 494 1670 519 Per
1690 495 1789 526 lapides
1814 497 1909 522 electos
1934 498 2085 530 intelligitur
2111 500 2155 524 Fa-

1516 537 1689 563 triarcharum
1717 539 1843 565 stabilitas
1872 541 1914 566 Vll
1943 542 1993 567 503
2020 543 2152 569 414-10

1514 580 1656 606 duodecim
1671 583 1803 614 lapidibus
1815 584 1946 610 rationalis
1960 590 2032 611 erant
2047 588 2152 613 nomina

1514 624 1655 650 duodecim
1676 626 1788 652 illiorum
1808 628 1883 653 lsrael
1903 627 1965 654 ibid.

1566 683 1600 687 —
1619 669 1645 694 ln
1665 670 1752 702 lapide
1771 671 1865 697 duritia
1880 672 2031 704 designatur
2045 674 2088 699 Vll
2101 675 2152 700 286

1513 712 1542 738 31
1566 726 1601 732 -
1620 717 1690 739 recte
1710 719 1801 746 gentes
1816 716 1939 742 dicuntur
1951 717 1986 742 74
2002 718 2033 742 49
2047 731 2082 737 -
2096 719 2152 744 Pec-

1512 760 1600 783 catum
1620 752 1714 784 d'icitur
1734 760 1814 791 lapis,
1839 761 1900 793 quia
1926 762 2022 793 operit,
2042 763 2153 794 premit,

1511 801 1687 833 111010014;νο1
1707 804 1768 836 quia
1788 803 1912 830 obscurat
1930 805 2102 838 intellectum,
2117 808 2152 833 in-

1511 846 1590 872 durat
1608 847 1784 880 voluntatem,
1805 852 1897 880 gravat
1917 850 2038 875 virtutem
2055 851 2151 876 V1593

1511 898 1537 916 v.
1557 891 1590 916 39
1610 905 1645 910 -
1664 893 1881 918 consuetudinem
1901 894 1998 925 peccati
2023 895 2152 926 significat

1510 935 1627 967 pondere
1652 943 1701 962 suo
1726 937 1850 963 deorsum
1879 939 2021 964 trahentem
2046 939 2096 964 406
2117 940 2150 965 63

1510 993 1544 998 —
1563 980 1714 1007 offensionis
1733 981 1855 1007 dicuntur
1880 983 2031 1008 occasiones
2050 984 2149 1015 peccati

1510 1024 1538 1049 3⁴
1563 1031 1598 1078 v—
1611 1025 1771 1092 {offigantur
1785 1061 1809 1086 in
1823 1062 2031 1088 consideratione
2041 1066 2066 1088 et
2075 1070 2148 1095 spar-

1510 1106 1607 1136 guntur
1627 1105 1651 1129 in
1670 1108 1745 1130 cauta
1766 1106 1905 1131 evitatione
1925 1107 1957 1132 Vl
1979 1107 2006 1132 34
2032 1106 2048 1132 b

1563 1148 1656 1174 Laesus
1675 1162 1710 1168 —
1728 1150 1826 1175 nemini
1846 1150 1977 1176 revelatur
1997 1151 2030 1176 w
2050 1151 2101 1177 435
2115 1152 2149 1177 55

1562 1192 1687 1218 Laaorms
1706 1207 1739 1211 -—
1760 1200 1822 1219 vera
1842 1197 1882 1219 est
1900 1195 1963 1220 dare
1977 1195 2149 1227 pauperibus,

1508 1242 1561 1261 non
1580 1236 1708 1262 divitibus
1728 1238 1770 1263 Vll
1790 1238 1824 1263 33
1843 1238 1877 1263 98
1897 1253 1931 1256 -
1951 1240 2049 1265 Activis
2063 1247 2150 1266 neces-

1508 1280 1575 1306 saria
1594 1283 1633 1306 est
1652 1281 1846 1307 munificentiae
1865 1283 1971 1314 largitas
1992 1283 2024 1309 Vl
2044 1284 2076 1309 22
2091 1292 2117 1310 v.
2132 1286 2146 1310 8

1507 1338 1542 1343 -
1562 1325 1633 1350 Solet
1651 1325 1704 1350 dici
1723 1325 1757 1351 de
1781 1326 1887 1351 homine
1906 1327 1994 1358 largo,
2014 1328 2087 1360 quod
2107 1330 2149 1354 lia-

1508 1368 1552 1394 bet
1571 1376 1664 1395 manus
1683 1371 1827 1401 perforatas
1847 1371 1897 1396 648
1918 1372 1934 1397 3

1560 1413 1695 1440 Lascwme
1714 1428 1749 1433 —
1768 1421 1847 1440 causa
1872 1418 1910 1441 est
1929 1416 2055 1441 securitas
2080 1423 2147 1443 vana

1508 1458 1550 1483 Vll
1571 1458 1622 1483 348
1648 1459 1681 1484 29
1702 1472 1737 1478 —-
1755 1459 1881 1485 Lascivus
1909 1464 1988 1492 negat
2016 1460 2148 1487 Christum

1507 1508 1555 1534 per
1573 1502 1737 1528 insolentiam
1757 1503 1791 1528 VI
1811 1504 1862 1529 613
1883 1505 1893 1529 4
1917 1518 1952 1523 -
1971 1505 2096 1531 Lascivus
2109 1505 2148 1531 di-

1507 1546 1583 1571 mittit
1602 1546 1672 1572 viam
1689 1547 1793 1573 virtutis
1807 1554 1855 1579 pro
1868 1548 1947 1574 devio
1961 1549 2147 1581 concupiscen-

1507 1590 1557 1616 tiae
1575 1589 1609 1616 ib.
1630 1592 1645 1616 2

1560 1648 1595 1654 —
1614 1636 1713 1661 Sensus
1725 1636 1794 1661 male
1808 1637 1924 1668 repletur
1943 1637 2049 1663 lascivia
2063 1638 2147 1664 malae

1506 1679 1665 1711 operationis
1684 1679 1717 1706 Vl
1738 1680 1789 1706 556
1810 1681 1825 1706 5
1845 1695 1880 1698 -
1899 1681 2024 1706 Delectari
2044 1682 2069 1707 in
2089 1689 2146 1707 can-

1506 1723 1589 1749 tilenis
1614 1727 1722 1756 propter
1751 1725 1884 1750 lasciviam
1904 1728 1943 1751 est
1961 1726 2078 1751 luxuriae
2104 1733 2148 1752 an—

1505 1774 1601 1793 nexum
1622 1769 1655 1793 23
1675 1775 1702 1801 q.
1725 1769 1735 1793 ⁴
1754 1782 1789 1787 —
1805 1768 1929 1795 Diabolus
1943 1770 2021 1795 trahit
2035 1770 2146 1796 lascivos

1505 1818 1552 1843 per
1571 1812 1700 1838 luxuriam
1720 1812 1771 1838 568
1791 1813 1807 1838 7
1827 1827 1862 1832 -
1887 1814 2003 1839 Lascivis
2028 1813 2146 1840 Christus

1506 1856 1680 1882 comminatur
1690 1863 1739 1882 vae
1749 1857 1900 1889 sempiterni
1912 1858 1988 1883 fletus
1996 1857 2039 1883 vu
2048 1858 2057 1882 ⁴
2065 1857 2093 1882 51
2109 1858 2144 1883 60

1556 1900 1660 1926 Lusus
1679 1914 1714 1919 —
1733 1900 1862 1927 debemus
1891 1901 1916 1926 in
1944 1901 2047 1933 magnis
2070 1902 2144 1927 factis

1503 1944 1546 1969 Vll
1567 1944 1616 1970 420
1636 1944 1678 1969 29.
1698 1945 1749 1970 246
1770 1945 1802 1970 98

1556 1988 1641 2014 Lamo
1660 2002 1695 2007 —
1714 1991 1753 2013 est
1772 1989 1857 2014 malus
1875 1991 1978 2020 pastor,
1998 1989 2059 2022 quia
2074 1988 2141 2015 bona

1502 2032 1608 2058 alterius
1628 2032 1738 2058 destruit
1765 2035 1791 2058 et
1817 2032 1913 2058 occidit
1938 2032 1972 2058 Vl
1996 2033 2048 2058 383
2069 2034 2084 2058 2
2103 2046 2139 2052 —

1502 2076 1557 2102 Non
1578 2076 1675 2101 intrans
1694 2082 1741 2108 per
1760 2076 1855 2102 ostium
1875 2076 1900 2102 in
1913 2076 1982 2102 ovile
1995 2075 2089 2102 Christi
2102 2080 2142 2103 est

1501 2120 1566 2146 latro
1585 2119 1648 2146 ibid.
1666 2120 1719 2146 385
1739 2120 1772 2145 ⁴0

1555 2179 1589 2183 -—
1608 2165 1666 2190 Duo
1685 2165 1798 2190 latrones
1822 2164 1937 2190 crucifixi
1957 2171 2018 2190 cum
2037 2164 2140 2191 Christo

1501 2208 1535 2234 ad
1553 2209 1677 2234 vilitatem
1703 2208 1832 2234 societatis
1852 2209 1884 2234 Vl
1906 2207 1956 2233 496
1977 2209 2009 2234 30
2029 2223 2065 2227 -
2083 2215 2139 2235 cru-

1501 2252 1574 2279 ribus
1594 2253 1694 2284 fractis,
1713 2253 1912 2285 exspiraverunt
1931 2253 1982 2278 500
2002 2253 2035 2278 50

1554 2311 1588 2316 —
1607 2297 1661 2323 duo
1680 2300 1741 2323 sunt
1768 2297 1853 2329 ssgura
1880 2298 2056 2329 populorum,
2074 2297 2140 2324 inter

1500 2348 1568 2374 quos
1586 2344 1611 2367 et
1630 2348 1679 2373 pro
1698 2340 1796 2374 quibus
1822 2344 1848 2367 et
1875 2348 1890 2366 a
1918 2341 2016 2375 quibus
2044 2349 2140 2374 passus

1500 2388 1540 2412 est
1558 2385 1676 2412 Christus
1694 2385 1738 2412 vn
1764 2385 1815 2411 575
1841 2386 1874 2411 38
1893 2399 1930 2405 -
1949 2386 1996 2412 Per
2016 2386 2083 2412 duos
2102 2386 2139 2412 la-

1500 2433 1587 2455 trones
1605 2430 1723 2461 signatur
1742 2432 1824 2455 totum
1845 2437 1929 2462 genus
1948 2431 2094 2457 humanum
2114 2431 2139 2457 in

1500 2480 1578 2500 cruce
1606 2473 1778 2500 tribulationis
1804 2477 1830 2500 et
1853 2474 1975 2500 miseriae
1994 2476 2138 2507 praesentis

1499 2518 1605 2544 affixum
1634 2517 1695 2544 ibid.
1724 2533 1758 2537 —
1787 2518 1835 2544 Per
1862 2519 1935 2551 ipsos
1959 2519 2139 2552 intelliguntur

1500 2568 1560 2588 caro
1580 2565 1605 2588 et
1623 2562 1739 2589 mundus
1758 2562 1808 2589 576
1830 2563 1863 2588 40

1554 2620 1589 2626 --
1607 2607 1709 2633 sinister
1728 2606 1942 2639 blasphemabat,
1956 2608 2017 2641 quia
2031 2615 2083 2634 non
2097 2615 2139 2634 ve-

1500 2651 1593 2677 raciter
1621 2651 1727 2684 petebat
1754 2652 1863 2685 salvari,
1892 2652 1939 2678 sed
1962 2653 2076 2678 irrisorie
2097 2652 2138 2678 Vll

1501 2696 1552 2722 579
1573 2696 1605 2722 48
1625 2710 1660 2716 -
1679 2696 1758 2723 miser
1778 2700 1803 2722 et
1822 2703 1923 2729 pauper
1938 2696 2061 2723 irridebat
2075 2703 2138 2728 pau-

1500 2747 1590 2772 perem
1610 2741 1735 2766 amictum
1754 2740 1815 2767 ibid.
1835 2754 1870 2760 —
1889 2741 1978 2766 dexter
1997 2741 2138 2766 detestatur

1500 2785 1610 2810 alienam
1629 2785 1733 2817 culpam
1755 2789 1780 2810 et
1798 2792 1873 2811 suam
1894 2784 1944 2809 580
1966 2784 1998 2809 49

1554 2843 1586 2847 ——
1606 2829 1696 2855 dexter
1710 2829 1843 2861 praedicat
1856 2827 1950 2854 Christi
1963 2827 2136 2853 innocentiam

1501 2873 1541 2898 Vll
1570 2873 1621 2899 580
1651 2873 1683 2898 49
1703 2887 1738 2891 -
1761 2873 1850 2899 dexter
1878 2872 2014 2897 confltetur
2042 2870 2136 2896 Christi

1498 2908 1673 2943 excellentiam
1699 2917 1813 2948 regalem
1833 2918 1858 2941 et
1877 2915 1940 2947 petit
1960 2915 2051 2946 cnlpae
2071 2915 2136 2939 rela-

1498 2961 1626 2987 xationem
1646 2959 1679 2986 ib.
1700 2960 1733 2985 50
1753 2974 1787 2977 -
1807 2959 1863 2984 Fuit
1881 2959 1905 2983 in
1919 2965 1950 2983 eo
1964 2958 2060 2983 veritas
2074 2958 2134 2983 fldei

1498 3008 1523 3030 et
1541 3004 1670 3030 confessio
1690 3003 1805 3037 veritatis
1823 3006 1847 3027 et
1866 3002 2020 3033 snpplicatio
2040 3001 2134 3026 oratio-

1497 3048 1538 3074 nis
1556 3047 1617 3074 i'bid.
1637 3061 1671 3066 —
1690 3046 1841 3078 reprobavit
1867 3045 1979 3075 mulum,
2005 3044 2134 3076 approba-

1498 3092 1534 3117 vit
1554 3091 1653 3117 bonum
1672 3094 1697 3115 ct
1715 3090 1825 3115 asseruit
1845 3095 1936 3114 verum
1957 3087 2018 3114 ibid.
2031 3101 2066 3107 —
2080 3096 2132 3114 am-

1497 3136 1566 3168 plius
1584 3141 1664 3167 quan]
1694 3133 1756 3165 petit
1784 3132 1894 3158 obtinuit
1922 3131 1956 3158 ib.
1987 3132 2015 3157 51
2042 3146 2075 3149 —
2095 3135 2133 3158 est

1497 3179 1645 3210 exemplum
1664 3176 1844 3203 conversionis
1863 3174 1923 3201 ibid.

1549 3223 1615 3247 Laus
1633 3234 1667 3239 -
1689 3220 1729 3246 Ad
1757 3219 1841 3246 laudis
1870 3219 2075 3245 decantationem
2102 3227 2133 3246 ex

874 3281 908 3286 —
927 3267 1040 3299 sepulcri
1054 3266 1148 3294 Christi
1161 3271 1200 3294 est
1219 3268 1302 3300 figura
1322 3267 1458 3293 velaminis
1497 3267 1597 3297 integro
1616 3268 1642 3290 et
1661 3265 1774 3296 perfecto
1799 3265 1892 3289 aflectu
1912 3264 2023 3296 exigitur
2043 3264 2137 3289 certiss-

147 3317 297 3344 crymarum
308 3311 456 3338 amaritudo
471 3314 510 3337 est
523 3308 635 3337 maxima
649 3318 710 3343 pars
723 3318 783 3343 poe·
822 3311 970 3343 scripturae
990 3311 1031 3338 Vll
1052 3311 1107 3337 588.
1123 3312 1138 3337 6

1495 3309 1561 3335 catio
1586 3308 1701 3334 veritatis
1732 3308 1759 3333 in
1790 3308 1919 3334 intellectu
1950 3311 1975 3334 et
2006 3307 2133 3335 exhibitio
