2476 3921
128 1254 160 1275 De
176 1253 260 1274 institu-

116 1282 173 1302 tione
183 1280 259 1303 eucha-

117 1307 192 1328 ristiae
215 1309 260 1327 tan-

116 1335 194 1360 guntur
210 1333 259 1354 tria.

126 1518 262 1540 consecratio

145 1545 247 1575 dominici

145 1577 249 1598 corporis.

128 1730 158 1751 De
166 1729 236 1760 ‘modo
252 1729 263 1750 4

136 1762 256 1783 opiniones.

120 2259 163 2280 Cur
172 2264 211 2286 pro
218 2264 272 2285 agno

129 2286 270 2316 substituatur

165 2318 234 2339 panis.

276 307 339 340 546

276 396 425 438 vigesimo
441 399 556 438 quarto
571 396 598 427 ¹:
629 394 789 437 «Aperuit
813 394 874 427 illis
894 402 1039 432 sensum,
1063 396 1100 426 ut
1123 392 1236 425 intelli-

275 452 386 491 gerent
409 449 604 490 Scripturam
622 461 653 487 »;
677 451 708 481 et
733 448 792 480 hoc
809 448 911 490 signat
932 447 1001 489 ipsa
1024 446 1133 480 scissio
1156 446 1235 485 veli,

276 502 360 544 quod
384 510 485 544 usque
509 501 601 534 hodie
624 505 673 534 est
695 510 792 543 snper
816 504 937 533 mentes
960 509 1073 533 eorum
1097 499 1151 542 qui
1173 508 1236 532 non

276 554 418 588 credunt.
445 555 476 586 ln
501 554 644 596 passione
668 554 750 586 data
771 557 817 586 est
839 553 975 596 qratia,
999 553 1174 586 secundum
1199 552 1237 584 il-

277 608 330 640 lud
356 608 476 641 loannis
507 608 652 650 primo²z
683 620 698 636 (ι
714 607 819 640 Gratia
847 610 878 640 et
901 607 1018 639 veritas
1053 615 1110 648 per
1133 606 1236 638 lesum

276 662 436 695 Christum
461 661 541 694 facta
557 665 604 694 est
621 674 651 693 n.
669 661 759 700 item,
776 669 833 703 per
851 660 1024 702 passionem
1049 663 1167 702 aperta
1190 662 1237 691 est

277 716 385 748 ianua
408 718 436 747 et
458 714 570 756 yloria
602 714 793 757 aequis-ita,-
824 716 856 746 et
879 713 948 745 ideo
980 712 1062 745 infra
1086 712 1237 754 vigesimo

278 769 387 801 tertio:
418 767 543 800 «Hodie
567 776 690 800 mecum
714 767 778 799 eris
801 767 833 799 in
864 765 1056 808 paradiso».
1080 765 1236 806 Quoniam

278 831 353 863 ergo
376 830 508 863 regnum
534 820 587 853 Dei
612 820 786 853 secundum
805 820 889 852 huuc
913 818 1154 861 quadruplicem
1170 827 1237 850 mo-

277 875 352 907 dum
377 874 480 907 statim
504 873 542 906 ad
559 872 738 905 huiusmodi
760 872 866 905 cibum
889 875 921 904 61
937 874 1046 913 potum
1071 870 1236 909 successit,

279 928 347 960 ideo
371 930 455 960 recte
479 926 571 965 dic-it,
595 925 680 968 quod
710 938 725 954 «
742 934 804 957 non
828 925 968 963 biberet,
992 924 1091 956 donec
1115 923 1239 956 veniret

279 989 412 1022 regnum
437 979 491 1011 Dei
509 991 543 1017 »ς
568 978 652 1020 quod
669 978 738 1011 ideo
761 977 853 1016 dicit,
877 980 913 1009 ut
936 977 979 1009 ait
995 976 1147 1014 6105563,
1170 989 1186 1004 α
1202 979 1239 1008 01

280 1034 394 1065 horum
418 1032 590 1065 mutatione
606 1034 875 1064 sacramentorum
897 1033 1001 1063 cetera
1022 1030 1110 1072 Legis
1133 1038 1238 1062 sacra-

279 1089 383 1118 menta
406 1085 455 1118 vel
480 1085 564 1117 iussa
587 1083 626 1116 ad
653 1083 849 1125 spiritualem
873 1083 1105 1115 observantiam
1129 1082 1239 1115 doceat

278 1137 494 1170 transferenda
510 1150 540 1169 ».

367 1192 419 1223 25.
457 1190 558 1229 (Vers.
598 1190 671 1229 19).
703 1190 741 1221 Et
776 1193 905 1231 accepto
936 1198 1025 1230 pane
1059 1192 1117 1221 etc.
1154 1188 1238 1221 Post-

278 1252 372 1285 quam
390 1242 452 1285 egit
475 1242 513 1275 de
529 1241 770 1276 manducatione
791 1241 903 1283 phase,
921 1241 972 1274 hic
996 1241 1134 1274 secundo
1146 1242 1159 1260 ⁴
1175 1241 1239 1283 agit

278 1296 316 1329 de
333 1296 536 1328 institutione
551 1293 791 1333 eucharistiam
811 1295 895 1327 circa
910 1304 1006 1337 quam
1031 1294 1238 1327 introducun—

280 1353 333 1382 tur
358 1349 432 1387 tria,
453 1348 570 1381 scilicet
586 1348 789 1380 consecratio
809 1348 969 1380 dominici
984 1347 1151 1390 corporis,
1175 1347 1239 1380 col-

280 1402 360 1435 latio
381 1402 550 1444 potestatis
574 1404 604 1434 et
628 1401 830 1434 consecratio
857 1400 983 1434 Christi
1002 1401 1192 1444 sanyuinis.

371 1455 472 1487 Primo
489 1455 585 1497 igitur
602 1458 755 1496 quantum
776 1454 815 1487 ad
832 1454 1109 1487 consecrationem
1125 1464 1240 1496 corpo-

281 1508 331 1540 ris·
353 1508 448 1540 dicit:
479 1509 517 1540 Et
549 1512 679 1549 accepto
708 1517 815 1549 pane,
837 1507 972 1550 qratias
995 1508 1059 1550 eyia
1089 1511 1117 1540 et
1140 1506 1242 1550 freyit

282 1566 310 1594 et
334 1561 421 1594 dedit
444 1561 509 1600 eis,
533 1561 667 1593 dicens.-
692 1561 761 1593 Hoc
784 1565 830 1593 est
854 1570 976 1602 corpus
999 1570 1129 1599 mcum,
1154 1560 1243 1604 quod

280 1625 344 1657 pro
368 1614 458 1646 vobis
488 1614 635 1652 datur⁵,·
659 1614 689 1646 in
714 1623 778 1656 quo
809 1614 962 1646 Dominus
993 1613 1187 1646 consecravit
1211 1616 1243 1646 et

283 1668 414 1701 sormam
440 1667 641 1700 consec-randi
659 1667 793 1699 instituit
817 1667 848 1699 in
867 1667 914 1699 his
938 1666 1061 1699 verbis:
1084 1679 1098 1696 ιι
1115 1667 1177 1699 1106
1193 1670 1241 1699 651

282 1730 398 1763 corpus
422 1730 526 1753 meum
545 1734 575 1752 ».
604 1739 648 1744 -
675 1719 732 1752 Sed
757 1720 915 1762 quomodo
943 1719 1131 1759 confecerit,
1163 1729 1241 1762 qua-

282 1774 418 1816 druplex
443 1778 490 1806 est
513 1773 627 1815 opinio.
652 1773 718 1806 Una
741 1776 805 1812 est,
829 1772 914 1814 quod
931 1772 1100 1805 confecerit
1124 1772 1243 1806 virtute

282 1827 412 1860 Deitatis
434 1826 500 1859 sine
525 1826 629 1858 verbis
660 1829 690 1859 et
714 1828 784 1867 post
807 1825 904 1858 verba
927 1825 1009 1857 dixit
1032 1828 1063 1857 et
1091 1825 1240 1858 virtutem

283 1879 388 1911 verbis
411 1878 504 1910 dedit.
529 1877 671 1910 Secunda
687 1881 751 1915 est,
776 1877 859 1919 quod
876 1877 957 1910 dixit
981 1877 1071 1919 prius
1094 1877 1192 1910 verba
1212 1877 1243 1910 in

283 1931 407 1964 occulto
430 1935 460 1964 et
495 1934 565 1972 post
596 1931 627 1962 in
664 1930 836 1963 manifesto.
869 1930 991 1969 Tertia,
1026 1929 1112 1972 quod
1147 1930 1243 1963 semel

285 1988 405 2017 tantum
431 1984 527 2017 verba
550 1983 648 2022 dixit,
673 1983 726 2016 sed
754 1983 844 2026 prius
868 1983 961 2025 fregit
992 1987 1024 2016 et
1047 1986 1117 2025 post
1140 1983 1244 2016 confe-

284 2038 335 2070 cit.
360 2038 478 2078 Quarta
501 2040 549 2069 est
579 2037 702 2079 opinio,
738 2036 823 2078 quod
854 2037 950 2069 560161
974 2036 1071 2069 verba
1101 2036 1183 2069 dixit
1213 2039 1245 2069 et

283 2090 414 2123 dicendo
449 2090 581 2123 confecit
615 2094 646 2123 et
674 2089 866 2122 conficiendo
901 2089 1054 2129 instituit,
1090 2092 1121 2122 et
1156 2089 1246 2131 prius

284 2143 365 2176 dixit
382 2153 477 2186 quam
494 2143 606 2186 fregit3
631 2142 714 2176 unde
731 2143 836 2176 littera
859 2146 1063 2185 praepostera
1079 2145 1126 2175 est
1142 2146 1173 2175 et
1192 2141 1246 2175 de-

284 2197 337 2230 bet
360 2197 500 2229 construi
517 2197 575 2229 sic:
593 2196 713 2239 accepit
729 2205 841 2238 panem
858 2199 889 2229 et
912 2196 1029 2238 gratias
1045 2195 1108 2238 egit
1123 2195 1244 2229 dicens:

285 2250 345 2283 Hoc
369 2253 417 2283 est
439 2259 556 2292 corpus
579 2259 701 2289 meum,
725 2253 756 2282 et
779 2249 873 2292 fregit
896 2253 927 2282 et
942 2249 1062 2282 dedit⁶.
1089 2268 1130 2272 —
1155 2249 1245 2282 Com-

283 2303 416 2336 mutavit
439 2307 544 2336 autem
568 2303 720 2336 Dominus
736 2306 968 2336 sacramentum
984 2302 1068 2345 ayni
1085 2302 1117 2335 in
1141 2311 1245 2336 sacra-

284 2359 424 2389 mentum
446 2356 564 2398 panis,
582 2356 657 2398 quia
680 2356 738 2388 iste
762 2359 810 2388 est
833 2355 922 2388 cibus
945 2355 1043 2398 magis
1067 2355 1245 2389 communis

285 2412 316 2441 et
340 2409 508 2447 naturalis,
533 2408 627 2441 simul
643 2408 825 2450 exprimens
849 2408 911 2440 vim
928 2408 1094 2441 cibativam
1118 2412 1246 2450 61600-

286 2462 433 2494 nexivam
457 2462 486 2494 in
503 2470 636 2503 corpore
652 2460 768 2494 Christi
793 2470 869 2494 vero
892 2464 924 2494 et
940 2461 1088 2503 mystic03
1114 2461 1197 2494 unde
1214 2461 1245 2494 in

287 2514 407 2547 Psalmo
421 2515 450 2547 ⁷:
481 2527 496 2543 ιι
514 2514 603 2547 Ρ6015
619 2523 674 2547 601
698 2514 833 2547 110011οἰ5
849 2514 1014 2548 confirmet
1030 2528 1045 2543 »
1057 2540 1065 2553 ,
1082 2515 1172 2556 panis
1188 2514 1247 2548 sci-

359 2700 367 2715 ¹
389 2701 465 2727 Vers.
484 2701 525 2726 45.
545 2715 580 2720 —
599 2701 715 2727 Subinde
741 2702 880 2734 respicitur
904 2703 968 2728 Luc.
992 2703 1041 2735 23,
1062 2702 1103 2729 45.
1124 2704 1168 2737 (de
1186 2704 1249 2729 scis-

287 2744 361 2770 sione
380 2745 441 2777 veli)
461 2747 487 2770 et
506 2745 533 2770 ll.
552 2744 610 2770 Cor.
631 2746 661 2776 3,
681 2745 728 2771 115:
748 2745 800 2771 Sed
820 2753 903 2778 usque
929 2746 953 2771 10
979 2746 1136 2772 hodiernum
1162 2747 1249 2779 diem,

288 2795 348 2814 cum
368 2789 497 2820 legeretur
516 2789 631 2820 Moyses,
650 2789 770 2815 velamen
789 2789 903 2821 positum
922 2792 961 2815 est
979 2796 1059 2821 super
1079 2796 1124 2815 cor
1141 2797 1248 2821 eorum3

288 2833 332 2858 cfr.
352 2832 415 2858 ibid.
435 2840 461 2857 v.
483 2832 523 2858 Μ.

359 2876 369 2891 ²
390 2877 465 2902 Vers.
485 2877 527 2902 ¹l7.
546 2890 581 2896 -—
601 2877 723 2910 Sequitur
742 2877 805 2902 Luc.
824 2877 872 2908 23,
892 2876 934 2902 43.

360 2920 370 2935 ²³
390 2921 492 2946 Scilicet
510 2920 653 2947 ordinaria
673 2921 714 2954 (ex
733 2921 814 2955 Beda)
834 2921 860 2946 in
880 2921 942 2947 Luc.
962 2922 1011 2954 22,
1033 2922 1074 2947 18.

359 2964 370 2979 ¹
390 2965 440 2991 Csr.
459 2972 538 2997 supra
558 2973 583 2991 n.
605 2965 648 2991 49.

360 3007 371 3022 ⁶
390 3008 474 3034 Codd.
493 3008 512 3035 C
524 3009 607 3034 DGIl
626 3008 751 3036 trudetur
772 3010 816 3043 (ita
835 3010 914 3035 etiam
935 3010 963 3036 Β.
976 3009 1086 3041 Α11)611.,
1101 3011 1127 3036 S.
1140 3011 1249 3041 Thom.‚

289 3053 343 3080 Cat.
362 3060 440 3079 aurea
461 3054 487 3079 in
506 3054 569 3080 Luc.
588 3055 632 3079 22.
651 3061 676 3079 n.
697 3055 728 3087 5,
756 3055 901 3087 Gorranus3
921 3054 998 3081 Card.
1024 3055 1100 3087 lingo
1123 3058 1148 3080 et
1174 3055 1251 3087 Lyra-

290 3105 339 3123 nus
358 3098 382 3123 in
402 3098 540 3130 margine).
560 3112 594 3116 -
613 3098 656 3124 Dev
670 3099 752 3124 fornia
772 3098 975 3125 consecrationis
993 3100 1040 3124 cfr.
1058 3099 1101 3125 lv.
1120 3099 1190 3124 Sent.
1215 3099 1250 3124 lit.

290 3142 419 3174 Magistri,
438 3142 465 3168 d.
485 3142 546 3168 Vlll.
565 3149 588 3168 c.
608 3142 632 3168 4.

360 3185 371 3200 θ
390 3185 456 3211 Vide
477 3186 519 3212 lV.
538 3186 609 3212 Sent.
627 3186 654 3212 d.
674 3187 698 3212 8.
712 3193 738 3219 p.
752 3187 768 3212 1.
782 3194 805 3213 a.
820 3187 845 3213 2.
861 3194 887 3220 q.
902 3187 926 3212 3,
940 3187 1051 3213 Easdem
1065 3186 1201 3220 opiniones
1214 3193 1251 3212 re-

290 3230 337 3255 fert
355 3229 431 3255 Card.
451 3230 536 3261 Hugo.
554 3243 590 3249 —
608 3231 735 3262 Superius
753 3238 802 3263 pro
821 3230 944 3258 construi
961 3230 1000 3257 sic
1019 3231 1038 3257 C
1049 3231 1100 3257 DG
1114 3230 1249 3262 construi,

291 3273 369 3308 quod.

362 3316 372 3331 ⁷
392 3317 484 3356 Psalm.
506 3318 570 3350 ⁴03,
591 3318 633 3344 ⁴5.
652 3332 687 3337 --
705 3319 762 3345 Duo
787 3326 868 3352 seqq:
887 3319 935 3346 loci
960 3322 1021 3345 sunt
1038 3319 1079 3345 Ps.
1097 3318 1145 3352 77,
1165 3319 1207 3345 25.
1226 3321 1252 3345 et

291 3362 360 3387 ioan.
379 3362 411 3393 6,
430 3361 471 3387 51.
492 3361 542 3388 Cir.
562 3362 604 3388 lV.
623 3363 694 3388 Sent.
720 3363 748 3389 d.
767 3363 809 3388 11.
835 3370 862 3395 p.
881 3364 908 3389 ll.
928 3370 953 3389 a.
973 3364 998 3389 1.
1020 3370 1046 3396 q.
1067 3363 1091 3388 4.
1116 3366 1142 3388 ct
1166 3362 1252 3388 Brevi-

291 3406 342 3439 loq.
361 3413 386 3438 p.
407 3406 449 3432 Vl.
468 3414 491 3432 c.
510 3407 535 3432 9.
554 3420 590 3426 -
608 3407 737 3439 Superius
755 3406 837 3434 Acu
856 3408 980 3433 omittunt
1000 3406 1027 3433 in
1047 3408 1251 3434 sacramentum

288 3449 384 3484 panis,
404 3457 452 3482 pro
472 3458 525 3484 quo
545 3451 569 3476 in
590 3451 610 3476 D
629 3451 743 3477 secunda
764 3458 858 3477 manus
876 3451 993 3477 adiunxit
1011 3450 1039 3477 in
1053 3458 1165 3485 punem.

855 304 1050 338 COMMENT.
1076 304 1112 337 IN
1136 303 1376 338 EVANGELIUM
1400 302 1518 336 LUCAE
1543 302 1575 334 C.
1599 302 1686 334 XXll.

1301 392 1372 425 licet
1396 391 1556 430 caelestis,
1580 391 1619 423 de
1642 399 1707 433 quo
1731 389 1763 422 in
1787 389 1925 422 Psalmo:
1955 401 1971 418 α
1988 389 2101 422 Ρ60601
2133 389 2263 431 Angelo-

1300 453 1373 477 rum
1398 443 1600 476 manducavit
1631 443 1777 481 110010»;
1810 446 1841 475 et
1872 442 1995 474 loannis
2025 445 2138 475 sexto:
2168 455 2183 470 τι
2202 441 2264 483 Ego

1300 506 1370 530 sum
1397 497 1485 539 panis
1509 496 1619 535 vivus,
1644 495 1755 538 quide
1778 495 1865 528 caelo
1879 494 2059 528 descendi»
2080 498 2140 527 etc.
2164 494 2264 527 Huius
2275 502 2364 529 Figurae
2374 506 2420 527 ιη..

1301 550 1390 592 panis
1412 549 1567 582 suavitas
1591 548 1803 591 praefigurata
1826 547 1886 580 suit
1910 547 1942 579 in
1973 555 2105 586 manna,
2129 546 2168 580 de
2199 555 2264 589 quo

1300 603 1475 645 Sapientiae
1506 602 1627 635 decimo
1658 601 1794 634 sextoss:
1820 601 1886 633 «Et
1910 604 2056 643 paratum
2089 609 2202 642 panem
2224 599 2263 632 de

1300 657 1386 689 caelo
1402 655 1585 698 praestitisti
1614 655 1659 688 eis
1676 669 1706 686 ι.
1732 654 1945 696 Praefigurata
1976 653 2183 686 nihilominus
2206 652 2264 685 Ge-

1300 709 1384 742 nesis
1408 708 1648 751 quadragesimo
1672 717 1769 741 nono:
1791 720 1807 736 α
1824 706 2048 749 [15660100015
2072 707 2161 749 panis
2184 706 2264 745 eius,

1300 766 1331 795 et
1349 761 1511 804 praebebit
1526 761 1654 794 delicias
1670 760 1799 803 regibus
1814 774 1845 793 ».
1864 760 2079 802 Praefigurata
2095 759 2154 793 suit
2170 759 2265 792 etiam

1300 815 1449 857 diynitas
1472 815 1504 847 in
1528 814 1682 847 sacrificio
1714 813 1958 853 Melchisedech,
1993 813 2122 846 Genesis
2143 812 2265 846 decimo

1301 871 1430 910 quarto:
1460 881 1476 896 α
1494 870 1530 900 At
1554 877 1629 900 vero
1652 867 1894 906 Melchisedech,
1918 866 2082 908 proferens
2098 875 2210 908 panem
2234 869 2265 898 et

1302 921 1433 959 vinum,
1458 920 1620 954 benedixit
1643 921 1670 953 ei
1688 934 1704 949 »
1734 924 1813 958 etc.;
1838 923 1870 953 et
1893 920 1962 953 ideo
1985 920 2024 953 de
2040 919 2167 953 Christo
2189 918 2266 952 dici—

1303 978 1356 1007 tur
1379 974 1410 1006 10
1436 974 1601 1006 Psalm09:
1631 987 1647 1002 a
1663 975 1711 1006 Tu
1738 983 1773 1006 es
1796 973 1942 1006 sacerdos
1966 973 1997 1005 10
2029 976 2194 1005 661610010
2218 981 2266 1005 se-

1301 1027 1442 1060 cundum
1467 1027 1610 1059 ordinem
1628 1026 1854 1060 Melchisedech
1871 1039 1902 1058 ».
1928 1026 2015 1058 Sicut
2031 1025 2114 1058 enim
2140 1024 2266 1058 Melchi-

1302 1080 1415 1113 sedech
1440 1079 1620 1119 benedixit,
1645 1080 1688 1112 ita
1712 1083 1743 1112 et
1759 1080 1817 1112 iste
1841 1083 1872 1112 et
1896 1079 1995 1112 multo
2019 1078 2171 1120 amplius,
2192 1078 2267 1120 quia

1302 1133 1354 1166 hic
1377 1137 1425 1166 est
1448 1132 1593 1166 sacerdos
1620 1137 1785 1172 aeternus3
1810 1132 1894 1165 unde
1918 1132 2015 1164 verbo
2043 1131 2108 1164 solo
2136 1139 2267 1164 conver-

1303 1186 1341 1218 tit
1365 1195 1477 1228 panem
1502 1185 1533 1218 in
1558 1181 1675 1227 corpus
1699 1194 1805 1218 suum.

1393 1240 1445 1272 26.
1472 1239 1524 1272 Est
1550 1238 1647 1281 igitur
1671 1239 1824 1272 sententia
1843 1238 1936 1271 verbi
1954 1237 2030 1270 ista:
2048 1237 2117 1270 Hoc
2132 1241 2179 1270 est
2194 1246 2266 1269 cor·
2281 1247 2361 1269 sensus
2373 1252 2418 1269 ver-

1299 1303 1367 1336 pus
1394 1302 1524 1331 meum,
1557 1292 1587 1324 id
1619 1296 1684 1332 est,
1708 1292 1864 1334 signatum
1901 1300 1958 1334 per
1994 1291 2053 1324 hoc
2082 1294 2268 1323 converten—

1302 1346 1379 1379 dum
1404 1346 1435 1378 10
1459 1354 1577 1388 corpus
1598 1354 1703 1378 016001
1725 1349 1773 1378 651
1796 1354 1913 1387 corpus
1929 1353 2034 1377 meum
2049 1344 2090 1383 ¹⁰;
2116 1344 2182 1377 vel:
2209 1344 2268 1376 1106

1304 1400 1417 1433 transit
1441 1399 1472 1432 in
1497 1408 1613 1441 corpus
1637 1408 1758 1438 meum,
1779 1398 1862 1441 quod
1888 1401 1935 1431 est
1958 1398 2117 1439 integrum
2141 1401 2173 1430 et
2196 1406 2269 1439 per-

1303 1453 1439 1492 fectum;
1464 1452 1602 1486 efficacia
1617 1456 1723 1485 autem
1748 1452 1836 1485 verbi
1860 1454 1922 1490 est,
1950 1455 1986 1483 ut
2010 1451 2070 1483 1106
2097 1450 2180 1483 dicto
2205 1450 2267 1483 [iat.

1305 1506 1392 1538 Unde
1415 1506 1600 1539 Ambrosius
1614 1506 1658 1537 ¹1:
1688 1518 1704 1534 a
1725 1506 1754 1538 Si
1780 1508 1902 1538 tantum
1920 1504 2020 1537 valuit
2041 1512 2145 1536 sermo
2169 1503 2269 1542 Eliae‚

1305 1563 1342 1592 ut
1366 1559 1468 1601 ignem
1502 1558 1540 1592 de
1564 1558 1650 1591 caelo
1683 1558 1873 1600 deponeret,
1904 1566 1967 1590 non
1998 1556 2114 1589 valebit
2147 1559 2268 1589 tantum

1306 1621 1410 1645 sermo
1433 1612 1565 1651 Christi,
1582 1616 1619 1645 ut
1642 1612 1834 1645 substantias
1849 1614 1951 1644 mutet
1968 1613 2006 1642 n?
2032 1610 2149 1643 lterum
2172 1609 2269 1643 idem:

1311 1679 1327 1694 «
1343 1665 1424 1707 Quid
1448 1666 1576 1708 quaeris
1599 1669 1732 1698 naturae
1755 1664 1898 1698 ordinem
1922 1664 1954 1696 in
1978 1661 2094 1696 Christi
2119 1671 2269 1704 corpore,

1306 1727 1378 1751 cum
1403 1719 1469 1761 ipse
1494 1722 1620 1760 praeter
1645 1722 1791 1751 naturam
1817 1718 1857 1751 sit
1881 1721 1992 1760 partus
2016 1726 2058 1749 ex
2083 1716 2211 1758 Virgine
2227 1718 2270 1747 n?

2313 1273 2395 1295 borum.

1305 1790 1350 1796 —
1367 1772 1450 1804 Licet
1473 1776 1579 1804 autem
1606 1772 1672 1804 solo
1688 1771 1785 1804 verbo
1809 1770 1992 1809 confecerit,
2008 1769 2125 1802 dicitur
2148 1773 2269 1808 tamen,
2296 1777 2432 1805 Significatio-

2284 1805 2318 1826 nis
2335 1804 2432 1832 mysteria

1307 1824 1393 1866 quod
1413 1834 1536 1867 panem
1560 1824 1703 1867 aceepit,
1728 1824 1861 1867 qratias
1877 1823 1961 1867 eyit,
1983 1822 2086 1866 freyit
2108 1827 2138 1855 ct
2160 1822 2269 1861 dedit,
2284 1833 2382 1859 quatuor.

1307 1881 1436 1920 propter
1457 1878 1643 1919 mysterium
1660 1878 1905 1920 significationis.
1928 1877 1960 1909 10
1976 1876 2162 1919 acceptione
2181 1884 2272 1908 nam-

1307 1939 1370 1973 que
1390 1931 1494 1973 panis
1517 1931 1702 1973 intelligitur
1726 1931 1878 1964 assumtio
1902 1930 2025 1970 carnis,
2049 1929 2125 1973 quia
2148 1928 2271 1963 Ioannis

1308 1987 1399 2017 sexto
1413 1984 1457 2015 ¹²:
1481 1997 1495 2012 α
1513 1984 1592 2016 Caro
1617 1993 1686 2017 mea
1709 1993 1783 2017 vere
1799 1988 1847 2017 est
1863 1984 1954 2017 cibus
1971 1997 2001 2016 ».
2026 1983 2150 2026 Accepit
2173 1982 2271 2025 igitur

1308 2046 1420 2079 panem
1444 2036 1483 2069 ad
1506 2036 1735 2079 designandum
1759 2037 1837 2070 illud
1861 2037 1984 2071 Ioannis
2006 2037 2127 2080 primo:
2157 2049 2173 2066 α
2194 2036 2272 2069 Ver-

1308 2090 1385 2123 bum
1409 2099 1483 2123 caro
1513 2089 1631 2123 factum
1655 2094 1749 2123 est».
1783 2090 1815 2122 10
1842 2090 2041 2133 qratiarum
2065 2090 2194 2123 actione
2225 2089 2272 2122 10-

1308 2142 1461 2185 telligitur
1484 2142 1635 2176 defluxus
1658 2143 1833 2185 gratiarum
1858 2152 1877 2176 a
1899 2144 2000 2185 capite
2024 2143 2056 2176 in
2084 2147 2187 2176 totum
2203 2152 2273 2176 cor-

1309 2205 1370 2238 pus
1391 2195 1558 2235 Ecclesiae;
1583 2195 1705 2229 loannis
1724 2195 1827 2238 primo
1841 2196 1883 2228 ¹³:
1906 2209 1921 2224 α
1934 2196 1979 2229 1)6
1996 2196 2189 2238 plenitudine
2205 2195 2274 2229 eius

1309 2258 1366 2282 nos
1389 2258 1500 2282 omnes
1523 2249 1717 2291 accepimus,
1743 2249 1875 2291 gratiam
1894 2258 1953 2291 pro
1976 2249 2077 2291 gratia
2093 2261 2124 2281 ι».
2149 2248 2182 2281 10
2198 2247 2273 2290 sra-

1309 2303 1413 2336 ctz'one
1428 2302 1616 2345 intelligitur
1640 2302 1767 2335 afflictio
1790 2302 1954 2345 passionis,
1972 2311 2036 2345 qua
2058 2301 2118 2334 fuit
2141 2301 2273 2344 flagellis

1309 2356 1474 2395 concisus,
1499 2356 1596 2389 clavis
1619 2356 1799 2398 perforatus
1822 2359 1853 2388 et
1877 2356 1985 2388 lancea
2010 2354 2200 2394 transfixus,
2225 2363 2274 2387 56-

1310 2409 1450 2442 cundum
1475 2409 1553 2442 illud
1578 2409 1689 2442 Psalmi
1706 2409 1749 2441 ¹⁴:
1779 2421 1794 2437 α
1812 2408 1970 2441 Foderunt
1994 2417 2107 2441 manus
2135 2416 2221 2441 meas
2243 2410 2275 2441 et

1312 2462 1405 2504 pedes
1422 2471 1525 2501 meos,
1543 2462 1829 2495 dinumeraverunt
1841 2461 1945 2495 omnia
1958 2470 2029 2495 ossa
2041 2470 2111 2494 mea
2123 2474 2154 2494 ».
2168 2461 2201 2494 10
2213 2461 2276 2494 da-

1311 2516 1396 2547 tione
1417 2514 1604 2557 intelligitur
1626 2515 1797 2548 liberalitas
1817 2514 2127 2554 communicationis;
2153 2513 2275 2547 Ioannis

1384 2701 1395 2717 Β
1414 2703 1490 2729 Vers.
1509 2704 1552 2728 20.
1571 2717 1606 2722 —
1626 2702 1745 2728 Subinde
1763 2703 1908 2734 allegantur
1926 2703 1992 2728 Gen.
2012 2702 2060 2733 49,
2074 2703 2118 2728 20.
2131 2705 2156 2728 et
2172 2701 2218 2734 14,
2234 2702 2275 2727 18.

1313 2755 1370 2780 seq.
1388 2747 1440 2773 Csr.
1459 2747 1502 2773 lV.
1522 2748 1592 2772 Sent.
1612 2747 1638 2773 d.
1659 2748 1684 2772 8.
1703 2754 1729 2779 p.
1749 2748 1767 2773 1.
1786 2754 1809 2772 6.
1831 2747 1855 2772 1.
1873 2754 1899 2780 q.
1919 2748 1944 2772 2.
1964 2753 2032 2780 seq.;
2047 2746 2167 2772 diffusius
2179 2746 2213 2772 de
2231 2753 2277 2772 sex

1314 2791 1485 2816 eucharistiae
1504 2791 1597 2822 liguris
1616 2794 1680 2816 tom.
1699 2791 1732 2816 V.
1760 2791 1843 2816 Serui.
1863 2791 1900 2816 111.
1920 2797 1981 2822 pag.
2002 2790 2068 2823 553,
2092 2793 2118 2816 et
2139 2789 2276 2821 Ambros.,

1314 2834 1348 2859 de
1367 2834 1508 2866 Mysteriis,
1527 2841 1549 2859 6.
1570 2835 1595 2860 8.
1614 2842 1639 2860 0.
1660 2834 1701 2860 43.
1721 2841 1798 2867 seqq.

1385 2876 1396 2891 ⁹
1416 2878 1509 2903 Psalm.
1530 2878 1596 2909 ⁴09,
1617 2878 1645 2909 43
1665 2879 1711 2904 cl'r.
1729 2878 1809 2904 Ilebr.
1828 2878 1853 2904 7.
1874 2885 1922 2910 per
1940 2881 2034 2904 totum.
2052 2892 2088 2897 —
2106 2878 2215 2904 Inferius
2228 2885 2277 2910 pro

1314 2921 1440 2948 sacerdos
1459 2923 1586 2948 aeternus
1599 2922 1620 2947 Α
1633 2923 1654 2947 G
1667 2921 1794 2949 sacerdos
1808 2921 1835 2949 in
1849 2924 2005 2953 aeternum,
2019 2925 2045 2948 et
2057 2925 2117 2954 post
2131 2921 2204 2948 Unde
2217 2922 2277 2948 Vat.

1314 2966 1387 2992 addit
1406 2966 1561 2999 Glossa(?),
1580 2967 1601 2992 11
1621 2966 1658 2992 ibi
1682 2967 1745 2999 legit
1762 2966 1820 2993 solo
1840 2966 1924 3000 iyitur
1942 2965 2022 2992 verbo
2042 2965 2173 2993 convertit
2189 2969 2239 2992 etc.

1387 3010 1409 3026 ¹⁰
1428 3012 1518 3037 Glossa
1544 3011 1725 3038 interlinearis
1754 3011 1811 3044 (cfr.
1838 3010 1975 3042 imbros,
1995 3011 2028 3036 de
2048 3011 2189 3043 Mysteriis,
2209 3017 2233 3036 c.
2252 3011 2277 3036 9.

1314 3063 1339 3081 0.
1360 3055 1428 3089 54.);
1449 3056 1504 3082 Hoc
1522 3057 1560 3083 est
1579 3062 1679 3090 corpus
1698 3062 1802 3088 meum,
1823 3055 1897 3088 quod
1915 3055 1966 3081 sub
1989 3055 2077 3087 specie
2102 3055 2178 3087 panis
2199 3062 2279 3087 appa-

1314 3102 1361 3125 ret.
1380 3099 1433 3126 Csr.
1452 3099 1495 3125 lV.
1514 3100 1584 3125 Sent.
1609 3100 1634 3125 d.
1655 3100 1681 3125 8.
1700 3106 1726 3131 p.
1746 3099 1772 3124 11.
1793 3106 1815 3125 a.
1837 3100 1860 3124 11.
1881 3107 1907 3132 q.
1932 3099 1951 3124 1.
1971 3102 1996 3125 61
2015 3098 2042 3124 (1.
2063 3099 2104 3124 M.
2124 3106 2151 3131 p.
2171 3099 2187 3124 1.
2207 3106 2233 3132 q.
2253 3099 2277 3124 6.

1386 3142 1407 3158 ¹¹
1427 3143 1497 3169 Libr.
1510 3143 1544 3169 de
1557 3143 1697 3175 Mysteriis,
1718 3150 1740 3169 c.
1761 3143 1784 3169 9,
1799 3150 1825 3169 n.
1838 3143 1881 3169 52.
1901 3143 2039 3175 respicitur
2052 3143 2096 3168 lV.
2111 3143 2176 3175 Reg.
2190 3143 2199 3168 1
2212 3162 2219 3174 ,
2234 3143 2276 3168 10.

1314 3190 1340 3213 61
1360 3187 1426 3220 14.);
1447 3186 1511 3213 ibid.
1529 3194 1554 3213 n.
1574 3187 1617 3213 53.
1636 3194 1691 3220 seq.
1711 3187 1853 3220 sententia,
1873 3188 1898 3212 in
1917 3187 1993 3213 cuius
2013 3187 2063 3213 line
2083 3187 2161 3213 codd.
2189 3187 2279 3219 legunt

1313 3231 1349 3258 sit
1367 3232 1529 3265 corporatus
1549 3230 1580 3257 de
1606 3230 1720 3264 Viryine.

1387 3274 1408 3289 ¹²
1428 3275 1503 3301 Vers.
1523 3275 1566 3301 56.
1585 3278 1611 3301 et
1629 3275 1726 3301 deinde
1746 3276 1755 3300 ,1
1768 3294 1774 3306 ,
1796 3275 1838 3301 14.

1387 3317 1409 3333 ¹³
1429 3319 1504 3344 Vers.
1525 3319 1568 3344 16.

1387 3362 1409 3377 ¹⁴
1429 3363 1522 3389 Psalm.
1542 3363 1585 3393 21,
1606 3363 1649 3388 17.
1667 3369 1723 3395 seq.
1745 3377 1778 3381 —
1797 3362 1924 3395 Superius
1943 3370 1992 3395 pro
2007 3362 2144 3397 passionis
2163 3362 2182 3389 C
2194 3363 2215 3388 D
2229 3369 2279 3397 pn-

1316 3406 1358 3434 nis
1369 3406 1414 3440 (1),
1434 3410 1459 3432 ct
1479 3414 1528 3439 pro
1547 3406 1672 3434 concisus
1691 3408 1711 3433 G
1732 3413 1837 3433 caesus.
