2427 3872
353 262 417 289 CON

119 321 152 326 —
172 307 201 333 flt
218 307 284 333 inter
296 307 436 333 canonicos
454 307 607 333 imminente
620 310 705 333 morte

64 352 192 385 episcopi,
214 351 274 384 quis
286 350 382 377 debeat
395 351 523 384 praeponi
536 351 579 377 Vll
600 351 651 377 550
671 350 705 376 35

64 410 100 416 -
128 396 313 428 Apostolorum
337 403 388 421 non
416 395 542 422 trahenda
568 396 593 421 in
621 402 705 422 exem·

65 441 138 473 plum
159 439 222 466 ibid.
239 453 276 459 —
294 440 348 466 Non
369 442 408 466 est
427 440 626 466 adhaerendum
646 446 705 465 con-

64 484 172 510 tentioni
191 484 335 510 carnalium
353 482 415 510 ibid.

117 528 287 555 Commium
305 542 341 547 —
353 528 449 554 dicitur
461 528 610 554 coniunctio
624 528 705 560 ligno·

63 580 123 599 rum
137 572 171 598 ad
185 572 389 605 cooperiendam
408 572 518 598 domum
538 573 570 598 Vl
584 572 618 597 86
631 579 656 597 v.
672 572 704 597 18

118 616 287 643 Convincam
306 631 342 635 —
360 620 400 642 est
424 616 524 642 donum
549 616 706 648 perfectissi-

64 668 137 687 mum
158 661 191 687 Vl
212 661 262 686 166
282 667 309 686 v.
329 661 356 686 21
382 674 415 679 -
435 663 474 686 εει
493 661 576 692 gratia
596 660 642 686 Dei
662 660 704 685 Vll

65 704 116 731 143
136 705 169 730 36
183 719 217 723 —-
231 704 370 731 Continens
388 712 467 730 nemo
480 706 565 737 potest
578 711 636 730 esse
648 704 705 730 sine

64 749 148 781 gratia
168 749 215 775 Dei
234 749 266 774 Vl
288 749 338 774 166
357 756 383 774 v.
404 749 432 774 21
450 762 486 768 -
498 748 640 775 Continens
652 755 704 774 non

65 796 157 826 peccat
187 800 316 819 consensu
348 794 390 818 vel
414 794 561 824 voluntate,
589 793 635 819 sed
666 795 705 818 est

65 838 181 864 mundus
200 844 310 870 corpore
329 840 355 863 et
375 838 455 864 corde
476 838 526 863 130
546 845 573 864 ν.
597 837 628 863 14

118 896 153 902 -
173 882 264 914 triplex
283 881 421 908 laudabilis
442 883 483 908 Vll
503 882 536 908 63
557 882 591 908 85
604 895 639 901 —
652 888 705 907 car-

65 926 104 952 nis
123 926 284 959 significatur
304 933 351 959 per
371 926 592 958 praecinctionem
606 925 706 951 lumbo-

64 978 125 997 rum
140 972 171 997 Vt
185 971 236 996 598
257 972 272 996 2
285 984 321 990 --
334 971 407 1003 impii
421 973 522 1003 putant,
535 970 634 996 nullum
648 976 706 995 esse

64 1015 213 1048 praemium
231 1015 301 1041 vitae
319 1015 474 1041 continentis
493 1015 544 1040 129
563 1022 590 1040 v.
611 1015 643 1040 12

118 1059 275 1086 Comma-,ms
284 1075 319 1079 —
329 1060 350 1085 A
360 1066 419 1085 raro
431 1058 644 1091 contingentibus
653 1065 706 1084 non

65 1103 145 1130 debet
163 1104 229 1130 ratio
249 1104 414 1137 pronuntiari
429 1104 460 1129 Vl
480 1104 532 1129 302
553 1102 586 1129 84
607 1103 662 1136 (83)
678 1102 706 1128 2*

117 1148 267 1175 Commoris
288 1163 322 1167 ——-
348 1148 478 1180 significat
505 1147 643 1173 avaritiam
672 1147 705 1174 Vl

66 1192 118 1219 587
136 1193 154 1218 7

119 1237 306 1264 ΟοΝτιιΑοιετιο
326 1251 360 1256 --
379 1244 433 1263 non
458 1240 497 1263 est
524 1237 550 1262 in
580 1236 610 1262 iis
637 1243 706 1269 quae

65 1289 118 1308 non
137 1283 287 1308 referuntur
305 1282 338 1308 ad
353 1282 424 1308 idem
438 1284 543 1314 tempus
557 1282 588 1307 Vl
607 1281 658 1307 462
673 1281 706 1306 30

65 1340 102 1346 -
120 1327 186 1352 inter
211 1326 412 1352 contradictorie
437 1326 558 1358 opposita
586 1326 648 1352 nihil
668 1328 707 1351 est

66 1371 184 1397 medium
204 1371 247 1396 Vll
268 1372 318 1396 138
340 1371 372 1396 16

119 1415 278 1442 ΟοΝτηΑηιυε
296 1430 331 1433 -
345 1415 478 1441 Contraria
491 1415 568 1440 simul
581 1421 635 1440 non
649 1421 706 1446 pos-

63 1463 126 1486 sunt
144 1467 202 1486 esse
220 1460 244 1485 in
264 1460 358 1486 eodem
381 1460 411 1485 Vl
432 1460 465 1485 80
484 1467 509 1492 q.
525 1473 560 1478 -—
572 1458 706 1485 Contraria

66 1505 144 1530 simul
163 1511 221 1530 esse
239 1511 292 1529 non
311 1507 421 1536 possunt
442 1504 482 1529 Vll
503 1504 554 1529 332
574 1503 608 1528 74

119 1562 155 1568 --
174 1548 308 1574 Contraria
328 1555 381 1573 non
394 1547 491 1573 habent
503 1550 591 1573 ortum
605 1545 639 1572 ab
653 1553 705 1572 uno

66 1592 205 1626 principio,
223 1599 272 1618 nec
292 1599 374 1618 unum
403 1591 437 1617 ab
465 1592 515 1617 alio
535 1591 568 1616 Vl
589 1591 622 1617 15
641 1598 668 1624 q.
689 1590 706 1616 5

66 1644 123 1670 arg.
142 1652 179 1656 -
191 1637 301 1663 Licitum
315 1639 354 1662 est
367 1636 432 1662 veile
446 1636 583 1666 contraria,
596 1635 641 1661 ubi
654 1642 706 1661 non

67 1684 138 1715 patet
156 1682 245 1708 divina
264 1682 384 1707 voluntas
403 1682 436 1706 82
456 1688 484 1713 q.

120 1726 255 1753 Cournmo
274 1740 310 1744 ——
329 1726 407 1751 Dolor
426 1725 589 1751 contritionis
601 1728 641 1750 est
653 1731 707 1750 me-

66 1771 154 1797 dicina
173 1770 364 1803 praeparativa,
384 1776 432 1803 per
450 1777 531 1803 quam
544 1772 652 1795 sanatur
672 1768 707 1794 in-

68 1816 161 1841 firmus
181 1816 213 1841 Vl
235 1815 281 1840 561
313 1816 328 1841 2
347 1828 382 1834 -
401 1815 556 1847 producitur
579 1821 594 1840 a
617 1814 706 1840 divina

68 1860 150 1892 gratia
170 1867 218 1893 per
235 1860 315 1886 fidem
335 1860 379 1886 Vll
399 1860 450 1885 122
469 1859 503 1885 37

121 1918 157 1924 -
176 1907 215 1931 εει
234 1904 370 1930 infirmitas
389 1911 488 1936 poenae
501 1906 606 1930 causata
626 1903 717 1941 abin(

68 1949 155 1975 teriori
175 1949 207 1975 Vl
227 1949 278 1974 586
298 1949 313 1974 2
341 1963 377 1967 -
402 1951 524 1974 causatur
543 1954 573 1973 ex
592 1947 709 1973 conside-

68 1994 168 2020 ratione
186 1993 226 2019 sui
246 1992 307 2019 ibid.
328 1992 379 2018 607
400 1993 410 2018 1
434 2006 470 2010 -
488 1991 654 2018 Contritionis
673 1991 708 2016 in-

67 2038 186 2070 dignatio
205 2040 294 2063 contra
313 2037 418 2069 culpam
431 2037 503 2062 venit
514 2043 544 2062 ex
558 2035 709 2067 cognitione

69 2082 102 2107 19
121 2089 149 2108 v.
169 2082 211 2107 18.
231 2082 264 2107 20
283 2088 297 2107 a

121 2140 157 2144 —
175 2128 214 2151 est
228 2128 400 2158 unguentum,
413 2131 467 2158 quo
481 2127 615 2157 unguntur
628 2124 710 2156 pedes

68 2170 163 2197 Christi
184 2171 215 2195 Vl
237 2170 287 2195 412
308 2170 349 2195 10.
364 2170 416 2196 593
436 2177 461 2195 v.
482 2170 498 2195 3
512 2183 545 2188 -
560 2169 639 2195 debet
651 2175 709 2194 esse

69 2221 159 2241 amara
179 2215 231 2240 565
250 2215 269 2240 3·
291 2228 328 2233 —
355 2214 519 2240 Contritionis
545 2217 709 2246 unguentum

69 2260 204 2286 conficitur
217 2267 247 2285 ex
258 2258 397 2291 speciebus
407 2259 553 2290 vilissimis,
563 2259 590 2285 id
600 2261 640 2285 est
649 2266 710 2291 pro-

69 2304 133 2336 priis
151 2303 265 2337 peccatis
285 2304 326 2330 Vll
346 2304 397 2329 586
415 2303 450 2329 72

122 2362 159 2368 -
178 2349 204 2374 ln
223 2348 376 2374 contritione
394 2351 433 2374 est
451 2348 578 2381 gaudium
598 2351 623 2374 et
636 2348 710 2374 dolor

71 2393 104 2419 Vl
124 2393 153 2418 31
177 2400 204 2419 v.
224 2394 238 2418 8
258 2407 294 2412 -
313 2393 381 2425 parit
394 2394 483 2419 fletum
497 2393 540 2419 Vll
557 2393 608 2419 125
627 2393 710 2418 37-

70 2437 118 2463 Per
138 2437 320 2463 contritionem
339 2437 467 2463 scinditur
485 2445 531 2463 cor
550 2438 583 2464 Vl
604 2438 655 2463 566
675 2438 690 2463 3

123 2495 159 2501 —
185 2482 231 2507 Per
258 2482 438 2508 contritionem
467 2483 568 2508 lavatur
598 2489 644 2508 cor
676 2482 709 2508 vt

70 2525 122 2551 560
144 2526 154 2551 1
178 2539 213 2545 -
232 2526 310 2552 Dolor
328 2526 490 2552 contritionis
508 2526 620 2552 mundat
637 2526 710 2559 spiri-

71 2570 174 2596 tualiter
192 2571 259 2596 sicut
277 2577 346 2604 aqua
365 2571 417 2596 600
438 2570 454 2596 4
472 2584 508 2590 -
526 2574 565 2596 εει
584 2578 653 2604 aqua
673 2571 709 2596 la-

71 2622 138 2640 vans
155 2615 190 2640 ad
216 2615 431 2640 emundationem
456 2615 542 2640 sordis
570 2615 621 2640 599
641 2622 655 2640 a
674 2629 710 2635 —

71 2662 111 2685 est
141 2666 214 2685 mare
246 2659 433 2685 transeundum
465 2659 499 2685 ab
527 2659 710 2692 incipientibus

72 2703 124 2729 597
144 2704 160 2730 2

125 2762 161 2766 -
179 2749 206 2774 ln
225 2748 379 2774 contritione
397 2748 536 2774 suscitatus
554 2748 606 2774 exit
623 2748 658 2774 de
670 2755 710 2774 se-

74 2793 165 2825 pulcro
185 2793 216 2818 Vl
236 2792 282 2818 591
307 2793 322 2818 3
341 2806 378 2812 —-
396 2793 444 2818 Per
456 2792 638 2818 contritionem
652 2799 711 2825 pec·

72 2839 175 2862 catores
194 2837 322 2869 incipiunt
340 2837 438 2863 malum
458 2837 532 2863 odire
551 2837 604 2862 285
623 2837 656 2862 38
675 2851 710 2855 -

74 2894 109 2899 -
127 2881 175 2906 Per
196 2881 378 2907 contritionem
403 2884 526 2914 peccator
546 2881 659 2914 resurgit
686 2884 711 2908 et

74 2925 143 2951 levat
161 2928 240 2958 caput
258 2932 272 2951 a
292 2928 359 2951 terra
378 2926 422 2952 Vll
441 2925 492 2951 172
511 2926 545 2952 32

127 2968 289 2995 ΟοΝτυΜιῑιιΛ
305 2983 336 2989 ·—
346 2969 496 2996 sustinenda
509 2970 629 3002 exemplo
642 2969 712 2995 Chri-

74 3013 106 3040 sti
127 3013 158 3040 Vi
178 3014 230 3039 367
249 3013 293 3039 67.
311 3014 363 3039 369
382 3013 418 3039 74
439 3028 472 3032 -
491 3014 529 3039 De
547 3014 712 3040 contumeliis

75 3064 128 3084 non
148 3061 187 3084 est
205 3058 352 3084 curandum
372 3058 415 3084 Vll
441 3057 492 3084 564
511 3057 546 3084 77
564 3073 599 3077 -
618 3057 712 3091 probat

75 3101 225 3134 patientiam
245 3102 339 3128 Christi
358 3102 391 3128 Vl
411 3102 462 3128 124
482 3110 509 3128 v.
529 3103 561 3128 19

129 3145 304 3172 ΟοΝτυιωΛτιο
316 3160 351 3165 --
364 3150 403 3172 est
415 3146 591 3179 impatientiae
604 3149 630 3172 et
641 3153 713 3173 com-

77 3190 206 3222 passionis
225 3190 257 3216 Vl
277 3190 311 3216 57
329 3198 356 3224 q.
377 3190 386 3216 1

130 3234 273 3261 Convaurto
290 3248 326 3254 —
344 3237 383 3261 est
400 3234 510 3268 simplex
526 3234 667 3267 promissio
681 3235 712 3260 Vl

78 3278 129 3304 189
143 3285 169 3304 v.
188 3280 216 3304 21

130 3322 303 3350 (ἶοΝνΕιιεΑΊ-ιο
313 3338 347 3343 —-
358 3323 465 3350 Debitus
475 3323 646 3350 conversandi
662 3330 714 3350 mo·

78 3366 129 3392 dus
147 3367 277 3399 respicere
296 3367 375 3394 debet
387 3371 474 3394 actum
487 3368 590 3394 virtutis
603 3368 714 3394 rationa-

733 219 770 251 ΙΝ
793 218 1085 251 COMMENTARIOS
1109 220 1138 251 S.
1164 219 1390 252 SCRIPTUME

744 306 818 338 bilis,
845 307 1069 340 concupiscibilis,
1099 307 1236 333 irascibilis
1256 308 1284 333 31
1318 315 1344 333 v.
1368 308 1385 333 7

743 364 779 371 -
797 351 1008 377 conversationis
1027 353 1148 378 honestas
1162 352 1304 378 attenditur
1317 352 1385 378 circa

744 396 869 421 exteriora
889 396 919 421 71
944 404 969 421 v.
988 397 1004 421 2

797 453 833 459 -
851 439 945 465 Christi
965 442 1021 465 erat
1044 440 1100 466 aliis
1128 440 1261 466 dissimilis
1281 441 1313 466 Vl
1335 441 1384 466 123

744 490 769 508 ν.
791 483 824 509 15
842 497 878 503 -
898 484 924 509 ln
944 483 1013 509 bona
1034 484 1232 509 conversatione
1245 484 1318 510 adest
1332 485 1386 516 Spi-

743 528 810 554 ritus
830 528 932 553 Domini
953 528 997 554 Vll
1017 528 1069 553 592
1097 528 1128 553 19
1148 542 1184 547 -
1203 529 1250 553 Ρεῐ·
1270 529 1386 554 honesta-

744 574 796 597 tem
821 572 1030 597 conversationis
1058 574 1256 598 conformamur
1284 572 1386 598 Christo

745 616 795 641 234
809 616 844 642 55
857 630 892 634 -
906 615 975 642 bona
990 616 1104 641 maxime
1117 617 1258 649 requIritur
1272 617 1296 642 in
1310 624 1386 649 prae-

744 659 800 685 latis
820 659 871 685 143
891 660 925 686 35

796 717 831 723 --
851 705 935 730 Mores
954 705 1078 730 honestae
1098 705 1306 731 conversationis
1325 708 1386 731 sunt

744 749 822 774 liores
841 748 873 773 Vl
894 748 945 774 205
964 756 989 774 ν.
1010 749 1026 774 3
1047 763 1080 767 —
1100 750 1208 774 honesta
1222 749 1385 781 significatur

744 793 839 818 vellere
858 793 947 818 ovium
969 793 1019 819 583
1040 794 1055 818 9
1076 808 1110 812 -
1131 794 1178 819 Per
1198 794 1384 820 vestimentum

743 837 894 868 intelligitur
914 838 1036 863 honestas
1056 838 1262 864 conversationis
1281 842 1385 864 sanctae

746 881 787 906 Vll
806 881 857 906 213
879 881 920 907 86.
941 881 992 907 234
1013 882 1046 907 55

797 939 832 944 -
850 925 1019 951 Conversatio
1040 927 1173 952 mundana
1187 927 1286 953 inducit
1305 927 1338 953 ad
1353 928 1385 953 la-

744 977 822 1002 psum
843 971 936 1002 culpae
957 971 988 996 vt
1008 971 1060 996 613
1091 971 1106 996 4
1125 985 1160 990 -
1179 972 1245 997 Nihil
1264 972 1298 997 ita
1318 972 1386 998 noci-

744 1021 808 1040 vum
829 1017 876 1046 est,
895 1015 962 1041 sicut
981 1015 1130 1041 conversari
1151 1023 1210 1042 cum
1232 1017 1385 1048 perniciosis

745 1059 788 1085 Vll
809 1059 860 1085 427
881 1059 896 1085 4
917 1073 951 1078 -
970 1067 1030 1085 cum
1057 1060 1146 1086 viduis
1170 1061 1386 1093 reprehensibilis

744 1106 783 1129 est
801 1107 909 1136 propter
927 1105 1103 1136 suspicionem
1124 1106 1219 1131 malam
1240 1105 1291 1131 519
1312 1106 1345 1132 55

797 1147 938 1174 (ΣοΝνειιειο
957 1162 993 1168 -
1011 1149 1045 1175 ad
1065 1150 1205 1175 Dominum
1221 1157 1271 1175 non
1285 1153 1324 1176 est
1336 1150 1386 1175 dif-

745 1193 851 1219 ferenda
871 1193 905 1219 de
923 1193 967 1219 die
986 1193 1010 1219 in
1030 1193 1101 1219 diem
1121 1194 1153 1219 vl
1174 1194 1208 1220 65
1227 1201 1253 1220 ν.
1273 1193 1350 1219 4.”93
1371 1201 1385 1219 a

745 1252 779 1255 —
793 1238 890 1269 petitur
908 1245 922 1263 a
939 1238 991 1263 Deo
1006 1238 1048 1264 Vll
1069 1238 1101 1263 17
1116 1238 1149 1264 27
1169 1253 1202 1257 -
1223 1239 1292 1264 Deus
1311 1242 1386 1264 sanat

745 1288 887 1308 conversos
906 1282 938 1308 ad
959 1289 1020 1308 eum
1041 1282 1073 1308 Vl
1096 1282 1146 1308 422
1167 1282 1200 1308 59
1214 1297 1249 1302 -
1268 1283 1336 1308 Dum
1351 1284 1385 1308 fa-

745 1326 798 1351 cies
817 1326 910 1351 mentis
930 1330 1034 1352 nostrae
1053 1326 1085 1352 ad
1106 1327 1189 1352 Deum
1209 1327 1383 1358 convertitur,

745 1370 918 1401 illuminatur,
947 1371 1098 1396 melioratur
1125 1373 1151 1396 et
1179 1371 1313 1402 perficitur
1342 1372 1384 1396 Vll

745 1413 796 1439 234
816 1414 850 1439 55
871 1428 904 1432 --
923 1414 1028 1439 Homini
1047 1421 1176 1440 converso
1200 1415 1234 1440 ad
1253 1414 1384 1440 Christum

744 1461 770 1483 et
788 1458 846 1483 luce
864 1458 921 1484 eius
940 1458 1084 1484 illuminato
1112 1459 1177 1484 nihii
1204 1466 1261 1485 esse
1280 1459 1385 1485 videtur

744 1504 876 1528 terrenum
897 1503 947 1527 130
968 1503 1001 1528 69

798 1559 831 1564 -
852 1547 967 1572 Perfecta
981 1547 1118 1573 conversio
1131 1547 1166 1573 ad
1179 1547 1309 1574 Christum
1323 1555 1385 1574 con-

744 1590 810 1616 sistit
829 1591 854 1616 in
873 1592 1012 1617 aversione
1030 1599 1045 1617 a
1065 1596 1172 1624 peccato
1192 1599 1240 1624 per
1253 1593 1386 1625 poeniten-

745 1635 806 1661 tiam
826 1638 852 1661 et
871 1635 897 1661 in
917 1636 1089 1662 conversione
1108 1637 1141 1662 ad
1161 1637 1245 1662 Deum
1270 1645 1318 1670 per
1343 1637 1386 1663 be-

744 1680 918 1706 nevolentiam
939 1681 981 1707 Vll
1001 1682 1051 1707 183
1072 1681 1105 1706 67
1131 1696 1165 1701 —-
1190 1683 1304 1714 perfecta
1333 1685 1386 1714 est,

745 1731 807 1750 cum
826 1725 962 1757 diligimus
982 1725 1066 1751 Deum
1086 1729 1112 1752 et
1130 1726 1295 1759 rediligimur
1307 1726 1341 1753 ab
1355 1734 1386 1753 eo

746 1769 797 1794 186
816 1769 851 1795 75

797 1827 834 1833 -
852 1814 997 1846 peccatoris
1015 1815 1049 1841 ad
1063 1815 1146 1841 Deum
1160 1818 1199 1841 est
1212 1816 1324 1842 maxime
1337 1816 1387 1842 uti-

745 1858 776 1883 lis
795 1858 838 1884 vlt
860 1858 891 1883 17
911 1859 944 1884 27
963 1873 999 1877 -
1018 1860 1088 1885 Deus
1112 1860 1273 1886 convertitur
1296 1860 1330 1886 ad
1357 1868 1386 1886 se

745 1905 927 1929 convertentes
946 1903 979 1929 Vl
998 1904 1049 1929 262
1068 1904 1103 1929 75

799 1960 835 1965 -
852 1947 956 1973 Frustra
975 1948 1137 1974 convertitur
1149 1949 1195 1981 qui
1209 1956 1262 1975 non
1282 1956 1386 1981 perma-

746 1993 789 2016 net
808 1990 841 2016 Vl
861 1991 912 2016 262
924 1991 959 2016 77
972 2006 1007 2010 -
1020 1992 1172 2018 Differentes
1183 1994 1385 2019 conversionem

747 2033 772 2059 in
791 2034 834 2060 die
852 2035 941 2061 iudicii
955 2037 1216 2068 comprehenduntur
1231 2038 1272 2063 Vll
1286 2038 1338 2063 327
1351 2038 1385 2063 59

799 2093 834 2097 —
862 2080 1015 2112 Exemplum
1043 2081 1223 2107 conversionis
1250 2082 1387 2108 exhibetur

747 2123 772 2148 in
791 2124 891 2149 latrone
910 2131 1038 2151 converso
1059 2125 1101 2151 Vll
1120 2125 1171 2151 580
1191 2126 1220 2151 51
1244 2141 1280 2144 -
1297 2127 1326 2152 fit
1339 2133 1386 2158 per

747 2168 890 2195 intellectus
909 2170 1114 2201 captivationem
1134 2171 1165 2196 Vl
1187 2171 1238 2196 509
1258 2171 1292 2197 24
1311 2185 1346 2191 --
1359 2172 1386 2197 tit

747 2220 795 2245 per
813 2214 1037 2246 praedicationem
1066 2215 1142 2241 verbi
1162 2216 1206 2242 Dei
1228 2216 1274 2242 451
1299 2217 1332 2242 23
1350 2230 1385 2236 -

747 2258 850 2284 animae
877 2259 1085 2291 designatur-in
1113 2267 1222 2287 ascensu
1250 2261 1387 2287 naviculae

748 2303 791 2328 Vll
811 2304 862 2329 200
883 2303 915 2329 43

800 2361 836 2368 --
855 2349 946 2380 Magna
966 2349 1015 2375 erit
1043 2349 1156 2381 dignitas
1181 2350 1215 2375 de
1242 2350 1385 2376 multorum

747 2393 920 2419 conversione
939 2393 981 2419 Vll
1002 2393 1053 2419 482
1073 2394 1106 2419 28
1124 2407 1160 2413 -
1179 2394 1266 2427 Quare
1283 2395 1387 2420 animae

747 2443 891 2462 conversae
915 2437 949 2463 de
976 2436 1100 2469 gentibus
1127 2438 1252 2464 dicuntur
1269 2438 1387 2472 quinque

747 2480 781 2507 ib.
800 2482 833 2506 29

800 2539 836 2545 -
854 2526 888 2551 ad
907 2528 1009 2552 terrena
1022 2525 1146 2553 obscurat
1158 2527 1274 2553 animam
1288 2527 1320 2554 Vl
1336 2527 1386 2553 140

746 2577 774 2595 v.
794 2570 827 2595 10

800 2614 919 2641 (ΖοΝνιειΑ
938 2629 973 2634 -
1001 2615 1142 2642 lliirabilius
1170 2619 1223 2647 est,
1251 2616 1386 2642 hominem

747 2659 867 2684 convicia
895 2666 1002 2691 passum
1031 2667 1085 2685 non
1105 2660 1220 2691 moveri,
1240 2668 1321 2694 quam
1340 2662 1387 2686 ho-

748 2703 844 2729 minem
863 2705 1030 2730 vulneratum
1049 2707 1075 2730 et
1099 2712 1254 2737 percussum
1273 2712 1325 2731 non
1345 2712 1388 2731 ca·

748 2748 810 2774 dere
830 2748 873 2774 Vll
892 2748 943 2774 579
964 2749 997 2775 48

798 2792 960 2821 βοΝνιΝεεειΕ
990 2808 1025 2812 --
1055 2793 1199 2819 Convictus
1226 2797 1265 2820 est
1292 2796 1387 2827 homo,

747 2837 854 2869 quando
873 2837 961 2863 deficit
988 2838 1031 2863 via
1060 2838 1146 2871 aliqua
1175 2838 1209 2864 ad
1232 2839 1386 2870 fugiendum

749 2881 791 2907 Vll
812 2881 863 2907 360
885 2882 916 2907 10

801 2925 942 2951 Convivium
962 2940 996 2944 —
1014 2925 1163 2952 Convivare
1182 2929 1221 2952 est
1239 2927 1383 2952 communi-

749 2972 787 2995 ter
805 2972 830 2994 et
843 2970 919 2995 simul
939 2970 1009 2995 refici
1032 2971 1061 2995 Vl
1084 2970 1133 2995 163
1147 2977 1173 2995 v.
1187 2971 1203 2995 9
1217 2984 1252 2988 —
1267 2971 1306 2996 Ad
1325 2978 1387 2996 con-

749 3014 850 3045 vivium
864 3013 975 3040 invitare
991 3017 1066 3040 notos
1085 3021 1138 3040 non
1151 3016 1190 3040 est
1202 3017 1291 3039 contra
1311 3021 1387 3046 prae-

749 3061 854 3091 ceptum
874 3058 917 3084 Vll
937 3059 988 3084 367
1008 3058 1042 3084 27

802 3117 836 3121 —
855 3104 882 3128 ln
900 3103 981 3128 domo
1000 3103 1117 3128 convivii
1137 3102 1303 3128 inveniuntur
1315 3102 1386 3128 oble-

750 3150 878 3172 ctamenta
898 3146 931 3171 Vl
952 3146 985 3172 55
1005 3154 1032 3172 v.
1052 3147 1067 3172 3
1087 3160 1121 3164 —
1140 3146 1295 3172 ludaeorum
1314 3150 1387 3172 erant

751 3191 883 3217 luxuriosa
902 3191 934 3215 86
955 3198 980 3215 v.
1002 3191 1033 3215 19

803 3249 838 3253 -
858 3234 1005 3260 indifferens
1028 3237 1067 3260 est
1095 3234 1273 3260 familiaritatis
1297 3236 1386 3260 huma-

751 3285 800 3304 nae
828 3279 870 3304 Vll
897 3279 947 3304 367
972 3280 1005 3304 28
1024 3292 1059 3298 --
1078 3278 1176 3304 bonum
1207 3279 1297 3311 triplex
1325 3277 1387 3305 ibid.

750 3337 786 3343 —
805 3323 954 3349 indifferens
976 3322 1147 3355 permittitur,
1177 3323 1275 3348 malum
1303 3322 1388 3355 proni-⁴

752 3367 840 3400 betur,
867 3370 894 3392 et
920 3366 1020 3392 bonum
1036 3361 1172 3392 'suadetur
1197 3366 1257 3393 ibid.
1282 3380 1316 3385 —
1336 3373 1388 3392 nm-

2002 227 2066 258 725

1717 266 1781 293 COR

1425 308 1478 334 lum
1498 312 1537 335 est
1556 311 1770 343 gastrimargiae,
1799 312 1933 338 iactantiae
1963 316 1987 338 ct
2012 321 2067 339 nia—

1425 353 1492 379 litiae
1512 353 1573 380 ibid.
1602 369 1635 373 —
1663 356 1687 380 ln
1714 357 1836 381 convivio
1865 358 2064 389 gastrimargiae

1424 398 1593 424 dehonestata
1615 401 1718 425 fuerunt
1738 407 1798 425 vasa
1820 401 1923 426 Domini
1943 401 2004 427 ibid.
2030 417 2064 420 —

1424 441 1449 466 ln
1469 443 1592 467 convivio
1613 443 1748 468 iactantiae
1769 444 1915 469 interfectus
1935 450 1973 470 est
1992 453 2064 477 prac-

1424 492 1514 511 cursor
1533 485 1626 511 Christi
1646 486 1707 513 ibid.
1721 501 1756 506 —
1770 489 1795 513 ln
1811 489 1932 514 convivio
1952 490 2065 515 malitiae

1424 528 1547 555 Absalorn
1567 531 1693 556 interfecit
1713 532 1824 557 Ammon
1845 532 1905 557 ibid.

1476 587 1511 592 —
1530 575 1630 599 nullum
1650 578 1729 601 restat
1749 580 1807 607 post
1827 583 1935 601 coenam
1952 577 1991 602 Vll
2012 578 2063 602 370

1424 618 1457 643 36
1477 632 1511 636 ——-
1531 618 1707 644 abundantiae
1733 620 1892 651 promittitur
1912 621 2063 646 desideran-

1424 662 1494 687 tibus
1514 661 1581 687 bona
1601 663 1744 694 spiritualia
1768 664 1817 689 147
1843 664 1884 689 49.
1908 664 1955 689 148
1976 665 2009 690 52
2029 679 2064 684 -

1423 705 1525 731 Christo
1539 708 1567 731 tlt
1580 707 1670 738 triplex
1684 714 1745 732 coni
1755 707 1836 733 ivimn
1846 728 1852 738 ,
1866 709 2063 741 poenitentium,

1423 750 1615 781 proficientium
1636 754 1661 776 et
1680 753 1856 783 perfectorum
1873 753 1903 778 111
1925 753 1970 778 411
1995 754 2010 777 9
2029 767 2064 772 -

1423 797 1529 826 paratur
1548 794 1670 820 omuibus
1685 803 1731 827 per
1745 797 1872 828 gemitum
1887 798 2065 829 compunctio—

1423 839 1463 864 nis
1482 839 1597 865 internae
1618 840 1658 865 1111
1680 840 1724 865 431
1751 841 1783 865 19

1476 897 1511 902 -
1535 884 1560 909 lu
1587 884 1715 910 conviviis
1745 885 1861 910 virorum
1890 886 2063 917 spiritualium

1424 928 1505 953 verba
1525 929 1668 960 spiritualia
1684 929 1815 954 miscenda
1830 933 1891 955 sunt
1905 930 1945 955 Vll
1961 930 2012 954 366
2027 931 2061 955 26

1476 971 1627 998 (ἰοΝνοεΛηε
1647 988 1681 991 —-
1701 977 1739 999 est
1752 975 1874 1005 copulare
1888 974 1921 999 ad
1937 975 2062 999 unitatem

1423 1020 1448 1042 ει
1466 1018 1675 1043 conformitatem
1694 1018 1792 1043 amoris
1812 1018 1853 1043 Vll
1874 1019 1924 1043 388
1949 1019 1978 1043 18

1476 1061 1616 1087 Coortnxnt
1636 1077 1670 1080 —
1691 1063 1760 1088 Deus
1779 1066 1935 1094 cooperatur
1955 1066 2063 1088 naturae

1423 1106 1574 1138 cooperanti
1594 1106 1625 1132 Vl
1647 1106 1697 1131 308
1719 1107 1752 1131 34

1476 1149 1599 1176 Coruinus
1617 1164 1652 1169 —
1671 1154 1710 1176 est
1730 1158 1776 1176 vas
1791 1152 1888 1176 humile
1904 1151 1944 1176 1ἸΙ
1960 1151 2011 1176 224
2026 1152 2060 1176 27

1423 1207 1458 1213 -
1477 1194 1617 1220 duodecim
1637 1195 1785 1226 significant
1799 1195 1938 1221 duodecim
1954 1197 2062 1227 Aposto-

1423 1239 1461 1264 los
1474 1238 1537 1264 ibid.
1551 1253 1587 1257 —-
1600 1239 1690 1270 repleti
1704 1243 1763 1264 sunt
1778 1240 1930 1271 fragmentis
1944 1240 2062 1272 quinque

1423 1290 1521 1315 panum
1536 1283 1753 1314 hordeaceorum,
1767 1284 1792 1309 id
1806 1288 1845 1309 est
1858 1284 1975 1309 doctrina
1989 1284 2063 1316 quin-

1422 1334 1475 1360 que
1494 1327 1621 1353 librorum
1650 1327 1731 1359 Moysi
1760 1327 1821 1353 ibid.
1841 1342 1874 1346 —-
1895 1328 1943 1353 Per
1961 1328 2063 1353 duode-

1422 1371 1474 1397 cim
1506 1372 1633 1403 cophinos
1665 1373 1873 1403 fragmentorum
1899 1372 2062 1403 significatur

1422 1415 1541 1441 doctrina
1560 1415 1745 1447 Apostolorum
1766 1416 1798 1441 1Ἰ
1819 1416 1865 1441 321
1895 1416 1933 1441 19.
1954 1417 2005 1441 322
2026 1416 2059 1441 23

1475 1459 1572 1486 Corum
1591 1473 1627 1478 —
1645 1460 1771 1485 mentium
1791 1460 1903 1485 sanctior
1923 1464 1961 1485 est
1980 1467 2062 1492 quam

1422 1510 1564 1535 corporum
1585 1504 1628 1529 Vll
1648 1504 1699 1529 297
1719 1504 1752 1529 62

1477 1548 1529 1574 Con
1548 1563 1583 1566 —
1602 1551 1641 1574 est
1661 1548 1685 1573 in
1705 1548 1792 1574 medio
1812 1549 1846 1574 ad
1872 1548 2062 1574 vivificandum

1424 1593 1457 1619 Vl
1477 1592 1523 1618 541
1550 1593 1582 1618 10
1601 1607 1636 1611 -
1655 1593 1676 1618 Α
1695 1593 1784 1624 corde,
1803 1593 1875 1625 quod
1904 1596 1943 1618 est
1962 1593 1986 1618 in
2007 1599 2064 1618 cen-

1424 1640 1476 1668 tro,
1497 1641 1586 1663 manat
1605 1637 1690 1663 vitalis
1715 1638 1786 1663 calor
1811 1638 1836 1662 in
1862 1640 1945 1662 totum
1965 1644 2064 1669 corpus

1425 1682 1467 1708 Vll
1489 1682 1540 1708 349
1562 1682 1594 1708 47
1614 1696 1649 1701 -
1669 1682 1755 1708 calens
1775 1685 1857 1707 totum
1881 1682 1996 1707 calefacit
2010 1688 2064 1707 cor-

1425 1734 1475 1759 pus
1494 1726 1556 1753 ibid.
1575 1741 1610 1746 —-
1629 1727 1749 1753 divinum
1770 1727 1893 1752 deificum
1907 1727 1965 1751 facit
1980 1726 2064 1752 homi-

1424 1778 1485 1797 nem
1505 1771 1567 1798 ibid.

1477 1831 1512 1835 --
1531 1816 1644 1842 hominis
1663 1816 1773 1849 quiescit
1786 1816 1813 1840 in
1832 1815 1933 1841 Christo
1954 1815 1996 1841 Vll
2012 1815 2062 1840 440

1426 1861 1459 1887 45
1480 1874 1515 1880 -
1536 1868 1588 1886 non
1610 1864 1741 1886 saturatur
1760 1859 1840 1886 rebus
1865 1860 1989 1890 conditis,
2016 1859 2062 1885 sed

1424 1906 1563 1932 dulcedine
1581 1906 1670 1931 divina
1685 1906 1716 1930 Vl
1737 1905 1769 1930 17
1788 1912 1815 1937 q.
1831 1906 1846 1930 2
1861 1904 1888 1929 2*
1902 1918 1937 1923 --
1951 1911 2001 1929 non
2021 1911 2063 1929 sa—

1424 1953 1524 1975 turatur
1543 1950 1601 1975 visu
1621 1952 1647 1975 et
1665 1949 1756 1974 auditu
1775 1948 1837 1974 ibid.

1477 2008 1511 2012 —
1530 1993 1625 2025 duplex
1645 1996 1696 2025 est,
1715 1993 1821 2025 quando
1847 1996 1935 2024 partes
1953 1993 2009 2017 cius
2028 1992 2063 2017 ad

1424 2037 1529 2063 diversa
1560 2039 1677 2062 feruntur
1705 2037 1895 2068 principaliter,
1922 2036 1995 2069 quod
2023 2040 2064 2062 cst

1424 2082 1528 2108 occasio
1547 2082 1637 2107 mortis
1657 2081 1798 2113 spiritualis
1819 2081 1849 2106 vt
1872 2080 1916 2105 111
1941 2087 1967 2105 v.
1994 2081 2003 2105 1
2028 2094 2064 2099 -

1424 2127 1553 2153 Unitatem
1573 2126 1661 2151 cordis
1680 2125 1776 2150 faciunt
1796 2124 1861 2150 fides
1880 2124 1907 2149 in
1930 2125 2063 2155 rationaii,

1424 2172 1518 2197 caritas
1537 2171 1562 2196 in
1581 2169 1792 2202 concupiscibili,
1812 2176 1861 2201 pax
1888 2169 1914 2194 in
1939 2168 2063 2194 irascibili

1425 2215 1485 2242 ibid.
1510 2229 1546 2235 —
1570 2218 1610 2241 est
1638 2214 1687 2245 ibi,
1716 2214 1761 2240 ubi
1791 2218 1828 2240 est
1857 2215 1994 2239 thesaurus
2019 2213 2062 2239 Vll

1426 2261 1476 2286 323
1497 2260 1530 2286 47

1478 2319 1513 2324 -
1536 2308 1661 2337 pensatur
1679 2311 1694 2329 a
1713 2304 1768 2329 Deo
1787 2303 1872 2335 magis
1896 2310 1975 2336 quam
2000 2302 2064 2328 sub-

1425 2350 1518 2376 stantia
1537 2350 1579 2375 Vll
1600 2349 1647 2375 521
1672 2349 1687 2374 3
1700 2363 1735 2367 —-
1747 2349 1888 2374 Fervorem
1903 2348 1990 2374 cordis
2011 2354 2065 2373 ma-

1425 2395 1466 2426 gis
1496 2397 1615 2426 acceptat
1645 2394 1714 2419 Deus
1746 2400 1826 2426 quam
1852 2392 2062 2425 magnitudinem

1425 2439 1542 2465 muneris
1560 2439 1612 2464 522
1632 2438 1647 2463 6

1477 2497 1513 2503 -
1531 2483 1628 2509 durum
1649 2483 1776 2514 figuratur
1795 2489 1809 2507 a
1830 2485 1902 2514 petra
1917 2481 1960 2507 Vll
1982 2481 2026 2506 191
2045 2481 2061 2506 9

1425 2542 1459 2547 —-
1478 2527 1578 2553 Duritia
1597 2527 1685 2553 cordis
1703 2527 1763 2552 facit
1786 2527 1870 2552 Deum
1891 2533 1942 2552 non
1962 2527 2063 2558 timere,

1425 2573 1472 2598 sed
1492 2572 1579 2604 potius
1597 2574 1766 2597 contemnere
1787 2570 1836 2596 449
1852 2571 1866 2596 4
1880 2584 1915 2589 -
1928 2576 2006 2596 οῐῃηε
2024 2573 2065 2596 εει

1425 2623 1540 2643 vacuum
1567 2616 1624 2641 sine
1652 2615 1758 2640 caritate
1777 2615 1828 2640 286
1857 2615 1885 2640 31
1914 2629 1950 2633 —-
1977 2613 2063 2640 Corda

1424 2661 1491 2687 dura
1510 2663 1640 2692 respuunt
1657 2660 1791 2685 caritatem
1811 2658 1873 2685 ibid.

1478 2705 1579 2732 Cottam
1598 2719 1633 2724 —
1651 2705 1692 2730 vel
1712 2703 1851 2731 Corbonan
1871 2706 1925 2729 erat
1938 2703 2062 2735 reposito·

1425 2751 1494 2775 rium
1514 2750 1669 2781 deputatum
1689 2748 1723 2774 ad
1748 2748 1893 2773 oblationes
1911 2754 1960 2779 pro
1979 2754 2063 2773 sacer-

1426 2794 1532 2820 dotibus
1551 2794 1593 2819 vel
1621 2793 1725 2819 votivas
1753 2793 1787 2818 vt
1817 2793 1867 2818 359
1897 2792 1930 2817 26
1950 2805 1984 2810 -
2003 2791 2063 2817 Cor-

1426 2838 1496 2864 bona
1514 2842 1553 2864 cst
1576 2845 1635 2863 arca
1661 2837 1760 2863 habens
1790 2838 1906 2862 foramen
1934 2836 2062 2867 desuper,

1425 2884 1451 2909 in
1464 2890 1517 2915 qua
1530 2881 1667 2907 mittebant
1679 2881 1828 2907 sacerdotes
1841 2880 1980 2912 pecunias,
1992 2886 2063 2912 quae

1424 2926 1656 2959 congregabantur
1680 2925 1714 2951 ad
1733 2925 1894 2950 necessarios
1917 2931 1980 2949 usus
1998 2926 2062 2949 tern-

1425 2971 1461 3003 pli
1479 2971 1523 2996 Vll
1543 2971 1594 2996 520
1615 2971 1624 2995 1

1477 3014 1563 3040 Consu
1582 3029 1617 3032 —
1636 3017 1674 3039 est
1693 3012 1843 3044 symbolum
1864 3011 1997 3043 potestatis
2018 3011 2061 3036 Vll

1426 3059 1458 3085 39
1480 3058 1530 3084 124
1545 3073 1577 3076 -
1591 3058 1652 3087 Vns,
1664 3064 1718 3090 quo
1731 3057 1852 3081 inunctus
1870 3055 1915 3080 fuit
1929 3056 2061 3085 Salomon,

1426 3103 1472 3129 fuit
1491 3109 1572 3128 cornu
1592 3101 1653 3127 ibid.
1671 3114 1707 3119 —
1726 3101 1773 3125 Per
1792 3106 1872 3124 cornu
1887 3099 1977 3124 salutis
1992 3099 2062 3125 intel-

1425 3147 1514 3179 ligitur
1532 3149 1646 3177 potestas
1665 3144 1758 3170 Christi
1778 3143 1938 3175 resurgentis
1958 3143 2018 3169 ibid.

1477 3190 1577 3216 Conon
1597 3202 1631 3208 —
1650 3191 1689 3213 cst
1707 3188 1813 3218 signum
1832 3188 1920 3219 regale
1934 3188 1965 3213 Vl
1980 3187 2030 3213 490
2044 3188 2062 3213 2

1424 3248 1460 3254 -
1478 3234 1568 3266 spinea
1587 3236 1641 3257 crat
1660 3232 1694 3257 de
1712 3232 1796 3257 iuncis
1815 3232 1922 3257 marinis
1941 3231 2003 3257 ibid.

1477 3291 1512 3297 —
1531 3284 1627 3308 magna
1650 3276 1761 3301 debetur
1788 3275 1914 3307 operibus
1941 3276 2064 3302 acdifica-

1426 3322 1502 3348 tionis
1527 3321 1570 3347 Vll
1596 3320 1646 3346 427
1666 3321 1681 3345 6
1701 3334 1735 3339 -
1756 3320 1823 3345 vitae
1852 3324 1995 3352 perpetuae
2023 3322 2064 3345 est

1426 3365 1572 3398 praemium
1592 3365 1720 3391 iustorum
1739 3364 1772 3390 Vi
1795 3365 1843 3390 132
1863 3372 1888 3389 v.
1909 3365 1924 3390 2
