2476 3921
157 666 285 687 Notandum.

203 1202 287 1228 Figura.

171 1468 286 1489 Calamitas

189 1495 266 1516 morbi.

171 2262 280 2288 Expositio

167 2289 284 2315 spiritualis

167 2318 194 2339 de
209 2315 283 2336 decem

166 2342 265 2369 leprosis.

149 2527 286 2557 peccatorum

139 2559 203 2575 causa
215 2560 289 2581 prima.

310 253 376 286 434

305 341 483 374 Custodiam
497 341 562 374 vias
575 350 669 380 meas,
684 345 720 374 ut
734 351 795 374 non
809 341 988 384 delinquam
999 342 1029 374 in
1040 343 1146 385 lingua
1158 352 1227 376 mea
1237 356 1267 375 ».

313 394 464 427 Galilaea
487 398 592 427 autem
617 395 846 437 interpretatur
870 396 1126 438 transmigratio
1140 397 1164 435 ¹,
1186 405 1267 438 quae

307 448 399 481 debet
421 457 489 481 esse
514 448 544 480 in
570 448 848 490 contemplatione,
872 449 1045 481 secundum
1065 449 1140 481 illud
1166 449 1268 481 Eccle-

308 502 419 534 siastae
451 501 605 534 secundo:
635 515 651 530 <r
671 501 813 534 Transivi
845 501 882 534 ad
915 502 1185 543 contemplandam
1218 511 1268 535 sa-

308 555 453 597 pientiam
471 568 486 584 »
516 558 593 594 etc.;
618 559 649 588 et
682 555 712 587 in
736 555 874 587 Psalmo:
904 568 919 583 «τ
944 555 1097 596 Quoniam
1126 556 1267 588 transibo

307 609 337 640 in
363 609 466 641 locum·
498 608 690 641 tabernaculi
715 607 907 640 admirabilis
938 617 1040 650 usque
1071 608 1110 641 ad
1137 608 1265 641 domum

307 663 360 695 Dei
378 676 407 694 n.
426 680 468 685 —
486 662 521 694 Et
538 665 625 700 nota,
642 661 727 704 quod
743 661 858 694 dicitur
876 662 1022 694 transire
1036 671 1096 704 per
1120 662 1265 694 mediam

307 715 523 753 Samariam,
562 718 594 747 et
632 718 702 757 post
739 716 931 757 exprimitur
975 714 1127 747 Galilaea
1140 726 1151 753 ;
1190 714 1265 756 quia

308 769 396 810 prius
430 771 553 810 oportet
592 769 727 801 transire
766 778 822 810 per
858 769 1026 807 activam,
1063 772 1170 809 postea
1209 776 1266 809 per

307 822 590 864 contemplativam
605 834 615 860 ;
647 822 731 855 unde
755 822 844 855 Iacob
877 831 937 854 non
964 821 1125 854 habuisset
1149 821 1265 853 Rache-

309 876 386 914 lem,
407 875 463 908 nisi
482 875 571 916 prius
595 875 756 907 habuisset
777 875 860 907 Liam
874 875 896 906 2.
922 875 958 907 Et
980 874 1096 907 dicitur
1117 883 1178 915 per
1201 883 1266 905 me-

307 929 399 960 diam
424 928 593 966 transire;
617 937 689 960 nam
714 929 744 960 in
769 928 897 960 actione
923 927 1060 960 medium
1087 927 1185 959 teneri
1213 927 1266 958 de-

308 982 374 1020 bet,
391 981 574 1014 declinando
590 981 787 1023 superfluum
813 984 843 1013 et
859 981 1049 1013 diminutum
1064 980 1092 1018 ³;
1109 980 1141 1011 in
1167 988 1266 1021 prae-

309 1035 428 1067 latione
448 1035 601 1073 similiter,
617 1034 800 1067 declinando
816 1034 1026 1075 acceptionem
1045 1041 1265 1074 personarum

310 1086 405 1119 Exodi
431 1087 592 1129 trigesimo
608 1086 762 1119 secundo:
792 1100 807 1114 a
826 1087 867 1119 lte
891 1090 922 1119 et
939 1086 1037 1118 redite
1052 1085 1091 1118 de
1115 1088 1205 1127 porta
1228 1084 1265 1116 ad

309 1144 429 1182 portam
462 1149 518 1181 per
551 1139 686 1172 medium
719 1143 896 1172 castrorum
914 1153 928 1168 n
957 1143 1030 1176 etc.;
1063 1138 1094 1170 in
1127 1142 1265 1170 contem-

305 1193 450 1235 platione
477 1193 620 1226 similiter
652 1193 790 1226 medium
823 1196 965 1231 tenetur;
999 1192 1030 1224 in
1061 1192 1153 1224 cuius
1184 1191 1264 1233 figu—

308 1257 373 1280 ram
398 1247 514 1280 dicitur
537 1247 576 1279 de
597 1247 760 1288 Seraphim
785 1246 878 1278 Isaiae
902 1249 993 1278 sexto
1005 1246 1029 1283 4,
1053 1244 1137 1287 quod
1160 1245 1264 1276 «dua-

306 1301 366 1333 bus
389 1300 445 1333 alis
469 1300 613 1332 velabant
629 1299 739 1332 faciem
762 1303 793 1332 et
808 1299 932 1331 duabus
956 1298 1100 1331 velabant
1119 1297 1213 1340 pedes
1234 1300 1265 1330 et

305 1354 428 1386 duabus
452 1353 644 1386 intermediis
676 1352 863 1385 volabant».

394 1407 574 1449 altivers.
607 1407 680 1447 12),
699 1406 842 1438 Secundo
858 1409 1012 1447 quantum
1032 1405 1069 1437 ad
1087 1404 1263 1437 calamita-

305 1465 366 1493 tem
390 1459 498 1492 morbi
521 1459 644 1492 subdit:
672 1460 710 1491 Et
733 1468 809 1490 eum
834 1458 1065 1500 ingrederetur
1094 1457 1263 1501 quoddam

304 1513 492 1554 castellnm,
526 1516 745 1545 occurrerunt
769 1512 799 1544 ei
821 1512 928 1543 decem
959 1510 1028 1543 viri
1051 1510 1181 1552 leprosi.
1210 1509 1265 1542 Act

304 1566 448 1598 litteram
484 1566 570 1607 lepra
601 1569 648 1597 est
679 1564 812 1597 morbus
844 1564 1031 1597 miserabilis
1062 1563 1263 1602 calamitatis,

305 1620 378 1661 quia
401 1619 504 1651 aufert
528 1618 700 1651 remedium
718 1618 809 1655 artis,
834 1617 938 1659 privat
954 1617 1064 1649 solatio
1088 1616 1262 1654 societatis,

304 1673 411 1714 affligit
435 1672 615 1714 gravamine
639 1671 830 1704 infirmitatis
843 1671 865 1702 ⁵.
894 1689 937 1694 -—
966 1670 1002 1702 Et
1026 1670 1103 1702 tales
1133 1669 1263 1702 desolati

306 1735 469 1759 recursum
503 1725 619 1758 habere
649 1725 764 1757 debent
787 1724 825 1756 ad
855 1724 976 1756 Patrem
1010 1723 1263 1761 misericordiae3

305 1779 373 1812 ideo
389 1779 490 1811 addit:
510 1778 576 1818 Qui
593 1781 750 1809 steterunt
767 1786 789 1808 a
806 1776 913 1819 lonye,
931 1785 1019 1808 suam
1038 1784 1264 1817 recognoscen—

306 1836 352 1865 tes
376 1831 614 1864 immunditiam.

394 1885 445 1917 25.
479 1884 580 1925 (Vers.
612 1882 686 1922 13.).
722 1883 761 1914 Et
792 1882 982 1914 levaverunt
1013 1891 1141 1919 vocem,
1174 1889 1262 1913 suam

305 1938 518 1979 exprimentes
548 1936 724 1974 miseriam;
757 1935 916 1967 dicentes.-
950 1935 1024 1966 lesu
1045 1937 1262 1976 praeceptor,

305 1991 459 2023 miserere
497 1989 627 2027 nostri,
668 1989 804 2021 divinam
844 1988 1048 2029 implorantes
1087 1986 1264 2019 misericor-

304 2044 401 2082 diam,
426 2043 517 2076 iuxta
540 2042 623 2084 quod
649 2042 803 2083 Propheta
830 2041 860 2073 in
894 2040 1015 2073 PSalmo
1031 2040 1063 2071 ⁶:
1092 2053 1107 2067 «
1125 2040 1264 2072 Afflictus

305 2106 373 2129 sum
398 2100 429 2129 et
452 2096 637 2129 humiliatus
668 2104 738 2128 sum
766 2094 873 2133 nimis,
898 2093 1059 2136 rugiebam
1092 2102 1111 2125 a
1142 2093 1261 2135 gemitu

305 2149 408 2182 cordis
433 2150 491 2182 mei
506 2162 536 2181 n.

394 2204 445 2236 ⁵26.
471 2202 700 2244 Spiritualiter
715 2205 821 2237 autem
843 2210 899 2242 per
915 2201 1019 2233 decem
1043 2200 1186 2242 leprosos
1215 2199 1261 2231 in-

304 2256 454 2298 telligitur
478 2255 680 2287 universitas
701 2258 914 2296 peccatorum
931 2253 1128 2295 peccantium
1154 2256 1263 2285 contra

302 2310 502 2351 decalogum;
527 2308 611 2340 unde
638 2307 789 2340 Glossa⁷:
819 2319 833 2335 «
851 2307 910 2348 Qui
934 2310 1044 2338 contra
1074 2306 1259 2347 decalogum

304 2365 449 2405 peccant,
474 2371 531 2394 nec
554 2361 687 2393 amando
710 2360 828 2397 Deum,
852 2360 890 2392 de
914 2368 978 2401 quo
1002 2359 1082 2391 male
1108 2359 1261 2397 sentiunt,

304 2424 361 2448 nec
385 2415 579 2456 proximum,
603 2423 621 2446 a
648 2422 711 2455 quo
734 2412 929 2449 dividuntur,
961 2412 1021 2444 sub
1045 2411 1172 2444 denario
1203 2421 1262 2444 nu-

307 2477 392 2501 mero
416 2467 453 2500 ad
477 2467 577 2500 Deum
601 2466 782 2499 clamant».
807 2464 917 2497 Oritur
934 2469 1038 2497 autem
1061 2465 1263 2497 universitas

303 2525 512 2562 peccatorum
537 2529 579 2552 ex
609 2523 746 2561 quatuor
779 2518 898 2556 causis,
931 2518 1048 2550 scilicet
1079 2527 1120 2550 ex
1146 2518 1263 2550 timore

303 2573 389 2605 male
413 2572 625 2609 humiliant&
649 2575 680 2604 et
703 2572 747 2604 sic
771 2570 952 2612 designatur
977 2579 1032 2612 per
1057 2570 1174 2612 lepram
1192 2571 1262 2603 Ma-

304 2627 377 2659 riae
400 2627 610 2658 Numerorum
633 2625 817 2658 duodecimo
826 2624 849 2663 ²³,
866 2624 919 2656 ubi
937 2624 1063 2663 dicitur,
1081 2624 1164 2666 quod
1182 2629 1264 2666 post-

376 2794 385 2810 ²
405 2796 521 2826 llieron.,
540 2795 573 2820 (le
593 2794 721 2820 Nominib.
742 2794 859 2820 llebraic.
879 2801 941 2819 nov.
961 2797 1062 2819 testam.
1087 2795 1185 2820 Lucae:
1209 2795 1262 2821 Ga-

306 2839 399 2872 lilaea,
423 2839 584 2869 volutabilis,
603 2843 648 2864 aut
671 2839 864 2870 transmigratio
890 2842 1050 2870 perpetrata,
1075 2839 1117 2863 vel
1143 2842 1207 2864 rota.
1227 2852 1262 2857 —

308 2886 363 2910 Duo
382 2891 456 2916 seqq.
475 2884 522 2909 loci
542 2887 602 2909 sunt
623 2884 701 2909 Eccle.
722 2885 754 2913 2,
775 2884 816 2908 42.
838 2886 863 2908 et
883 2883 922 2907 l‘s.
943 2882 970 2907 tt
984 2903 990 2913 ,
1010 2882 1035 2907 5.

377 2928 387 2943 ²
407 2928 551 2960 Respicitur
569 2929 632 2953 Gen.
652 2928 700 2958 29,
724 2928 762 2952 18.
782 2934 868 2959 seqq.;
887 2928 934 2951 cfr.
953 2934 1031 2958 supra
1051 2933 1072 2951 c.
1098 2927 1136 2951 10.
1156 2934 1181 2951 n.
1200 2927 1244 2952 75.

376 2972 387 2987 ³
408 2973 473 2999 ,Vide
492 2978 572 3004 supra
586 2979 647 3004 pag.
661 2971 710 2996 379
720 2991 726 3002 ‚
740 2974 828 2996 notam
845 2971 868 2995 t.
882 2984 917 2989 —
930 2971 1052 3003 Sequitur
1065 2971 1144 2996 Exod.
1159 2971 1205 3001 32,
1220 2970 1261 2996 27.

376 3016 386 3030 ⁴
407 3017 480 3042 Vers.
507 3017 532 3042 2.
550 3030 585 3035 —
604 3016 731 3048 Superius
756 3022 803 3047 pro
822 3016 926 3041 tenetur
946 3015 1002 3040 Vat.
1028 3014 1113 3040 teneri
1136 3014 1210 3040 debet
1234 3014 1262 3040 in

306 3059 506 3087 considerando.

377 3104 387 3118 ⁶
407 3104 457 3130 Clr.
482 3111 561 3135 supra
587 3110 609 3129 c.
636 3103 659 3128 5.
680 3111 703 3128 n.
724 3103 766 3128 25.
788 3116 819 3120 —
840 3102 947 3128 Inferius
974 3109 1022 3134 pro
1046 3100 1144 3127 habere
1169 3100 1261 3127 debent

306 3148 416 3174 CDFll
436 3148 541 3174 liabent.
1022 3145 1033 3160 θ
1053 3147 1145 3171 Psalm.
1167 3146 1214 3176 37,
1234 3146 1258 3170 9.

378 3192 387 3207 ⁷
407 3193 507 3218 Scilicet
526 3192 667 3218 ordiimria
682 3192 722 3224 (ex
736 3192 859 3224 Gregor.‚
874 3192 960 3217 XVlll.
976 3191 1061 3217 liloral.
1075 3198 1097 3216 c.
1114 3191 1154 3216 16.
1169 3198 1193 3216 n.
1208 3190 1260 3222 26.)

307 3238 332 3263 in
350 3238 411 3263 Luc.
433 3238 474 3268 ⁴7,
495 3238 538 3262 ⁴2.

376 3279 387 3295 ⁸
408 3281 481 3306 Vers.
502 3282 530 3305 l:
551 3281 701 3313 Locutaque
719 3283 758 3306 est
783 3280 859 3305 Maria
879 3283 904 3306 et
923 3281 1008 3305 Aaron
1033 3282 1121 3304 contra
1142 3280 1262 3310 moysem

306 3333 333 3351 v.
353 3326 397 3350 ⁴0:
413 3326 488 3357 Ecce,
510 3326 585 3350 Maria
599 3325 720 3357 apparuit
739 3325 852 3350 candens
871 3328 920 3350 etc.
935 3338 966 3342 —
981 3324 1018 3349 De
1032 3324 1123 3349 timore
1138 3324 1204 3348 male
1218 3324 1263 3348 hu-

307 3370 421 3395 miliante
439 3374 464 3395 et
483 3376 573 3394 amore
593 3370 659 3394 male
680 3370 856 3395 inflammante
875 3369 922 3394 err.
941 3375 1020 3400 supra
1041 3375 1101 3400 pag.
1119 3368 1185 3398 309,
1203 3371 1261 3392 nola

308 3414 350 3439 -11,
368 3414 417 3439 Pro
436 3412 623 3439 murmuravit
640 3412 659 3438 C
671 3413 691 3438 D
702 3413 719 3438 F
738 3414 969 3439 murmuraverat.

890 253 1082 286 COMMENT.
1107 254 1144 288 IN
1170 254 1408 289 EVANGELIUM
1432 255 1549 289 LUCAE
1573 256 1608 288 C.
1634 256 1721 288 XVII.

1332 352 1426 385 quam
1452 344 1666 376 murmuravit
1683 347 1792 376 contra
1809 345 1944 386 Moysen,
1967 357 1983 373 α
1995 345 2142 387 apparuit
2158 346 2294 380 candens

1332 397 1418 438 lepra
1443 397 1532 439 quasi
1558 396 1613 429 nix
1631 410 1661 428 ».
1681 415 1722 420 —
1739 397 1896 436 Secundo,
1922 406 1963 430 ex
1995 407 2111 431 amore
2132 399 2219 431 male
2243 399 2295 431 in·
2310 407 2417 430 samua.
2469 422 2470 438 ,

1330 449 1524 491 flammante
1548 450 1594 482 ad
1621 450 1923 491 concupiscentiam
1947 450 2085 489 carnis;
2106 454 2138 484 et
2169 452 2228 484 hoc
2252 452 2293 485 si-

1330 502 1498 544 gnificatur
1523 511 1579 544 per
1604 502 1723 544 lepram
1753 501 1915 535 Naaman
1939 502 2033 546 Syri,
2059 503 2099 536 de
2130 513 2194 546 quo
2217 504 2294 538 dici-

1331 559 1394 594 tur,
1418 556 1502 598 quod
1532 569 1548 584 α
1564 559 1633 588 erat
1656 555 1705 588 vir
1728 555 1819 588 fortis
1841 559 1873 588 et
1895 555 1997 595 dives,
2022 556 2075 589 sed
2101 557 2245 599 leprosus
2261 572 2293 598 ι»,

1330 609 1435 650 quarti
1461 609 1578 650 Regum
1602 608 1714 650 quinto
1728 609 1750 640 ⁹.
1778 627 1824 632 —
1850 608 1970 648 Tertio,
1995 618 2037 641 ex
2069 619 2184 642 amore
2207 610 2293 643 male
2314 618 2398 640 Tertia.

1329 661 1561 703 inflammante
1584 662 1630 694 ατί.
1660 662 1960 703 concupiscentiam
1993 661 2186 701 «mutorum,-
2210 672 2292 706 quae

1328 715 1515 757 intelligitur
1532 724 1588 757 per
1605 715 1724 757 lepram
1745 715 1856 753 Giezi,
1874 715 1979 757 quarti
1993 716 2111 757 Regum
2128 716 2239 758 quinto
2251 717 2289 748 ¹⁰.

1329 770 1405 801 Nam
1429 769 1548 801 dictum
1573 772 1621 801 est
1644 769 1671 801 ei
1690 773 1818 810 propter
1838 769 2039 810 cupiditatem
2057 772 2088 802 et
2112 769 2291 802 simoniam:

1336 835 1351 851 α
1368 823 1467 863 Lepra
1491 822 1627 854 Naaman
1650 822 1834 855 adhaerebit
1858 822 1913 854 tibi
1938 825 1969 854 et
1989 822 2099 855 semini
2125 825 2180 855 tuo
2196 835 2211 851 ι)
2232 826 2291 855 etc.

1330 894 1372 899 —
1389 875 1523 916 Quarto,
1546 884 1587 907 ex
1612 884 1727 907 amore
1749 875 1836 907 male
1853 874 2083 917 inflammante
2106 875 2153 907 ad
2174 885 2292 918 super-
2311 883 2399 910 Quarta.

1330 928 1420 961 biam
1443 929 1550 966 vitae,-
1570 932 1601 961 et
1619 928 1678 961 hoc
1699 928 1884 970 intelligitur
1901 937 1957 970 per
1978 929 2097 970 lepram
2117 928 2237 968 0ziae,
2253 929 2293 962 de

1329 992 1393 1025 quo
1408 981 1524 1014 dicitur
1541 981 1668 1014 secundi
1695 981 1950 1023 Paralipomenon
1975 981 2125 1024 vigesimo
2148 975 2292 1021 sexto'ss,

1329 1035 1413 1077 quod
1438 1044 1511 1068 cum
1534 1035 1627 1068 vellet
1650 1043 1768 1076 ponere
1798 1035 1962 1067 incensum
1987 1035 2018 1067 in
2046 1034 2138 1067 domo
2169 1035 2292 1067 Domini

1329 1092 1360 1121 et
1383 1088 1565 1130 dignitatem
1590 1096 1747 1129 usurpare
1779 1087 2019 1127 sacerdotalem,
2044 1097 2214 1129 percussus
2245 1091 2294 1121 est

1328 1141 1424 1182 lepra.
1444 1141 1535 1172 —In
1561 1140 1663 1182 ligura
1688 1140 1802 1172 harum
1827 1143 1966 1183 quatuor
1990 1149 2159 1173 causarum
2185 1141 2292 1182 leprae

1328 1194 1445 1227 dicitur
1462 1194 1567 1236 quarti
1586 1194 1704 1235 Regum
1724 1194 1857 1235 septImo
1869 1194 1907 1232 ¹²,
1925 1194 2009 1236 quod
2039 1207 2054 1222 α
2070 1197 2217 1237 quatuor
2233 1193 2293 1226 viri

1328 1246 1442 1288 leprosi
1467 1250 1557 1278 erant
1580 1246 1612 1278 in
1640 1249 1731 1287 porta
1763 1246 1920 1279 Samariae
1944 1259 1975 1285 D,
1999 1246 2036 1278 ad
2068 1245 2291 1288 designandam

1327 1297 1658 1343 quadriformitatem
1690 1308 1834 1337 caus-affl
1863 1302 1894 1331 et
1925 1299 1977 1332 hic
2008 1301 2084 1332 sunt
2117 1299 2224 1331 decem
2252 1298 2292 1331 ad

1327 1352 1551 1394 designandam
1573 1352 1825 1384 universitatem
1849 1352 1975 1394 eulpae.
2192 1387 2195 1391 ,

1417 1407 1469 1438 27.
1496 1405 1725 1448 Spiritualiter
1749 1409 1853 1438 autem
1881 1415 1936 1447 per
1953 1405 2082 1448 lepram
2105 1405 2291 1448 intelligitur

1327 1459 1438 1491 vitium
1464 1462 1574 1491 contra
1597 1458 1801 1491 christianam
1825 1458 2022 1500 religionem,
2044 1458 2128 1500 quod
2152 1461 2291 1502 quatuor

1327 1512 1427 1545 modis
1450 1512 1546 1545 hahet
1570 1512 1655 1551 lieri;
1681 1512 1765 1545 unde
1788 1511 1954 1545 Glossa¹⁸z
1976 1525 1991 1540 α
2009 1512 2159 1554 Quisquis
2180 1512 2290 1545 haere-

1327 1566 1388 1598 tIca
1412 1565 1583 1607 pravitate,
1608 1565 1656 1598 vel
1680 1565 1786 1607 gentili
1820 1564 2060 1607 superstitione,
2093 1565 2142 1597 vel
2167 1564 2290 1597 Iudaica

1328 1618 1472 1660 perfidia,
1488 1619 1538 1650 vel
1554 1618 1693 1651 fraterno
1710 1618 1889 1657 schismate,
1907 1627 1962 1659 per
1978 1618 2032 1651 Dei
2050 1619 2183 1660 gratiam
2200 1627 2291 1650 mun-

1326 1671 1434 1709 datus,
1451 1670 1606 1709 caruerit;
1624 1679 1750 1703 necesse
1766 1674 1827 1708 est,
1846 1674 1881 1702 ut
1897 1670 1935 1702 ad
1952 1670 2120 1703 Ecclesiam
2139 1670 2288 1703 redeat».

1326 1743 1369 1748 —
1387 1724 1438 1756 His
1454 1727 1558 1756 autem
1584 1727 1721 1765 quatuor
1747 1723 1830 1755 vitiis
1855 1723 2021 1764 praedictis
2039 1723 2207 1764 praecipue
2230 1722 2290 1755 im-

1327 1780 1487 1819 pugnatur
1504 1777 1557 1809 lex
1582 1776 1737 1813 veritatis,
1755 1785 1836 1817 quae
1860 1775 2002 1808 consistit
2018 1775 2049 1808 in
2071 1775 2290 1808 observatione

1326 1829 1478 1870 decalogi;
1503 1833 1534 1861 et
1550 1828 1618 1861 ideo
1644 1828 1756 1861 merito
1780 1837 1836 1870 per
1867 1832 2015 1871 quatuor
2039 1832 2069 1860 et
2101 1837 2158 1870 per
2182 1827 2291 1860 decem

1326 1883 1444 1915 habent
1466 1882 1607 1924 figurari.
1641 1881 1821 1914 Huiusmodi
1851 1885 1957 1914 autem
1991 1885 2186 1923 peccatores,
2218 1881 2291 1913 licet

1327 1945 1383 1977 per
1407 1935 1473 1967 vias
1505 1935 1686 1968 tenebrosas
1710 1934 1871 1973 incedant,
1905 1934 2080 1967 secundum
2113 1933 2190 1966 illud
2216 1934 2290 1966 Pro-

1327 1988 1510 2021 verbiorum
1534 1992 1648 2030 quarto
1661 1988 1703 2019 1⁴²:
1734 2001 1748 2016 α
1765 1988 1821 2020 Via
1836 1988 2005 2030 impiorum
2031 1987 2209 2025 tenebrosa,
2234 1995 2289 2019 ne-

1326 2042 1444 2080 sciunt,
1469 2041 1522 2073 ubi
1553 2044 1755 2079 corruant»,
1780 2041 1912 2073 Domino
1936 2044 2039 2073 tamen
2064 2040 2211 2073 intrante
2233 2049 2290 2072 ea-

1325 2095 1470 2133 stella›n‚
1495 2094 1525 2126 id
1550 2098 1597 2127 est
1621 2094 1764 2127 veniente
1788 2094 1819 2126 in
1837 2103 1981 2133 carnem,
2006 2093 2227 2126 illuminantur
2250 2092 2290 2125 ad

1326 2148 1488 2180 videndam
1514 2149 1614 2186 viam,
1639 2147 1813 2180 secundum
1830 2147 1908 2180 illud
1933 2147 2027 2179 Isaiae
2047 2155 2147 2179 nono:
2170 2159 2184 2174 α
2198 2145 2290 2178 Habi-

1326 2201 1465 2233 tantibus
1493 2201 1523 2233 in
1549 2201 1676 2242 regione
1692 2200 1824 2233 umbrae
1846 2200 1956 2233 mortis
1974 2200 2030 2232 lux
2048 2203 2118 2232 orta
2134 2202 2180 2232 est
2197 2199 2242 2232 eis
2255 2212 2299 2231 n..

1327 2254 1362 2286 Et
1378 2257 1561 2286 occurrunt
1577 2254 1621 2292 ei,
1639 2262 1694 2295 per
1704 2254 1956 2296 poenitentiam,
1973 2262 2055 2295 quae
2072 2253 2181 2285 faciem
2198 2261 2289 2285 aver-

1326 2316 1390 2340 sam
1405 2307 1477 2339 facit
1489 2307 1648 2345 converti;
1667 2307 1814 2339 Ieremiae
1831 2307 1991 2349 trigesimo
2008 2306 2110 2348 primo
2123 2306 2166 2338 ¹⁵:
2184 2319 2200 2334 α
2213 2305 2290 2338 Con-

1326 2364 1413 2392 verte
1439 2368 1503 2398 me,
1530 2360 1675 2398 Domine,
1698 2363 1729 2392 et
1759 2363 1926 2392 convertar
1943 2373 1973 2391 ».
1996 2371 2012 2387 α
2030 2359 2197 2401 Postquam
2215 2367 2289 2390 con—

1325 2413 1445 2445 vertisti
1463 2421 1528 2450 me,
1553 2412 1600 2454 egi
1619 2412 1840 2454 poenitentiam
1856 2425 1885 2443 ».
1908 2412 1987 2444 Haec
2003 2414 2108 2443 autem
2127 2410 2289 2452 poeniten-

1326 2466 1369 2498 tia
1392 2466 1465 2498 facit
1487 2470 1579 2498 stare
1610 2475 1632 2497 a
1657 2465 1767 2508 lonye,
1792 2474 1849 2506 per
1881 2463 2101 2496 humilitatem
2126 2463 2289 2505 propriae

1326 2518 1537 2556 abiectionis;
1562 2518 1643 2550 infra
1665 2518 1786 2550 decimo
1809 2521 1919 2549 octavo
1934 2517 1978 2548 ¹⁶:
2008 2529 2023 2544 α
2049 2516 2237 2548 Publicanus
2267 2524 2286 2547 a

1328 2572 1417 2613 longe
1443 2575 1529 2604 stans
1554 2584 1569 2599 »
1598 2574 1678 2608 etc.;
1708 2570 1780 2602 facit
1816 2569 1925 2602 levare
1954 2578 2081 2606 vocem,
2106 2577 2163 2610 per
2190 2577 2287 2600 ama-

1326 2624 1508 2657 ritudinem
1537 2623 1822 2666 compunctionis,-
1851 2623 1993 2655 Habacuc
2024 2622 2137 2654 tertio:
2164 2634 2179 2649 α
2196 2620 2288 2653 Dedit

2310 1148 2396 1174 Figura.

2309 1413 2362 1435 ltem
2366 1429 2372 1438 ,
2378 1422 2381 1423 ⁷
2387 1413 2415 1435 de

2327 1441 2395 1467 lepra.

1396 2793 1406 2808 ⁹
1428 2795 1500 2820 Vers.
1522 2795 1549 2826 sl,
1569 2793 1613 2819 ubi
1634 2801 1682 2826 pro
1706 2793 1785 2827 fortis
1810 2793 1889 2819 codd.
1906 2794 2018 2826 Ῥούθ-ηπ
2038 2791 2226 2824 Septuaginta:
2246 2790 2288 2816 vir

1325 2843 1380 2864 erat
1402 2842 1495 2872 potens
1520 2837 1690 2872 fortitudine,
1720 2838 1847 2869 leprosus.
1875 2852 1907 2855 —
1934 2838 1970 2863 De
1995 2835 2206 2868 concupiscentia
2232 2832 2289 2861 car-

1324 2882 1364 2908 nis
1383 2886 1432 2908 etc.
1454 2882 1515 2908 vide
1534 2889 1612 2913 supra
1633 2888 1695 2913 pag.
1716 2882 1765 2913 90,
1785 2885 1872 2907 notam
1894 2882 1920 2907 9.

1397 2926 1419 2940 ¹⁰
1439 2926 1511 2951 Vers.
1532 2926 1574 2951 27.
1593 2939 1628 2944 —
1642 2925 1768 2957 Superius
1787 2932 1834 2956 pro
1854 2931 1922 2958 quae
1942 2923 2102 2957 intelligitur
2122 2924 2180 2949 vat.
2200 2924 2226 2949 et
2237 2922 2288 2949 hoc

1326 2969 1495 3002 intelligitur.

1398 3012 1418 3027 ¹¹
1441 3013 1514 3038 Vcrs.
1538 3013 1577 3038 19.
1596 3027 1632 3032 -
1651 3013 1778 3044 Superius
1797 3016 1856 3038 ante
1875 3011 2063 3045 inflammante
2081 3011 2191 3038 CDFH
2211 3010 2289 3036 omit-

1326 3060 1384 3083 tunt
1401 3057 1480 3083 male.
2008 3074 2012 3077 -

1399 3100 1419 3115 ¹²
1441 3102 1513 3126 Vers.
1535 3101 1564 3133 33
1584 3102 1632 3126 cfr.
1650 3107 1730 3132 supra
1750 3107 1772 3126 c.
1793 3100 1816 3125 h.
1837 3107 1863 3125 n.
1883 3099 1925 3125 54.
1940 3113 1975 3119 —
1993 3099 2101 3125 Inferius
2114 3106 2162 3131 pro
2175 3097 2287 3132 quadr-i-

1325 3145 1491 3179 formilatem
1511 3145 1568 3170 Vat.
1588 3144 1726 3178 quandam
1747 3143 1971 3177 conformitatem.

1398 3189 1419 3203 ¹³
1439 3189 1540 3214 Scilicet
1559 3188 1701 3215 ordinaria
1722 3189 1762 3219 (ex
1779 3189 1859 3221 Beda)
1881 3189 1905 3213 in
1926 3189 1989 3214 Luc.
2009 3188 2051 3218 17,
2073 3187 2114 3213 14.

1398 3233 1419 3247 ¹⁴
1440 3233 1513 3258 Veis.
1535 3234 1575 3258 49.
1595 3246 1631 3251 —
1651 3232 1769 3258 Subinde
1787 3233 1914 3264 allegatur
1934 3232 1989 3258 lsai.
2009 3233 2040 3262 9,
2060 3233 2085 3257 2.

1401 3276 1422 3291 ¹⁵
1444 3278 1518 3302 Vers.
1540 3278 1580 3303 18.
1600 3280 1625 3302 et
1649 3277 1686 3301 19.
1707 3290 1741 3296 -
1761 3277 1888 3308 Superius
1906 3283 1955 3308 pro
1975 3276 2009 3302 Et
2026 3277 2177 3302 occurrunt
2194 3274 2219 3301 ei
2236 3275 2287 3300 ΑΗ

1328 3322 1360 3348 Et
1379 3323 1558 3347 occurrerunt
1577 3320 1607 3346 ei.

1398 3364 1420 3379 ¹⁶
1441 3366 1514 3390 Vcrs.
1538 3365 1576 3390 13.
1597 3378 1629 3382 -
1650 3365 1706 3390 1)υο
1726 3371 1799 3397 seqq.
1819 3364 1867 3389 loci
1892 3367 1953 3389 sunt
1971 3363 2068 3389 Hebae.
2089 3364 2119 3394 3,
2141 3364 2181 3389 ¹0.
2201 3365 2227 3388 et
2245 3363 2287 3387 ΡΞ.

1327 3409 1375 3442 40,
1395 3409 1421 3435 5.
