2476 3921
183 642 252 663 Primo
264 647 313 668 pro-

168 669 259 689 mittitur
279 673 312 688 re-

169 701 231 721 guum
261 700 312 720 opu-

169 721 246 742 lentiae
261 726 313 747 pau—

169 748 262 775 peribus.

333 282 393 314 148

329 370 409 401 mala
432 368 555 409 culpae,
580 368 611 398 et
634 365 664 397 hi
689 365 839 397 dicuntur
853 362 984 404 flentes-,-
1007 362 1184 394 multitudo
1200 371 1285 393 mer-

330 422 416 455 cedis
439 419 666 453 sustinentibus
690 418 771 450 mala
795 425 929 458 poenae,
954 418 986 448 et
1010 416 1040 448 hi
1065 416 1234 458 patientes.
1254 415 1285 447 ln

331 475 379 506 his
402 477 538 515 quatuor
562 471 719 504 clauditur
744 469 893 512 perfectio
907 470 918 488 ¹
942 468 1113 501 voluntatis
1129 469 1286 500 humanae

332 529 474 567 respectu
498 524 632 566 duplicis
655 523 727 556 boni
752 526 783 555 et
807 525 953 564 respectu
976 521 1112 563 duplicis
1135 521 1218 553 mali.

420 580 470 611 50.
494 578 593 619 (Vers.
623 578 699 617 ²20).
726 576 829 608 Primo
852 584 927 617 ergo
951 575 1106 616 promittit
1126 573 1286 616 pauperi-

331 633 391 665 bus
419 641 557 674 requam
590 629 773 673 opulentiae
805 631 934 670 propter
966 631 1184 669 contemptum
1210 632 1287 659 tem-

327 685 518 729 poralium,
543 688 573 716 et
597 684 674 715 tales
697 686 787 715 erant
811 681 974 723 discipuli,
998 683 1030 713 et
1046 680 1115 713 ideo
1138 680 1229 713 dicit:
1248 681 1287 712 Et

331 740 417 781 ipse,
442 737 572 770 elevatis
600 735 704 768 oeulis
739 735 773 767 in
806 734 987 776 discipulos
1017 735 1122 772 Suos,
1139 733 1286 766 dicebat.-

332 792 425 824 Beati
445 799 609 832 pauperes
633 793 691 822 etc.
728 788 889 821 Elevanda
914 787 1025 820 oculos
1055 787 1131 819 dicit
1162 787 1286 825 beatos,

330 845 424 886 quia²
446 857 461 872 «
478 842 558 876 oculi
577 841 698 874 Domini
717 849 812 883 super
830 840 969 878 iustos»,
985 842 1017 872 et
1032 839 1171 871 maxime
1192 848 1287 880 super

330 906 501 939 pauperes;
519 894 722 929 Ecclesiastici
736 894 922 927 undecimo:
953 906 968 921 «
982 893 1034 925 Est
1058 893 1152 925 homo
1175 892 1288 925 marci-

332 951 391 982 dus
414 954 444 982 et
469 949 609 991 indigens
633 947 890 989 recuperatione,
925 946 1074 978 deficiens
1110 946 1228 978 virtute
1256 949 1288 978 et

330 1002 493 1035 abundans
525 1003 724 1043 paupertate,
748 1003 779 1032 et
802 999 915 1032 oculus
938 999 1061 1031 Domini
1088 999 1229 1040 respexit
1252 999 1288 1030 il-

332 1056 397 1088 lum
421 1055 452 1087 in
477 1055 558 1087 bono
575 1067 604 1085 ι).
624 1053 694 1086 11100
710 1056 816 1085 autem
842 1055 931 1085 vocat
955 1052 1063 1084 beatos
1087 1052 1146 1084 hos
1170 1061 1287 1094 paupe-

312 1118 395 1147 ssres‚
413 1108 487 1150 quia
503 1107 631 1140 suntad
647 1106 871 1140 beatitudinem
895 1105 1083 1148 praeparati.
1102 1123 1142 1129 —
1160 1105 1196 1138 Et
1220 1105 1288 1138 ideo

331 1161 432 1194 addit:
467 1160 658 1201 Ωιιοηίιινη3
683 1163 830 1192 vestrum
853 1162 898 1191 est
934 1168 1076 1201 requam
1104 1158 1180 1196 Dei;
1203 1157 1287 1200 quod

332 1214 458 1256 quidem
490 1218 537 1246 est
561 1213 650 1246 valde
675 1222 834 1255 magnum.
860 1212 935 1245 Nam
966 1212 997 1245 10
1031 1212 1168 1244 Psalmo:
1198 1224 1213 1240 α
1232 1212 1288 1244 Re-

331 1277 426 1310 gnum
450 1271 551 1305 tuum,
579 1267 717 1305 Domine,
736 1275 867 1309 regnum
888 1267 1029 1299 omnium
1047 1266 1287 1298 saeculorum».

331 1321 390 1353 Hoc
413 1320 488 1353 dicit
510 1330 577 1352 esse
596 1330 807 1362 pauperum,
834 1321 908 1363 quia
932 1320 1016 1352 illius
1041 1327 1198 1361 pauperes
1214 1321 1289 1351 sunt

307 1370 477 1413 heredes,
509 1374 684 1406 secundum
719 1374 796 1406 illud
826 1374 924 1406 lacohi
957 1373 1112 1406 secundo:
1150 1385 1164 1401 α
1182 1373 1289 1405 Nonne

167 1754 237 1781 Quare
256 1753 312 1774 diea-

193 1782 239 1801 tur:
255 1782 294 1802 est.

332 1427 415 1459 Deus
431 1426 523 1469 elegit
540 1436 695 1469 pauperes
711 1427 743 1459 in
772 1428 831 1460 hoc
856 1427 990 1465 mundo,
1015 1426 1128 1459 divites
1153 1426 1183 1458 in
1208 1425 1287 1464 fide,

333 1481 463 1514 heredes
480 1481 579 1523 regni,
597 1481 681 1523 quod
698 1481 879 1523 repromisit
896 1481 979 1513 Deus
994 1480 1197 1522 diligentibus
1209 1488 1242 1512 se
1253 1482 1289 1511 n?

337 1524 475 1566 «Melior
499 1538 546 1566 est
574 1543 649 1576 ergo
678 1542 816 1575 pauper,
845 1534 898 1575 qui
931 1533 1073 1565 ambulat
1108 1533 1137 1565 in
1171 1532 1289 1574 simpli-

332 1587 425 1619 citate
440 1583 442 1586 ’
459 1596 534 1625 sua,
563 1596 657 1629 quam
681 1586 769 1619 dives
794 1590 945 1628 torquens
975 1586 1055 1618 labia
1080 1595 1138 1618 sua
1161 1589 1191 1618 et
1215 1585 1289 1619 insi-

332 1640 420 1682 piens
437 1653 467 1679 »,
492 1640 734 1672 proverbiorum
758 1639 879 1672 decimo
902 1649 994 1672 0000.

422 1694 472 1725 51.
499 1693 534 1725 Et
557 1696 645 1730 nota,
670 1693 754 1734 quod
785 1693 859 1725 dicit
893 1697 940 1725 est
966 1693 1005 1725 de
1033 1692 1189 1734 praesenti
1225 1692 1290 1725 sive

333 1750 461 1789 propter
485 1746 706 1779 certitudinem
743 1746 972 1788 promissionis,
997 1746 1062 1779 sive
1094 1746 1187 1778 etiarn
1217 1745 1291 1788 quia

332 1801 397 1833 veri
431 1809 585 1842 pauperes
617 1809 701 1833 nunc
735 1800 870 1842 quodam
910 1800 1000 1832 modo
1036 1800 1188 1842 incipiunt
1223 1808 1290 1832 esse

331 1863 433 1896 reyes‘,
451 1854 623 1887 secundum
641 1854 717 1887 illud
734 1854 888 1887 secundae
904 1854 942 1886 ad
959 1854 1137 1887 Corinthios
1157 1857 1249 1886 sexto
1261 1854 1289 1885 ⁴¹:

337 1919 352 1935 α
369 1907 530 1949 Tanquam
553 1907 632 1940 nihil
667 1899 818 1940 habentes
851 1910 883 1940 et
911 1907 1015 1940 omnia
1048 1907 1242 1949 possidentes
1259 1921 1288 1938 ».

337 1972 352 1988 «
369 1960 522 1993 Altissima
545 1961 628 1993 enim
660 1964 829 2003 paupertas
860 1970 971 1993 eorum
995 1960 1166 1993 abundavit
1190 1960 1220 1992 in
1244 1960 1290 1992 di—

334 2013 422 2046 vitias
445 2014 696 2055 simplicitatis»,
721 2014 803 2047 sicut
826 2014 942 2047 dicitur
974 2013 1130 2046 secundae
1161 2013 1198 2046 ad
1234 2014 1291 2046 Co-

333 2067 467 2099 rinthios
491 2071 609 2099 octavo.
643 2067 728 2100 Unde
761 2067 821 2099 iam
859 2067 947 2109 quasi
985 2067 1089 2099 felices
1112 2071 1203 2104 sunt,
1229 2076 1291 2099 non

334 2119 438 2152 miseri
463 2119 627 2161 reputandi
654 2128 810 2161 pauperes
827 2119 996 2161 evangelici
1021 2119 1086 2152 sive
1113 2119 1290 2151 voluntarii.

334 2172 491 2205 Seneca⁶:
523 2173 650 2205 «Nemo
673 2172 814 2205 nascitur
844 2172 948 2205 dives:
981 2172 1127 2215 quisquis
1159 2173 1228 2205 exit
1260 2172 1290 2204 in

336 2226 454 2263 lucem,
477 2225 583 2258 iussus
617 2230 665 2259 est
697 2235 775 2267 pane
810 2229 841 2259 et
876 2226 954 2259 lacte
986 2235 1053 2259 esse
1078 2229 1243 2259 contentus
1261 2240 1290 2257 n.

338 2290 354 2306 «ι
369 2277 466 2310 Νο100
488 2277 527 2310 ad
551 2278 627 2311 haec
650 2288 770 2321 pauper
793 2282 857 2318 est;
883 2279 964 2312 inter
980 2288 1061 2321 quae
1077 2279 1101 2312 si
1120 2280 1191 2322 quis
1211 2279 1291 2312 desi-

334 2331 456 2364 derium
480 2340 573 2364 suum
599 2332 761 2372 clauserit,
786 2342 857 2366 cum
876 2333 944 2366 love
961 2333 1075 2375 poterit
1091 2333 1129 2366 de
1146 2333 1292 2366 felicitate

334 2384 521 2418 contendere
538 2399 567 2417 n.

927 274 1119 306 COMMENT.
1142 273 1180 305 1Ν
1204 271 1442 305 EVANGELIUM
1468 271 1584 304 LUCAE
1608 270 1640 303 C.
1665 270 1712 302 Vl.

1439 360 1475 392 Et
1499 363 1589 397 nota⁷
1614 359 1698 401 quod
1721 368 1740 391 a
1762 363 1959 401 paupertate
1971 359 2098 401 incipit,
2114 360 2206 402 quia,
2227 360 2309 393 sicut

1349 412 1391 444 ibi
1405 413 1418 432 ⁶
1441 412 1517 444 dicit
1541 411 1739 449 Ambrosius,
1769 424 1784 439 α
1802 415 1972 453 paupertas
1995 415 2042 444 est
2066 412 2168 454 prima
2195 416 2309 455 parens

1350 465 1523 503 virtutum,
1548 465 1623 507 quia
1646 464 1700 506 001
1733 464 1957 506 contempserit
1979 465 2153 498 saecularia
2175 465 2326 498 merebi-¹

1341 522 1403 551 'tur
1427 522 1555 551 aeterna
1572 532 1602 556 »,
1628 518 1774 550 aemulus
1805 513 1889 551 illius
1912 518 2076 560 pauperis,
2107 531 2122 547 «
2138 519 2212 561 qui,
2236 528 2309 552 cum

1349 572 1437 605 dives
1460 576 1559 611 esset,
1584 572 1686 604 sactus
1709 575 1757 604 est
1781 574 1911 614 propter
1935 580 1992 604 nos
2015 581 2133 614 egenus
2149 586 2181 611 »,
2198 581 2310 606 secun-

1350 626 1407 658 dae
1431 626 1469 658 ad
1493 625 1671 658 Corinthios
1694 629 1814 657 octavo.

1441 680 1493 711 52.
1519 679 1620 717 (Vers.
1643 679 1720 719 st).
1746 679 1889 713 Secundo
1913 679 2067 720 promittit
2090 679 2312 712 esurientibus

1351 732 1537 765 convivium
1563 731 1792 764 abundantiae
1823 735 1953 774 propter
1985 732 2187 765 desiderium
2210 733 2312 775 spiri-

1351 786 1516 823 tualium;
1539 789 1570 818 et
1587 785 1646 817 hoc
1663 788 1767 823 notat,
1784 794 1857 818 cum
1875 785 1998 818 subdit:
2018 786 2131 825 Beati,
2148 786 2208 829 qui
2221 796 2312 819 nunc

1351 839 1504 877 esuritis,
1529 839 1647 872 scilicet
1670 839 1775 871 cibum
1793 839 1949 878 iustitiae,
1966 839 2140 886 secundum
2165 839 2250 882 quod
2266 839 2312 872 di—

1351 893 1435 926 citur
1459 893 1488 925 in
1513 893 1621 925 Glossa
1644 892 1788 925 Matthaei
1814 892 1925 934 quinto
1938 893 1960 924 ⁷.
1989 893 2156 934 Quoniam
2169 897 2312 926 satura-

1352 946 1487 984 himini,
1506 955 1561 988 per
1578 945 1756 978 convivium
1773 945 1991 979 abundantiae.
2010 946 2205 979 Ambrosius:
2227 947 2311 989 «Qui

1351 998 1452 1031 esurit
1475 998 1590 1031 virium
1615 998 1740 1040 quaerit
1763 1002 1968 1040 augmentum
1982 1013 2013 1038 n,
2038 999 2211 1032 secundum
2235 999 2313 1032 illud

1354 1051 1559 1084 Ecclesiastici
1584 1051 1735 1093 vigesimo
1758 1054 1890 1093 quarto:
1922 1065 1937 1080 α
1953 1052 2013 1093 Qui
2029 1052 2128 1092 edun-t
2143 1061 2193 1085 me
2209 1052 2313 1085 adhuc

1352 1105 1511 1144 esurient,
1535 1108 1567 1137 et
1590 1104 1644 1147 qui
1670 1105 1784 1137 bibunt
1813 1114 1863 1137 me
1895 1105 1999 1138 adhuc
2023 1105 2170 1148 sitient».
2197 1106 2241 1138 1111
2265 1106 2314 1139 iu-

1352 1159 1468 1191 stitiam
1493 1159 1657 1197 esuriunt,
1682 1158 1736 1201 qui
1762 1162 1895 1201 possunt
1917 1159 2022 1192 dicere
2046 1168 2117 1192 cum
2143 1160 2211 1193 lesu
2236 1160 2314 1193 illud

1352 1212 1474 1245 Ioannis
1497 1212 1652 1254 quart08:
1682 1226 1697 1241 ε(
1715 1213 1801 1245 Meus
1824 1212 1913 1245 cibus
1937 1217 1998 1252 est,
2016 1217 2052 1246 ut
2067 1213 2177 1246 faciam
2204 1213 2314 1246 volun-

1343 1269 1447 1299 tatem
1474 1266 1572 1299 Patris
1595 1266 1704 1299 mei».
1731 1267 1774 1299 llli
1799 1267 1893 1299 etiam
1918 1266 2069 1299 iustitiam
2086 1267 2242 1307 esuriunt,
2259 1267 2313 1310 qui

1351 1329 1460 1353 amore
1492 1320 1629 1353 iustitiae
1662 1320 1795 1353 libenter
1827 1320 1963 1353 esuriem
2001 1321 2182 1362 patiuntur3
2219 1325 2250 1354 et
2281 1321 2313 1353 hi

1352 1378 1484 1416 possunt
1507 1383 1579 1406 cum
1604 1374 1749 1416 Apostolo
1777 1374 1882 1407 dicere
1916 1374 1994 1407 illud
2029 1374 2149 1416 primae
2184 1374 2221 1407 ad
2257 1374 2314 1407 Co-

1352 1427 1487 1460 rinthios
1510 1430 1643 1469 quarto:
1674 1440 1689 1456 «
1707 1428 1810 1470 Usque
1841 1428 1872 1462 in
1897 1428 1978 1461 hanc
2010 1428 2121 1460 horam
2154 1427 2313 1461 esurimus

1352 1484 1384 1514 et
1407 1481 1531 1513 sitimus
1548 1494 1578 1512 ».
1604 1481 1693 1514 Tales
1716 1481 1846 1514 fuerunt
1870 1481 1914 1514 illi
1932 1482 2029 1514 sancti
2048 1482 2171 1520 Patres,
2188 1482 2227 1515 de
2243 1482 2319 1524 qui:

1353 1534 1414 1566 bus
1436 1533 1475 1565 ad
1499 1533 1655 1566 Hebraeos
1682 1534 1849 1567 undecimo
1879 1534 2010 1574 dicitur,
2035 1535 2119 1577 quod
2150 1548 2166 1564 α
2181 1535 2313 1568 circuie-

1354 1590 1429 1618 runt
1461 1586 1491 1618 10
1526 1586 1666 1625 melotis,
1691 1590 1831 1628 egentes,
1863 1588 2050 1630 angustiati,
2082 1588 2221 1621 afflicti»
2254 1592 2312 1621 etc.

1354 1640 1443 1672 Tales
1467 1649 1485 1671 a
1509 1639 1641 1671 Domino
1664 1640 1910 1679 saturabuntur,
1935 1641 2026 1682 quia,
2044 1641 2242 1683 Apocalypsis
2266 1650 2314 1674 se-

1355 1693 1452 1735 ptimo
1465 1693 1488 1731 9,
1519 1706 1534 1721 «
1553 1702 1611 1725 1100
1629 1693 1778 1726 'esurient
1808 1702 1911 1735 neque
1943 1694 2049 1727 sitient
2076 1694 2228 1736 amplius,
2257 1703 2314 1728 nec

1355 1746 1444 1779 cadet
1475 1755 1571 1788 super
1607 1746 1676 1778 illos
1700 1746 1745 1779 sol
1782 1755 1885 1789 neque
1912 1747 1998 1780 ullus
2021 1751 2140 1786 aestus,
2165 1748 2314 1790 quoniam

1355 1800 1477 1842 Agnus,
1503 1799 1556 1842 qui
1595 1799 1624 1832 in
1652 1799 1753 1832 medio
1785 1800 1889 1833 throni
1921 1805 1982 1839 est,
2019 1804 2106 1843 reget
2138 1800 2207 1834 illos
2226 1815 2253 1833 υ.
2280 1801 2315 1834 Ε1

1355 1853 1415 1885 1100
1432 1853 1492 1886 erit
1510 1853 1539 1885 in
1561 1852 1670 1885 divina
1689 1853 1806 1895 gloria,
1831 1853 2006 1887 secundum
2021 1854 2114 1896 ,011011
2138 1854 2169 1887 10
2195 1854 2315 1887 Psalmo

1354 1906 1488 1939 dicitur:
1518 1919 1533 1935 <t
1551 1906 1711 1945 satiabor,
1736 1916 1808 1940 011111
1834 1907 2019 1949 apparuerit
2041 1908 2141 1950 gloria
2164 1911 2219 1940 tua
2232 1920 2262 1947 n;
2285 1911 2316 1941 et

1354 1960 1489 1993 iterum:
1519 1960 1793 1993 «inebriabuntur
1817 1961 1857 1993 ab
1881 1961 2026 1994 ubertate
2049 1961 2161 1994 domus
2184 1964 2268 2001 tuae,
2285 1964 2316 1994 et

1354 2016 1495 2045 torrente
1519 2012 1689 2054 voluptatis
1713 2017 1785 2046 tuae
1808 2014 1930 2055 potabis
1953 2023 2006 2047 eos
2022 2027 2052 2046 ».
2080 2014 2114 2047 Et
2138 2014 2182 2048 sic
2206 2014 2315 2057 imple-

1355 2071 1422 2099 tum
1457 2070 1505 2098 est
1533 2066 1610 2098 illud
1647 2066 1736 2108 primi
1770 2068 1887 2109 Regum
1913 2068 2108 2101 secundom:
2138 2068 2313 2101 «Fame'lici

1355 2119 1487 2152 saturati
1520 2123 1640 2152 sunt».
1674 2120 1734 2153 Nec
1768 2121 1904 2160 mirum,
1929 2122 2022 2163 quia,
2047 2122 2142 2155 Isaiae
2166 2122 2315 2164 vigesimo

1355 2173 1482 2215 quinto,
1512 2185 1527 2201 «
1548 2172 1639 2205 saciet
1670 2173 1822 2207 Dominus
1856 2175 2056 2208 exercituum
2086 2175 2234 2208 omnibus
2265 2184 2316 2217 po-

1357 2225 1439 2268 pulis
1463 2225 1493 2258 10
1518 2229 1622 2259 monte
1648 2227 1706 2259 hoc
1730 2227 1909 2260 convivium
1935 2228 2125 2267 vindemiae,
2149 2227 2314 2270 pinguium

1356 2279 1618 2319 medullatorum,
1636 2280 1809 2313 vindemiae
1829 2280 2005 2314 defaecatae
2021 2294 2037 2310 »
2057 2284 2089 2314 et
2112 2290 2243 2320 rursus,
2268 2290 2315 2314 se-

1356 2333 1493 2366 cundum
1525 2333 1600 2366 illud
1633 2334 1763 2366 Psalmi:
1792 2334 1945 2366 «Cibavit
1975 2343 2028 2367 eos
2059 2343 2099 2367 ex
2128 2334 2219 2377 adipe
2249 2335 2316 2367 fru-

1357 2387 1451 2420 menti
1475 2391 1506 2420 et
1529 2387 1568 2420 de
1592 2391 1680 2430 petra
1703 2388 1795 2420 melle
1818 2387 1972 2421 saturavit
1994 2396 2048 2420 eos
2063 2400 2094 2419 ι).

407 2523 415 2537 ¹
438 2524 493 2549 Vat.
514 2530 575 2559 cum
594 2524 724 2549 nonnullis
743 2524 820 2550 codd.
836 2525 958 2558 perfecta
977 2525 1072 2552 oratio.

406 2565 416 2580 ²
436 2568 467 2593 Ut
485 2561 580 2594 dicitur
600 2568 639 2593 Ps.
659 2568 707 2600 33,
728 2568 769 2593 16,
789 2581 825 2587 -—
845 2568 967 2602 Sequitur
987 2569 1061 2595 Eccli.
1083 2570 1092 2594 1
1105 2570 1124 2602 l,
1140 2570 1180 2595 42.
1200 2577 1256 2603 seq.

406 2609 417 2625 ¹³
438 2612 547 2643 Vulgata
569 2611 656 2644 Quia,·
675 2613 722 2638 cfr.
742 2613 830 2639 Matth.
849 2613 878 2646 5,
899 2614 923 2639 3.
942 2627 977 2633 -—-
998 2614 1063 2640 Tres
1082 2622 1157 2648 seqq.
1171 2615 1218 2641 loci
1233 2619 1293 2641 sunt

338 2657 376 2682 Ps.
397 2656 461 2687 444,
482 2658 529 2687 43,
551 2657 598 2682 lac.
619 2658 648 2688 2,
668 2657 691 2682 5.
711 2660 737 2683 et
756 2658 831 2683 Prov.
853 2659 898 2690 19,
920 2659 943 2684 t.

407 2700 418 2714 ⁴
438 2701 512 2727 Vers.
533 2702 579 2732 ¹¹0,
608 2706 665 2734 post
690 2709 770 2735 quem
796 2704 826 2734 8,
847 2704 871 2729 2.
891 2717 926 2723 —
945 2704 1079 2736 Bernard.,
1106 2705 1189 2730 Serm.
1218 2705 1240 2730 [1.
1268 2706 1293 2730 10

338 2745 457 2771 Adventu
477 2745 595 2777 Domini,
614 2753 640 2771 11.
661 2745 689 2771 5:
711 2747 801 2779 Magna
821 2747 952 2779 quaedam
972 2755 1059 2779 penna
1072 2752 1111 2774 est
1124 2749 1293 2780 paupertatis,

338 2796 390 2821 qua
409 2792 461 2814 tam
481 2789 532 2815 cito
550 2790 652 2815 volatur
667 2790 696 2816 in
715 2798 827 2822 regnum
847 2792 988 2817 caelorum.
1009 2793 1072 2818 Nam
1093 2793 1118 2818 in
1136 2793 1193 2819 aliis
1212 2793 1294 2819 virtu-

339 2832 421 2863 tibus,
441 2840 509 2865 quae
536 2838 695 2866 sequuntur,
725 2835 865 2866 promissio
893 2837 978 2861 futuro
1009 2840 1127 2869 tempore
1152 2838 1294 2869 indicatur,

340 2878 483 2908 paupertati
503 2884 554 2903 non
575 2882 625 2903 tam
646 2879 820 2910 promittitur,
839 2887 919 2913 quam
940 2881 1024 2906 datur.
1039 2882 1112 2908 Unde
1126 2885 1151 2907 et
1165 2883 1293 2914 praesenti

341 2924 457 2952 tempore
476 2922 637 2947 enuntiatum
658 2926 697 2948 est
715 2922 815 2956 [Matth.
837 2924 867 2954 5,
887 2924 938 2958 3.]:
961 2924 1095 2957 Quoniam
1116 2926 1237 2959 ipsorum
1256 2928 1295 2953 est

340 2971 455 2998 reanum
474 2965 624 2997 caelorum,
643 2973 704 2991 cum
723 2967 749 2991 10
770 2968 862 3003 ceteris
875 2968 990 2995 dicatur:
1010 2969 1215 3002 Hereditalmnt‚
1235 2977 1294 2997 con-

340 3008 500 3035 solabuntur
513 3013 538 3035 et
551 3010 643 3036 similia
659 3010 756 3044 [Matth.
776 3011 805 3042 5,
826 3012 849 3037 4.
870 3012 965 3047 seqq.].
982 3014 1109 3040 Videmus
1128 3018 1216 3041 autem
1230 3022 1295 3047 pau-

342 3059 417 3084 peres
435 3053 547 3086 aliquos,
566 3055 626 3087 qui,
646 3055 667 3080 si
687 3062 777 3081 veram
798 3055 923 3083 haberent
942 3062 1137 3091 paupertatem,
1157 3067 1207 3085 non
1228 3059 1294 3085 adeo

342 3096 519 3128 pusillanimes
537 3098 717 3125 invenirentur
736 3103 761 3125 et
780 3100 877 3132 tristes,
898 3104 986 3134 utpote
1007 3109 1084 3136 reyes
1097 3107 1123 3129 et
1141 3110 1218 3137 reyes
1240 3110 1295 3130 cae-

343 3140 362 3166 li
380 3144 429 3167 ete.
449 3141 503 3168 Csr.
521 3142 600 3174 Epist.
621 3143 680 3169 403.
699 3152 723 3169 n.
746 3145 769 3169 t.

412 3183 423 3199 ⁶
443 3186 521 3217 Epist.
542 3187 582 3212 20.
603 3187 627 3212 in
647 3187 709 3219 11110,
729 3188 773 3214 11111
794 3196 842 3221 pro
857 3196 930 3223 pane
947 3192 972 3217 et
991 3190 1059 3218 lacte
1082 3194 1165 3218 textus
1184 3192 1295 3224 origina-

342 3229 372 3254 lis
392 3229 458 3262 lacte
477 3232 502 3256 et
515 3238 617 3264 panno.
644 3233 763 3259 Secunda
788 3235 913 3260 sententia
939 3234 1050 3262 habetur
1069 3236 1149 3268 Epist.
1169 3237 1210 3262 25.
1231 3235 1246 3268 3
1266 3236 1294 3262 4:

346 3283 358 3295 ιι
373 3274 469 3299 Panem
487 3277 512 3299 et
530 3281 627 3307 aquam
646 3278 737 3302 natura
757 3277 901 3309 desiderat;
916 3285 993 3304 nemo
1006 3279 1039 3305 ad
1053 3280 1117 3309 haec
1131 3287 1231 3312 pauper
1243 3282 1294 3312 est;

343 3317 408 3342 intra
436 3324 504 3350 quae
531 3318 650 3351 quisquis
675 3319 833 3346 desiderium
859 3328 936 3347 suum
964 3323 1053 3355 clusit,
1079 3330 1139 3349 cum
1159 3323 1220 3356 ipso·
1235 3324 1296 3349 love
1318 3342 1320 3344 -

343 3361 376 3386 de
396 3361 514 3387 felicitate
533 3363 673 3388 contendat
686 3373 709 3395 n,
730 3367 757 3389 ut
775 3364 811 3390 ait
829 3365 964 3396 Epicurus.
983 3365 1035 3392 Csr.
1056 3367 1134 3399 Epist.
1149 3367 1209 3393 ΜΟ.
1223 3366 1296 3400 (alias

338 3405 416 3439 ulti.)
435 3406 450 3438 S
472 3405 518 3431 17:
538 3400 671 3432 Habemus
689 3415 798 3441 aquam,
819 3409 946 3435 habemus
960 3411 1106 3443 polentam,
1122 3412 1172 3437 lovi
1194 3412 1242 3444 ipsi
1263 3412 1296 3438 de

345 3449 462 3476 felicitate
481 3450 683 3477 controversiam
705 3452 838 3478 faciamus.

1428 2525 1439 2541 ⁰
1459 2526 1529 2553 Libr.
1549 2527 1578 2552 v.
1600 2527 1624 2552 in
1644 2528 1705 2552 Luc.
1725 2528 1756 2558 6,
1776 2528 1819 2553 20.
1838 2534 1862 2552 n.
1884 2526 1925 2553 50.
1939 2541 1974 2546 —
1989 2526 2112 2559 Sequitur
2132 2527 2157 2551 u.
2177 2520 2275 2558 corle,
2291 2528 2315 2552 9.

1428 2570 1438 2585 ⁷
1460 2572 1562 2598 Scilicet
1580 2571 1724 2598 ordinaria
1743 2572 1768 2597 in
1788 2579 1814 2597 v.
1834 2572 1865 2597 6:
1885 2573 2022 2597 Amatores
2047 2571 2103 2597 veri
2122 2571 2199 2603 boni,
2218 2570 2316 2604 quibus

1358 2624 1408 2643 non
1429 2617 1491 2642 satis
1510 2619 1563 2647 est,
1582 2616 1655 2649 quod
1675 2616 1733 2642 iusti
1753 2620 1826 2648 sunt,
1846 2617 1893 2642 sed
1921 2623 2027 2649 semper
2052 2616 2142 2642 sitiunt
2161 2623 2229 2648 opus
2247 2615 2316 2642 iusti-

1357 2661 1416 2686 tiae.
1436 2660 1532 2686 lustitia
1551 2664 1655 2689 estsua
1680 2660 1777 2693 cuique
1794 2659 1924 2692 tribuere,
1943 2660 1993 2686 sibi
2013 2664 2038 2687 et
2057 2660 2182 2693 proximis
2207 2664 2233 2687 et
2253 2661 2314 2687 Deo.

1358 2706 1426 2731 Haec
1445 2705 1540 2731 iustitia
1560 2712 1613 2731 non
1632 2705 1708 2737 plene
1734 2704 1897 2737 implebitur,
1916 2706 2001 2731 donec
2031 2705 2100 2732 Deus
2118 2704 2153 2732 sit
2176 2704 2268 2732 omnia
2286 2704 2315 2731 in

1357 2749 1481 2776 omnibus
1502 2749 1530 2783 [Ι.
1555 2749 1614 2775 Cor.
1635 2749 1682 2781 s15,
1711 2748 1780 2782 28.];
1807 2749 1868 2775 ideo
1896 2749 1938 2775 1110
1962 2756 2104 2781 possumus
2131 2750 2245 2781 esurire,
2264 2757 2315 2775 nou

1356 2794 1466 2820 saturari
1487 2794 1544 2827 (cfr.
1564 2794 1683 2826 August„
1706 2795 1720 2818 Ι.
1741 2793 1775 2819 de
1794 2794 1877 2831 Serm.
1897 2793 2000 2819 Domini
2014 2793 2039 2819 in
2052 2797 2155 2824 monte,
2169 2801 2193 2819 c.
2205 2795 2229 2819 2.
2251 2801 2276 2819 n.
2291 2794 2315 2821 6.

1357 2841 1382 2863 01
1400 2838 1434 2864 de
1453 2839 1564 2864 Utilitate
1582 2838 1685 2868 ieiunii,
1704 2845 1730 2863 c.
1749 2838 1772 2863 1.
1791 2845 1815 2863 n.
1838 2839 1881 2871 1.).
1899 2837 2029 2870 Α1011100.,
2049 2838 2080 2864 V.
2099 2838 2124 2863 10
2144 2839 2205 2864 Luc.
2225 2844 2251 2863 n.
2266 2837 2314 2863 65:

1357 2883 1431 2908 Unde
1450 2883 1474 2908 iu
1495 2883 1622 2908 Matthaeo
1640 2882 1709 2908 sitim
1729 2885 1755 2908 et
1774 2883 1869 2908 samem
1889 2882 2058 2915 intelligimus
2076 2882 2251 2915 spiritualem,
2264 2889 2315 2916 qua

1358 2926 1433 2952 cibus
1452 2927 1564 2953 iustitiae
1583 2926 1747 2952 desideratur
1765 2930 1810 2952 aut
1829 2930 1915 2959 potus.
1936 2927 1999 2953 lbid.
2020 2935 2043 2952 n.
2064 2926 2107 2953 56.
2125 2927 2252 2953 sententia
2266 2927 2317 2959 illa,

1358 2978 1426 3004 quae
1445 2978 1505 2997 mox
1524 2978 1538 2996 a
1563 2971 1588 2996 S.
1616 2971 1714 2996 Bonav.
1740 2971 1880 3003 allegatur:
1907 2971 1961 3004 Qui
1987 2971 2073 2998 esurit
2097 2971 2188 3006 utique
2215 2970 2316 3001 virium

1358 3015 1466 3049 quaerit
1484 3017 1662 3049 augimentum
1682 3015 1770 3047 (codd.
1790 3017 1884 3042 nostrit
1905 3016 1953 3049 Qui
1982 3016 2063 3042 esurit
2087 3016 2209 3042 virtutem
2234 3022 2316 3049 quae-

1358 3060 1391 3085 rit
1410 3060 1607 3093 augmentum),
1627 3063 1687 3092 post
1704 3067 1784 3093 quam
1804 3061 1923 3094 sequitur
1941 3060 2018 3086 Eccli.
2037 3059 2086 3092 24,
2105 3060 2147 3086 29.

1429 3101 1440 3117 ⁸
1460 3104 1535 3129 Vers.
1554 3103 1595 3129 34.
1611 3117 1646 3123 —
1660 3104 1716 3130 Duo
1739 3111 1814 3138 seqq.
1832 3104 1882 3131 locl
1900 3108 1961 3130 sunt
1981 3105 1998 3130 l.
2017 3103 2078 3130 Cor.
2094 3104 2119 3135 4,
2139 3104 2180 3137 lt,
2199 3107 2224 3130 et
2237 3104 2315 3130 Hebr.

1360 3148 1401 3180 11,
1421 3147 1465 3173 37.
1483 3155 1538 3181 seq.

1428 3190 1440 3205 ⁹
1460 3192 1534 3218 Vers.
1559 3192 1598 3217 16.
1619 3199 1674 3226 seq.
1694 3193 1743 3219 Pro
1757 3200 1809 3229 ¹nec
1831 3192 1907 3220 cadet
1925 3193 1999 3219 multi
2012 3192 2090 3219 codd.
2109 3199 2193 3226 neque
2209 3191 2315 3219 occidet.

1357 3249 1393 3255 —
1415 3235 1532 3262 Subinde
1550 3236 1695 3268 allegantur
1714 3238 1754 3263 Pe.
1775 3237 1821 3269 16,
1845 3236 1886 3263 t5.
1909 3240 1934 3263 et
1956 3237 2004 3269 35,
2026 3237 2050 3262 9.

1430 3278 1453 3294 ¹⁰
1473 3280 1547 3305 Vers.
1567 3279 1596 3311 5,
1615 3284 1675 3312 post
1693 3288 1774 3314 quem
1793 3281 1849 3307 lsai.
1870 3281 1917 3313 25,
1937 3282 1961 3307 6.
1981 3284 2006 3307 et
2025 3281 2066 3307 Ps.
2085 3281 2130 3311 80,
2153 3280 2195 3307 17.
2209 3295 2240 3300 -
2256 3281 2316 3307 11110-

1359 3323 1413 3349 rius
1438 3323 1593 3349 retinuimus
1617 3330 1785 3350 communem
1810 3325 1954 3351 editionum
1980 3328 2005 3351 et
2029 3325 2107 3351 codd.
2132 3325 2266 3351 lectionem
2292 3326 2317 3352 et

1332 3397 1334 3399 ,
1359 3374 1473 3399 rursus,
1501 3368 1575 3400 quod
1594 3368 1619 3394 in
1644 3369 1666 3394 D
1694 3376 1708 3394 a
1736 3369 1851 3395 secunda
1879 3376 1959 3395 manu
1987 3369 2103 3396 deletum
2130 3372 2178 3396 est.
2205 3369 2315 3400 Videtur

1359 3412 1429 3438 enim
1448 3412 1520 3438 locus
1539 3412 1631 3438 Psalmi
1651 3420 1708 3439 esse
1728 3414 1805 3440 altera
1826 3414 1988 3440 confla-matio
2007 3413 2167 3440 verborum:
2187 3414 2240 3441 Nec
2265 3413 2314 3441 mi-

1359 3463 1437 3494 rum,
1460 3455 1534 3490 quia.

2328 365 2450 391 Notandum,
2457 346 2458 386 1

2342 683 2441 715 Secundo,
2462 686 2463 694 ¹

2337 716 2449 733 convivium

2323 736 2458 761 abundantiae

2324 763 2465 799 (111111-111111111111η

2334 1108 2416 1157 ⁰¹¹2}ss
2428 1106 2470 1131 esu*
