2427 3872
411 238 463 264 FlD

789 194 825 227 IN
849 193 1143 227 COMMENTARlOS
1166 195 1195 227 S.
1221 195 1447 228 SCRIPTURAE

115 281 251 308 testificari
272 282 315 308 Vll
334 282 440 308 60260
458 296 495 301 -
513 282 584 308 Fidei
603 284 682 308 testes
700 285 761 308 sunt
798 282 867 308 xime
885 283 1008 308 meritum
1029 282 1108 308 habet
1126 283 1154 308 in
1173 282 1291 309 absentia
1312 283 1363 309 436
1383 285 1407 316 2,
1428 284 1442 308 3

117 326 235 358 Apostoli
252 325 315 353 ibid.

168 385 203 389 —
223 370 308 396 Verae
328 370 389 396 fidei
419 370 523 396 inimica
552 373 592 397 est
615 371 759 396 mundano-

115 422 175 440 rum
195 414 313 441 doctrina
332 415 375 440 Vll
396 415 447 440 226
468 415 502 440 32

167 472 204 478 —
233 465 295 484 vera
325 466 459 492 nunquam
488 459 592 485 deficiet
620 459 646 485 in
675 459 759 485 Eccle-

116 503 153 528 sia
173 502 241 528 Petri
261 503 302 528 vu
323 503 375 528 227
401 503 435 529 34
454 517 490 522 -
510 503 534 529 111
560 503 638 529 11111115
660 503 758 529 saeculi

114 547 238 573 fluctibus
256 547 356 580 integra
371 550 410 573 est
424 548 475 573 287
490 548 523 573 32
537 562 571 566 -
585 547 715 574 fidelitatis
731 549 757 572 et

115 591 290 617 confidentiae
309 592 440 624 reperitur
459 592 483 618 in
503 592 609 624 paucis,
634 591 679 617 sed
701 598 757 617 cre-

113 635 230 662 dulitatis
249 636 275 661 in
295 636 384 661 multis
401 636 506 662 videtur
524 642 582 662 esse
602 635 653 661 452
675 635 707 661 12

167 693 203 699 -
222 682 260 705 est
279 680 428 705 communis
441 679 517 705 bonis
529 682 555 705 et
568 679 643 705 malis
656 679 689 705 Vl
704 679 756 704 402

115 723 149 750 45
168 737 203 744 -
221 724 260 750 De
284 724 357 750 omni
379 726 447 750 statu
476 726 502 749 et
529 727 608 756 gente
627 726 653 749 et
671 726 756 749 aetate

114 769 201 794 vocati
225 771 286 794 sunt
309 768 343 794 ad
369 768 449 794 fldem
476 768 518 794 Vll
537 783 572 786 —
592 768 644 793 370
668 766 701 793 37
720 782 756 786 -—

113 813 163 846 Qui
183 816 311 840 vocantur
324 813 357 839 ad
372 813 451 839 fldem
471 816 600 839 vocantur
622 813 657 838 ad
676 815 756 838 aeter-

114 864 176 884 nam
187 857 355 884 ret'ectionem
370 856 431 883 ibid.
446 871 480 876 -
495 857 602 883 vocatio
615 856 756 883 multitudi-

113 902 155 928 nis
173 902 207 928 ad
227 902 306 927 fldem
326 904 496 933 comparatur
514 901 628 933 captioni
642 901 754 933 piscium

112 945 175 972 ibid.
188 960 224 964 —
237 946 308 972 Multi
322 946 432 971 veniunt
450 945 484 971 ad
504 945 594 977 fldem,
607 946 654 971 sed
668 948 754 971 tamen

112 991 204 1015 nolunt
218 990 359 1022 pervenire
372 998 457 1024 usque
467 990 500 1016 ad
511 990 647 1016 caritatem
658 990 705 1016 37⁴
722 989 754 1015 40

168 1048 202 1052 -
221 1034 360 1066 Quaerenti
380 1035 463 1060 Deum
481 1041 529 1066 per
547 1035 627 1060 fidem
647 1034 756 1066 impedi-

113 1081 201 1103 menta
220 1079 370 1111 frequenter
389 1081 533 1104 occurrunt
551 1079 594 1104 Vll
609 1079 659 1104 ⁴24
675 1078 707 1104 46
719 1093 755 1096 -

113 1121 210 1147 Veram
230 1122 309 1148 fldem
329 1123 519 1154 impedimenta
538 1130 591 1148 non
610 1123 754 1153 retrahunt,

111 1165 159 1191 sed
178 1166 327 1192 accendunt
345 1166 409 1193 ibid.
427 1168 501 1192 —ln
520 1166 651 1198 pressuris
670 1169 754 1192 osten-

111 1209 182 1235 ditur
200 1210 262 1235 fldei
282 1211 370 1236 servor
390 1210 440 1236 430
462 1211 494 1236 14

164 1267 200 1272 -
217 1256 303 1285 potest
322 1254 375 1280 dici
387 1257 491 1280 scutum
505 1254 641 1286 spirituale
655 1254 687 1280 Vl
701 1254 752 1279 226

111 1305 139 1324 v.
158 1298 186 1323 2⁴
210 1313 245 1316 —
265 1301 304 1324 est
322 1301 454 1323 armatura
473 1298 533 1324 iusti
554 1298 605 1323 ⁴36
625 1305 652 1324 ν.
673 1298 705 1324 17
718 1312 753 1318 -

111 1342 230 1368 fortiflcat
259 1343 292 1368 ad
321 1343 498 1369 resistendum
523 1342 629 1368 diabolo
648 1342 694 1368 421
719 1343 752 1368 53

165 1401 199 1405 —
218 1387 301 1412 Motus
321 1394 368 1419 pcr
386 1387 530 1413 intellectus
549 1387 753 1419 captivationem

110 1433 136 1456 et
155 1430 234 1456 fldem
255 1434 370 1457 meretur
389 1431 493 1457 edoceri
524 1431 555 1456 Vl
585 1432 636 1457 280
666 1431 699 1457 14
718 1446 753 1450 -

110 1475 200 1501 Merito
217 1475 278 1501 fidei
297 1475 374 1501 datur
393 1475 520 1507 sapientia
542 1478 568 1501 et
585 1475 753 1508 intelligentia

111 1519 162 1545 349
182 1520 216 1545 52

162 1577 197 1583 -
224 1567 340 1589 meretur
368 1564 485 1590 exaudiri
499 1564 532 1590 Vl
545 1564 596 1590 464
610 1565 638 1590 41
658 1579 692 1583 —-
705 1565 753 1590 Per

109 1608 232 1634 meritum
262 1608 321 1634 ndei
342 1611 449 1640 paratur
467 1609 543 1634 locus
562 1609 588 1634 in
609 1609 680 1635 caelo
701 1609 761 1635 436*

109 1653 125 1678 3
146 1667 180 1671 —
199 1653 248 1678 Per
266 1653 358 1678 merita
378 1653 439 1678 fidei
453 1652 642 1679 beatitudinem
663 1660 751 1680 conse-

109 1696 155 1730 qui
174 1696 305 1723 debemus
324 1698 376 1723 328
396 1698 443 1729 60,
463 1698 491 1723 61
516 1711 552 1716 -
571 1698 678 1730 propria
695 1699 752 1724 uni-

107 1741 205 1774 cuique
229 1742 342 1775 multum
373 1742 456 1774 valet,
484 1742 567 1767 aliena
587 1742 692 1768 inchoat
710 1750 751 1768 re-

109 1785 262 1811 missionem
285 1788 453 1818 peccatorum
474 1786 517 1812 Vll
541 1786 590 1811 ⁴25
611 1786 645 1812 47

161 1845 196 1848 -
215 1830 355 1862 Disciplina
374 1831 420 1856 Dei
439 1833 479 1856 est
496 1831 563 1856 fides
582 1832 694 1856 formata
716 1831 750 1856 Vl

108 1875 155 1900 161
179 1881 206 1900 ν.
227 1874 242 1900 4
261 1889 296 1893 -
316 1876 427 1900 formata
455 1875 515 1900 facit
533 1875 678 1907 discipulos
704 1875 750 1901 Dei

86 1917 169 1944 ibid.
197 1933 232 1937 —
260 1918 364 1943 infirma
393 1919 453 1945 facit
482 1918 590 1949 filiolos,
618 1919 665 1944 sed
684 1919 751 1945 fides

108 1962 184 1988 firma
205 1962 265 1988 facit
284 1962 350 1988 filios
370 1962 421 1988 433
443 1962 475 1988 46

160 2021 196 2025 -
215 2007 263 2032 Per
282 2007 363 2032 fldem
377 2013 469 2033 veram
482 2007 651 2039 pergendum
665 2010 704 2033 est
717 2008 752 2033 ad

106 2050 239 2077 Christum
267 2051 300 2077 Vl
326 2051 360 2077 85
384 2058 410 2077 v.
440 2051 473 2077 ⁴5
493 2066 526 2070 —
545 2051 675 2077 Mediante
699 2052 752 2078 fide

108 2095 233 2121 ducimur
256 2095 291 2121 ad
310 2095 442 2122 Christum
464 2096 506 2122 Vll
526 2095 572 2122 241
596 2096 631 2122 78
649 2110 686 2116 -·
704 2103 752 2129 per

108 2140 190 2165 fidem
209 2140 407 2166 ascendendum
422 2143 461 2166 est
479 2140 514 2166 ad
533 2141 751 2173 cognoscendum

106 2184 240 2211 Christum
267 2184 318 2210 474
337 2185 354 2210 7
373 2199 409 2203 --
428 2185 488 2210 facit
515 2192 577 2211 cum
605 2186 751 2212 reverentia

107 2229 233 2256 accedere
252 2229 286 2255 ad
305 2229 406 2260 lesum,
426 2229 490 2255 dum
507 2229 691 2256 admirabilem
704 2231 751 2256 Dei

109 2273 244 2305 praedicat
268 2273 431 2299 maiestatem
460 2273 510 2299 ⁴66
538 2274 553 2299 4
573 2288 607 2292 -
626 2274 660 2300 ad
679 2282 752 2300 reve-

110 2314 222 2343 rentiam
250 2316 381 2343 Creatoris
408 2325 461 2343 non
489 2321 664 2350 promovetur
683 2320 752 2345 suffi-

108 2362 206 2388 cienter
224 2361 281 2387 sine
299 2362 469 2394 intelligentia
489 2363 639 2389 Mediatoris
653 2363 703 2389 172
718 2364 751 2390 30

162 2421 196 2425 -
216 2405 335 2432 Christus
353 2409 447 2438 regnat
465 2407 490 2432 in
504 2407 585 2433 corde
604 2400 652 2440 per
670 2408 751 2434 fidem

109 2450 142 2476 Vl
163 2450 214 2476 324
234 2450 268 2476 34
286 2463 322 2469 -
340 2450 459 2477 Christus
483 2451 603 2477 Verbum
634 2452 680 2478 Dei
699 2459 752 2477 ma-

109 2498 153 2521 net
179 2495 207 2520 in
235 2494 312 2520 nobis
341 2502 389 2527 per
416 2495 497 2521 fldem
524 2496 575 2521 3⁴5
596 2496 629 2521 66
648 2511 684 2514 -
703 2497 751 2522 Per

110 2539 189 2565 fldem
202 2539 321 2566 Christus
335 2539 434 2566 habitat
448 2539 472 2565 in
491 2539 570 2565 nobis
589 2540 631 2565 Vll
651 2540 702 2566 498
717 2540 750 2565 69

108 2598 143 2602 —
163 2577 188 2609 ln
208 2583 310 2610 Christo
331 2584 492 2610 manendum
511 2587 550 2610 est
563 2591 610 2616 per
624 2584 703 2610 fidem
719 2584 750 2609 Vl

108 2627 161 2654 604
180 2635 207 2654 v.
228 2628 242 2653 4
295 2621 297 2624 ’
418 2655 420 2657 ,

160 2686 196 2691 -
215 2672 276 2698 Sine
294 2672 347 2698 fide
363 2672 526 2705 impossibile
539 2676 578 2699 est
590 2673 749 2699 documenta

109 2716 261 2748 scripturae
279 2717 449 2748 evangelicae
468 2717 612 2749 intelligere
631 2717 675 2743 vu
699 2717 714 2743 4
735 2718 749 2742 8

108 2774 144 2780 -
162 2761 233 2787 Fidei
262 2760 391 2787 certitudo
416 2761 551 2787 derivatur
569 2769 583 2787 a
604 2761 752 2789 testimonio

108 2805 259 2837 scripturae
277 2808 303 2830 et
315 2812 330 2830 a
343 2805 441 2831 lumine
454 2805 639 2838 intelligentiae
653 2806 700 2831 60⁴
718 2806 751 2832 56

108 2864 144 2868 -—
163 2849 305 2881 suscipitur
324 2850 350 2875 in
370 2850 456 2875 anima
482 2850 623 2876 rectiflcata
643 2857 691 2882 per
710 2857 752 2876 na-

109 2894 191 2920 turale
209 2894 318 2920 rationis
332 2894 458 2919 iudicium
478 2894 511 2919 Vl
525 2894 577 2920 295
596 2895 630 2920 33
649 2909 684 2913 --
703 2895 752 2920 Ma-

109 2938 209 2964 sticatio
235 2938 376 2970 spiritualis
394 2941 434 2964 est
455 2938 597 2970 spiritualis
622 2939 751 2965 discussio

109 2989 157 3015 per
176 2982 255 3008 fldem
275 2981 327 3007 334
346 2982 380 3007 90

163 3040 198 3046 -
216 3025 380 3059 Approbatio
399 3033 447 3057 per
466 3026 630 3058 scripturam
650 3027 695 3052 dat
712 3034 751 3052 ro-

109 3070 160 3097 bur
179 3077 259 3097 verae
278 3071 338 3096 fldei
354 3071 384 3096 Vl
399 3070 450 3096 414
465 3071 498 3096 20
511 3084 548 3090 --
560 3074 646 3097 nostra
661 3070 751 3097 astrui-

109 3118 151 3141 tur
170 3122 218 3147 per
236 3115 415 3141 testimonium
435 3115 630 3147 scripturarum
650 3115 702 3141 516
716 3115 745 3140 61

109 3173 143 3179 -
163 3159 288 3185 astruitur
305 3166 335 3185 ex
354 3159 444 3185 divina
472 3159 681 3185 manifestatione
703 3166 751 3191 per

109 3203 212 3235 visum,
232 3207 277 3229 aut
296 3210 343 3236 per
361 3204 491 3234 auditum,
509 3206 555 3229 aut
573 3210 620 3235 per
634 3203 751 3236 Scriptu-

108 3255 155 3274 rae
173 3248 351 3275 testimonium
372 3248 405 3275 ib.
425 3249 466 3274 58

162 3304 198 3311 —-
215 3284 326 3317 Fructus
350 3298 469 3318 recessus
494 3290 589 3317 Christi
608 3294 648 3317 est
666 3292 751 3318 effica-

851 339 887 346 —
914 333 984 359 quae
1011 329 1050 352 est
1075 333 1122 358 per
1147 327 1324 358 praesentiam
1356 330 1381 352 et
1406 328 1441 352 vi-

797 377 871 401 sum,
885 370 971 396 minus
990 371 1059 396 valet
1077 377 1159 403 quam
1174 371 1240 396 fides
1259 377 1306 402 per
1319 371 1439 397 auditum

797 414 830 440 Vt
850 414 903 439 5⁴6
923 415 957 440 60

851 472 884 476 -
903 458 976 484 Fidei
995 459 1128 490 profectus
1156 459 1275 484 consistit
1300 459 1325 484 in
1349 466 1442 491 coope-

796 502 897 528 ratione
916 502 990 527 liberl
1011 501 1110 527 arbitrii
1131 502 1173 528 Vll
1195 502 1245 528 430
1266 502 1299 528 14
1312 518 1347 521 -
1361 503 1441 528 incre

796 549 915 572 mentum
936 545 1015 572 habet
1034 553 1081 578 per
1100 546 1293 572 multitudinem
1310 546 1439 573 bonorum

795 597 908 622 operum
928 589 990 616 ibid.

849 649 884 653 —
902 635 959 660 sine
971 634 1098 667 operibus
1111 637 1212 660 mortua
1233 638 1273 660 est
1286 635 1319 660 Vl
1334 635 1385 660 440
1405 635 1439 661 24

794 693 830 697 —-
849 678 967 704 clarescit
986 685 1034 711 per
1052 686 1133 711 opera
1152 679 1195 704 Vll
1216 679 1268 704 397
1287 680 1321 704 38
1336 693 1370 698 —
1383 680 1437 705 Non

794 723 856 749 fldei
884 723 977 755 verba,
995 723 1042 749 sed
1071 730 1151 755 opera
1180 723 1353 749 examinanda
1379 727 1439 749 sunt

795 767 845 793 453
861 767 894 793 14
904 781 940 786 -
951 767 1010 793 Sine
1024 767 1206 799 magnitudine
1219 767 1280 793 fidei
1294 768 1374 793 homo
1385 775 1438 793 non

794 812 889 838 sun'lcit
908 811 941 837 ad
961 818 1041 844 opera
1061 811 1183 837 sublimia
1203 812 1306 844 pIetatis
1332 811 1382 837 429
1405 812 1437 837 13

846 870 882 875 -
901 856 948 881 Per
967 856 1047 881 fidem
1077 858 1185 887 tangere
1204 856 1283 881 etiam
1304 855 1436 882 fimbriam

794 900 942 926 vestimenti
955 899 1048 926 Christi
1059 899 1312 926 estsaluberrimum
1327 901 1369 926 Vll
1385 901 1431 926 211

794 945 822 970 81
845 959 881 963 -
900 945 948 970 Per
967 944 1047 970 fldem
1075 947 1196 970 servatur
1224 952 1312 971 sermo
1341 944 1437 971 Christi

794 989 825 1015 Vl
855 989 905 1014 470
927 989 958 1014 13
978 1002 1013 1007 -
1034 989 1081 1014 Per
1108 988 1241 1015 Christum
1271 989 1436 1021 ingredimur

793 1033 845 1059 flde
864 1033 916 1058 385
942 1033 969 1058 1·1
994 1048 1028 1051 -—
1048 1034 1174 1059 lntrantes
1199 1040 1247 1065 per
1275 1033 1356 1059 fldem
1384 1040 1436 1059 me-

792 1078 880 1103 diante
899 1077 1016 1103 doctrina
1037 1078 1193 1103 Sanctorum
1223 1078 1382 1110 perveniunt
1402 1078 1435 1104 ad

792 1122 987 1153 intelligentiam
1007 1124 1232 1148 sacramentorum
1254 1122 1296 1148 Vll
1318 1123 1368 1148 196
1389 1122 1423 1148 24

845 1180 880 1185 -—
898 1165 1017 1192 Christus
1035 1167 1244 1198 apprehenditur
1263 1169 1292 1192 ut
1310 1167 1387 1199 panis
1399 1167 1435 1192 vi-

791 1212 832 1236 tae
851 1217 899 1242 per
918 1210 998 1236 fidem
1028 1211 1061 1236 Vl
1091 1211 1142 1236 330
1165 1210 1198 1236 72
1217 1224 1254 1230 -
1272 1211 1335 1237 Fide
1354 1211 1435 1237 credi-

791 1261 852 1280 mus
869 1253 1002 1281 Christum
1017 1262 1047 1280 ex
1060 1255 1161 1280 semine
1180 1255 1266 1281 David
1284 1258 1376 1281 natum
1393 1256 1433 1282 Vll

793 1298 839 1324 471
873 1299 902 1324 61
928 1313 961 1317 —-
989 1299 1053 1325 Fide
1080 1299 1211 1332 petimus,
1240 1307 1288 1331 per
1315 1307 1374 1326 eam
1400 1301 1434 1326 ad

791 1342 922 1369 Christum
943 1346 1034 1369 euntes
1053 1344 1106 1369 285
1126 1343 1160 1369 27
1179 1357 1215 1362 —-
1233 1344 1282 1370 Per
1295 1344 1375 1370 fidem
1388 1352 1435 1370 ve-

790 1388 873 1413 ritatis
891 1388 1046 1420 pervenitur
1064 1388 1098 1414 ad
1127 1388 1259 1415 Christum
1286 1389 1338 1414 563
1366 1390 1390 1420 ⁴,
1419 1389 1433 1414 4

790 1447 826 1451 ——
846 1433 907 1458 tacit
933 1439 1096 1464 cognoscere
1123 1440 1219 1458 nomen
1248 1433 1352 1459 Domini
1377 1435 1434 1459 lesu

791 1476 884 1503 Christi
904 1477 947 1503 Vll
968 1477 1019 1503 437
1040 1476 1073 1502 34
1093 1489 1128 1495 -—
1146 1478 1255 1503 adiuvat
1283 1478 1317 1503 ad
1342 1478 1435 1504 certifi-

791 1521 906 1547 candum
925 1521 959 1547 (le
984 1521 1089 1547 animae
1118 1522 1310 1548 immortalitate
1328 1525 1354 1547 et
1372 1522 1435 1548 bea-

791 1565 901 1591 titudine
922 1566 955 1591 Vl
976 1566 1009 1591 37
1030 1573 1056 1598 q.
1077 1567 1093 1591 2

843 1624 879 1629 —
898 1610 925 1635 in
944 1617 993 1642 spe
1012 1609 1144 1636 beatificat
1169 1610 1201 1635 Vl
1228 1602 1279 1636 130
1299 1618 1326 1636 v.
1347 1611 1379 1636 ⁴4
1398 1625 1434 1630 —

791 1655 852 1680 facit
874 1654 978 1687 beatos,
1012 1655 1074 1687 quia
1108 1655 1258 1681 inchoando
1285 1655 1311 1681 in
1339 1656 1433 1681 merito

788 1699 905 1731 disponit
924 1699 958 1725 ad
977 1700 1233 1725 consummationem
1261 1700 1288 1725 in
1313 1701 1432 1732 praemio

789 1743 833 1769 Vll
854 1744 888 1769 30
908 1745 941 1769 83
961 1757 997 1763 -
1016 1744 1071 1769 Non
1090 1747 1129 1770 est
1148 1747 1230 1770 status
1249 1744 1277 1770 in
1296 1745 1363 1775 tide,
1385 1745 1431 1770 sed

788 1788 925 1814 ordinatur
944 1788 978 1813 ad
998 1788 1079 1813 vitam
1099 1791 1232 1813 aeternam
1254 1789 1285 1814 Vl
1306 1788 1357 1814 517
1378 1789 1412 1814 62

841 1846 877 1850 -
904 1832 1028 1863 impetrat
1055 1832 1226 1863 miraculum,
1258 1833 1318 1865 quia
1352 1832 1432 1858 habet

788 1876 956 1902 considerare
981 1876 1199 1908 omnipotentiam
1220 1877 1251 1901 Vl
1273 1876 1323 1901 402
1343 1876 1377 1901 45
1395 1889 1432 1895 -

788 1920 940 1945 Miraculum
968 1922 1008 1945 est
1036 1920 1111 1952 fidei,
1140 1923 1169 1945 ut
1196 1920 1333 1952 originalis
1361 1921 1431 1952 prin-

788 1964 848 1996 cipii
875 1963 938 1990 ibid.
965 1978 1001 1983 —
1020 1964 1145 1996 Operatio
1170 1964 1289 1989 miraculi
1318 1964 1431 1990 debetur

789 2008 849 2034 fidei
880 2008 930 2034 269
960 2008 985 2034 5.
1015 2007 1066 2034 402
1096 2008 1137 2033 45.
1167 2007 1218 2034 403
1248 2008 1296 2039 54,
1318 2008 1368 2034 440
1388 2009 1430 2039 21,

789 2053 823 2078 22
842 2065 878 2071 -—
896 2052 945 2077 Per
970 2051 1050 2077 fldem
1064 2042 1195 2077 'nominis
1223 2051 1318 2078 Christi
1345 2055 1432 2084 potest

788 2097 849 2129 quis
873 2096 930 2122 sine
958 2096 1072 2122 caritatis
1097 2103 1188 2122 amore
1213 2096 1370 2122 miraculum
1396 2097 1432 2122 sa-

789 2147 849 2166 cere
868 2140 912 2166 Vll
934 2140 986 2166 245
1009 2140 1043 2165 90
1062 2153 1098 2159 -
1116 2139 1222 2166 liabens
1249 2140 1330 2166 tidem
1355 2141 1432 2166 infor-

788 2192 860 2211 mem
873 2184 1012 2211 exauditur
1025 2185 1174 2218 frequenter
1187 2187 1213 2210 et
1225 2188 1341 2211 meretur
1353 2192 1432 2211 exau-

788 2230 839 2256 diri
858 2232 958 2255 tantum
978 2229 1013 2255 de
1035 2236 1155 2261 congruo
1179 2232 1309 2262 quantum
1332 2229 1367 2255 ad
1386 2236 1431 2261 ea,

788 2275 822 2301 de
840 2273 939 2307 quibus
958 2273 1038 2299 habet
1055 2273 1136 2299 fidem
1156 2273 1189 2299 Vl
1210 2273 1261 2299 440
1281 2274 1315 2299 22

841 2332 876 2338 -·
895 2318 957 2344 Mira
978 2321 1017 2343 est
1035 2318 1093 2343 eius
1112 2318 1196 2343 virtus
1215 2318 1304 2350 quoad
1322 2324 1430 2343 cursum

788 2366 910 2396 naturae,
930 2363 1058 2395 impetum
1078 2363 1173 2394 culpae
1185 2365 1211 2387 et
1225 2362 1347 2387 meritum
1362 2362 1431 2388 iusti-

788 2408 839 2434 tiae
859 2407 901 2433 Vll
921 2407 972 2432 430
990 2406 1021 2432 15
1033 2420 1070 2426 —-
1083 2406 1162 2432 habet
1180 2406 1322 2438 imperium
1341 2413 1431 2438 respe-

788 2455 831 2478 ctu
851 2451 1028 2483 corporalium
1045 2451 1234 2476 elementorum
1248 2449 1310 2476 ibid.
1323 2463 1358 2469 —
1371 2457 1431 2475 con-

788 2498 918 2522 summata
938 2495 1017 2520 etiam
1036 2494 1171 2520 elementis
1190 2497 1276 2525 potest
1298 2494 1430 2526 imperare

788 2539 851 2566 ibid.
863 2554 899 2559 —-
912 2539 983 2565 Fidei
997 2539 1081 2565 virtus
1097 2538 1212 2564 consistit
1225 2538 1251 2563 in
1265 2538 1431 2564 exsecutione

789 2584 905 2610 mirandi
922 2583 1027 2615 imperii
1049 2583 1100 2608 429
1120 2583 1162 2608 12.
1182 2583 1233 2608 430
1254 2583 1287 2608 15

843 2642 877 2647 —-
902 2628 1005 2653 infirma
1025 2627 1107 2659 signis
1125 2627 1243 2653 innititur
1262 2627 1295 2652 Vl
1317 2628 1368 2653 277
1388 2627 1429 2653 37.

789 2673 840 2698 278
862 2673 877 2698 3
895 2686 931 2692 -
950 2672 1121 2698 confirmatur
1148 2679 1196 2704 per
1225 2672 1349 2697 miracula
1379 2672 1430 2697 267

789 2717 823 2742 96
842 2730 878 2736 -
896 2717 1029 2748 Tempore
1048 2717 1177 2743 Ecclesiae
1201 2717 1351 2748 primitivae
1370 2723 1431 2748 gen-

789 2761 847 2787 tiles
866 2764 892 2787 et
909 2761 1007 2787 idiotae
1025 2761 1182 2787 informandi
1205 2764 1280 2786 erant
1298 2761 1330 2787 ad
1350 2761 1430 2786 fldem

783 2813 837 2838 -per
847 2805 974 2831 mirabilia
986 2805 1118 2831 sensibilia
1133 2805 1183 2831 440
1197 2806 1230 2831 23
1243 2819 1275 2824 -
1286 2805 1371 2837 Opera
1386 2805 1431 2830 mi-

788 2849 879 2875 rabilia
892 2849 1023 2875 scnsibilia
1037 2852 1098 2875 sunt
1111 2850 1255 2875 necessarIa
1270 2849 1303 2874 ad
1316 2852 1431 2874 astruen-

789 2894 850 2920 dam
871 2894 950 2919 fldem
974 2893 1135 2925 simplicium
1157 2892 1220 2919 ibid.
1244 2907 1278 2912 -—
1306 2892 1435 2918 mirabilia.

788 2937 921 2964 sensibilia
940 2941 1124 2971 cessaverunt,
1142 2938 1205 2971 quia
1225 2937 1290 2963 fides
1309 2940 1348 2963 est
1366 2938 1431 2963 mul-

789 2982 903 3014 tiplicata
922 2980 985 3011 ibid.

842 3026 912 3052 Fuuu
925 3040 960 3044 —-
974 3029 1013 3052 est
1031 3026 1143 3058 produci
1163 3026 1187 3051 in
1201 3032 1258 3051 esse
1277 3025 1309 3050 Vl
1324 3025 1370 3050 37⁴
1396 3026 1429 3050 82

789 3084 822 3088 -
842 3071 893 3096 Res
906 3074 968 3096 tunc
980 3071 1076 3097 dicitur
1089 3070 1158 3102 sseri,
1173 3069 1280 3102 quando
1293 3069 1430 3099 innotescit

787 3114 832 3139 Vll
852 3114 903 3139 588
923 3115 938 3140 3

840 3159 945 3185 Flauius
963 3173 999 3177 —
1017 3161 1057 3184 est
1070 3159 1150 3184 factor
1166 3164 1290 3183 vasorum
1311 3157 1428 3184 fictilium

788 3203 821 3228 Vl
842 3203 893 3229 206
913 3210 938 3228 v.
958 3203 975 3228 7

840 3247 932 3273 Ficum
951 3260 987 3266 —
1006 3246 1051 3273 ubi
1071 3246 1167 3272 veritas
1186 3246 1317 3272 clauditur
1335 3249 1360 3272 et
1377 3253 1429 3272 non

787 3291 943 3323 explicatur,
961 3291 1025 3317 dicit
1042 3290 1165 3317 umbram
1185 3293 1210 3316 et
1229 3289 1427 3321 obscuritatem,

108 3335 150 3361 cia
168 3334 230 3361 fidei
248 3335 275 3360 111
294 3334 464 3361 credentibus
478 3335 509 3361 Vl
525 3334 575 3361 438
597 3335 629 3361 13
642 3349 678 3355 -
697 3342 749 3362 ma-
765 3327 771 3364 l
787 3335 834 3362 sed
853 3342 920 3368 non,
939 3334 985 3361 ubi
1004 3342 1046 3361 res
1065 3334 1178 3361 obscura
1191 3341 1239 3367 per
1255 3335 1369 3366 figuram
1388 3341 1429 3360 ex-

2058 201 2117 232 75⁴

1783 243 1831 268 rit

1482 285 1606 316 ponendo
1626 286 1697 311 clare
1726 287 1876 319 intelligitur
1901 288 1931 313 Vl
1961 289 2012 313 299
2032 289 2066 313 65
2086 304 2120 308 -

1481 329 1507 354 111
1527 331 1608 355 veteri
1629 331 1686 362 lege
1705 331 1862 357 claudebant
1882 332 2016 358 veritatem
2031 336 2122 358 0111011

1479 373 1675 405 explicabantur
1694 374 1755 401 ibid.
1777 390 1809 394 —
1829 376 1946 402 Christus
1963 377 2077 409 loquitur
2096 378 2120 403 in

1479 418 1585 449 liguris,
1606 422 1634 444 ut
1652 425 1694 444 res
1713 419 1827 445 obscure
1846 421 1980 452 proposita
1995 422 2020 446 in
2036 422 2120 453 figura

1479 469 1527 493 per
1546 463 1735 494 expositionem
1755 464 1823 489 clarc
1843 465 2007 498 intelligatur,
2020 470 2045 491 ct
2064 473 2119 491 sen-

1478 513 1523 531 sus
1543 508 1674 532 humanus
1693 508 1857 540 humilietur,
1876 512 1901 533 et
1921 510 2016 534 veritas
2030 510 2120 535 arden-

1478 550 1529 575 tius
1547 553 1650 576 amctur
1679 554 1705 577 et
1732 552 1834 577 flrmius
1859 556 1975 578 teneatur
2003 553 2064 579 ibid.
2085 568 2119 573 —

1478 594 1614 625 impletur,
1627 596 1735 627 quando
1751 597 1821 620 venit
1833 597 1904 628 quod
1923 598 2120 628 praefigurabat

1479 638 1521 663 Vll
1531 638 1583 664 545
1594 639 1627 663 22
1637 653 1668 657 -
1677 642 1762 664 cessat
1772 640 1928 665 adveniente
1941 642 2048 666 veritate
2056 641 2118 667 ibid.

1530 682 1611 707 Funus
1630 696 1666 701 —
1684 683 1783 708 Filiatio
1805 687 1844 709 est
1863 687 1908 708 aut
1927 691 1973 715 per
1989 689 2118 717 naturam,

1476 728 1522 750 aut
1532 732 1579 757 per
1590 726 1760 752 imitationem
1776 728 1807 752 Vl
1822 728 1873 753 365
1888 728 1920 753 54
1934 742 1969 747 -
1982 729 2118 755 hominum

1476 773 1605 795 vocantur
1629 771 1674 803 qui
1708 772 1857 797 naturaliter
1883 776 2042 804 generantur
2068 774 2118 798 168

1476 821 1502 840 v.
1523 814 1547 839 6.
1568 815 1619 840 269
1641 815 1691 840 103
1711 830 1746 833 -
1765 817 1902 842 carnaliter
1921 821 1959 842 est
1979 821 2119 849 generatus

1476 858 1500 883 in
1520 859 1648 884 creaturis
1667 859 1718 884 253
1739 861 1772 885 33
1795 873 1830 879 —
1849 860 1967 886 Christus
1993 865 2031 887 est
2050 862 2119 888 filius

1475 903 1601 934 hominis,
1620 904 1647 929 id
1666 907 1706 929 est
1723 904 1803 929 solius
1817 905 1933 936 Virginis
1951 906 1999 930 ⁴68
2014 913 2040 931 v.
2053 907 2068 931 6
2083 921 2117 925 --

1474 948 1598 973 naturalis
1617 948 1682 973 solet
1706 951 1807 980 patrem
1832 956 2034 981 recognoscere,
2060 951 2118 976 dili-

1474 999 1551 1023 gere,
1571 993 1666 1018 imitari
1686 992 1734 1018 55⁴
1758 994 1774 1018 5
1793 1008 1828 1011 -
1847 994 1966 1026 Aliquem
1980 1001 2038 1020 esse
2057 996 2117 1020 alte-

1473 1036 1528 1061 rius
1542 1037 1633 1068 fllium,
1647 1037 1762 1068 probant
1777 1038 1886 1068 mansio,
1900 1039 2049 1069 aemulatio,
2063 1039 2118 1064 imi-

1474 1081 1536 1106 tatio
1556 1081 1608 1107 564
1635 1088 1661 1106 v.
1687 1082 1716 1106 19
1738 1096 1770 1099 -
1790 1083 1855 1107 solet
1881 1082 1975 1107 imitari
2000 1087 2115 1115 patrem,

1473 1126 1602 1151 aemulari
1630 1133 1678 1158 pro
1708 1130 1794 1158 patre,
1823 1127 1964 1152 succedere
1993 1129 2060 1159 patri
2090 1129 2114 1153 in

1474 1170 1610 1195 mansione
1638 1169 1700 1196 ibid.
1719 1185 1755 1188 —
1780 1170 1907 1196 nobilium
1936 1172 1999 1197 solet
2027 1179 2039 1197 a
2070 1180 2116 1204 pa-

1473 1216 1512 1239 tre
1540 1215 1644 1240 trahere
1668 1215 1774 1246 generis
1805 1215 1985 1247 nobilitatem,
2012 1220 2116 1242 natura-

1472 1258 1536 1284 lium
1555 1259 1735 1291 strenuitatem
1755 1262 1781 1284 et
1806 1260 1989 1285 hereditariam
2015 1267 2116 1287 succes-

1472 1303 1573 1328 sionem
1594 1304 1640 1329 551
1667 1303 1682 1328 4
2051 1294 2061 1302 ’

1525 1362 1561 1365 -
1579 1350 1641 1373 511111
1659 1351 1769 1380 propter
1787 1349 1979 1374 successionem
2001 1350 2042 1374 vn
2062 1350 2113 1375 5⁴5

1474 1391 1506 1417 42
1525 1406 1560 1411 -
1575 1399 1713 1425 nunquam
1727 1392 1822 1418 dicitur
1835 1393 1958 1419 dominus
1977 1394 2058 1425 patris
2074 1394 2114 1419 sui

1472 1435 1505 1462 ib.
1525 1437 1559 1462 50
1584 1451 1619 1455 —
1639 1440 1833 1463 consueverunt
1857 1438 1982 1469 appellari
2010 1439 2114 1464 nomine

1472 1488 1581 1506 suorum
1603 1483 1708 1513 patrum
1733 1482 1767 1507 35
1788 1482 1837 1506 108
1856 1496 1892 1500 -
1911 1481 1999 1508 tenero
2024 1490 2114 1508 amore

1472 1525 1571 1551 debent
1583 1525 1665 1550 amari
1685 1525 1737 1551 283
1752 1526 1779 1550 21
1804 1539 1839 1544 -
1859 1526 1939 1551 Amor
1953 1533 2045 1552 eorum
2060 1534 2113 1552 non

1471 1573 1557 1602 potest
1575 1570 1674 1602 negligi
1695 1569 1757 1595 ibid.

1522 1628 1559 1633 —
1577 1613 1719 1640 Abundare
1739 1614 1797 1640 filiis
1816 1615 1977 1646 prosperitas
1995 1619 2033 1641 est
2051 1618 2113 1641 tem-

1471 1659 1568 1690 poralis
1587 1659 1619 1683 Vl
1640 1658 1673 1684 50
1692 1666 1719 1684 v.
1739 1659 1754 1684 3
1770 1673 1806 1677 —
1828 1658 1990 1685 Contumelia
2010 1660 2055 1685 filii
2074 1663 2113 1686 est

1470 1703 1549 1729 etiam
1568 1703 1726 1729 contumelia
1746 1704 1827 1735 patris
1853 1703 1903 1729 367
1924 1704 1956 1729 66
1977 1718 2011 1722 —
2031 1704 2113 1729 imita-

1471 1750 1540 1772 tores
1558 1754 1616 1773 esse
1635 1747 1733 1773 debent
1752 1748 1797 1773 Dei
1817 1747 1870 1772 365
1889 1748 1923 1773 55
1942 1762 1978 1767 -
1997 1749 2046 1780 Qui
2067 1755 2113 1774 vo-

1470 1792 1525 1816 lunt
1544 1798 1602 1816 esse
1627 1791 1672 1816 fllii
1700 1790 1821 1816 Abrahae
1849 1798 1898 1823 per
1926 1792 2112 1824 imitationem,

1470 1835 1568 1860 debent
1586 1835 1667 1867 opeia
1695 1834 1817 1862 Abrahae
1845 1837 1930 1861 facere
1954 1836 2005 1861 366
2025 1837 2058 1862 56
2077 1850 2114 1855 -

1468 1879 1592 1904 dicuntur
1612 1879 1697 1904 Sancti
1717 1886 1764 1910 per
1783 1879 1989 1905 imitationemrssl
2010 1887 2036 1905 v.
2057 1881 2066 1905 ⁴

1522 1936 1557 1942 —
1576 1926 1614 1948 est
1633 1923 1678 1955 qui
1698 1923 1779 1948 servit
1792 1930 1823 1948 ex
1842 1930 1933 1949 amore
1948 1924 1989 1949 Vll
2010 1924 2061 1949 394
2077 1925 2105 1949 31

1468 1981 1504 1985 -
1522 1970 1632 1992 vocatur
1652 1974 1664 1992 a
1685 1967 1837 1997 Salomone,
1856 1974 2054 2000 quemcumque
2068 1975 2111 2000 pa-

1469 2014 1539 2036 terna
1559 2011 1695 2037 affectione
1714 2011 1838 2036 informat
1858 2012 1889 2036 vt
1921 2011 1968 2036 107
1988 2019 2013 2037 v.
2041 2013 2056 2037 2
2076 2026 2112 2031 -

1468 2056 1516 2081 Per
1535 2056 1602 2081 fllios
1622 2056 1800 2087 intelliguntur
1820 2056 1981 2087 innocentes,
2001 2057 2048 2089 qui
2067 2064 2111 2088 pa-

1468 2101 1515 2126 tris
1534 2100 1676 2132 imaginem
1699 2100 1851 2125 custodiunt
1875 2100 2037 2132 impollutam
2058 2101 2109 2126 539

1470 2146 1485 2170 8
1505 2159 1540 2164 -
1559 2144 1682 2170 dicuntur
1695 2144 1740 2177 qui
1760 2145 1786 2169 in
1800 2143 1917 2170 libertate
1936 2144 2036 2170 arbitrii
2051 2148 2111 2170 sunt

1469 2189 1549 2215 creati
1569 2192 1594 2214 et
1613 2189 1646 2215 ad
1665 2192 1799 2214 aeternam
1825 2189 1995 2214 hereditatem
2017 2188 2111 2214 haben-

1470 2234 1530 2259 dam
1552 2234 1593 2259 Vll
1615 2233 1665 2258 390
1686 2234 1719 2258 22

1522 2292 1558 2297 -
1585 2277 1683 2303 diaboli
1713 2278 1837 2303 dicuntur
1865 2284 1912 2309 per
1940 2278 2109 2303 imitationem

1469 2322 1581 2353 exempli
1608 2322 1641 2347 Vl
1670 2322 1721 2347 366
1742 2322 1770 2347 61
1795 2335 1830 2340 -
1849 2322 1943 2347 saeculi
1968 2322 2109 2354 aliquando

1468 2369 1543 2392 sonat
1562 2366 1589 2390 in
1607 2366 1700 2391 vitium
1720 2369 1746 2391 et
1767 2366 1907 2398 aliquando
1925 2373 1976 2391 non
1997 2366 2038 2391 Vll
2058 2366 2109 2392 5⁴4

1469 2410 1502 2435 40
1515 2410 1618 2435 —irae
1639 2412 1700 2435 sunt
1718 2416 1766 2441 per
1779 2410 1882 2441 culpam
1908 2410 2061 2442 originalem
2076 2411 2109 2435 Vl

1469 2454 1520 2479 288
1540 2454 1573 2479 59
1586 2469 1621 2472 -
1635 2454 1714 2485 Regis
1728 2454 1796 2479 filius
1808 2454 1904 2479 dicitur
1923 2455 2028 2480 inferior
2048 2462 2109 2486 pars

1468 2498 1575 2523 rationis
1595 2498 1641 2523 30⁴
1666 2499 1700 2522 82

1520 2555 1556 2561 -
1575 2542 1632 2567 Mali
1653 2543 1802 2574 frequenter
1824 2546 1949 2574 generant
1968 2543 2034 2568 filios
2054 2550 2109 2568 ma-

1469 2588 1507 2612 los
1527 2587 1558 2612 Vl
1579 2586 1612 2611 50
1632 2593 1658 2611 v,
1678 2586 1693 2611 3
1713 2599 1749 2605 -—
1769 2586 1919 2618 iniquorum
1940 2591 2045 2618 patrum
2065 2588 2109 2612 ini·

1468 2631 1513 2664 qui
1532 2633 1592 2656 sunt
1611 2630 1653 2655 filii
1669 2631 1719 2655 ⁴86
1740 2638 1767 2656 v.
1789 2631 1819 2655 10
1839 2645 1873 2649 —
1893 2631 2034 2663 impiorum
2049 2636 2109 2657 sunt

1468 2675 1634 2707 nequissimi,
1648 2675 1708 2707 quia
1729 2675 1829 2706 paterni
1843 2675 1947 2700 sceleris
1966 2675 2109 2701 imitatores

1470 2720 1520 2745 129
1540 2726 1567 2744 v.
1587 2719 1629 2744 ⁴2.
1657 2719 1706 2744 130
1736 2726 1762 2744 v.
1783 2719 1816 2744 ⁴6
1836 2733 1870 2737 -—
1891 2720 1974 2744 Poena
2004 2724 2108 2745 aeterna

1468 2770 1518 2789 non
1538 2763 1646 2795 punitur
1666 2763 1734 2789 fllius
1754 2766 1861 2795 propter
1879 2763 2042 2796 iniquitatem
2063 2771 2108 2795 pa-

1469 2807 1514 2833 tris
1542 2806 1594 2832 375
1624 2807 1655 2832 14
1681 2820 1717 2825 ——
1737 2807 1887 2838 Temporali
1916 2814 2000 2839 poena
2028 2814 2109 2839 saepe

1468 2851 1576 2883 punitur
1604 2850 1672 2876 filius
1699 2854 1807 2882 propter
1835 2851 1997 2882 iniquitatem
2027 2852 2107 2882 patris

1468 2893 1529 2921 ibid.
1549 2908 1583 2912 ——
1603 2894 1734 2919 imitantes
1754 2895 1839 2920 seclus
1858 2895 1939 2926 patris
1962 2895 2107 2926 puniuntur

1468 2941 1576 2971 propter
1591 2938 1754 2971 iniquitatem
1768 2939 1849 2970 patris
1868 2938 1930 2964 ibid.

1522 2997 1556 3000 —
1574 2982 1734 3008 Houorificat
1753 2990 1801 3008 nos
1820 2983 1948 3008 Dominus
1966 2983 1999 3008 de
2023 2983 2106 3009 servis

1467 3033 1515 3052 nos
1536 3026 1637 3058 iaciens,
1650 3026 1716 3051 111105
1736 3026 1769 3051 Vl
1790 3026 1839 3052 418
1861 3027 1893 3052 38
1912 3040 1947 3045 -
1966 3027 2050 3052 Homo
2069 3021 2108 3052 in-

1468 3074 1505 3096 ter
1525 3070 1590 3096 filios
1610 3063 1654 3095 Dei
1673 3074 1842 3102 computatur
1860 3077 1908 3102 per
1926 3071 2036 3102 gratiam
2058 3071 2105 3096 ⁴38

1467 3122 1493 3139 v.
1512 3115 1527 3139 5
1547 3128 1581 3133 —
1601 3114 1646 3139 Dei
1666 3121 1759 3140 sumus
1778 3121 1825 3146 per
1844 3115 1923 3140 {idem
1945 3114 1995 3139 420
2016 3114 2048 3139 50
2071 3128 2106 3134 -

1467 3159 1529 3184 Boni
1555 3161 1615 3183 sunt
1643 3158 1687 3183 filii
1707 3158 1751 3183 Dei
1781 3159 1832 3183 212
1860 3165 1887 3183 v.
1913 3159 1944 3183 ⁴0
1964 3172 1999 3177 —
2019 3159 2106 3184 Sancti

1466 3205 1526 3228 sunt
1545 3202 1589 3227 filii
1609 3202 1653 3227 Dei
1670 3202 1718 3227 ⁴89
1738 3209 1765 3227 v.
1785 3203 1813 3227 21
1837 3216 1872 3221 -
1892 3202 1968 3228 Lucis
1988 3202 2106 3227 filiisunt

1467 3246 1511 3271 filii
1530 3246 1577 3271 Dei
1597 3246 1647 3271 420
1667 3246 1700 3271 50
1722 3259 1754 3264 -
1774 3246 1829 3271 Filii
1848 3246 1894 3271 Dei
1914 3246 2031 3278 suntqui
2051 3246 2106 3271 dili-

1467 3293 1533 3322 gunt
1547 3290 1597 3315 366
1612 3290 1645 3315 59
1659 3304 1694 3308 -
1707 3289 1820 3316 Credeus
1834 3290 1859 3315 in
1872 3289 2001 3316 Christum
2022 3289 2104 3315 Deum

1466 3337 1491 3360 et
1510 3334 1642 3360 hominem
1662 3337 1701 3359 est
1725 3334 1792 3359 filius
1815 3334 1861 3359 Dei
1881 3334 1931 3359 252
1952 3333 1985 3359 27
2005 3347 2040 3353 -
2060 3333 2104 3358 Dei
