2476 3921
321 264 384 296 386

316 360 464 393 superna,
489 349 526 381 de
550 357 613 390 qua
637 347 730 380 Isaiae
755 346 951 388 sexagesimo
966 347 990 377 ¹:
1020 358 1035 373 «
1054 346 1186 377 Domum
1205 354 1271 377 ma-

316 404 430 436 iestatis
455 410 540 434 meae
560 400 740 443 glorificabo
757 411 791 438 »3
809 403 839 431 et
863 399 984 431 loannis
1006 398 1126 431 decimo
1142 401 1270 439 quarto:

320 470 334 484 «
353 457 383 488 ln
407 456 498 487 domo
522 454 621 486 Patris
645 453 705 485 mei
738 452 914 484 mansiones
939 451 1055 483 multae
1078 454 1153 483 sunt
1177 464 1206 481 ».
1240 450 1271 482 ln

317 510 394 541 hauc
417 508 560 540 Christus
583 506 670 538 venit
693 506 724 538 in
748 505 946 543 ascensione,
974 504 1013 536 de
1041 513 1105 545 quo
1136 503 1272 535 adventu

318 562 408 594 isaiae
425 560 619 601 sexagesimo
636 558 728 591 tertio
742 558 768 589 ³:
791 572 805 585 «ι
819 557 895 598 Quis
911 560 958 589 est
975 556 1032 588 iste
1056 556 1109 597 qui
1134 555 1219 588 venit
1234 555 1273 587 de

317 615 424 651 Edom‚
449 613 552 645 tinctis
576 612 715 644 vestibus
748 611 786 643 de
810 611 905 642 Bosra
930 613 969 641 n?
994 609 1025 641 ln
1050 609 1130 641 hanc
1158 611 1272 650 portat

316 677 415 705 ovem,
433 666 521 708 quia,
539 665 620 698 sicut
634 664 750 697 dicitur
766 663 802 695 ad
822 662 971 704 Ephesios
985 665 1115 703 quarto,
1134 674 1149 689 α
1166 669 1273 693 ascen-

316 721 391 753 dens
406 720 437 751 in
460 720 577 756 altum,
602 717 754 759 captivam
778 715 871 748 duxit
895 714 1105 756 captivitatem
1124 727 1153 745 ».
1179 714 1214 746 Et
1231 713 1272 745 ibi

316 776 471 806 convocat
484 772 627 813 Angelos,
644 770 696 811 qui
715 769 864 801 dicuntur
881 767 984 800 amici
1000 770 1128 809 propter
1144 766 1274 798 familia-

318 827 439 858 ritatem
457 825 487 857 in
506 822 718 865 cognoscendo
742 823 879 858 secreta;
898 821 956 852 hoc
972 820 1054 852 enim
1078 822 1126 851 est
1149 818 1273 860 signum

317 879 485 916 :imicitiae2
511 877 631 910 loannis
646 876 767 908 decimo
787 873 937 916 quint03:
968 886 983 901 «
1001 873 1062 905 Vos
1077 875 1182 905 autem
1208 871 1274 904 dixi

317 932 433 964 amicos
450 945 464 959 »
484 934 559 968 etc.;
582 933 613 962 et
644 928 761 966 vicini,
786 930 914 968 propter
946 926 1210 968 propinquitatem
1243 925 1274 957 in

318 983 575 1017 communicando
591 982 716 1019 solatia;
742 980 824 1013 unde
842 979 985 1012 Matthaei
1011 979 1132 1011 decimo
1148 982 1272 1011 octavo:

324 1051 338 1065 «
353 1037 459 1078 Angeli
489 1044 598 1068 eorum
623 1035 654 1066 in
687 1034 779 1066 caelis
804 1042 927 1074 semper
952 1032 1057 1065 vident
1084 1032 1196 1065 faciem
1222 1032 1275 1064 Pa-

321 1090 390 1127 tris⁷
415 1089 468 1130 qui
493 1089 524 1120 in
556 1088 648 1120 caelis
672 1091 719 1119 est
741 1100 770 1118 ».
800 1105 843 1109 —
871 1087 930 1118 Hos
953 1089 1102 1118 convocat
1128 1085 1277 1117 Dominus

318 1144 356 1176 ad
388 1142 585 1175 concorditer
620 1140 818 1183 gaudendum
852 1143 980 1181 propter
1012 1139 1143 1171 salutem
1177 1139 1276 1171 homi-

321 1206 412 1234 uuin;
438 1195 521 1228 unde
544 1198 575 1227 et
591 1194 713 1227 subdit:
741 1194 858 1226 Dicens
877 1193 956 1225 iltis.-
984 1191 1278 1234 Conqratulamim·

321 1248 417 1287 milii,
435 1249 515 1292 quia
539 1247 650 1279 inueni
665 1256 754 1279 ovem
775 1256 878 1278 meam
894 1246 919 1284 ¹²,
936 1254 1021 1288 quae
1041 1245 1198 1286 perierat.
1216 1245 1277 1276 Hoc

320 1302 411 1340 «licit,
435 1301 523 1343 quasi
548 1301 625 1333 dans
641 1300 686 1333 eis
710 1300 871 1331 materiam
897 1297 1132 1340 congratulandi
1150 1297 1189 1330 de
1205 1307 1278 1330 con-

321 1355 478 1388 secutione
507 1354 581 1386 tanti
614 1353 752 1386 beneficii
786 1356 817 1384 et
839 1351 955 1384 amoris
983 1351 1151 1389 caritativi,
1183 1359 1277 1392 quem

323 1409 404 1440 Deus
426 1406 728 1444 ostendit.homini;
761 1405 844 1438 unde
867 1405 941 1437 dicit
972 1404 1128 1446 Sapientia
1151 1407 1279 1436 aeterna

323 1461 562 1493 l'roverbiorum
594 1460 746 1492 octavo⁵:
788 1471 802 1486 α
826 1458 958 1491 Deliciae
991 1465 1076 1490 meae
1108 1465 1176 1489 esse
1207 1465 1279 1488 cum

324 1515 393 1547 filiis
414 1514 579 1546 hominum
597 1527 626 1544 n.
653 1513 737 1545 Unde
755 1512 848 1544 Beda:
870 1524 885 1539 (ι
904 1512 967 1543 Non
991 1510 1082 1543 dicit:
1107 1510 1280 1551 Congratu-

324 1568 426 1600 lamini
451 1568 500 1599 ovi
533 1567 691 1604 inventae,
725 1566 776 1598 sed
801 1564 898 1602 milti,
925 1564 1000 1606 quia
1031 1563 1180 1605 gaudium
1213 1562 1281 1594 eius

173 1631 300 1652 Notandum.
320 1627 367 1654 est
391 1622 454 1653 vita
477 1625 585 1653 nostra
602 1634 630 1651 ».
653 1619 738 1652 Unde
762 1623 793 1651 et
816 1619 847 1650 iu
865 1617 1068 1659 expressione
1093 1616 1189 1648 huius
1205 1624 1281 1656 gau-

205 2211 308 2232 Tertium.

322 1675 363 1707 ‹lii
393 1673 604 1716 permagnifici
636 1675 767 1704 vocatur
800 1670 927 1703 humani
953 1669 1077 1710 generis
1108 1667 1282 1703 reinventio

324 1726 459 1760 iucunda
488 1725 653 1768 9awlium
680 1723 844 1765 nuptiale,
869 1722 906 1754 de
938 1731 1001 1763 quo
1029 1721 1190 1753 exsultant
1214 1729 1282 1752 cae—

326 1782 416 1813 lestes
432 1780 532 1816 cives;
550 1777 747 1819 Apocalypsis
768 1776 888 1808 decimo
913 1784 994 1806 nono
1007 1774 1034 1805 ὃ;
1064 1787 1079 1802 «
1097 1773 1203 1805 Audivi
1230 1782 1283 1805 vo-

324 1843 391 1865 cem
410 1837 557 1872 tanquam
576 1839 682 1862 vocem
701 1828 887 1870 Angelorum
908 1827 1080 1859 multorum
1097 1826 1282 1858 dicentium:

325 1886 454 1918 Alleluia
470 1898 500 1915 ».
531 1897 545 1911 a
567 1883 765 1915 Gaudeamus
781 1886 812 1914 et
828 1881 1025 1915 exsultemus
1041 1883 1072 1912 et
1088 1880 1198 1912 demus
1218 1880 1283 1921 glo-

327 1939 406 1970 riam
438 1937 523 1974 Deo,
555 1936 629 1977 quia
662 1938 816 1967 venerunt
848 1933 975 1975 nuptiae
1010 1933 1103 1974 Agin,
1134 1936 1165 1965 et
1200 1942 1284 1965 uxor

326 1991 399 2032 Agni
433 1988 630 2031 praeparavit
654 1996 686 2020 se
708 2001 738 2018 ».
764 1987 935 2027 Desponsat
958 1986 1040 2018 enim
1073 1986 1129 2018 sibi
1155 1986 1282 2027 Agnus⁷

327 2046 464 2075 sanctam
482 2041 647 2074 Ecclesiam
665 2040 703 2073 de
720 2039 936 2081 peccatoribus
956 2039 1129 2077 collectam,
1143 2042 1175 2071 et
1192 2039 1285 2071 habet

327 2098 430 2137 Agnus
453 2095 608 2127 oviculam
634 2093 838 2126 reinventam.

419 2149 467 2180 14.
494 2148 595 2188 (Vers.
613 2149 667 2187 7.).
685 2145 789 2178 Tertio
813 2147 967 2186 quantum
987 2144 1025 2176 ad
1046 2144 1285 2180 conclusionem

327 2202 558 2245 principaliter
582 2201 740 2233 intentam
767 2198 946 2239 subiungit:
967 2198 1044 2230 Dz‘eo
1068 2197 1173 2236 vohis,
1199 2198 1286 2241 quod

329 2257 378 2288 ita
390 2255 402 2274 ⁸
418 2255 582 2297 qaudz'um
600 2254 662 2286 erit
679 2253 714 2285 in
731 2252 819 2284 eaelo
835 2260 936 2292 super
950 2260 1015 2282 uno
1029 2255 1199 2292 peccatore
1211 2260 1286 2292 poe-

328 2307 500 2340 nitentiam
525 2310 658 2348 aycnte‚·
684 2305 776 2337 lsaiae
793 2303 1032 2345 quadragesimo
1056 2312 1153 2335 nono:
1176 2315 1191 2331 α
1209 2303 1287 2335 Lau-

329 2360 399 2393 date
423 2360 514 2398 caeli,
536 2364 566 2392 et
583 2359 708 2392 exsulta
733 2362 832 2395 terra;
858 2356 986 2388 iubilate
1011 2358 1130 2388 montes
1148 2355 1287 2393 laudem,

899 257 1092 289 COMMENT.
1118 257 1154 289 ΙΝ
1178 255 1416 288 EVANGELlUM
1441 255 1557 288 LUCAE
1583 255 1615 287 C.
1641 255 1702 287 XV.

1336 343 1411 385 quia
1434 343 1611 376 consolatus
1634 346 1682 376 est
1703 343 1853 376 Dominus
1876 343 2028 385 populum
2045 351 2138 375 suum
2163 345 2194 374 et
2218 351 2295 384 pau-

1336 405 1448 438 perum
1473 405 1603 429 suorum
1629 396 1831 428 miserebitur
1849 410 1878 427 ι».
1905 414 1946 419 -
1972 396 2117 437 Magnum
2148 399 2195 427 est
2218 404 2295 436 gau—

1336 449 1443 487 dium,
1467 449 1541 491 quia
1557 449 1658 482 maius
1682 452 1728 481 est
1746 449 1907 481 infirmum
1932 457 2043 481 sanare
2063 457 2159 490 quam
2182 457 2293 480 sanum

1337 509 1539 539 conservare;
1564 505 1595 533 et
1618 501 1687 533 ideo
1711 501 1834 533 subdit:
1861 501 1969 541 Quam
1985 510 2087 542 saper
2109 500 2296 542 nonayz'nta

1338 564 1453 586 novem
1477 554 1592 592 iustis,
1615 554 1675 597 qut
1689 563 1754 586 non
1772 554 1917 596 indigent
1938 553 2147 595 poenitentia.
2165 553 2226 585 Hoc
2242 562 2295 585 au·
2315 547 2446 583 Notandum*

1338 610 1400 639 tem
1429 607 1555 645 dicitur,
1580 616 1641 639 non
1666 607 1740 648 quia
1763 607 1874 639 melior
1899 606 1938 639 sit
1966 609 2110 648 peccator
2133 605 2295 647 poenitens

1338 669 1434 701 quam
1451 660 1618 701 nonaginta
1634 669 1744 692 novem
1762 659 1851 697 iusti,
1869 659 1921 692 sed
1939 659 2013 700 quia
2029 659 2059 690 in
2083 658 2297 700 redemptione

1320 711 1469 744 humani
1497 712 1621 753 generis
1643 712 1762 744 maiora
1789 715 1938 753 operatus
1961 714 2009 743 est
2036 711 2120 743 Deus
2144 720 2238 752 quam
2267 710 2299 743 in

1339 766 1574 798 conservatione
1599 765 1694 802 totius
1718 765 1929 797 multitudinis
1953 764 2114 802 caelestis;
2145 764 2219 806 quia
2239 764 2298 796 hoc

1339 822 1386 850 cst
1411 818 1672 851 manifestativum
1698 819 1826 850 maioris
1854 818 2036 860 potentiae,
2061 817 2187 850 maioris
2215 827 2300 859 pru-

1340 871 1468 904 dentiae
1484 876 1514 904 et
1536 871 1663 904 maioris
1680 871 1947 903 misericordiae:
1974 871 2102 903 maioris
2115 870 2298 912 potentiae,

1341 925 1415 966 quia
1438 925 1540 957 maius
1563 928 1611 957 est
1634 925 1804 957 iustificare
1829 924 1958 966 impium
1983 933 2079 966 quam
2104 932 2212 956 creare
2232 932 2301 956 cae-

1342 978 1405 1010 lum
1431 981 1462 1010 et
1486 981 1601 1011 terram
1616 978 1646 1015 ⁹;
1673 978 1799 1010 maioris
1821 977 2034 1019 prudentiae,
2059 977 2150 1019 quia,
2176 976 2228 1009 lob
2255 976 2301 1008 vi-

1341 1031 1459 1072 gesimo
1483 1033 1588 1069 sexte,
1611 1044 1626 1059 «
1640 1030 1806 1072 prudentia
1822 1030 1890 1063 eius
1908 1030 2063 1072 percussit
2083 1029 2255 1071 superbum
2270 1041 2301 1068 »;

1341 1084 1468 1116 maioris
1499 1083 1684 1116 clementiae
1708 1084 1773 1116 sive
1804 1083 2054 1121 misericordiae;
2087 1083 2171 1115 unde
2201 1091 2299 1124 supra

1342 1138 1461 1180 primo:
1492 1150 1508 1166 «
1530 1138 1586 1170 Per
1618 1137 1739 1170 viscera
1769 1137 2002 1170 misericordiae
2035 1136 2088 1168 Dei
2122 1135 2239 1174 nostri,
2271 1135 2303 1167 in

1342 1191 1459 1233 quibus
1483 1190 1621 1223 visitavit
1652 1199 1709 1222 nos
1738 1190 1851 1223 Oriens
1875 1199 1916 1225 ex
1948 1190 2057 1222 alto».
2091 1189 2187 1221 Maior
2218 1188 2301 1221 enim

1341 1244 1402 1276 fuit
1424 1244 1460 1275 in
1486 1242 1615 1276 Cltrz'sto
1647 1243 1889 1281 condescensio,
1914 1242 2012 1275 maior
2044 1242 2137 1275 etiam
2162 1240 2305 1273 humaui

1342 1296 1472 1339 yenerz's
1487 1295 1693 1334 sublimatio,
1710 1295 1882 1328 secundum
1900 1294 1977 1327 illud
1996 1294 2106 1327 Psalmi
2122 1294 2162 1325 ¹⁰:
2186 1306 2202 1322 α
2218 1294 2304 1334 Quo,-

1344 1350 1426 1382 niam
1458 1349 1578 1381 elevata
1610 1351 1657 1380 est
1681 1347 1910 1389 magnificentia
1938 1351 1993 1379 tua
2025 1356 2121 1387 super
2152 1346 2301 1378 caelos».

1343 1402 1429 1435 Unde
1454 1403 1512 1434 hoc
1541 1401 1725 1446 intelligitur
1749 1404 1903 1442 quantum
1936 1399 2141 1433 adccausam
2171 1403 2305 1431 nostrae

1341 1455 1572 1497 poenitentiae,
1598 1454 1715 1486 scilicet
1739 1453 1868 1485 humani
1893 1451 2016 1494 generis
2041 1452 2304 1493 redemptionem,

1345 1509 1376 1540 in
1400 1516 1463 1549 qua
1487 1507 1586 1539 maior
1615 1510 1662 1539 est
1687 1506 1817 1538 materia
1847 1506 1952 1547 gaudii
1977 1514 2072 1547 quam
2103 1506 2134 1537 in
2159 1505 2305 1539 omnibus

1345 1553 1413 1593 aliis
1425 1560 1574 1602 operibus
1591 1559 1655 1596 Dei.
1669 1577 1710 1583 —-
1725 1559 1753 1591 Si
1767 1563 1871 1591 autem
1885 1559 2076 1601 intelligatur
2089 1559 2127 1591 de
2137 1562 2307 1601 peccatore

1346 1612 1483 1656 quolibet
1500 1622 1560 1654 per
1582 1622 1631 1651 se,
1657 1616 1732 1645 tunc
1760 1612 1960 1654 intelligitur,
1985 1612 2060 1654 quia
2084 1612 2234 1654 gaudium
2258 1616 2305 1644 est

1345 1666 1455 1708 mayz's
1479 1675 1617 1703 nouum,
1644 1665 1692 1697 vel
1716 1665 1790 1706 quia
1807 1668 1951 1706 peccator
1976 1669 2023 1697 est
2047 1664 2227 1707 ferventior
2243 1664 2305 1696 fre-

1346 1722 1480 1761 quenter
1497 1728 1591 1760 quam
1610 1719 1721 1751 iustus.
1740 1718 1825 1751 Unde
1841 1718 2012 1760 Gregorius
2029 1718 2059 1750 in
2081 1717 2250 1750 Moralibus
2263 1718 2304 1749 ¹¹:

1352 1784 1367 1799 «
1384 1771 1516 1813 Quidam
1542 1771 1572 1803 in
1597 1771 1650 1804 Dei
1672 1771 1800 1804 servitio
1816 1780 1857 1804 ex
1881 1774 2022 1803 anteacta
2049 1770 2183 1802 alicuius
2199 1769 2309 1802 debili-

1348 1828 1410 1857 tate
1435 1824 1643 1863 roborantur,
1668 1833 1784 1866 eosque
1808 1824 1846 1856 ad
1874 1823 2077 1856 custodienda
2101 1821 2247 1855 mandata
2278 1826 2309 1854 et

1349 1877 1529 1910 futurorum
1548 1877 1644 1910 trahit
1659 1877 1848 1910 desiderium
1863 1880 1893 1909 et
1910 1876 2041 1918 impellit
2057 1875 2208 1908 memoria
2221 1883 2310 1917 prae—

1348 1930 1513 1963 teritorum
1540 1944 1569 1962 1».
1594 1930 1680 1963 Unde
1705 1931 1763 1963 hoc
1788 1939 1849 1967 non
1874 1929 2013 1965 refertur
2037 1929 2074 1961 ad
2106 1937 2215 1961 omnes
2239 1936 2309 1970 pec-

1348 1986 1469 2015 catores
1493 1992 1550 2015 nec
1574 1983 1612 2015 ad
1636 1992 1745 2015 omnes
1768 1983 1881 2021 iustos,
1906 1982 1960 2015 sed
1983 1982 2021 2014 ad
2047 1983 2225 2023 peccatores
2248 1980 2310 2013 fer-

1349 2036 1436 2069 vidos
1461 2040 1530 2078 post
1552 2037 1788 2069 conversionem
1812 2039 1843 2068 et
1867 2036 1965 2068 iustos
1990 2038 2138 2077 tepentes.
2163 2034 2249 2067 Unde
2280 2037 2311 2066 et

1350 2090 1520 2132 Gregorius
1544 2089 1756 2131 exemplificat
1779 2093 1810 2121 et
1833 2089 1913 2122 Beda
1930 2089 1961 2121 in
1985 2088 2093 2121 Glossa
2107 2088 2149 2119 ¹²:
2180 2087 2310 2120 «Maius

1350 2143 1499 2185 gaudium
1524 2146 1571 2175 est
1594 2142 1632 2175 de
1660 2146 1823 2184 peccatore
1851 2151 1946 2184 quam
1963 2141 2001 2174 de
2025 2141 2108 2174 iusto
2132 2143 2250 2179 stante;
2274 2143 2311 2172 ut

1350 2197 1418 2229 dux
1442 2197 1472 2229 in
1495 2196 1613 2238 proelio
1629 2205 1703 2228 eum
1729 2195 1858 2227 militem
1879 2195 1950 2236 plus
1966 2194 2081 2236 diligit,
2106 2193 2159 2235 qui
2177 2197 2246 2235 post
2262 2193 2309 2226 t'u-

1351 2259 1420 2292 gam
1445 2258 1593 2282 reversus
1609 2249 1732 2281 hostem
1749 2248 1871 2280 fortiter
1896 2247 2029 2289 premit,
2046 2255 2140 2289 quam
2165 2255 2238 2278 eum
2256 2246 2311 2288 qui

1351 2311 1513 2344 nunquam
1538 2302 1618 2344 sugit
1641 2310 1697 2334 nec
1722 2309 1862 2342 unquam
1886 2300 2009 2332 fortiter
2032 2299 2095 2341 egit
2116 2312 2147 2330 ».
2166 2298 2235 2336 Vel,
2252 2298 2312 2330 hoc

1351 2355 1466 2388 dicitur
1490 2355 1610 2387 ratione
1634 2353 1828 2387 contusionis
1841 2352 2113 2390 adversariorum,
2138 2351 2310 2384 secundum

530 2616 545 2624 ,-

407 2616 414 2630 ¹
437 2617 510 2642 Vers.
535 2624 560 2646 i,
581 2616 622 2640 cui
642 2614 803 2640 subnectitur
823 2615 891 2638 toan.
910 2612 958 2642 44,
978 2613 1002 2637 2.

404 2660 413 2674 ²
436 2661 510 2686 Vers.
530 2661 555 2685 1.
568 2674 603 2679 -
616 2659 733 2684 Subinde
753 2659 879 2689 allegatur
899 2657 963 2688 Epli.
985 2656 1013 2686 4,
1034 2657 1062 2686 8,
1083 2663 1130 2687 pro
1149 2663 1202 2688 quo
1213 2657 1290 2682 codd.

334 2706 445 2736 allegant
462 2705 489 2730 in
503 2704 610 2731 Psalmo
632 2704 689 2737 (67,
705 2703 771 2735 19,);
784 2701 933 2729 Ascendisti
951 2701 977 2726 in
998 2700 1094 2731 altum,
1108 2700 1200 2733 cepisti
1211 2700 1293 2733 capti-

337 2749 458 2780 cz'talem‚·
480 2751 543 2774 haec
562 2748 643 2773 verba
663 2748 817 2773 nuntientur
836 2754 849 2772 a
872 2747 1005 2771 Vaticana.

406 2791 417 2806 ⁸
437 2793 509 2818 Vers.
536 2793 577 2817 455.
597 2806 631 2811 —
650 2792 772 2824 Sequitur
796 2792 881 2816 Matth.
908 2791 952 2821 tfl,
973 2790 1019 2819 10,
1045 2788 1090 2814 ubi
1116 2792 1174 2820 post
1199 2789 1295 2822 Anyeh'

336 2844 431 2863 eorum
450 2836 590 2862 CDFGH
611 2837 732 2860 omittunt
756 2835 784 2860 in
809 2834 898 2860 caelis.
918 2848 950 2852 —-
970 2834 1060 2858 Glossa
1085 2832 1227 2858 ordinaria
1253 2832 1294 2860 (ex

338 2883 459 2913 (ἐι-03013,
479 2881 507 2906 tt.
525 2880 619 2906 Homil.
640 2880 663 2904 in
685 2880 783 2911 Evang.
803 2879 891 2904 homil.
913 2877 954 2903 at.
975 2885 1000 2902 u.
1019 2878 1054 2909 3.)
1075 2877 1101 2901 iu
1121 2877 1182 2901 Luc.
1200 2877 1245 2906 t5,
1265 2877 1293 2901 6:

339 2926 467 2956 tteparato
487 2924 600 2954 homine,
614 2924 647 2949 ad
661 2924 762 2948 caelum
776 2923 842 2948 redit
861 2925 962 2954 pastor3
977 2921 1013 2946 ibi
1027 2921 1186 2952 Angelorum
1201 2922 1295 2946 choros

340 2969 451 3000 invenit,
471 2968 515 3001 qui
534 2967 628 2998 amici,
649 2967 708 3000 quia
729 2967 753 2991 in
768 2967 904 2992 stabilitate
923 2973 969 2991 sua
984 2966 1144 2990 voluntatem
1164 2965 1220 2989 eius
1234 2972 1295 2990 con-

341 3013 410 3037 tinue
429 3012 592 3043 custodiunt;
611 3011 657 3043 qui
676 3015 700 3036 et
721 3010 812 3042 uicini,
831 3011 891 3043 quia
912 3010 1025 3036 claritate
1045 3009 1151 3034 visionis
1171 3008 1226 3033 eius
1247 3010 1295 3033 sru-

341 3059 429 3082 untur.

411 3099 422 3114 ⁴
441 3100 525 3126 Codd.
543 3099 562 3126 C
574 3100 651 3125 DFG
663 3100 683 3125 H
703 3100 824 3125 omittunt
843 3106 931 3125 meam
939 3109 948 3130 ,·
969 3100 1015 3124 ctr.
1035 3099 1063 3124 B.
1082 3097 1178 3123 Albert.
1197 3100 1223 3122 et
1235 3098 1296 3122 Gor·

342 3151 429 3170 renus.

412 3187 423 3202 ⁵
443 3189 516 3214 Vers.
536 3188 579 3213 31.
591 3201 627 3207 -—-
640 3188 770 3213 Sententia
792 3188 876 3213 Bedae
895 3186 1005 3212 habetur
1024 3186 1067 3212 tv.
1080 3186 1105 3211 in
1126 3186 1188 3211 Luc.
1209 3185 1254 3215 15,
1269 3185 1296 3215 6,

343 3233 410 3259 idem
430 3232 493 3262 dicit
510 3233 633 3265 Gregor.,
652 3232 701 3258 loc.
719 3232 761 3257 cit.

412 3275 424 3290 θ
442 3277 516 3303 Vers.
536 3277 562 3302 6.
580 3279 606 3302 et
619 3276 654 3306 ‘72
673 3277 720 3302 ct'r.
739 3276 768 3307 5,
789 3276 815 3301 11
828 3296 834 3306 ,
854 3275 897 3301 ubi
917 3275 1010 3307 legitur
1026 3273 1124 3301 Audiui
1141 3279 1232 3299 vocem
1247 3273 1298 3299 „atn-

343 3321 466 3355 oclorum
484 3320 644 3348 multorum.

414 3363 423 3379 ⁷
444 3365 503 3391 Vnt.
522 3364 697 3399 Desponsavit
714 3364 785 3391 enim
805 3365 909 3398 Aginna.

415 3407 425 3422 ³
445 3410 503 3434 Vat.
526 3408 597 3442 quod
621 3408 719 3435 maius.
738 3422 772 3428 —-
792 3408 913 3440 Sequitur
933 3407 990 3433 lsai.
1015 3407 1061 3439 49,
1095 3407 1133 3432 13,
1155 3419 1190 3425 -
1208 3407 1298 3431 Glossa

1357 2612 1536 2639 interlinearis
1546 2621 1553 2637 .·
1578 2621 1589 2634 α
1605 2609 1795 2637 Pocnc‘tenliam
1820 2610 1928 2642 ugiente,
1958 2608 2143 2640 poenitentiam
2169 2613 2249 2639 agere
2278 2609 2317 2631 cst

1357 2660 1502 2688 perpetrata
1518 2657 1585 2681 mala
1600 2656 1723 2687 plangere
1742 2658 1767 2679 et
1780 2654 1927 2685 plangenda
1942 2660 1995 2678 uon
2009 2656 2159 2684 perpetrare
2173 2660 2197 2683 ιη
2212 2658 2241 2676 ex
2254 2652 2317 2675 Gre-

1358 2708 1427 2732 gor.,
1442 2701 1490 2726 loc.
1510 2701 1552 2725 cit.
1572 2707 1597 2724 n.
1619 2699 1732 2729 15.((·1Γ.
1750 2698 1792 2723 lV.
1813 2698 1883 2723 sent.
1902 2697 1938 2722 lit.
1958 2697 2088 2728 Magistri,
2101 2696 2128 2722 d.
2142 2696 2209 2722 XlV.
2228 2703 2250 2721 c.
2271 2696 2316 2727 2.).

1428 2743 1439 2757 ⁹
1459 2745 1582 2775 August,
1608 2744 1633 2768 in
1654 2744 1721 2768 toan.
1746 2743 1845 2773 Evang.
1865 2746 1895 2767 tr.
1919 2741 1963 2766 72.
1982 2748 2008 2766 u.
2034 2742 2063 2766 3:
2090 2741 2145 2766 Non
2171 2740 2212 2766 hic
2231 2740 2317 2765 audeo

1358 2788 1529 2820 praecipitare
1542 2787 1710 2817 sententiam
1729 2785 1853 2816 intelligat.
1871 2785 1917 2817 qui
1931 2788 2028 2816 potest,
2046 2784 2142 2810 iudicet
2160 2783 2204 2816 qui
2219 2786 2317 2815 potest,

1359 2837 1445 2858 utrum
1467 2833 1550 2857 maius
1568 2832 1600 2857 sit
1621 2831 1701 2856 iustos
1728 2837 1818 2855 creare
1842 2836 1922 2862 quam
1944 2829 2039 2861 impios
2065 2828 2223 2854 iustificare?
2243 2827 2317 2853 Certe

1358 2877 1443 2907 euim,
1463 2877 1483 2902 si
1503 2876 1619 2909 aequalis
1638 2878 1677 2900 est
1696 2878 1836 2907 utrumque
1856 2874 2002 2906 potentiae,
2022 2874 2071 2899 hoc
2091 2873 2196 2898 maioris
2215 2875 2254 2898 est
2273 2872 2318 2897 mi-

1359 2921 1526 2946 sericordiae.
1545 2920 1598 2945 Hoc
1611 2922 1650 2945 est
1669 2919 1737 2944 enim
1751 2925 1884 2951 magnum
1897 2917 2004 2951 pietatis
2018 2918 2233 2947 sacramentum,
2248 2914 2320 2949 quod

1358 2963 1560 2997 manifestatum
1585 2964 1623 2988 est
1642 2961 1670 2987 in
1694 2969 1776 2988 carne
1795 2965 1843 2987 etc.
1864 2960 1897 2995 [l.
1918 2961 1985 2986 Tim.
2013 2961 2042 2990 3,
2069 2960 2131 2992 16.1.
2156 2959 2207 2986 Ct'r.
2227 2960 2318 2984 Glossa

1359 3007 1501 3033 ordinaria
1520 3008 1546 3032 in
1560 3007 1620 3032 Luc.
1642 3007 1689 3038 45,
1708 3006 1734 3032 7.
1746 3019 1782 3025 —
1795 3006 1851 3031 Duo
1871 3012 1944 3038 seqq.
1964 3005 2013 3030 loci
2032 3008 2093 3030 sunt
2109 3003 2153 3029 lob
2167 3004 2214 3034 26,
2235 3004 2277 3028 12.
2295 3006 2321 3028 et

1360 3053 1421 3078 Luc.
1436 3052 1459 3083 1,
1473 3052 1516 3077 78.
1528 3065 1563 3070 -
1576 3051 1702 3082 Superius
1715 3053 1775 3082 post
1787 3049 2017 3083 manifestativum
2031 3049 2049 3074 A
2059 3048 2077 3074 C
2090 3048 2110 3073 D
2128 3047 2250 3073 omittunt
2266 3054 2322 3072 ma·

1360 3095 1425 3122 ioris
1442 3094 1588 3129 potentiae,
1607 3094 1719 3121 maioris
1735 3093 1896 3128 prudentiae
1915 3095 1938 3119 et
1957 3091 2069 3118 maioris
2088 3090 2297 3118 misericordiae.

1433 3138 1455 3153 ¹⁰
1475 3138 1567 3164 Psalm.
1582 3139 1612 3168 8,
1632 3139 1657 3163 2.

1434 3182 1454 3197 ¹¹
1475 3183 1545 3209 Libr.
1564 3183 1652 3208 XVttt.
1671 3189 1691 3207 c.
1713 3183 1755 3208 26.
1775 3189 1802 3207 n.
1822 3181 1862 3207 43.

1434 3226 1455 3241 ¹²
1475 3227 1576 3253 Scilicet
1595 3225 1736 3253 ordinaria
1757 3226 1796 3258 (ex
1816 3227 1940 3257 Gregor„
1960 3224 1987 3250 tt.
2007 3223 2101 3249 Homil.
2121 3223 2144 3248 in
2161 3224 2259 3254 Evang.
2278 3223 2322 3247 ho·

1363 3272 1416 3298 mil.
1438 3271 1480 3297 36.
1499 3279 1525 3297 u.
1553 3271 1581 3302 4,
1601 3278 1679 3304 quem
1700 3270 1817 3303 sequitur
1836 3270 1920 3299 Beda,
1939 3269 1982 3293 tv.
2002 3267 2026 3293 in
2046 3268 2107 3293 Luc.
2128 3268 2174 3299 15,
2193 3267 2228 3298 7.)
2250 3266 2322 3298 apud

1363 3317 1493 3347 Lyranum
1514 3316 1539 3340 in
1559 3315 1621 3340 Luc.
1642 3315 1689 3345 15,
1707 3314 1731 3339 7.
1752 3315 1812 3339 Post
1831 3313 1862 3339 de
1878 3313 2018 3346 peccatore
2037 3311 2138 3349 lycum
2158 3311 2285 3343 Gregorio
2298 3313 2323 3336 et

1363 3360 1431 3386 Beda
1451 3359 1524 3385 addit
1543 3365 1685 3390 converso,
1708 3359 1768 3384 Vnt.
1788 3358 1945 3390 resurqente
1967 3355 1995 3382 in
2016 3356 2135 3389 fervore,
2154 3362 2222 3389 quae
2244 3355 2322 3389 cutiam

1364 3403 1473 3429 vocibus
1494 3403 1562 3429 iusto
1581 3404 1667 3429 stante
1687 3402 1815 3428 interserit
1834 3401 1923 3435 piyro.

2326 1567 2374 1588 Alia
2388 1567 2448 1597 expli-

2357 1597 2420 1615 catio.

2334 2308 2408 2330 Aliter.
