2476 3921
4 370 5 373 ’
38 368 79 390 Per
91 366 161 394 provi-

3 404 4 408 =
26 394 117 417 dentiam
127 393 161 414 ru-

26 424 126 444 turoi-um.

28 1428 60 1450 De
73 1427 157 1455 gladiis.

27 1586 156 1609 Notandum.

23 1800 100 1822 Sensus
113 1806 158 1827 my-

36 1827 100 1848 sticus
114 1827 158 1854 pri-

36 1859 89 1875 mus.

749 213 944 246 COMMENT.
969 212 1006 245 IN
1030 211 1269 244 EVANGELIUM
1293 211 1410 244 LUCAE
1435 211 1467 243 C.
1492 211 1579 244 XXII.

268 305 321 338 49.
346 304 448 345 (Vers.
474 303 551 345 37.).
576 302 681 336 Tertio
712 304 867 344 quantum
898 299 937 333 ad
963 300 1139 343 providen-

180 359 263 392 tiam
284 356 481 400 futurorum
506 355 686 398 subiungit:
710 354 791 388 Dico
814 354 902 387 enim
925 353 1035 392 vobis,
1059 362 1139 396 quo-

178 411 274 444 niam
295 408 407 443 adhuc
427 408 487 442 hoc
502 409 590 453 quod
604 408 770 451 scriptum
786 411 852 446 esc,
868 409 993 449 oportet
1007 405 1141 448 impleri

179 465 215 498 in
237 474 310 497 me:
336 464 377 496 Et
398 472 476 496 cum
499 462 625 506 iniquis
647 461 826 503 deputatus
849 464 918 498 est;
936 459 1030 492 Isaiae
1046 459 1139 501 quin-

178 516 362 560 quagesimo
393 515 534 549 tertio¹:
567 514 741 547 «Tradidit
771 514 803 546 in
836 516 971 546 mortem
1001 512 1138 544 animam

178 578 268 604 suam
291 573 323 603 et
346 569 419 602 cum
444 568 604 601 sceleratis
619 567 790 609 deputatus
805 570 900 599 est».
922 565 1068 607 Congrue
1083 574 1140 597 au-

178 627 241 656 tem
266 622 325 655 hoc
348 622 503 655 Dominus
525 620 678 664 praedicit
708 620 771 659 eis,
802 622 839 652 111
869 628 911 652 ex
943 618 1140 651 considerata

178 676 322 719 passione
346 684 404 708 sua
426 678 591 707 armentur
614 677 646 706 et
673 673 873 711 animentur,
904 671 1079 704 secundum
1103 671 1140 703 il—

178 729 233 762 lud
256 729 377 771 primae
401 727 481 761 Petri
506 730 621 769 quarto
633 727 664 758 ²:
695 739 710 755 α
727 725 853 758 Christo
869 725 900 757 in
918 733 1013 758 carne
1028 733 1138 767 passo,

178 785 210 816 01
232 791 288 815 vos
317 781 426 815 eadem
457 780 644 823 cogitatione
667 778 882 812 armamini».
908 778 988 811 Ηο00
1010 781 1058 811 051
1088 787 1140 810 ar-

176 839 303 869 matura
318 834 515 877 accipienda‘,
532 832 707 866 secundum
724 832 801 865 illud
814 831 853 865 ad
867 831 1017 874 Ephesios
1032 834 1138 864 sexto:

182 902 198 919 α
214 888 350 931 Accipite
373 891 569 921 armaturam
593 886 668 926 Dei,
685 889 722 919 ut
736 886 863 928 possitis
879 885 1027 918 resistere
1042 885 1073 918 in
1089 885 1140 918 die

178 943 262 975 malo
277 956 309 974 n.
327 959 369 966 —
386 941 423 974 Et
438 940 588 984 quoniam
612 939 691 972 nihil
715 939 816 982 magis
838 939 958 972 animat
980 938 1139 971 hominem

176 995 209 1029 in
232 995 437 1029 tribulatione
460 1003 556 1037 quam
580 993 789 1027 consideratio
805 992 895 1032 linis,
919 992 988 1025 ideo
1011 991 1138 1024 subdit:

177 1049 305 1082 Etenim
328 1058 367 1082 ea
383 1058 469 1092 quae
485 1047 624 1090 scripta³
647 1050 729 1080 sunt
743 1046 782 1079 de
797 1055 867 1085 me,
883 1045 984 1088 finem
1004 1043 1138 1083 habent,

176 1102 295 1136 scilicet
316 1110 374 1144 per
398 1100 574 1143 passionem
597 1099 823 1133 imminentem.
855 1099 930 1131 Nam
962 1107 1060 1140 supra
1086 1097 1140 1130 de-

176 1155 259 1189 cimo
282 1157 413 1187 octavo:
445 1167 460 1182 «
476 1152 789 1186 consummabuntur
813 1151 935 1190 omnia,
957 1159 1038 1193 quae
1062 1150 1140 1183 scri-

176 1211 231 1251 pta
253 1211 328 1241 sunt
343 1207 382 1240 de
398 1215 466 1246 me,
483 1206 558 1239 Filio
575 1205 711 1239 hominis
727 1218 758 1237 ι).
777 1205 809 1237 ln
827 1205 886 1237 hac
903 1203 1032 1246 quidem
1054 1203 1139 1235 finali

177 1261 380 1295 tribulatione
403 1270 466 1293 non
490 1260 583 1293 debet
606 1268 675 1292 esse
690 1258 832 1292 defectus
848 1257 1022 1300 spiritualis
1037 1266 1141 1295 011110-

177 1318 286 1353 turae,
311 1322 393 1356 quae
416 1322 580 1355 nunquam
605 1312 706 1345 deerit
730 1311 893 1344 Ecclesiae.

267 1368 319 1401 50.
345 1368 447 1407 (Vers.
473 1366 550 1408 38.).
575 1366 608 1398 ln
632 1365 724 1399 cuius
747 1364 994 1407 designationem
1011 1362 1139 1396 subdit:

179 1423 225 1454 At
247 1421 298 1454 illi
320 1421 502 1454 dixerunt:
532 1419 689 1458 Domine,
721 1427 809 1457 ecce,
840 1417 950 1461 gladii
983 1417 1050 1449 duo
1075 1415 1138 1449 hic.

181 1476 225 1508 At
248 1474 301 1507 ille
324 1474 413 1507 dixit
435 1474 504 1507 eis:
530 1473 620 1506 Satis
643 1476 701 1505 est.
726 1472 772 1504 Ex
796 1481 860 1514 quo
883 1473 1031 1513 apparet.
1055 1469 1140 1512 quod

177 1527 312 1560 verbum
335 1526 452 1559 Christi
476 1526 548 1573 plus
572 1525 711 1558 refertur
742 1524 781 1557 ad
813 1522 1009 1556 intellectum
1038 1521 1141 1564 spiri-

180 1579 302 1613 tualem
326 1588 422 1622 quam
446 1579 485 1612 ad
509 1578 690 1611 carnalem.
722 1577 798 1610 Nam
829 1576 896 1609 duo
925 1575 1036 1619 yladii
1057 1585 1140 1608 nun-

177 1642 274 1676 quam
297 1633 373 1666 satis
396 1636 501 1666 essent
523 1632 563 1665 ad
586 1631 798 1665 defensionem
822 1633 933 1665 contra
949 1630 1034 1662 illam
1052 1629 1142 1661 innu-

176 1686 360 1719 merabilem
385 1685 639 1724 multitudinem,
664 1684 718 1726 qui
740 1692 812 1716 cum
830 1682 941 1726 gladiis
956 1686 988 1715 et
1004 1681 1143 1715 fustibus

176 1728 334 1773 venerunt
345 1739 368 1771 4.
395 1738 485 1781 Quod
502 1747 577 1780 ergo
597 1737 693 1770 dicit:
712 1736 802 1770 Satis
818 1740 884 1775 est,
901 1735 1088 1778 intelligitur
1104 1734 1143 1767 de

177 1793 308 1836 signato.
333 1793 411 1825 Nam
433 1801 491 1834 per
515 1792 596 1824 duos
618 1791 677 1824 hos
700 1790 820 1833 gladios
836 1789 1058 1832 intelliguntur
1074 1789 1142 1822 duo

177 1849 389 1884 testamenta,
414 1845 446 1878 in
470 1845 588 1887 quibus
612 1844 773 1877 sufficiens
796 1843 977 1876 continetur
997 1842 1142 1875 doctrina

176 1898 215 1932 ad
245 1898 470 1932 defendendam
502 1897 714 1931 universalem
733 1896 933 1936 Ecclesiam,
965 1896 1141 1929 secundum

176 1952 255 1985 illud
278 1951 478 1985 canticorum
502 1953 617 1994 quarto
630 1951 660 1983 ⁶:
691 1964 706 1980 α
723 1950 810 1984 810111
834 1950 934 1983 1111115
950 1950 1049 1983 David
1065 1963 1081 1979 „
1100 1969 1141 1973 —

176 2005 360 2048 designatur
383 2007 488 2038 tamen
512 2013 569 2047 per
592 1997 732 2047 gladium
756 2004 959 2046 geminatum.
986 2003 1022 2036 Et
1039 2003 1070 2036 in
1087 2003 1141 2036 de-

177 2059 384 2101 signationem
408 2058 506 2092 huius
529 2057 695 2100 Seraphim
718 2058 792 2090 tulit
815 2066 891 2090 cum
907 2057 1026 2099 forcipe
1042 2057 1081 2090 de
1097 2057 1143 2089 al-

176 2111 237 2144 tari
253 2111 428 2151 calculum,
445 2111 499 2154 qui
516 2111 549 2144 in
572 2111 698 2144 duobus
720 2110 891 2143 brachiolis
906 2110 1065 2152 duplicem
1085 2109 1143 2142 ha-

176 2164 230 2197 bet
253 2164 435 2204 cultellum,
460 2164 556 2197 Isaiae
579 2167 671 2197 sexto
683 2163 706 2207 5.
724 2164 756 2196 111
774 2163 872 2196 11111115
887 2162 981 2195 0110111
1002 2162 1143 2204 designa-

177 2217 294 2251 tionem
318 2217 517 2260 Apocalypsis
540 2217 662 2251 decimo
679 2226 762 2250 nono
775 2217 787 2236 ⁷
811 2216 945 2255 dicitur,
969 2215 1054 2258 quod
1072 2228 1087 2244 α
1103 2215 1142 2248 (10

176 2280 232 2305 010
254 2271 323 2304 01115
346 2271 454 2304 exibat
483 2271 607 2314 gladius
637 2280 679 2304 ex
703 2274 841 2312 utraque
865 2272 955 2311 parte
978 2271 1092 2301 acutus
1108 2280 1140 2308 »;

177 2328 208 2358 01
231 2324 270 2358 (10
294 2325 344 2358 his
365 2325 460 2358 Isaiae
484 2324 642 2358 secundo:
673 2337 690 2352 «
705 2323 894 2356 Conflabunt
921 2321 1040 2365 gladios
1063 2330 1138 2354 suos

179 2545 321 2578 penetralia
340 2544 497 2570 vestiuntur.
516 2545 560 2570 Est
588 2544 666 2569 etiam
695 2543 800 2576 gladius
828 2544 973 2576 passionis,
1002 2547 1031 2570 ut
1056 2551 1136 2570 exuas

179 2596 291 2621 corpus,
310 2591 335 2615 et
353 2589 502 2614 immolatae
522 2588 607 2614 carnis
625 2588 728 2614 exuviis
756 2590 859 2614 ematur
886 2588 932 2614 tibi
952 2589 1019 2614 sacri
1039 2595 1136 2615 corona

178 2633 324 2666 martyrii...
337 2633 470 2666 Denique,
489 2635 518 2659 111
536 2633 618 2665 scias,
637 2633 700 2666 quia
718 2633 755 2660 de
771 2625 1015 2665 passione'iocutus
1034 2636 1087 2665 est,
1106 2640 1139 2659 ne

178 2678 296 2704 turbaret
314 2678 504 2710 discipulorum
524 2677 641 2709 animos,
660 2677 694 2703 de
722 2684 750 2703 se
778 2678 928 2710 exemplum
957 2678 1078 2710 protulit,
1103 2678 1141 2704 di-

179 2729 256 2749 cens:
279 2721 414 2754 Quoniam
433 2721 483 2748 hoc
501 2721 574 2756 quod
591 2721 724 2756 scriptum
743 2723 782 2749 est
800 2726 849 2748 etc.

251 2766 259 2781 ²
280 2766 357 2792 Vers.
376 2767 417 2792 12.
437 2767 486 2792 Pro
505 2765 648 2800 deputatus
669 2766 725 2792 Vat.
746 2773 807 2792 cum
832 2767 944 2799 Vulgata
964 2769 1115 2801 reputatus.

250 2809 261 2826 ²
281 2811 356 2837 Vers.
376 2811 400 2836 1.
419 2824 454 2830 ——·
473 2811 597 2843 Sequitur
615 2811 680 2843 Eph.
701 2811 731 2841 6,
753 2811 794 2836 13.

251 2854 262 2869 ³
281 2855 339 2881 Vat„
359 2855 452 2881 omittit
481 2854 599 2888 scripta,
627 2862 676 2887 pro
704 2862 758 2888 quo
783 2856 805 2880 H
825 2854 967 2889 praedicta
989 2862 1087 2889 supra.
1107 2869 1141 2874 —-

180 2898 297 2925 Subinde
316 2899 443 2930 allegatur
461 2899 523 2924 Luc.
545 2899 593 2929 18,
613 2899 655 2924 31.

251 2942 263 2957 ⁴
282 2943 370 2969 Matth.
389 2943 437 2975 26,
458 2942 509 2969 47:
528 2943 559 2968 Et
576 2950 638 2969 cum
651 2950 683 2968 eo
697 2943 771 2976 [luda
791 2942 876 2977 venit]
894 2942 970 2969 turba
984 2943 1065 2969 multa
1079 2949 1139 2968 cum

181 2987 274 3020 gladiis
293 2990 318 3013 et
336 2984 449 3013 fustibus
467 2990 517 3013 etc.
535 2979 794 3020 —‘Theophyiact.‚
823 2987 849 3013 in
877 2988 940 3013 Luc.
969 2988 1017 3018 22,
1041 2987 1141 3013 35-38:

180 3032 213 3058 At
230 3032 288 3064 ipse
307 3031 403 3065 [lesus]
422 3032 484 3065 quia
504 3032 579 3063 vidit,
599 3039 646 3058 eos
664 3031 828 3066 [Apostolos]
847 3038 899 3057 non
919 3031 1086 3062 intellexisse,
1107 3031 1141 3057 in-

180 3076 253 3109 quit:
273 3075 347 3103 Satis
365 3077 424 3108 est;
444 3076 547 3102 tametsi
575 3083 744 3109 nequaquam
769 3076 948 3107 suffecissent,
977 3076 998 3102 si
1025 3077 1141 3102 humano

180 3120 274 3146 auxilio
292 3122 382 3145 0011110
400 3120 547 3146 homicidas
575 3119 631 3146 illos
658 3120 697 3146 uti
723 3120 895 3153 oportuisset,
923 3126 1010 3153 neque
1034 3122 1141 3145 centum

181 3163 262 3196 gladii
280 3163 449 3190 suffecissent.
655 3161 659 3165 '

253 3205 264 3221 ⁶
283 3207 359 3233 Vers.
380 3206 405 3233 4.
423 3220 459 3226 —
477 3207 608 3239 Expositio
627 3209 692 3233 11000
711 3210 750 3233 051
769 3207 915 3234 secundum
935 3207 1056 3244 (1110550111
1072 3204 1142 3233 ordi-

182 3251 292 3278 nariam
312 3251 353 3284 (ex
371 3250 526 3282 Ambrosio,
545 3251 580 3277 X.
598 3251 624 3277 in
642 3252 704 3277 Luc.
723 3258 747 3277 0.
766 3252 808 3277 22.
827 3245 858 3277 11.*
874 3251 939 3285 55.).

253 3294 265 3310 ⁶
283 3295 360 3321 Vers.
378 3295 409 3328 6,
429 3295 455 3320 in
474 3302 555 3328 quem
575 3295 664 3321 Glossa
683 3294 867 3322 interlinearis
882 3296 922 3330 (ex
935 3294 1067 3328 Hieron.):
1081 3293 1142 3322 Cal-

183 3338 274 3372 culus,
294 3345 374 3373 quem
391 3338 493 3373 forcipe
512 3342 576 3371 etc.,
598 3338 705 3365 duobus
732 3340 907 3373 testamentis,
935 3346 1004 3373 quae
1030 3339 1142 3371 Spiritus

183 3382 265 3409 sancti
284 3382 381 3409 unione
399 3382 541 3409 sociantur.
561 3382 625 3409 ibid.
645 3383 735 3409 Glossa
755 3382 917 3410 ordinaria:
947 3382 1089 3416 Calculus,
1115 3382 1141 3408 id

2097 211 2159 243 555

1203 300 1234 332 in
1263 308 1454 339 vomeres»,
1485 300 1561 342 quia
1592 299 1707 333 veteris
1738 298 1914 332 testamenti
1946 298 2044 332 verba
2074 299 2163 331 utilia

1203 355 1279 385 sunt
1301 352 1340 385 ad
1364 353 1637 394 praedicationem.
1663 371 1705 377 -—
1730 353 1788 386 Per
1810 352 1896 385 duos
1916 352 2049 395 ⁸eladio-3
2073 352 2164 385 intel-

1204 405 1312 448 ligitur
1336 405 1458 448 dupleoe
1482 410 1684 445 armatura,
1707 405 1826 439 scilicet
1840 405 2032 448 spiritualis
2047 408 2079 438 et
2094 414 2163 438 ma-

1204 458 1342 491 cerialis.
1366 459 1452 491 Unde
1476 458 1655 492 Bernardus
1678 459 1716 491 ad
1741 458 1962 500 Eugeniumss:
1993 471 2009 487 α
2025 458 2055 490 Si
2075 458 2163 491 nullo

1203 511 1297 544 modo
1319 511 1359 544 ad
1382 515 1412 544 10
1436 512 1609 554 pertineret
1632 511 1755 554 gladius
1778 512 1964 551 materialis,
1987 511 2164 545 dicentibus

1203 564 1377 606 Apostolis:
1411 565 1502 603 Ecce,
1532 565 1642 608 9ladii
1671 565 1738 598 duo
1762 564 1835 603 hic,·
1859 574 1922 598 non
1952 564 2164 606 respondisset

1202 616 1375 649 Dominus:
1402 617 1493 650 Satis
1520 621 1584 656 esc,
1615 617 1684 650 sed‘
1700 617 1804 650 nimis
1834 621 1890 650 est.
1925 617 2064 659 Uterque
2087 625 2164 659 ergo

1202 673 1251 702 est
1275 670 1447 709 Ecclesiae,
1471 673 1502 703 et
1525 670 1699 712 spiritualis
1722 671 1842 703 scilicet
1857 673 1888 703 et
1905 670 2092 709 materialis;
2110 669 2164 702 sed

1203 723 1229 756 is
1252 722 1379 765 quidem
1401 733 1465 766 pro
1490 723 1654 763 Ecclesia,
1678 724 1730 756 1110
1754 732 1830 756 vero
1861 723 1903 756 ab
1936 723 2082 756 Ecclesia
2105 732 2164 756 ex-

1203 776 1356 809 serendus
1379 779 1447 815 est;
1472 776 1523 809 1110
1547 777 1736 816 sacerdotis,
1768 777 1795 810 is
1827 777 1935 810 militis
1962 785 2077 815 manu,
2110 776 2162 809 sed

1203 838 1277 863 sane
1300 830 1339 862 ad
1362 833 1476 863 nutum
1500 830 1670 863 sacerdotis
1692 834 1724 863 et
1747 831 1869 864 iussum
1893 829 2093 872 imperatoris
2109 843 2140 861 n.

1225 935 1357 980 Quarto,
1382 936 1421 971 de
1443 936 1557 971 devota
1579 935 1805 981 supplicatione
1828 935 1945 970 Christi
1969 935 2011 970 ad
2033 936 2140 971 Deum.

1294 1045 1346 1076 51.
1378 1044 1479 1084 (Vers.
1513 1043 1590 1085 39).
1624 1044 1665 1076 Et
1694 1053 1846 1086 egressus
1877 1043 1946 1076 ibat
1979 1043 2161 1076 secundum

1203 1096 1471 1130 consuetudinem
1494 1099 1552 1130 etc.
1578 1096 1649 1129 Post
1679 1096 1868 1138 descriptam
1900 1096 2163 1129 machinationem

1191 1149 1373 1191 ⁴proditoris
1396 1153 1427 1182 et
1450 1149 1679 1182 institutionem
1711 1149 1902 1182 Sacramenti
1932 1149 2039 1182 altaris
2063 1152 2094 1181 et
2117 1149 2164 1181 in-

1203 1202 1421 1235 formationem
1445 1202 1675 1245 discipulorum
1707 1202 1856 1235 describit
1887 1200 1938 1235 hic
1972 1202 2165 1245 Evangelista

1203 1256 1387 1288 orationem
1408 1254 1551 1288 hominis
1573 1255 1698 1289 Clu-isti
1713 1256 1759 1288 ad
1775 1256 1878 1288 Deum
1893 1256 1925 1294 Β;
1941 1259 1973 1289 01
1990 1256 2049 1289 1100
2065 1265 2164 1299 quan-

1203 1312 1272 1342 tum
1295 1309 1335 1342 ad
1359 1309 1575 1351 septiformem
1607 1309 1835 1348 conditionem,
1867 1318 1948 1352 quae
1972 1309 2064 1342 debet
2096 1318 2164 1342 esse

1203 1362 1235 1395 in
1259 1362 1410 1395 oratione.
1436 1362 1535 1396 Debet
1558 1362 1641 1395 enim
1666 1371 1734 1396 esse
1757 1367 1902 1402 secreta,
1926 1362 2086 1402 sollicita,
2111 1363 2164 1396 de—

1202 1419 1298 1454 vota,
1323 1415 1487 1454 discreta,
1511 1416 1688 1458 viem-osa,
1712 1416 1821 1449 anxia
1844 1420 1881 1449 et
1899 1416 2148 1459 circumspecta.

2182 359 2300 381 Secundus.

2183 1317 2318 1344 septiformis

2203 1343 2298 1365 conditio

2193 1370 2303 1391 orationis.

1295 1468 1398 1501 Primo
1423 1469 1520 1511 igitur
1551 1473 1707 1511 quantum
1739 1469 1777 1502 ad
1809 1470 1973 1502 orationis
2003 1473 2163 1502 secretum
2177 1476 2329 1498 oratiodebet

1204 1531 1243 1554 ex
1263 1526 1363 1564 parte
1388 1522 1450 1554 loci
1472 1521 1565 1555 dicit:
1586 1523 1624 1555 Et
1639 1532 1791 1565 cyressus
1807 1522 1876 1555 ibat
1890 1523 2074 1555 secundum
2089 1532 2165 1555 con-

1203 1575 1413 1608 suetudinem
1429 1575 1466 1608 in
1481 1580 1623 1608 montem
1649 1570 1836 1609 Olivarum.
1861 1575 2062 1609 Consuetudo
2082 1576 2165 1609 enim

1205 1638 1263 1662 5110
1286 1632 1355 1662 0101
1378 1638 1471 1662 01010
1495 1629 1527 1662 111
1551 1632 1657 1662 11101110
1689 1629 1760 1668 1110,
1791 1629 1866 1672 quia
1897 1629 1985 1662 locus
2016 1629 2068 1662 ille
2098 1633 2167 1662 erat

1203 1686 1368 1721 secretus,
1393 1685 1430 1715 ut
1452 1682 1609 1721 insinuet,
1634 1682 1718 1725 quod
1742 1682 1854 1715 devota
1877 1682 1978 1715 oratio
2000 1682 2093 1715 debet
2116 1682 2166 1715 fu-

1204 1744 1279 1778 gere
1302 1735 1486 1778 publicum;
1504 1739 1634 1778 propter
1651 1735 1736 1778 quod
1752 1735 1898 1768 Matthaei
1915 1738 2007 1768 sexto
2020 1735 2063 1768 ¹⁰:
2087 1749 2102 1764 α
2118 1736 2165 1769 Tu

1204 1791 1329 1828 autem,
1354 1797 1427 1821 cum
1451 1788 1610 1828 oraveris,
1635 1789 1718 1821 intra
1742 1789 1773 1821 in
1797 1788 1981 1821 cubiculum
2007 1792 2117 1828 tuum,
2134 1793 2165 1822 et

1205 1842 1313 1875 clauso
1336 1841 1433 1881 ostio,
1457 1851 1514 1874 ora
1538 1842 1660 1874 Patrem
1685 1844 1776 1874 tuum
1793 1854 1809 1870 2>
1838 1844 1919 1881 etc.;
1949 1844 1980 1874 et
2007 1841 2087 1874 Osee
2118 1850 2166 1874 se-

1205 1895 1330 1929 cundo:
1361 1908 1377 1924 «ι
1394 1895 1511 1928 Ducam
1536 1903 1609 1927 eum
1634 1894 1666 1927 in
1690 1894 1890 1927 solitudinem
1923 1897 1955 1927 et
1986 1894 2099 1936 loquar
2127 1894 2164 1927 ad

1205 1958 1260 1982 cor
1284 1948 1353 1982 eius
1368 1960 1399 1987 »;
1425 1948 1490 1981 sive
1513 1948 1589 1990 quia
1612 1948 1700 1981 locus
1723 1951 1792 1980 erat
1815 1948 1979 1987 eminens,
2003 1948 2042 1980 ad
2070 1956 2165 1990 quem

1205 2002 1297 2035 debet
1320 2011 1415 2035 orans
1431 2001 1617 2040 ascendere,
1634 2001 1755 2034 ratione
1772 2001 1864 2034 cuius
1881 2001 2027 2034 Matthaei
2043 2001 2165 2034 decimo

1205 2058 1320 2098 quarto
1334 2056 1379 2087 11:
1402 2068 1418 2084 «
1434 2054 1550 2088 Relicta
1567 2054 1676 2094 turba,
1692 2054 1832 2087 ascendit
1847 2054 1878 2086 in
1896 2057 2033 2087 montem
2050 2066 2082 2093 »;
2099 2054 2165 2087 sive

1205 2108 1317 2148 etiam,
1342 2108 1417 2150 quia
1446 2116 1537 2140 mons
1568 2110 1636 2140 erat
1670 2107 1846 2140 Olivarum
1877 2111 1907 2139 et
1937 2107 2104 2140 unctionis
2135 2111 2165 2139 et

1202 2161 1354 2204 pietatis,
1387 2170 1427 2194 ex
1452 2170 1516 2203 qua
1538 2160 1631 2193 debet
1654 2160 1739 2193 Deus
1761 2160 1864 2199 orari,
1889 2160 2064 2193 secundum
2086 2160 2165 2194 illud

1197 2214 1339 2247 Psalmi:
1370 2227 1385 2243 (ι
1403 2213 1604 2256 impinguasti
1629 2213 1662 2246 in
1685 2214 1754 2254 oleo
1782 2217 1877 2256 caput
1907 2222 2013 2246 meum
2031 2227 2046 2242 ι)
2082 2218 2163 2253 010.;

1205 2268 1271 2301 sive
1293 2267 1405 2307 etiam,
1437 2267 1512 2310 quia
1543 2268 1582 2300 de
1613 2267 1668 2300 illo
1699 2267 1768 2300 loeo
1799 2276 2002 2300 ascensurus
2025 2271 2100 2300 erat
2129 2268 2165 2300 in

1206 2320 1358 2360 caelum;
1389 2320 1474 2354 unde
1504 2320 1712 2363 Hieronymus
1728 2321 1781 2353 1²:
1816 2333 1832 2349 «
1856 2320 1888 2353 ln
1920 2323 2025 2353 monte
2052 2320 2164 2353 Oliveti

1200 2546 1239 2569 est
1257 2543 1364 2574 caritas,
1383 2549 1462 2576 quem
1481 2541 1596 2576 forcipe,
1619 2541 1643 2567 id
1664 2544 1703 2567 est
1721 2541 1839 2567 doctrina
1859 2541 1974 2567 duorum
2000 2544 2164 2567 testamento-

1201 2595 1275 2618 rum,
1294 2586 1326 2613 de
1344 2586 1430 2613 altari
1447 2585 1549 2613 tulerat
1567 2588 1592 2611 et
1611 2586 1691 2612 150100
1711 2585 1736 2611 111
1755 2585 1904 2617 exemplum
1924 2588 2057 2617 posuerat.
2072 2598 2104 2602 —
2117 2585 2163 2610 Su-

1203 2632 1293 2665 perius
1321 2639 1370 2664 pro
1399 2630 1522 2665 yladium
1543 2630 1711 2664 yeminatum
1731 2629 1775 2662 (ita
1796 2629 1889 2662 BDG)
1909 2628 1959 2655 AC
1980 2628 2013 2661 (D
2032 2629 2163 2661 primitus)

1204 2675 1324 2711 gradum
1343 2675 1519 2710 geminatum,
1539 2675 1558 2700 E
1577 2673 1721 2708 Seraphim
1740 2673 1923 2707 yeminamm,
1939 2674 1995 2698 Vat.
2008 2672 2165 2706 oratiarum

1205 2720 1382 2755 yeminamm.
1401 2720 1511 2746 Videtur
1530 2719 1566 2745 ibi
1586 2726 1643 2745 esse
1661 2718 1792 2751 quaedam
1812 2718 1934 2748 omissio,
1960 2718 2002 2743 vel
2022 2718 2164 2749 corruptio.

1278 2764 1288 2779 ⁷
1309 2765 1383 2790 Vers.
1405 2764 1453 2796 ⁴5,
1472 2763 1519 2789 ubi
1536 2763 1617 2789 etiam
1645 2763 1734 2788 Glossa
1763 2761 1904 2788 ordinaria
1934 2762 2000 2787 hanc
2028 2760 2165 2793 subiungit

1205 2810 1408 2842 expositionem:
1423 2809 1471 2835 Vel
1481 2811 1558 2834 vetus
1571 2811 1596 2833 et
1608 2814 1707 2833 novum
1722 2809 1905 2832 testamentum
1920 2805 1978 2837 ((111.
1992 2805 2054 2831 ibid.
2066 2806 2090 2836 l,
2103 2806 2164 2838 16.).

1206 2868 1240 2873 -
1259 2854 1383 2887 Sequitur
1402 2853 1458 2878 lsai.
1479 2854 1510 2884 2,
1530 2852 1553 2877 4.
1648 2885 1656 2887 ⁴

1276 2897 1288 2912 ⁸
1307 2898 1369 2923 Sive
1387 2896 1445 2923 libr.
1465 2897 1506 2922 lV.
1527 2896 1561 2921 de
1579 2891 1740 2932 Considernt.
1760 2901 1784 2920 0.
1803 2895 1828 2920 3.
1847 2901 1872 2920 11.
1891 2894 1917 2920 7.
1936 2893 1987 2921 ctr.
2009 2894 2089 2926 Epist.
2103 2894 2165 2920 256.

1206 2950 1233 2968 n.
1258 2943 1280 2967 1.
1300 2941 1370 2967 Vide
1389 2944 1451 2966 10111.
1472 2940 1515 2965 Vl.
1534 2946 1595 2971 pag.
1616 2939 1680 2971 48¹,
1699 2941 1787 2964 notam
1808 2938 1832 2964 9.

1277 2984 1289 3000 ⁹
1306 2985 1358 3012 Cir.
1377 2991 1457 3016 supra
1476 2991 1504 3009 n.
1526 2984 1549 3008 1.
1569 2997 1605 3002 -
1624 2982 1750 3015 Superius
1778 2982 1836 3008 Vat.
1856 2982 1951 3008 omittit
1973 2983 1998 3008 et
2016 2981 2164 3009 institutio·

1204 3037 1266 3056 nem
1284 3027 1458 3056 Sacramenti
1474 3026 1581 3054 altaris.

1277 3073 1300 3089 ¹⁰
1319 3074 1394 3099 Vers.
1414 3073 1443 3104 6,
1463 3072 1505 3098 cui
1524 3071 1692 3103 subiungitur
1711 3070 1778 3097 Osee
1797 3071 1828 3102 2,
1849 3070 1897 3102 ⁴4,
1910 3070 1955 3096 ubi
1969 3078 2017 3103 pro
2030 3077 2092 3097 eum
2106 3071 2165 3097 Vat.

1205 3126 1265 3145 cum
1286 3118 1398 3149 Vulgata
1417 3123 1487 3143 eam.
1505 3115 1557 3142 Cfr.
1576 3122 1656 3147 supra
1676 3122 1698 3141 c.
1718 3116 1744 3140 9.
1763 3122 1791 3141 11.
1810 3115 1852 3141 30.
1872 3118 1897 3140 01
1917 3115 1959 3141 46.

1277 3161 1298 3176 ¹¹
1319 3161 1393 3187 Vers.
1414 3161 1456 3186 23.
1476 3175 1510 3179 -
1529 3158 1646 3185 Subinde
1665 3159 1791 3191 allegatur
1809 3159 1849 3185 Ps.
1869 3159 1917 3190 22,
1937 3159 1962 3185 5.

1278 3204 1301 3220 ¹⁹
1320 3205 1469 3231 Comment.
1490 3203 1515 3228 in
1534 3203 1611 3228 Marc.
1633 3202 1680 3235 ⁴4,
1700 3203 1743 3228 26.
1763 3209 1838 3236 seqq.
1858 3202 1934 3235 (inter
1947 3209 2028 3235 opera
2039 3202 2164 3236 Hieron).

1205 3250 1232 3275 ln
1250 3249 1303 3275 flue
1321 3247 1398 3275 Card.
1418 3248 1495 3279 nugo
1513 3246 1587 3273 addit
1605 3245 1634 3272 in
1652 3248 1742 3279 terra,
1763 3249 1848 3273 textus
1866 3246 2001 3279 originalis
2028 3247 2092 3279 legit
2116 3253 2164 3274 nec

1205 3299 1391 3328 repuynamus
1411 3290 1438 3318 in
1457 3292 1547 3323 terra,
1567 3291 1625 3316 Vat.
1645 3292 1671 3317 et
1688 3297 1742 3317 non
1760 3290 1971 3318 reconciliamur
1982 3291 2020 3324 (1).
2039 3291 2089 3317 Pro
2108 3298 2166 3317 ver-

1206 3336 1247 3363 bis
1265 3335 1418 3368 Hieronymi
1437 3335 1457 3360 B
1475 3334 1607 3361 substituit
1626 3333 1691 3368 quia
1709 3333 1797 3361 oratio
1816 3334 1861 3362 via
1879 3336 1918 3362 est
1945 3334 2107 3362 ascendendi
2129 3334 2166 3362 ad

1206 3381 1301 3408 Deum.

2180 1509 2227 1525 esse
2238 1505 2327 1524 secreta.

2185 1635 2286 1657 Rationes
2301 1636 2321 1657 6.
