2427 3872
271 251 336 285 832

554 294 616 319 sim

270 340 387 366 Christus
406 339 503 364 revelat
521 339 543 363 ei
564 340 693 363 secretum
713 337 764 362 294
781 337 861 362 29-32
875 350 909 355 -

256 383 384 418 ,habebat
396 384 483 408 virum
502 389 553 407 non
574 388 621 414 per
640 381 848 411 matrimonium,
862 380 909 405 sed

271 435 318 460 per
338 427 450 453 abusum
470 426 503 452 ib.
523 426 556 451 30

323 485 358 490 —
371 470 477 503 petebat
490 477 585 503 aquam
599 469 791 495 indeficientem
802 471 909 500 propter

270 516 339 541 sitim
358 519 383 541 et
401 515 517 540 laborem
541 513 677 539 hauriendi
700 514 730 538 Vl
751 512 801 538 294
822 512 854 537 29
874 525 909 531 ·-

271 560 370 585 donum
384 559 544 591 promissum
558 558 693 583 carnaliter
713 556 872 588 intelligebat
884 559 909 581 et

271 604 373 629 Domini
392 603 533 635 potentiam
553 601 685 627 nesciebat
704 602 755 626 292
773 601 814 632 49,
828 601 861 625 20
873 613 909 618 -

271 648 367 673 Mulieri
394 650 498 679 paratae
518 646 624 672 credere
643 646 668 671 in
688 645 819 672 Christum
839 644 910 670 Chri-

270 695 326 718 stus
345 692 429 724 aperit
446 698 475 716 se
493 691 580 722 ipsum
595 691 645 716 296
661 690 702 721 40,
717 690 744 714 41
762 703 797 709 -
810 696 909 721 cogno-

271 736 373 766 scebat,
393 735 522 761 ChrIstum
537 742 583 766 per
596 734 749 766 sapientiam
768 733 856 759 omnia
869 740 910 758 co-

271 787 396 812 gnoscere
416 780 467 805 299
487 779 519 805 64

324 838 357 843 —-
376 828 480 850 strenua
499 824 632 856 diligentia
657 823 820 848 annuntiavit
844 822 910 847 veri-

271 872 349 894 tatem
369 869 402 894 ad
423 868 655 894 manifestationem
680 867 773 893 Christi
799 870 824 892 et
849 873 910 892 con-

272 913 419 938 versionem
440 919 502 938 suae
516 913 600 944 gentis
614 912 645 937 Vl
660 911 711 937 297
726 911 757 936 48
772 925 806 929 -—
820 910 910 936 festine

271 960 296 982 et
316 958 445 982 ferventer
465 956 527 982 abiit
551 957 577 982 in
596 956 727 981 civitatem
750 956 784 981 ad
803 955 911 986 vulgan-

270 1001 334 1027 dum
360 1008 454 1027 nomen
480 1000 572 1026 Christi
596 999 657 1026 ibid.
677 1013 712 1018 —
730 999 812 1024 vitam
834 1006 909 1024 suam

271 1045 404 1076 divulgat,
424 1047 452 1070 ut
475 1051 567 1070 omnes
591 1045 703 1069 attrahat
725 1043 759 1068 ad
778 1043 909 1068 Christum

271 1094 299 1115 ut
328 1090 480 1121 Prophetam
510 1088 543 1114 ib.
564 1088 596 1113 49
617 1102 650 1106 —
670 1091 747 1113 vocat
776 1088 848 1113 cives
877 1087 908 1113 ad

271 1133 415 1164 Christum,
436 1137 463 1158 ut
488 1132 521 1157 ab
548 1133 604 1164 ipso
624 1133 828 1158 certificarentur
849 1130 911 1158 ibid.

271 1191 305 1196 -
323 1181 362 1204 est
380 1178 464 1209 figura
485 1177 601 1208 gentium
621 1177 663 1202 Vll
684 1176 734 1201 482
755 1176 788 1201 29

323 1237 357 1240 -
377 1222 554 1247 Samaritanus
571 1220 794 1253 appropinquavit
812 1227 860 1252 per
878 1221 911 1245 es·

271 1268 382 1297 fectum,
401 1265 443 1292 cui
470 1269 525 1291 erat
549 1266 684 1298 proximus
709 1272 756 1297 per
774 1265 911 1295 affectum,

271 1318 400 1336 revocans
419 1310 452 1335 ad
473 1310 597 1335 unitatem
613 1310 719 1335 ν11270
733 1309 766 1335 58
787 1324 819 1327 -
839 1315 912 1335 cura-

271 1355 308 1381 vit
327 1355 491 1381 vulneratum
511 1361 571 1380 cum
598 1354 654 1380 oleo
673 1357 698 1380 et
716 1354 777 1379 vino
797 1353 847 1379 242
869 1354 912 1379 84.

271 1400 322 1425 270
342 1400 375 1425 58
395 1414 428 1418 -
448 1406 557 1431 parvam
578 1399 716 1430 pecuniam
736 1398 808 1424 dedit
826 1397 913 1423 stabu-

271 1445 349 1475 lario,
369 1444 414 1469 sed
433 1450 528 1475 magna
550 1446 604 1468 erat
630 1443 656 1468 in
681 1450 712 1468 eo
737 1442 911 1468 subveniendi

271 1489 391 1514 voluntas
410 1488 461 1514 270
481 1489 513 1514 59
533 1501 569 1507 -
587 1488 644 1513 eius
664 1487 842 1513 misericordia
865 1487 912 1512 fuit

271 1534 371 1565 integra
399 1532 461 1559 ibid.
480 1546 514 1552 ·—-
533 1535 561 1557 ut
588 1532 746 1564 alienigena,
774 1532 911 1557 vulnerato

271 1577 476 1603 misericordiam
497 1576 676 1608 impendendo
699 1576 842 1608 proximior
860 1576 911 1608 ipsi

272 1622 319 1647 fuit
331 1628 411 1654 quam
431 1621 554 1646 sacerdos
567 1624 591 1646 et
605 1621 680 1646 levita
696 1621 779 1652 gentis
792 1620 911 1646 eiusdem

272 1665 305 1691 ib.
324 1666 357 1690 60
376 1679 411 1684 -
431 1666 608 1690 Samaritanus
633 1664 792 1690 subveniens
816 1672 846 1690 ex
866 1664 911 1689 mi-

271 1710 412 1735 ser1cordia
431 1710 567 1735 vulnerato
586 1709 669 1740 figura
690 1712 729 1734 est
748 1709 803 1734 lesu
816 1708 911 1735 Christi

273 1754 318 1779 274
344 1754 376 1779 64

324 1811 359 1817 -—
378 1799 497 1829 leprosus
519 1797 628 1823 surrexit
654 1804 701 1829 per
726 1797 909 1828 poenitentiam

272 1843 314 1868 Vll
335 1842 385 1867 436
405 1842 439 1867 34
458 1856 493 1860 -—
512 1841 565 1867 ibat
590 1848 637 1873 per
662 1841 784 1867 iustitiam
805 1845 830 1866 et
848 1841 910 1866 obe-

270 1887 393 1912 dientiam
414 1885 473 1912 ibid.
494 1901 528 1904 —
547 1893 626 1912 sanus
646 1886 692 1911 suit
715 1893 762 1917 per
780 1886 911 1911 confiden-

271 1931 331 1956 tiam
350 1930 413 1956 ibid.
426 1945 461 1948 —
474 1931 594 1962 leprosus
607 1929 736 1961 significat
754 1930 864 1961 gentiles
876 1929 909 1955 ad

270 1975 368 2000 cultum
388 1974 481 2000 Christi
500 1974 639 1999 redeuntes
660 1973 710 1998 435
729 1974 771 1998 34.
793 1973 843 1998 436
864 1974 897 1998 33

323 2019 421 2044 Smsou
443 2032 474 2036 —
494 2018 676 2049 interpretatur
695 2018 733 2043 sol
751 2024 843 2043 eorum
865 2017 907 2042 Vll

272 2062 321 2087 409
342 2062 374 2087 88
394 2075 429 2081 —-
452 2064 493 2087 est
514 2062 598 2093 figura
626 2061 721 2087 Christi
750 2061 801 2086 596
822 2061 855 2086 34
873 2075 909 2079 ——

270 2109 423 2132 excaecatus
451 2112 497 2137 per
517 2105 622 2130 Dalilam
650 2105 779 2136 significat
809 2105 908 2132 victum

271 2150 481 2181 concupiscentia
500 2150 585 2175 carnis
604 2149 636 2174 Vl
657 2149 707 2175 579
728 2150 744 2174 6

325 2194 425 2220 Samum.
452 2208 487 2212 -
515 2201 528 2218 a
558 2193 669 2219 Domino
698 2194 843 2225 postulatus
871 2196 910 2219 est

272 2238 356 2270 flguca
376 2238 467 2264 Christi
484 2239 524 2264 Vll
545 2238 596 2264 596
611 2238 644 2264 34
657 2251 692 2257 -
709 2237 871 2264 ministrabat
884 2239 908 2264 in

272 2287 412 2315 conspectu
433 2283 534 2309 Domini
552 2286 610 2308 ante
623 2283 714 2308 faciem
734 2283 789 2308 Heli
810 2283 837 2308 44
858 2283 908 2308 434

270 2340 306 2347 —-
325 2327 458 2353 crescebat
476 2331 501 2353 et
525 2327 643 2359 placebat
671 2331 723 2353 tam
751 2328 802 2353 Deo
827 2335 907 2361 quam

273 2372 424 2398 hominibus
444 2372 475 2397 43
497 2372 547 2397 442

325 2417 425 2443 SANARE
444 2430 479 2436 -
497 2417 629 2442 infirmum
653 2417 738 2443 maius
765 2420 804 2443 est
827 2424 907 2450 quam

272 2468 364 2487 sanum
384 2468 539 2487 conservare
560 2462 601 2487 Vll
628 2462 678 2487 386
707 2462 740 2487 14
759 2475 794 2481 -
813 2462 908 2488 Natura

271 2509 392 2537 corrupta
407 2505 529 2531 sanabilis
542 2509 581 2531 est
601 2506 630 2531 Vl
651 2507 685 2531 29
698 2513 725 2531 v.
739 2506 754 2531 3
767 2520 803 2524 ——
816 2506 908 2531 Anima

272 2556 324 2575 non
342 2553 448 2575 sanatur
460 2550 509 2575 nisi
530 2557 576 2581 per
596 2550 675 2575 fldem
688 2550 783 2576 Christi
803 2551 854 2575 306
875 2551 907 2575 48

272 2606 304 2612 ·—
323 2594 450 2619 Sanantur
464 2601 511 2625 per
524 2594 602 2619 fldem
616 2594 772 2625 aspicientes
791 2595 818 2619 in
837 2594 909 2620 Chri-

273 2640 340 2662 stum
361 2637 512 2662 crucillxum
532 2638 582 2662 282
603 2637 636 2662 24

326 2693 361 2699 ·--
385 2681 410 2705 ln
440 2680 575 2711 baptizatis
603 2684 641 2706 est
669 2684 774 2712 tempus
801 2681 909 2706 sanandi

273 2724 395 2749 virtutem
415 2727 521 2749 naturae
540 2724 573 2748 Vl
594 2725 621 2749 31
643 2732 668 2749 v.
689 2725 704 2748 8
726 2738 758 2743 -
783 2725 910 2749 Dominus

273 2771 346 2793 sanat
364 2767 493 2800 quosdam
514 2768 616 2798 flagello
635 2768 815 2799 correctione,
834 2775 910 2800 quos-

273 2812 333 2837 dam
365 2811 521 2843 alloquendo
549 2812 603 2836 solo
630 2811 712 2836 verbo
742 2812 910 2843 praedicatio·

273 2855 326 2887 nis,
346 2855 474 2887 quosdam
495 2855 645 2880 illustrando
665 2855 747 2886 gratia
767 2855 911 2886 inspiratio-

273 2900 312 2925 nis
332 2899 382 2925 564
403 2907 429 2924 ν.
450 2899 481 2924 44
502 2900 517 2924 2
531 2913 565 2917 ——
584 2900 748 2931 Languentes
768 2900 792 2924 in
812 2900 909 2931 piscina

272 2943 430 2969 sanabantur
450 2951 497 2975 per
516 2944 621 2969 divinae
637 2944 735 2975 gratiae
755 2943 909 2969 beneficium

273 2988 323 3013 304
344 2988 359 3012 ὕ

324 3046 359 3051 -
379 3032 550 3064 Multiplicitas
574 3033 686 3058 nominis
709 3040 802 3058 sanum
822 3036 908 3058 ortum

273 3075 350 3101 habet
368 3076 402 3101 nb
422 3084 472 3102 una
493 3077 580 3102 radice
599 3077 631 3102 Vl
652 3077 703 3102 394
724 3077 756 3102 56

325 3121 504 3146 Sinni-trimme
523 3134 558 3140 —-
576 3125 616 3146 est
639 3121 766 3147 mundare
794 3124 820 3146 et
847 3128 909 3152 pur-

272 3170 334 3195 gare
354 3165 386 3188 Vl
407 3164 456 3189 473
478 3166 510 3190 28
530 3179 565 3183 —-
586 3165 686 3191 Veritas
711 3165 853 3191 sanctificat
871 3164 906 3191 ib.

272 3209 304 3233 29
325 3221 357 3226 --
377 3208 493 3234 Christus
509 3216 571 3234 vere
589 3210 731 3235 sanctificat
749 3209 783 3235 ib.
803 3210 832 3234 31

324 3253 414 3289 Sinuri
434 3266 469 3271 —
488 3260 581 3278 nomen
602 3260 616 3278 a
642 3254 695 3278 Deo
714 3254 846 3286 accipiunt
866 3253 907 3279 Vll

273 3296 304 3320 36
328 3296 375 3320 110
395 3309 429 3315 -—
450 3297 572 3322 Sanctum
591 3297 686 3322 dicitur
705 3298 776 3330 quod
796 3301 835 3323 est
853 3297 909 3323 sine

272 3342 338 3364 terra
359 3340 390 3364 Vl
412 3340 461 3365 473
482 3341 516 3365 29
537 3354 567 3358 ——
590 3341 647 3366 lusti
677 3341 799 3366 dicuntur
827 3341 908 3367 suncti

271 3390 318 3413 por
343 3387 504 3415 praesentem
534 3384 656 3409 iustitiam
687 3385 737 3410 435
766 3393 791 3410 ν,
822 3386 854 3411 45
873 3399 908 3403 -

1136 247 1250 280 INDEX
1274 247 1401 280 RERUM

945 338 1006 361 sunt
1032 336 1088 361 sine
1117 336 1231 366 macula,
1259 335 1320 368 quia
1347 343 1438 361 earum
1467 336 1584 361 maculae

946 383 1006 405 sunt
1024 380 1156 405 abstersae
1175 387 1222 412 per
1242 380 1352 411 gratiam
1372 380 1422 405 263
1445 381 1477 405 82
1499 380 1526 405 t·

1000 438 1033 442 ——
1052 425 1161 449 Sanctos
1179 424 1258 455 elegit
1274 425 1343 449 Deus
1362 425 1395 450 de
1414 425 1465 450 hoc
1483 424 1584 449 mundo

946 468 978 493 Vl
1001 468 1050 493 428
1070 475 1096 493 v.
1115 469 1130 493 9
1150 482 1185 487 -
1205 468 1289 493 vorati
1309 471 1370 494 sunt
1388 468 1422 494 de
1442 468 1540 494 mundo
1560 471 1585 493 et

946 511 1059 537 tenebris
1085 512 1176 537 mundi
1196 513 1247 537 392
1275 512 1307 537 47
1329 526 1364 532 -
1387 513 1534 538 discurrent
1558 513 1583 537 in

946 556 1055 587 collegio
1075 556 1250 587 reproborum
1270 563 1316 582 eos
1334 557 1512 582 conculcando
1533 551 1593 582 428

947 607 971 625 v.
992 599 1007 624 7
1027 613 1062 618 —
1081 607 1132 625 non
1152 604 1214 626 sunt
1232 601 1265 626 de
1286 601 1399 632 mundo,
1419 604 1507 626 tamen
1526 604 1586 626 sunt

946 644 973 669 in
994 644 1093 670 mundo
1114 644 1163 669 489
1183 645 1216 669 67

998 703 1033 706 -
1054 689 1182 714 ferventer
1196 689 1308 720 diligunt
1321 688 1452 715 Christum
1473 689 1506 715 Vl
1522 690 1553 714 43
1567 689 1585 714 b

945 746 981 751 —
1000 736 1061 758 sunt
1079 739 1191 764 regnum
1211 732 1304 759 Christi
1318 736 1343 759 et
1361 733 1489 759 obediunt
1502 734 1524 758 ei
1538 740 1585 766 per

946 776 1122 803 obedientiam
1144 777 1194 802 489
1214 777 1247 802 67

999 835 1035 840 -—
1052 821 1179 846 Sanctitas
1198 822 1267 847 vitae
1295 826 1409 848 meretur
1431 823 1531 848 donum
1550 822 1586 847 in-

948 866 1103 897 telligentiae
1132 865 1165 891 Vt
1194 866 1245 891 239
1276 867 1285 891 4
1310 880 1344 885 —
1363 867 1491 892 Sanctitas
1516 867 1585 892 vitae

947 910 1062 936 consistit
1081 909 1105 935 in
1125 910 1250 935 servitute
1270 911 1314 936 Dei
1334 910 1368 937 ib.
1388 912 1403 936 2

1000 969 1034 972 —
1054 957 1115 980 sunt
1134 955 1176 979 lux
1196 954 1337 980 illuminata
1357 959 1382 981 et
1402 956 1442 981 lux
1462 963 1510 987 per
1528 963 1586 987 par-

947 998 1137 1030 ticipationem,
1154 998 1301 1025 illuminans
1313 999 1467 1031 dispositive
1488 1000 1518 1025 Vl
1534 1001 1579 1026 251

948 1044 980 1068 23
1002 1056 1035 1060 -
1054 1043 1208 1074 dispositive
1232 1043 1376 1069 illuminant
1396 1044 1478 1070 verbo
1502 1048 1527 1070 et
1546 1052 1586 1070 ex-

947 1087 1034 1119 emplo
1053 1086 1114 1113 ibid.
1133 1100 1169 1106 —
1184 1088 1412 1119 comprehendunt
1431 1089 1515 1114 lucem
1535 1090 1585 1121 spi-

946 1132 1066 1156 ritualem
1087 1138 1134 1163 per
1153 1131 1213 1157 fidei
1227 1135 1252 1157 et
1271 1132 1383 1158 caritatis
1399 1133 1584 1159 adhaesionem

949 1176 999 1201 250
1020 1176 1052 1201 46
1074 1175 1102 1200 2*

1000 1233 1035 1239 -
1054 1220 1124 1245 Deus
1143 1220 1297 1245 clarificatur
1316 1220 1342 1246 in
1358 1221 1458 1246 Sanctis
1477 1221 1531 1247 suis
1544 1228 1587 1253 pa-

948 1264 1071 1290 tientibus
1090 1264 1124 1289 ad
1148 1264 1204 1290 eius
1228 1265 1338 1296 gloriam
1369 1265 1402 1290 Vl
1428 1266 1479 1291 528
1501 1265 1533 1291 49
1551 1279 1581 1284 —-

948 1309 1015 1334 sicut
1034 1309 1147 1334 triticum
1166 1309 1191 1334 in
1211 1308 1421 1335 tribulationibus
1440 1309 1587 1335 cribrantur

948 1356 973 1379 et
992 1356 1139 1385 purgantur
1159 1354 1201 1379 Vll
1222 1353 1273 1379 552
1299 1354 1332 1378 62
1353 1367 1386 1371 -
1405 1354 1506 1379 Sanctis
1530 1361 1588 1379 con-

948 1399 1029 1424 fertur
1053 1405 1067 1423 a
1096 1397 1208 1423 Domino
1237 1398 1383 1423 iustificatio
1411 1398 1436 1423 in
1458 1398 1588 1430 principio

948 1449 1011 1468 suae
1042 1443 1236 1473 conversionis,
1263 1443 1387 1468 deductio
1416 1442 1441 1468 in
1469 1444 1588 1474 profectu

948 1487 1168 1518 conversationis,
1184 1487 1296 1513 ostensio
1316 1487 1391 1518 regni
1406 1487 1430 1512 in
1450 1487 1533 1519 gratia
1546 1488 1588 1512 vel

947 1532 972 1557 in
1001 1535 1102 1558 secreto
1130 1531 1368 1564 contemplationis,
1397 1532 1532 1557 instructio
1561 1532 1588 1557 in

947 1577 1079 1608 agnitione
1092 1576 1198 1602 divinae
1212 1576 1363 1609 voluntatis,
1383 1577 1529 1602 honestatio
1542 1583 1587 1602 seu

948 1621 1038 1647 ditatio
1065 1621 1091 1646 in
1120 1620 1279 1646 abundantia
1308 1621 1392 1646 meriti
1421 1624 1446 1646 et
1471 1621 1588 1653 virtutis,

948 1665 1087 1697 completio
1107 1665 1131 1690 in
1152 1666 1268 1697 praemio
1288 1666 1320 1691 Vl
1343 1665 1392 1690 174
1411 1673 1437 1690 ν.
1460 1666 1491 1690 to

1000 1722 1035 1728 —
1054 1710 1081 1734 in
1095 1710 1224 1741 praesenti
1239 1717 1288 1735 non
1303 1709 1399 1735 habent
1412 1712 1511 1741 partem
1521 1730 1527 1741 ‚
1541 1710 1585 1735 scd

948 1754 974 1779 in
995 1755 1082 1779 futuro
1103 1754 1134 1779 Vl
1159 1755 1192 1779 23
1213 1761 1238 1779 v.
1260 1754 1292 1779 40
1312 1768 1347 1773 -
1366 1753 1458 1779 Obitus
1485 1755 1587 1779 Sancto-

947 1805 1006 1823 rum
1032 1801 1140 1823 vocatur
1168 1805 1260 1823 eorum
1289 1798 1372 1823 natale
1404 1799 1451 1823 126
1472 1806 1499 1823 v.
1519 1800 1533 1823 2
1553 1812 1588 1817 -

948 1843 1055 1874 perfecti
1074 1842 1099 1867 in
1129 1842 1224 1867 iudicio
1249 1842 1401 1868 iudicabunt
1425 1846 1451 1868 et
1479 1849 1530 1867 non
1552 1842 1587 1867 iu-

948 1885 1105 1912 dicabuntur
1126 1886 1175 1911 428
1205 1893 1230 1911 v,
1258 1886 1274 1911 7
1294 1900 1329 1905 -
1348 1886 1448 1912 Sanctis
1473 1889 1512 1911 est
1536 1893 1587 1917 pax

947 1933 1049 1956 aeterna
1063 1929 1096 1955 ib.
1116 1937 1142 1955 v.
1163 1931 1178 1954 9
1200 1944 1232 1948 ——
1251 1937 1343 1955 eorum
1364 1930 1468 1955 nomina
1488 1930 1583 1961 scripta

947 1977 1006 2000 sunt
1027 1974 1051 1999 in
1071 1973 1136 1999 libro
1156 1974 1225 1999 vitae
1245 1974 1286 1999 Vll
1302 1974 1334 1998 36
1356 1974 1406 1999 412

999 2031 1034 2037 -
1053 2025 1099 2043 sua
1120 2017 1236 2044 bonitate
1254 2018 1386 2043 excellenti
1408 2018 1584 2043 testimonium

947 2062 1044 2088 debent
1063 2062 1161 2087 habere
1183 2065 1209 2087 et
1233 2061 1328 2087 habent
1347 2061 1381 2087 ab
1400 2063 1440 2088 his
1458 2063 1504 2095 qui
1526 2062 1587 2088 foris

947 2109 1006 2132 sunt
1035 2106 1078 2132 Vll
1108 2106 1159 2132 407
1190 2107 1221 2131 42
1242 2120 1276 2125 -
1296 2107 1364 2132 Deus
1389 2108 1499 2133 Sanctos
1524 2115 1587 2133 suos

948 2151 1099 2182 magnificat
1119 2151 1228 2182 gratiam
1249 2158 1324 2176 suam
1348 2152 1522 2182 conserendo,
1542 2152 1586 2177 mi-

946 2195 1039 2220 raculis
1059 2195 1209 2221 illustrando
1221 2208 1236 2227 ,1
1247 2195 1417 2227 dignitatibus
1433 2197 1586 2222 ecclesiasti-

946 2239 983 2265 cis
1002 2238 1182 2270 sublimando,
1201 2240 1234 2265 ad
1248 2241 1365 2267 caelestis
1383 2241 1458 2273 regni
1475 2241 1585 2273 gloriam

947 2284 1118 2316 producendo
1140 2285 1170 2310 Vl
1193 2285 1243 2310 233
1257 2293 1283 2310 v.
1303 2286 1336 2310 20

998 2343 1034 2347 -—
1053 2329 1179 2354 Sanctitas
1193 2337 1239 2361 per
1254 2330 1365 2361 figuram
1380 2334 1435 2355 erat
1448 2330 1473 2355 in
1487 2331 1586 2362 hostiiS,

946 2380 993 2406 per
1012 2374 1147 2399 veritatem
1168 2374 1191 2399 in
1211 2374 1313 2400 Christo
1335 2375 1365 2399 Vl
1387 2374 1437 2400 473
1457 2375 1485 2400 31

1000 2419 1124 2443 Sannum
1154 2433 1188 2436 —
1212 2425 1226 2443 a
1256 2419 1370 2444 laesione
1398 2419 1497 2450 pedum
1524 2425 1585 2450 pro-

947 2465 1051 2493 tegunt,
1069 2462 1115 2487 scd
1135 2469 1187 2487 non
1207 2466 1299 2494 tegunt
1319 2462 1361 2488 Vll
1381 2463 1433 2487 255
1454 2463 1468 2486 8
1484 2476 1517 2480 —-—
1532 2464 1587 2487 fue-

946 2510 1006 2531 runt
1024 2506 1155 2538 Apostolis
1174 2507 1302 2536 iniuncta,
1324 2510 1351 2531 ut
1369 2513 1423 2531 non
1442 2507 1526 2531 solum
1550 2513 1586 2530 es-

946 2554 1003 2576 sent
1028 2557 1172 2582 pauperes,
1198 2557 1293 2575 verum
1322 2550 1401 2574 etiam
1430 2553 1587 2581 apparerent

947 2593 1008 2620 ibid.

999 2639 1105 2663 Sinonis
1117 2651 1152 2658 --
1171 2638 1278 2662 Ellluxio
1292 2637 1427 2668 sanguinis
1445 2640 1504 2668 post
1518 2644 1586 2662 mor-

948 2684 999 2706 tem
1014 2681 1128 2706 ostendit
1141 2680 1233 2706 Christi
1254 2681 1419 2706 Divinitatem
1436 2681 1467 2706 Vl
1487 2682 1538 2706 502
1553 2682 1586 2706 60

999 2737 1035 2743 ——
1053 2724 1147 2750 Christi
1168 2724 1262 2754 reficit,
1284 2724 1407 2755 inebriat,
1433 2725 1521 2750 incitat
1545 2726 1585 2750 Vll

948 2767 998 2793 548
1020 2768 1052 2792 29
1068 2768 1141 2792 -ln
1162 2768 1290 2799 sangnine
1306 2768 1398 2793 Christi
1419 2769 1585 2802 redemptum

947 2816 985 2836 est
999 2818 1082 2843 genus
1097 2813 1241 2837 humanum
1257 2811 1318 2838 ibid.
1333 2827 1367 2830 —
1382 2813 1442 2839 Sine
1461 2815 1586 2839 effusione

947 2855 1082 2887 sanguinis
1101 2856 1167 2887 Agni
1188 2857 1232 2881 Dei
1253 2860 1278 2882 et
1300 2857 1387 2888 sponsi
1412 2859 1466 2883 lesu
1492 2858 1585 2884 Christi

948 2906 998 2925 non
1019 2900 1046 2925 sst
1066 2904 1232 2932 peccatorum
1253 2902 1372 2927 remissio
1391 2901 1453 2927 ibid.
1469 2916 1503 2921 ——
1515 2902 1586 2928 Chri-

947 2944 978 2970 sti
998 2944 1143 2976 interpellat
1160 2952 1208 2976 pro
1230 2945 1306 2971 nobis
1325 2946 1375 2971 558
1396 2946 1429 2971 56
1443 2961 1477 2964 -
1491 2946 1584 2973 Christi

947 2988 1077 3014 clamabat
1090 2989 1269 3015 remissionem
1287 2993 1454 3021 peccatorum
1475 2989 1535 3016 ibid.
1551 3005 1585 3010 -—

947 3032 1040 3058 Christi
1060 3033 1129 3058 lavat
1149 3036 1253 3065 peecata
1269 3034 1301 3059 Vl
1321 3034 1367 3058 501
1393 3034 1426 3059 52
1442 3048 1474 3052 -—
1488 3035 1514 3060 ln
1528 3042 1586 3060 san-

947 3077 1026 3108 guine
1045 3077 1137 3103 Christi
1158 3078 1244 3103 anima
1262 3078 1373 3103 lavanda
1394 3081 1432 3103 est
1451 3079 1482 3104 ad
1504 3080 1586 3110 perfe-

947 3121 1058 3146 ctionem
1079 3121 1182 3147 decoris
1201 3129 1248 3153 per
1268 3122 1437 3147 imitationem
1457 3123 1585 3153 passionis

947 3164 997 3190 599
1015 3173 1042 3190 v.
1062 3166 1077 3190 6

999 3223 1034 3228 —
1053 3209 1202 3234 animalium
1222 3217 1273 3235 non
1296 3210 1379 3241 potuit
1403 3211 1505 3236 auferre
1524 3217 1585 3242 pec-

946 3256 1001 3278 cata
1022 3254 1064 3279 Vll
1084 3253 1134 3278 548
1155 3254 1188 3278 29

999 3311 1034 3316 --
1053 3296 1176 3322 lambitur
1195 3304 1209 3322 a
1230 3298 1307 3329 pullis
1326 3298 1441 3330 aquilae,
1461 3305 1515 3330 quo
1534 3299 1585 3323 iuc-

948 3340 1066 3367 briantur
1080 3341 1156 3366 amici
1170 3341 1260 3372 sponsi
1275 3345 1300 3366 et
1315 3341 1451 3367 incitantur
1465 3342 1496 3367 ad
1512 3349 1586 3374 proe-

946 3385 1009 3411 lium
1029 3385 1080 3411 viri
1100 3386 1210 3410 athletae
1231 3385 1271 3411 vll
1293 3386 1342 3411 548
1364 3386 1396 3410 29

1918 292 1977 318 SAP

1675 336 1805 362 SA1³1ENT1A
1825 350 1860 356 —
1879 340 1918 362 est
1942 344 1993 362 una
2014 337 2038 362 in
2065 337 2175 363 essentia
2198 344 2258 363 cum

1622 380 1696 405 Patre
1717 380 1747 406 Vl
1774 380 1822 405 458
1843 387 1870 406 ν.
1893 380 1926 406 27
1945 394 1981 400 -
2000 383 2039 406 est
2064 381 2090 406 in
2114 388 2142 407 se
2162 388 2261 413 perma-

1622 431 1687 449 nens
1705 431 1751 449 seu
1766 424 1925 450 invariabilis
1940 425 1989 450 159
2003 432 2030 450 v.
2050 425 2082 450 27
2097 439 2131 444 -
2148 426 2260 451 increata

1622 469 1783 494 consortium
1808 472 1834 494 et
1861 468 2080 494 cohabitationem
2109 470 2156 495 Dei
2184 469 2263 495 habet

1623 513 1669 537 461
1694 520 1720 538 v.
1745 513 1759 537 3
1789 527 1824 531 —
1842 520 1856 538 a
1886 513 1939 538 Deo
1959 514 2034 538 Patre
2063 514 2182 544 procedit
2212 513 2261 538 450

1623 564 1649 581 ν.
1669 556 1701 582 24
1723 570 1756 575 —-
1775 557 1887 582 increata
1906 557 2001 583 dicitur
2021 564 2079 582 esse
2098 557 2123 582 in
2142 558 2201 583 sinu
2215 558 2261 583 Pa-

1623 601 1668 626 tris
1681 603 1788 632 propter
1802 601 2001 627 occultationem
2011 621 2017 632 ,
2031 601 2126 627 dicitur
2145 601 2217 633 gigni
2232 608 2262 627 ex

1624 648 1698 670 utero
1717 648 1825 677 propter
1838 645 2148 676 consubstantialitatem,
2166 652 2197 670 ex
2216 652 2262 671 ore

1623 689 1705 714 Patris
1724 689 1868 721 procedere
1887 692 1994 722 propter
2015 689 2263 720 manifestationem,

1623 733 1657 759 de
1676 734 1748 759 caelo
1767 734 1833 759 mitti
1853 737 1960 766 propter
1977 734 2206 765 illuminationem,
2226 740 2263 758 se-

1624 778 1686 803 dere
1706 778 1729 803 in
1749 778 1845 803 sanctis
1864 777 2003 804 animabus
2016 781 2123 810 propter
2142 778 2264 810 tranquil-

1622 823 1718 848 litatem
1735 823 1784 847 469
1799 830 1825 848 v.
1840 823 1871 847 40
1885 837 1921 842 —-
1933 826 1973 848 est
1990 823 2076 848 media
2091 823 2116 848 in
2137 822 2264 848 Trinitate

1624 874 1735 898 persona
1751 867 1800 892 460
1820 874 1846 892 ν.
1867 867 1877 892 4
1895 882 1930 885 -
1943 867 2046 899 attingit
2058 874 2071 892 a
2092 867 2166 892 Patre
2180 872 2264 899 usque

1623 911 1657 937 ad
1677 911 1802 942 Spiritum
1822 915 1940 937 sanctum
1960 918 2008 943 per
2027 911 2185 937 identitatem
2201 903 2264 936 sub-

1622 956 1731 981 stantiae
1750 955 1813 982 ibid.

1677 1014 1711 1018 —
1730 1003 1834 1026 emanat
1853 1007 1866 1026 a
1887 1001 1961 1026 Patre
1980 1003 2008 1025 ut
2026 1000 2149 1032 splendor
2169 1006 2183 1024 a
2206 999 2264 1024 luce

1624 1045 1655 1070 Vl
1671 1045 1720 1070 458
1735 1052 1760 1070 v.
1774 1044 1808 1070 25
1821 1058 1856 1064 -
1870 1052 1884 1070 a
1904 1044 2046 1077 purissimo
2061 1045 2130 1069 fonte
2145 1043 2264 1075 procedit

1622 1088 1657 1115 ib.
1676 1096 1703 1115 v.
1723 1089 1757 1114 24
1773 1103 1806 1107 -
1820 1092 1859 1114 est
1874 1088 2004 1114 emanatio
2017 1088 2148 1120 quaedam
2167 1087 2265 1113 clarita-

1624 1134 1655 1158 tis
1667 1133 1854 1165 omnipotentis
1868 1133 1913 1158 Dei
1927 1132 1961 1158 ib.
1975 1140 2000 1158 v.
2015 1132 2048 1158 25
2063 1146 2095 1150 —
2110 1134 2148 1157 est
2161 1132 2203 1157 lux
2219 1138 2266 1162 pu-

1624 1178 1725 1203 rissima
1745 1178 1779 1203 de
1807 1178 1864 1203 luce
1892 1180 2011 1209 aeterna,
2030 1177 2127 1202 scilicet
2151 1183 2165 1201 a
2191 1176 2265 1201 Patre

1624 1222 1771 1254 procedens
1789 1222 1822 1248 ib.
1843 1230 1869 1247 v.
1889 1222 1923 1247 26
1943 1236 1977 1240 —
1996 1221 2116 1253 procedit
2128 1221 2195 1246 sicut
2213 1221 2264 1252 lux,

1624 1273 1693 1299 quae
1706 1267 1877 1292 contaminari
1891 1273 1943 1292 non
1957 1268 2040 1298 potest
2054 1264 2086 1291 ib.
2101 1273 2126 1290 v.
2141 1264 2174 1290 25
2187 1278 2223 1283 -
2237 1265 2265 1289 ln

1625 1311 1786 1342 Sapientiam
1806 1311 1945 1336 increatam
1968 1310 2032 1335 nihil
2052 1309 2161 1335 incurrit
2180 1308 2265 1342 inqui-

1626 1358 1715 1380 natum
1741 1355 1920 1387 inquinatione
1944 1354 2066 1386 culpabili
2092 1355 2133 1379 vel
2153 1353 2265 1379 naturali

1626 1398 1687 1425 ibid.
1707 1412 1742 1417 —
1761 1406 1774 1424 a
1795 1399 1849 1424 Deo
1869 1400 1944 1424 Patre
1962 1401 2066 1424 emanat
2090 1398 2157 1424 sicut
2181 1404 2266 1430 vapor

1627 1450 1642 1468 a
1661 1443 1746 1469 calore
1766 1442 1828 1469 ibid.

1681 1502 1713 1505 —
1733 1488 1783 1513 luci
1797 1490 1947 1519 comparata
1969 1490 2020 1512 tam
2035 1487 2098 1513 solis
2116 1494 2196 1520 quam
2210 1486 2266 1512 stel-

1626 1532 1709 1558 larum
1740 1532 1871 1558 invenitur
1899 1532 1971 1563 prior
1998 1532 2163 1562 aeternitate,
2183 1531 2267 1563 digni-

1626 1580 1689 1608 tate,
1715 1577 1865 1602 causalitate
1884 1577 1918 1602 Vt
1940 1576 1988 1601 159
2013 1583 2038 1601 v.
2059 1577 2092 1602 29
2111 1590 2148 1595 -
2166 1579 2205 1601 est
2224 1576 2265 1601 lux

1625 1622 1766 1654 spiritualis
1780 1620 1812 1647 ib.
1824 1629 1850 1646 v.
1862 1622 1895 1646 30
1905 1635 1940 1639 -
1951 1621 2109 1653 Speciositas
2123 1620 2266 1652 sapientiae

1625 1666 1797 1698 praeferenda
1812 1669 1850 1691 est
1859 1665 2018 1697 speciositati
2032 1665 2094 1690 solis
2104 1663 2137 1690 ib.
2148 1672 2175 1689 v.
2186 1665 2218 1689 28
2229 1677 2265 1683 -

1625 1714 1664 1736 est
1683 1711 1832 1742 pulcritudo
1846 1710 1907 1735 solis
1921 1710 2031 1734 iustitiae
2045 1708 2079 1734 ib.
2093 1716 2120 1733 v.
2134 1709 2166 1733 29
2179 1721 2215 1726 -
2228 1711 2267 1733 est

1625 1755 1667 1780 lux
1678 1754 1818 1786 spiritualis
1827 1753 1860 1779 ib.
1873 1761 1897 1778 v.
1909 1753 1941 1778 30
1957 1767 1989 1770 -
2004 1752 2130 1783 contingit
2143 1754 2265 1777 contactu

1625 1799 1737 1830 virtual1‚
1756 1805 1806 1823 non
1819 1796 1957 1828 corporali,
1971 1796 2004 1821 ab
2018 1800 2125 1821 aeterno
2141 1802 2226 1828 usque
2239 1795 2265 1820 in

1624 1846 1758 1867 aeternum
1780 1841 1830 1866 460
1850 1848 1876 1866 ν.
1893 1841 1902 1865 4

1677 1900 1712 1905 --
1736 1886 1855 1911 Christus
1873 1888 1912 1910 est
1940 1885 1986 1910 Dei
2014 1884 2140 1916 sapientia
2169 1884 2202 1909 Vt
2231 1883 2264 1909 25

1625 1938 1651 1956 v.
1671 1929 1703 1954 44
1721 1943 1757 1948 -
1775 1929 1893 1955 Christus
1913 1929 2007 1954 dicitur
2023 1929 2068 1954 Dei
2088 1929 2212 1961 sapientia
2229 1928 2263 1953 78

1624 1981 1650 1999 v.
1671 1974 1704 1999 45
1722 1988 1757 1992 -
1777 1974 1908 1999 incarnata
1928 1977 1966 1999 est
1979 1973 2096 1999 Christus
2116 1973 2165 1999 448
2184 1981 2211 1999 ν.
2232 1973 2264 1998 47

1623 2031 1659 2037 —·
1686 2018 1800 2043 increata
1829 2021 1867 2043 est
1895 2017 2013 2043 Christus
2044 2018 2092 2043 453
2121 2025 2147 2043 ν.
2177 2018 2205 2043 41
2229 2031 2265 2036 -

1624 2062 1741 2088 Christus
1751 2062 1808 2094 ipse
1818 2066 1857 2088 est
1865 2063 1990 2095 sapientia
2001 2063 2052 2088 327
2064 2063 2105 2088 56.
2114 2063 2156 2088 Vll
2168 2063 2218 2088 299
2231 2062 2264 2087 67

1677 2121 1711 2125 -
1731 2107 1858 2133 illuminat
1877 2107 1998 2133 tenebras
2021 2107 2165 2133 intellectus
2183 2107 2267 2132 nostri

1624 2152 1656 2177 Vl
1678 2152 1728 2177 458
1750 2159 1776 2177 v.
1796 2152 1829 2177 25
1842 2166 1877 2170 -
1890 2152 2004 2177 calefacit
2030 2152 2112 2184 frigus
2132 2151 2264 2176 infidelita-

1624 2197 1656 2222 tis
1675 2200 1780 2222 nostrae
1793 2196 1855 2222 ibid.
1874 2210 1910 2215 —
1929 2196 2059 2228 Sapientia
2078 2196 2167 2221 divina
2186 2194 2265 2220 habet

1624 2241 1744 2266 omnium
1774 2241 1932 2266 affluentiam
1962 2241 1977 2264 3
2004 2240 2019 2265 3
2040 2254 2074 2258 —
2093 2240 2206 2264 increata
2225 2241 2265 2264 est

1624 2285 1707 2315 bona,
1727 2288 1845 2313 aeterna,
1871 2284 2039 2315 omnipotens
2061 2283 2110 2308 150
2130 2290 2155 2307 v.
2176 2282 2210 2307 24
2228 2296 2264 2300 -

1624 2330 1714 2355 divina
1733 2329 1777 2354 dat
1796 2328 1876 2353 vitam
1898 2328 1947 2352 327
1969 2327 2002 2352 56
2024 2341 2057 2345 ——
2077 2326 2142 2352 Cum
2162 2326 2265 2358 sapien-

1625 2374 1657 2398 tia
1679 2373 1790 2397 increata
1821 2371 1918 2396 homini
1948 2371 2057 2396 veniunt
2081 2371 2169 2396 omnia
2195 2370 2263 2396 bona

1625 2417 1768 2449 gratiarum
1790 2417 1798 2440 -1
1807 2415 1839 2440 53
1859 2423 1886 2441 v.
1907 2416 1934 2440 41

1677 2474 1712 2479 —-
1738 2461 1773 2485 De
1802 2460 1927 2491 sapientia
1956 2460 2068 2485 increata
2097 2467 2150 2485 non
2180 2462 2265 2491 potest

1624 2505 1684 2531 sciri
1704 2512 1752 2530 nec
1780 2505 1830 2530 dici
1856 2505 1919 2537 quid
1948 2509 1987 2530 est
2014 2505 2160 2530 secundum
2180 2511 2264 2530 essen-

1625 2550 1701 2579 tiam,
1721 2549 1767 2574 sed
1796 2549 1879 2582 qualis
1899 2549 1930 2574 Vl
1961 2549 2011 2574 1150
2041 2557 2067 2574 v.
2087 2549 2120 2574 24
2140 2562 2175 2568 -
2194 2549 2264 2574 Deus

1625 2597 1663 2618 est
1682 2593 1786 2625 sapiens
1801 2593 1833 2618 45
1847 2601 1872 2626 q.
1892 2594 1907 2617 3
1923 2607 1957 2612 —
1969 2594 2018 2619 scit
2036 2594 2124 2619 omnia
2138 2593 2170 2619 ad
2185 2593 2265 2618 scien-

1625 2638 1686 2663 tiam
1707 2638 1813 2663 rationis
1833 2638 1986 2669 pertinentia
2006 2638 2055 2663 469
2076 2645 2101 2663 v.
2124 2638 2151 2662 44
2175 2651 2211 2656 -
2230 2637 2265 2662 in-

1624 2682 1714 2713 telligit
1732 2682 1819 2707 omnia
1840 2683 1994 2714 pertinentia
2015 2682 2048 2707 ad
2069 2681 2264 2712 intelligentiam

1624 2726 1768 2752 intellectus
1788 2725 1849 2752 ibid.
1868 2740 1904 2745 —
1923 2726 2016 2751 Omnia
2046 2725 2170 2756 sapientia
2197 2725 2263 2749 facta

1623 2774 1684 2796 sunt
1708 2771 1754 2795 107
1774 2778 1801 2795 v.
1832 2771 1841 2795 4
1866 2785 1901 2788 -
1920 2771 2006 2795 stellas
2031 2769 2089 2794 fecit
2110 2768 2159 2793 '15⁹
2184 2775 2209 2792 v.
2230 2768 2263 2792 29

1624 2829 1657 2832 -
1683 2815 1770 2840 omnia
1796 2817 1884 2839 movet
1913 2813 2054 2838 immobilis
2084 2819 2192 2836 manc-ns
2215 2811 2263 2836 158

1623 2866 1647 2883 v.
1678 2858 1711 2884 24
1731 2872 1765 2877 -
1784 2859 1887 2889 attingit
1911 2865 1925 2882 a
1946 2857 1997 2881 fine
2025 2862 2165 2887 supremae
2195 2862 2264 2880 crea-

1623 2906 1696 2928 turae
1715 2909 1799 2934 nsque
1818 2902 1851 2927 ad
1872 2901 1989 2926 intimam
2010 2903 2156 2925 creaturam
2176 2898 2238 2924 ibid.

1677 2961 1710 2965 —
1730 2947 1839 2971 Necesse
1858 2947 1909 2975 est,
1928 2944 2016 2969 omnia
2038 2951 2084 2975 per
2105 2943 2263 2975 Sapientiam

1622 2990 1757 3016 reformari
1780 2990 1810 3014 Vl
1832 2988 1881 3013 407
1902 2996 1928 3013 v.
1949 2989 1958 3012 4
1984 3002 2018 3007 -
2037 2988 2153 3019 disponit
2172 2995 2262 3020 supre-

1623 3042 1664 3060 ma
1677 3054 1683 3064 ,
1703 3034 1803 3063 media,
1824 3032 1911 3057 inflmn
1932 3039 1978 3064 per
1998 3032 2119 3057 iustitiam
2145 3035 2170 3058 ct
2190 3032 2264 3057 mise-

1623 3078 1762 3104 ricordiam
1785 3077 1834 3101 160
1854 3083 1880 3100 ν.
1907 3076 1916 3101 4
1941 3090 1975 3095 -—
1995 3077 2141 3108 procedens
2166 3084 2196 3102 ex
2216 3083 2262 3101 ore

1622 3121 1745 3147 Altissimi
1765 3120 1926 3151 significatur
1945 3128 1992 3153 per
2011 3122 2120 3146 salivam
2141 3121 2191 3146 373
2212 3121 2226 3144 8

1675 3178 1709 3183 -
1729 3162 1757 3189 sie
1787 3166 1905 3190 transfert
1933 3165 1959 3190 in
1983 3166 2084 3190 animas
2112 3172 2125 3189 a
2155 3166 2263 3195 peccato

1623 3209 1736 3234 mundas
1755 3216 1802 3240 per
1821 3209 1981 3240 spiritualem
2002 3210 2144 3235 adventum
2165 3208 2263 3239 gratiae

1622 3254 1647 3278 in
1668 3257 1781 3278 mentem
1802 3253 1835 3278 Vl
1857 3254 1906 3279 459
1927 3262 1952 3279 v.
1973 3253 2005 3279 27
2025 3267 2060 3272 -
2079 3256 2117 3278 est
2136 3259 2196 3277 cum
2218 3253 2263 3277 lio-

1623 3297 1705 3328 mine,
1725 3297 1821 3323 scilicet
1840 3298 1910 3324 intus
1932 3298 1956 3323 in
1977 3298 2082 3323 animae
2101 3296 2211 3322 essentia
2238 3300 2263 3322 ct

1623 3348 1669 3372 per
1684 3341 1794 3372 gratiam
1807 3341 1977 3368 inhabitando
1990 3345 2016 3367 et
2030 3341 2195 3367 informando
2211 3341 2260 3365 169

1625 3392 1652 3410 ν.
1673 3386 1704 3410 40
1724 3399 1758 3405 -
1783 3387 1908 3412 motivam
1931 3386 2035 3411 animae
2061 3385 2203 3417 potentiam
2229 3384 2262 3409 ad
