2427 3872
453 470 515 496 ΖΑΒ

219 515 335 541 ΖΑιιυιοΝ
345 529 379 534 -
390 514 488 541 Tribus
501 514 627 547 Zabulon,
638 521 721 547 quare
732 513 809 552 fuerit

165 559 250 591 prima
270 559 373 585 visitata
393 566 407 585 a
427 559 529 586 Christo
549 559 592 585 Vll
613 559 664 584 105
684 559 718 584 65

219 604 351 630 ΖΑοιιΑΕυε
369 618 403 622 —
429 606 508 629 notus
536 605 592 629 erat
619 610 670 628 non
699 604 809 634 propter

167 649 264 673 famam
283 648 401 679 virtutis,
429 647 475 673 sed
504 646 639 673 infamiam
659 646 809 678 rapacitatis

165 692 209 718 Vll
223 692 275 718 473
288 692 304 718 3
320 707 351 711 -
367 691 482 718 habebat
494 691 671 724 principatum
685 698 737 717 non
751 697 809 723 pro-

163 739 223 769 pter
242 737 380 767 iustitiam,
399 737 446 762 sed
464 739 573 769 propter
592 736 733 768 pecuniam
747 734 808 762 ibid.

163 795 200 799 —
228 784 284 807 erat
308 780 439 813 gibbosus
466 780 534 807 sicut
562 781 679 806 camelus
703 784 729 806 et
755 780 810 806 ine-

165 829 226 858 ptus
245 826 279 851 ad
298 832 411 857 regnum
431 824 495 852 ibid.

219 885 253 889 —
278 869 486 896 Commendatur
513 870 571 896 eius
598 870 751 896 studiositas
776 870 810 896 ad

165 914 297 942 Christum
316 914 463 940 videndum
484 915 526 940 Vll
547 914 598 940 472
616 915 622 940 l
640 928 676 934 -—
693 914 811 941 studiose

166 959 310 993 quaerebat
330 959 421 985 videre
440 959 536 991 lesum,
548 958 610 991 quia
630 966 692 984 eum
705 958 812 985 amabat

169 1004 220 1030 473
241 1003 255 1029 4
274 1007 310 1022 -’-
328 1002 473 1037 quaerebat
491 1003 583 1029 videre
603 1004 698 1034 lesum,
717 1006 746 1029 ut
770 1011 811 1029 co-

168 1051 307 1081 gnosceret
327 1055 420 1074 verum
442 1048 524 1074 Deum
545 1047 596 1073 474
615 1047 631 1072 7

219 1107 255 1113 -
275 1093 323 1118 fuit
341 1093 508 1119 introductus
535 1092 561 1117 in
587 1098 700 1124 regnum
720 1091 810 1117 divina

162 1137 275 1169 virtute,
294 1137 357 1170 quia
376 1135 468 1163 amore
481 1134 570 1169 'ipsius
588 1136 683 1162 Christi
702 1136 749 1162 fuit
777 1134 811 1162 at:

168 1185 266 1209 tractus
285 1182 328 1208 Vll
350 1182 400 1207 473
421 1182 436 1207 3
466 1196 501 1201 --
530 1183 692 1214 praeventus
721 1181 768 1206 fuit
795 1188 810 1206 a

165 1218 254 1259 >gratia
273 1226 369 1253 Christi
388 1225 422 1253 ib.
443 1226 458 1252 4
477 1240 512 1246 -
532 1229 628 1252 tractus
648 1225 694 1252 fuit
713 1233 727 1251 a
740 1225 811 1251 Chri-

166 1275 222 1303 sto,
241 1274 270 1297 ut
287 1274 356 1297 esset
383 1271 440 1297 aliis
468 1271 495 1296 in
521 1271 670 1303 exemplum
695 1269 757 1296 ibid.
776 1284 811 1290 —

165 1324 181 1342 a
206 1315 282 1342 turba
303 1314 497 1348 impediebatur
516 1316 607 1341 venire
626 1315 660 1341 ad
678 1315 810 1341 Christum

166 1359 200 1387 ib.
215 1361 231 1386 5
243 1375 279 1379 -
291 1360 326 1386 ad
339 1360 484 1386 videndum
498 1361 660 1386 salvatorem
674 1360 748 1393 quod
761 1359 811 1385 sibi

167 1405 258 1431 deerat
276 1405 381 1437 supplet
400 1412 447 1437 per
467 1404 628 1431 adiutorium
647 1404 762 1430 alienum
777 1403 811 1430 ib.

168 1450 184 1475 6
204 1464 239 1468 -
258 1449 394 1475 descendit
413 1450 447 1475 ad
466 1449 641 1475 humilitatem
662 1448 712 1475 475
734 1449 766 1474 10

222 1508 257 1513 -
276 1501 328 1519 non
348 1497 449 1519 tantum
469 1493 571 1519 Christo
591 1493 713 1526 praebuit
726 1493 811 1525 hospi-

168 1539 292 1564 talitatem
313 1538 477 1569 festinanter,
498 1545 591 1564 verum
610 1538 689 1564 etiam
718 1538 811 1563 laetan-

169 1586 207 1609 ter
226 1583 269 1609 Vll
291 1583 342 1609 475
370 1583 385 1608 9
412 1596 447 1602 -
475 1589 523 1614 per
542 1583 745 1615 hospitalitatem
765 1582 813 1608 sal-

168 1631 245 1654 vatus
263 1631 303 1654 est
321 1627 385 1654 ibid.
404 1642 437 1646 —
457 1630 567 1660 propter
580 1635 656 1653 suam
676 1626 811 1653 liberalita-

167 1675 219 1698 tem
240 1673 274 1698 de
292 1672 376 1705 impio
396 1673 479 1698 factus
503 1674 543 1698 est
565 1672 650 1698 iustus
670 1670 725 1698 472*
742 1672 752 1696 -t
777 1664 816 1689 -’

167 1717 253 1743 Gratia
274 1717 334 1743 data
353 1720 393 1743 est
411 1717 435 1742 ei
454 1724 502 1749 per
521 1716 614 1743 Christi
634 1716 810 1748 praesentiam

169 1761 219 1787 477
241 1761 272 1787 13
297 1775 328 1781 -
347 1761 415 1787 tilius
434 1764 474 1787 est
492 1760 613 1787 Abrahae
637 1768 689 1786 non
719 1767 810 1790 carne,

168 1806 216 1831 sed
235 1806 287 1832 fide
306 1804 368 1832 ibid.
387 1819 422 1825 —
442 1807 554 1831 formam
584 1805 657 1832 dedit
684 1804 812 1832 divitibus

169 1850 281 1876 intrandi
301 1851 326 1876 in
345 1851 447 1876 caelum
470 1850 521 1876 472
541 1851 551 1876 1

222 1909 257 1913 —-
284 1902 316 1920 ex
344 1896 459 1927 perfecta
488 1894 642 1921 liberalitate
670 1894 811 1920 dimidium

169 1935 301 1965 bonorum
330 1946 440 1973 suorum
469 1939 514 1966 dat
539 1938 703 1972 pauperihus
730 1938 812 1970 licite,

170 1984 312 2010 accelerate
340 1987 366 2010 et
393 1984 506 2010 discrete
525 1984 568 2010 Vll
589 1983 639 2009 476
663 1984 694 2009 12
714 1996 749 2002 --
768 1983 813 2009 dat

168 2028 300 2061 ordinate,
320 2029 382 2062 quia
403 2029 522 2061 propria,
536 2028 698 2054 restituendo
718 2027 812 2059 aliena,

169 2075 195 2098 et
213 2080 265 2099 non
285 2074 371 2099 solum
391 2073 553 2099 restituendo
573 2072 699 2104 ablatum,
717 2079 811 2098 verum

169 2117 247 2143 etiam
266 2117 394 2143 damnum
414 2117 477 2144 ibid.

222 2175 259 2181 -
277 2165 316 2188 est
335 2162 440 2194 signum
460 2162 606 2188 vocationis
630 2162 750 2194 gentium
769 2162 813 2188 Vll

171 2205 222 2232 472
243 2206 252 2232 1
273 2220 305 2225 —-
319 2209 389 2232 recte
408 2206 530 2238 designat
544 2207 673 2238 populum
688 2207 812 2239 gentilem

172 2250 222 2276 473
242 2251 268 2277 7.
288 2251 339 2276 476
360 2251 388 2276 11
421 2265 456 2270 -
483 2254 523 2277 est
551 2251 642 2283 figura-
664 2252 813 2278 conversio-

170 2295 212 2321 nis
230 2295 365 2327 gentilium
388 2295 437 2321 474
456 2295 472 2320 7
493 2309 528 2315 -
547 2300 655 2328 propter
673 2303 748 2322 suam
762 2299 813 2322 stu-

171 2339 319 2366 diositatem
352 2341 485 2373 exemplar
521 2343 560 2367 est
590 2341 625 2367 ad
656 2341 812 2367 imitandum

171 2383 234 2410 ibid.

838 205 875 238 tN
897 204 1191 239 COMMENTARIOS
1215 207 1244 239 S.
1269 207 1496 240 SCRIPTURAE

1144 354 1187 406 Z

899 513 1043 539 ZAantuAs
1060 527 1096 532 —
1115 513 1183 540 filius
1203 514 1320 546 loiadae‚
1340 516 1443 541 occisus
1456 516 1491 541 in-

846 560 885 583 ter
904 558 1033 589 templum
1057 560 1083 583 et
1110 558 1191 583 altare
1219 559 1341 590 designat
1368 559 1489 585 ordinem

845 602 988 633 Martyrum
1010 602 1051 627 Vll
1072 602 1123 627 308
1144 602 1178 627 97

900 660 934 664 —
953 646 1011 671 eius
1029 646 1145 672 conditio
1164 647 1254 679 quoad
1278 647 1413 679 dignitatis
1438 649 1491 673 otil-

845 689 928 720 cium,
949 690 1093 715 honestatis
1105 690 1269 722 coniugium,
1282 691 1426 717 sanctitatis
1440 699 1491 716 me-

845 734 934 765 ritum,
953 733 1094 759 sterilitatis
1113 733 1289 766 opprobrium
1309 735 1352 760 Vll
1374 735 1405 760 13
1427 736 1441 760 8
1455 749 1492 754 -

847 781 902 804 erat
919 778 954 805 de
973 779 1031 804 vice
1050 778 1115 804 Abia
1136 778 1199 805 ibid.
1218 793 1252 798 —
1272 779 1402 811 significat
1415 783 1491 805 vetus

847 823 1024 849 sacerdotium
1045 824 1078 849 36
1100 824 1150 849 113

901 883 936 886 -
955 871 1010 894 erat
1028 871 1106 900 aptus
1125 868 1158 894 ad
1186 868 1343 900 ‘coniugium
1363 875 1424 894 cum
1444 869 1492 894 Eli-

847 912 948 944 sabeth,
970 913 1032 946 quia
1052 916 1163 946 uterque
1183 913 1216 939 de
1245 920 1343 945 genere
1369 913 1490 940 sacerdo-

849 958 890 983 tali
911 958 954 983 Vll
987 957 1016 983 14
1046 958 1061 983 9
1081 972 1116 977 -
1135 958 1192 984 eius
1222 958 1377 990 coniugium
1405 965 1490 984 corre-

848 1003 961 1034 spondet
979 1002 1067 1028 otilcio
1087 1002 1235 1036 dignitatis,
1248 1006 1273 1029 et
1287 1010 1318 1029 ex
1338 1006 1451 1037 utroque
1464 1003 1491 1029 nt

848 1047 1085 1073 commendabilior
1104 1051 1248 1080 conceptus
1267 1047 1329 1074 ibid.
1348 1062 1384 1067 —
1398 1049 1445 1074 fuit
1459 1050 1491 1074 fa-

848 1097 939 1117 mosus
960 1091 985 1116 in
1005 1091 1075 1118 bono
1095 1095 1120 1118 et
1139 1092 1241 1118 amicus
1260 1093 1306 1118 Dei
1321 1093 1353 1119 13
1369 1094 1383 1118 8
1397 1093 1492 1119 —fuit

848 1134 889 1159 vir
918 1135 1002 1161 iustus
1031 1136 1063 1161 38
1094 1137 1145 1162 119
1170 1151 1206 1156 -
1234 1141 1259 1163 et
1282 1137 1412 1163 Elisabeth
1433 1138 1490 1164 iusti

847 1182 922 1204 erant
940 1179 1049 1205 interius
1068 1180 1092 1205 in
1112 1181 1196 1207 oculis
1216 1182 1262 1207 Dei
1281 1185 1307 1208 et
1330 1183 1442 1209 exterius
1466 1183 1491 1209 in

848 1227 990 1255 conspectu
1011 1224 1149 1250 hominum
1178 1225 1209 1251 14
1231 1227 1263 1252 10
1282 1241 1318 1246 -
1337 1228 1443 1254 fuerunt
1461 1228 1492 1254 si-

848 1267 922 1293 miles
941 1268 994 1294 Noe
1014 1272 1039 1294 et
1057 1269 1183 1295 Ezechiae
1203 1271 1229 1295 in
1248 1272 1382 1297 sanctitate
1401 1271 1435 1299 z'b.
1462 1263 1505 1298 tt'

901 1327 936 1331 --
956 1312 1078 1338 Defectus
1097 1314 1238 1341 sterilitatis
1258 1315 1305 1341 fuit
1329 1316 1356 1342 in
1379 1320 1492 1350 utroque

848 1364 900 1382 non
914 1357 939 1383 in
953 1358 1052 1389 peccati
1073 1365 1200 1390 poenam,
1219 1359 1267 1385 sed
1280 1360 1314 1386 ad
1328 1361 1492 1388 manifestan-

848 1401 910 1428 dam
930 1402 976 1427 Dei
996 1402 1108 1433 gloriam
1127 1403 1170 1428 Vll
1192 1403 1224 1429 14
1247 1404 1272 1429 11
1299 1419 1331 1423 -
1345 1409 1493 1437 genuerunt

848 1446 1000 1472 mirabiliter
1019 1446 1087 1472 sicut
1105 1446 1238 1473 Abraham
1258 1451 1284 1474 et
1303 1449 1365 1474 Sara
1385 1449 1447 1476 ibid.

901 1504 936 1510 —-
955 1491 1109 1517 sacerdotali
1129 1491 1216 1517 officio
1230 1492 1389 1524 fungebatur
1402 1501 1492 1520 secun-

847 1536 912 1561 dum
926 1536 1126 1567 congruentiam
1140 1536 1249 1569 ordinis,
1263 1537 1419 1569 exigentiam
1433 1546 1492 1564 con-

848 1580 994 1606 suetudinis
1013 1584 1038 1606 et
1057 1580 1232 1606 assistentiam
1245 1581 1358 1607 devotae
1379 1583 1492 1608 multitu-

848 1624 916 1650 dinis
936 1625 979 1650 Vll
1000 1625 1033 1651 14
1055 1626 1095 1658 13,
1117 1626 1149 1651 15
1168 1639 1203 1645 --
1222 1626 1351 1658 Apparuit
1364 1626 1388 1652 ei
1408 1621 1493 1659 Ange-¹

848 1669 889 1695 lus
908 1672 936 1695 ut
954 1669 1127 1702 venerabilis,
1148 1673 1176 1696 ut
1199 1670 1378 1702 admirabilis,
1398 1674 1426 1697 ut
1445 1674 1493 1697 ter-

848 1712 931 1739 ribilis
964 1713 996 1739 15
1030 1714 1079 1747 16,
1113 1715 1143 1740 18
1176 1729 1211 1734 -
1242 1715 1292 1747 lpsi
1324 1715 1493 1741 denuntiatur

848 1758 986 1791 conceptio
1003 1760 1089 1785 futura
1103 1762 1131 1785 ut
1144 1760 1326 1791 confortativa,
1340 1760 1492 1786 instructiva

848 1805 874 1828 et
892 1804 1051 1830 consolativa
1073 1804 1106 1830 -16
1127 1804 1169 1836 19,
1189 1805 1217 1830 21
1244 1819 1277 1823 -——
1296 1805 1397 1831 visione
1416 1812 1494 1838 ange-

849 1848 898 1873 lica
917 1847 1037 1875 turbatus
1062 1849 1110 1875 fuit
1134 1849 1311 1876 admiratione
1337 1850 1370 1875 15
1397 1850 1429 1876 17
1459 1865 1493 1869 -

850 1893 942 1919 Timor
962 1894 1037 1920 irruit
1055 1901 1136 1926 super
1155 1901 1217 1920 eum
1242 1894 1310 1921 sicut
1337 1902 1418 1928 snper
1448 1895 1494 1921 Da-

842 1938 945 1970 ,nielem
964 1937 998 1965 ib.
1021 1939 1051 1964 18

903 1996 938 2002 -
957 1983 1096 2009 exsultavit
1121 1983 1229 2015 gaudio,
1256 1984 1319 2017 quia
1347 1986 1492 2017 sapientem

850 2028 942 2060 genuit
961 2028 1043 2053 fllium
1064 2028 1106 2053 Vll
1128 2028 1160 2053 16
1181 2028 1223 2053 21.
1244 2029 1277 2054 38
1300 2030 1350 2054 119

902 2086 938 2092 -
957 2072 1059 2099 dubitat
1078 2073 1112 2098 de
1131 2073 1248 2104 angelica
1274 2074 1449 2106 promissione
1468 2078 1494 2101 et

849 2117 955 2150 signum
975 2117 1079 2150 quaerit
1097 2120 1205 2149 propter
1224 2118 1422 2145 haesitationem
1442 2120 1494 2145 ani-

851 2163 885 2187 mi
907 2162 949 2187 Vll
971 2162 1002 2187 48
1023 2162 1066 2187 30.
1094 2161 1127 2187 24
1153 2162 1186 2186 60
1206 2175 1242 2181 —-
1260 2163 1412 2195 haesitavit,
1430 2164 1493 2197 quia

850 2206 1027 2232 consideravit
1046 2206 1189 2231 humanam
1208 2206 1391 2238 impotentiam
1414 2209 1445 2233 18
1459 2209 1492 2234 30

849 2264 884 2270 -
903 2253 1012 2282 propter
1030 2249 1124 2275 vitium
1144 2250 1334 2277 incredulitatis
1353 2252 1445 2278 habult
1462 2253 1493 2279 si-

850 2301 932 2327 gnum
953 2294 1117 2326 poenalitatis
1136 2293 1169 2321 ib.
1191 2295 1233 2321 32.
1253 2295 1286 2321 24
1307 2297 1341 2321 60
1355 2310 1390 2318 —
1403 2300 1493 2323 mutus

851 2341 933 2365 factus
953 2338 999 2364 fuit
1013 2341 1121 2370 propter
1133 2339 1342 2366 incredulitatem
1356 2342 1491 2374 propriam

852 2384 883 2408 48
904 2383 937 2408 32
958 2397 990 2401 -—
1011 2383 1122 2409 credidit
1141 2387 1200 2416 post
1219 2391 1334 2416 poenam
1353 2385 1414 2412 ibid.
1473 2385 1476 2388 ’

2108 209 2173 241 857

1820 473 1884 499 ZOR

1584 531 1618 534 —
1637 517 1753 549 Populus
1771 517 1941 548 exspectabat
1969 525 2029 543 eum
2051 522 2076 543 et
2097 519 2175 544 mira—

1529 560 1621 592 hatur,
1640 561 1713 594 quod
1734 561 1849 587 tardaret
1868 562 1895 586 in
1915 563 2012 594 templo
2028 563 2069 587 Vll
2092 563 2123 588 19
2139 564 2172 589 33

1529 618 1562 622 —
1582 605 1698 637 Populus
1726 606 1865 637 cognovit,
1885 606 1957 638 quod
1987 607 2117 632 visionem
2138 608 2174 633 vi-

1529 649 1610 674 disset
1629 649 1655 674 in
1685 650 1782 681 templo
1808 653 1834 675 et
1862 650 1934 682 quod
1954 654 2023 676 aeset
2042 651 2171 683 Propheta

1528 692 1597 718 sicut
1615 693 1719 719 Samuel
1739 693 1773 719 ib.
1793 694 1826 719 34

1583 750 1618 755 ——
1638 738 1783 769 permansit
1802 741 1891 763 mutus
1910 738 1944 763 ad
1964 741 2106 771 perfectam
2121 740 2174 765 evi—

1528 780 1645 806 dentiam
1665 781 1733 812 signi
1750 782 1789 807 Vll
1806 782 1838 806 19
1859 782 1892 807 34
1906 796 1941 801 -
1961 785 2105 814 permansit
2118 791 2173 809 mu-

1529 827 1571 850 tus
1590 825 1615 850 in
1645 825 1765 857 signum,
1792 826 1865 858 quod
1892 827 1918 852 in
1942 827 2058 853 adventu
2078 828 2172 854 Christi

1528 869 1659 894 silentium
1680 869 1795 895 debebat
1814 871 1915 902 imponi
1936 872 2083 897 sacerdotio
2097 873 2171 904 legali

1528 913 1590 940 ibid.

1581 972 1617 977 —
1636 966 1687 984 non
1706 958 1850 984 accedebat
1868 959 1902 985 ad
1923 966 2044 991 uxorem,
2064 961 2172 993 quando

1527 1003 1584 1029 dies
1604 1003 1682 1029 officii
1702 1003 1829 1035 implebat
1848 1004 1890 1029 Vll
1914 1004 1945 1029 19
1966 1004 1999 1029 36

1583 1062 1615 1066 -
1636 1047 1676 1073 ΑΙ)
1701 1055 1732 1074 eo
1760 1055 1857 1074 nomen
1884 1048 2068 1081 requirebant,
2089 1056 2169 1082 quem

1528 1093 1604 1119 vellet
1623 1093 1713 1118 vocari
1732 1093 1828 1124 illium,
1848 1093 1910 1126 quia
1930 1100 2011 1125 penes
2032 1093 2117 1125 ipsum
2132 1101 2170 1119 re-

1528 1137 1630 1163 sidebat
1655 1138 1796 1163 auctoritas
1821 1138 1974 1163 nominandi
2001 1138 2043 1163 Vll
2065 1139 2097 1163 36
2122 1139 2165 1163 111

1528 1197 1563 1200 -
1582 1189 1680 1208 nomen
1700 1182 1743 1208 tilii
1763 1182 1852 1207 divina
1878 1183 2037 1208 revelatione
2057 1183 2171 1214 praesci-

1530 1231 1603 1253 verat
1622 1226 1683 1253 ibid.
1703 1241 1737 1246 —
1757 1227 1792 1252 Os
1820 1227 1876 1252 eius
1905 1230 2026 1259 apertum
2056 1231 2094 1253 est
2124 1234 2171 1259 per

1529 1272 1685 1298 miraculum
1693 1292 1700 1303 ,
1711 1276 1736 1298 et
1746 1272 1903 1305 loquebatur
1913 1271 2073 1298 benedicens
2087 1272 2170 1298 Deum

1530 1317 1563 1342 37
1586 1317 1634 1342 116
1655 1331 1689 1335 —-
1708 1320 1814 1342 curatur
1828 1323 1874 1349 per
1888 1316 2043 1343 miraculum
2063 1324 2172 1349 verum,

1530 1362 1637 1393 plenum
1656 1365 1682 1387 et
1701 1362 1846 1394 perfectum
1866 1360 1927 1387 ibid.

1584 1420 1617 1424 ——
1644 1406 1682 1432 Ad
1703 1406 1866 1432 laudandum
1886 1406 2075 1438 redemptionis
2095 1405 2172 1432 bene-

1530 1450 1619 1476 ficium
1639 1451 1737 1483 Spiritu
1757 1454 1846 1477 sancto
1867 1452 1914 1477 fuit
1927 1452 2029 1477 afflatus
2041 1455 2067 1476 et
2081 1452 2172 1483 imple-

1530 1497 1572 1519 tus
1591 1495 1634 1520 Vll
1654 1495 1687 1520 38
1712 1495 1760 1520 119
1783 1509 1815 1513 —
1835 1496 1896 1528 quia
1911 1499 1984 1527 pater
1998 1496 2108 1527 loannis,
2122 1503 2174 1521 me-

1530 1545 1588 1563 mor
1608 1539 1656 1564 fuit
1676 1540 1779 1565 Domini
1800 1540 1824 1567 in
1844 1540 1925 1566 corde
1943 1548 1991 1566 suo
2006 1539 2066 1567 ibid.
2081 1555 2115 1558 —
2130 1542 2175 1566 ha-

1529 1581 1587 1608 huit
1599 1583 1721 1615 spiritum
1735 1585 1891 1616 prophetiae
1901 1589 2009 1617 propter
2020 1585 2101 1611 filium
2113 1584 2174 1611 ibid.

1531 1640 1564 1644 ——
1583 1627 1708 1659 impletus
1727 1625 1766 1654 est
1786 1629 1884 1661 Spiritu
1904 1633 2003 1661 sancto,
2018 1633 2045 1656 ut
2059 1631 2174 1662 prophe-

1530 1674 1599 1696 raret
1618 1671 1750 1698 laudando
1771 1676 1796 1698 et
1815 1674 1994 1705 praedicando
2014 1674 2076 1700 ibid.

1584 1716 1662 1741 Ζειυε
1680 1730 1716 1735 -
1735 1717 1798 1742 dicit
1825 1718 1907 1743 animi
1935 1718 2175 1751 perturbationem,

1530 1759 1572 1785 vel
1591 1760 1678 1786 solum
1705 1761 1851 1787 ferventem
1880 1769 1999 1788 amorem
2019 1770 2069 1795 pro
2088 1764 2174 1789 defen-

1530 1804 1603 1830 sione
1623 1805 1739 1831 veritatis
1760 1805 1792 1831 Vl
1813 1805 1865 1832 275
1886 1807 1914 1832 31
1947 1821 1980 1825 -
2000 1811 2089 1834 contra
2110 1808 2173 1834 vitia

1530 1849 1675 1879 inculcatur
1696 1850 1736 1875 Vll
1757 1849 1809 1875 554
1830 1849 1862 1875 48
1882 1864 1918 1869 -
1937 1855 1977 1877 est
1995 1852 2099 1883 gladius
2112 1852 2175 1879 ibid.

1530 1894 1627 1920 domus
1655 1894 1700 1920 Dei
1729 1895 1833 1927 quaerit
1860 1896 2003 1921 emendare
2034 1904 2175 1929 perversa,

1530 1945 1599 1972 quae
1618 1938 1655 1964 ibi
1675 1939 1741 1965 flunt
1760 1939 1792 1965 Vl
1812 1939 1865 1965 274
1885 1939 1918 1965 24

1585 1998 1619 2002 -
1638 1984 1780 2016 Zelotypus
1798 1984 1937 2016 diligenter
1956 1985 2030 2010 audit
2057 1989 2082 2011 et
2103 1989 2174 2011 notat

1530 2028 1611 2055 verba
1631 2036 1744 2061 sponsae
1763 2032 1789 2054 et
1817 2029 1980 2062 loquentium
2010 2036 2070 2055 eum
2091 2036 2120 2055 ea
2141 2031 2184 2056 Vl.

1532 2074 1582 2100 115
1612 2081 1638 2099 ν.
1668 2074 1700 2099 10
1730 2087 1765 2093 -
1793 2074 1891 2100 Stultus
1919 2074 1984 2105 legis
2012 2074 2107 2100 zelator
2135 2078 2175 2100 est

1531 2118 1613 2151 ipsius
1633 2118 1699 2150 legis
1717 2118 1864 2144 destructor
1885 2119 1927 2144 Vll
1948 2118 1998 2143 343
2020 2119 2051 2144 28

1584 2164 1652 2189 Zona
1672 2178 1707 2182 ——
1719 2164 1817 2190 summi
1831 2163 1960 2195 pontificis
1973 2163 2103 2195 significat
2116 2171 2173 2189 oce·

1530 2215 1626 2240 anum,
1645 2208 1708 2241 quia
1727 2209 1809 2241 cingit
1829 2212 1907 2234 totam
1937 2211 2033 2233 terram
2058 2208 2091 2233 Vl
2120 2208 2173 2234 227

1531 2261 1556 2279 ν.
1577 2253 1611 2279 24
1630 2268 1665 2271 -
1685 2254 1710 2278 ln
1730 2260 1795 2278 zona
1814 2260 1892 2278 aurea
1906 2253 2068 2284 significatur
2082 2252 2174 2278 vincu-

1530 2298 1584 2323 lum
1603 2298 1718 2323 caritatis
1737 2298 1788 2324 598
1809 2298 1824 2323 3

1584 2343 1730 2368 ΖοηοΒΛυει
1749 2356 1784 2361 -
1802 2342 1949 2375 specialiter
1978 2343 2075 2368 electus
2094 2342 2174 2374 signi-

1531 2386 1590 2412 sicat
1609 2386 1741 2413 Christum
1764 2387 1794 2413 Vl
1815 2387 1866 2413 325
1888 2387 1920 2413 43
