2427 3872
369 220 434 247 CHR
454 221 491 253 (8)

110 267 253 299 potentiam
266 264 329 292 ibid.
340 278 377 285 —
388 272 436 297 per
450 264 627 291 testimonium
637 264 751 297 Scriptu-

109 317 154 337 rae
173 310 245 337 elidit
262 309 418 336 diabolicam
438 309 587 335 suasionem
608 309 641 334 93
663 309 695 334 46
715 322 750 328 —

109 355 279 388 responsione
298 353 389 380 humili
408 356 434 379 et
446 353 557 379 discreta
576 353 642 379 celat
655 352 749 378 Divini-

110 402 188 425 tatem
213 401 239 424 et
258 398 322 424 vitat
340 397 517 423 carnalitatem
537 397 566 422 94
591 397 624 422 40
641 409 679 416 —
702 403 750 428 per

108 443 288 469 auctoritatem
307 442 443 474 respondit
466 440 572 467 diabolo
596 440 749 473 suggerenti

107 487 315 520 experimentum
334 486 440 512 divinae
459 485 590 518 potentiae
609 485 643 510 95
661 486 694 511 22
713 499 748 504 -

108 531 212 558 (1130010
230 531 362 557 nesciente
381 530 452 561 fecit,
472 532 500 556 ut
518 537 532 555 a
552 529 658 555 nemine
677 529 748 555 vide-

108 579 179 602 retur
203 576 341 601 translatus
360 574 386 600 in
411 574 580 606 pinnaculum
600 574 691 606 templi
712 574 747 599 93

108 621 141 646 48
161 634 196 638 -
214 626 266 645 non
284 619 390 646 ducitur
403 626 417 644 a
437 618 542 645 diabolo
560 618 585 644 in
608 618 746 643 Ierusalem

106 671 138 690 ex
157 664 319 695 infirmitate,
342 663 389 690 sed
408 670 438 689 ex
463 662 636 695 permissione
660 666 686 688 et
704 669 747 694 pa-

106 709 193 735 tientia
213 707 276 735 ibid.
306 722 340 727 —-
360 707 455 734 ductus
474 710 513 733 est
532 714 547 733 a
569 706 675 733 diabolo
695 709 747 732 tan-

106 761 187 787 quam
207 753 340 784 inflrmus,
360 759 411 778 non
431 755 518 778 tamen
543 751 746 790 involuntarius,

106 798 154 824 sed
172 797 303 824 humiliter
322 796 476 829 permittens
495 796 524 821 91
550 796 577 821 11

159 856 194 862 -
207 842 268 868 Eius
280 849 334 868 non
346 845 402 868 erat
414 840 590 872 descendere,
599 840 646 866 sed
659 847 747 866 ascen-

106 887 170 914 dere
189 887 231 912 Vll
251 886 285 912 94
306 887 338 912 49
351 899 388 905 —
400 892 452 912 non
472 880 609 918 indigebat
628 885 746 911 custodia

107 932 268 964 Angelorum
287 930 321 957 ib.
341 931 375 956 20

158 989 194 995 —
211 975 292 1001 Fama.
310 975 454 1008 sapientiae
476 974 572 1001 Christi
590 974 640 1000 late
664 974 747 1000 divul-

107 1023 167 1052 gata
188 1020 229 1046 Vll
250 1020 283 1045 96
303 1020 337 1045 28
355 1033 392 1039 -
411 1020 479 1045 Laus
497 1018 593 1045 Christi
618 1019 747 1045 diffunde-

106 1064 183 1091 batur
195 1067 322 1098 quantum
337 1064 370 1090 ad
384 1063 520 1090 scientiam
533 1067 559 1089 et
572 1063 681 1089 virtutes
696 1063 741 1089 121

105 1110 139 1135 33
159 1124 194 1128 -
212 1110 311 1135 Nomen
340 1109 396 1134 eius
422 1108 468 1134 1011
493 1108 691 1140 magnificatum
712 1109 747 1133 13-

105 1160 188 1185 mose,
206 1154 339 1179 fructuose
366 1156 392 1179 et
419 1153 538 1179 virtuose
564 1151 626 1178 ibid.
645 1167 681 1170 —
700 1153 747 1178 No-

104 1205 164 1224 men
184 1197 279 1224 Christi
296 1197 463 1229 divulgatum
482 1200 522 1223 est
546 1197 647 1222 ratione
660 1197 746 1222 omnis

104 1242 271 1269 excellentiae
290 1244 315 1267 et
337 1241 471 1273 dignitatis
492 1241 535 1267 vel
553 1241 747 1273 supereminen-

103 1287 154 1313 tiae
174 1286 224 1312 407
243 1287 277 1312 78
298 1300 332 1304 —
351 1285 445 1312 Christi
464 1287 532 1311 fama
545 1285 681 1317 divulgata
697 1293 745 1318 per

105 1331 229 1357 miracula
254 1330 303 1356 473
333 1330 367 1356 34
386 1344 422 1348 -
441 1330 520 1355 Fama
538 1329 653 1356 nominis
676 1329 746 1356 Chri-

104 1375 137 1402 sti
164 1370 223 1407 per'
240 1374 378 1407 Apostolos
405 1374 539 1406 divulgata
560 1374 610 1399 220
632 1375 659 1399 11

157 1434 193 1438 -
211 1418 326 1445 debebat
339 1425 456 1445 crescere
475 1419 501 1444 in
521 1420 590 1444 fama
609 1421 634 1444 et
651 1418 678 1444 in
697 1426 746 1444 nu-

104 1471 178 1490 mero
197 1463 387 1496 discipulorum
412 1464 445 1489 Vl
470 1462 521 1489 287
550 1463 584 1489 53
612 1477 648 1482 —-
666 1462 746 1489 debet

104 1515 235 1540 crescere,
255 1508 317 1541 quia
342 1508 482 1534 desursum
508 1507 579 1534 venit
601 1506 637 1534 ib.
656 1507 690 1534 54
709 1522 745 1527 —

104 1553 188 1579 crevit
206 1553 233 1579 in
252 1552 445 1585 praedicatione
464 1555 592 1585 quantum
612 1552 645 1578 ad
663 1555 746 1579 osten-

105 1598 205 1624 sionem
236 1597 370 1629 veritatis‚
402 1597 426 1623 in
461 1597 584 1629 passione
617 1600 744 1630 quantum

104 1643 139 1668 ad
157 1642 333 1668 ostensionem
352 1641 488 1673 bonitatis,
508 1642 532 1667 in
555 1642 746 1668 resurrectione

104 1690 233 1720 quantum
253 1687 286 1713 ad
299 1687 475 1712 ostensionem
489 1686 623 1718 potestatis
643 1686 693 1712 553
715 1688 745 1718 2,

105 1731 120 1757 3
130 1751 136 1763 ,
157 1731 172 1757 4
183 1745 218 1751 --
231 1731 256 1757 in
276 1731 470 1763 praedicatione
482 1731 565 1757 crevit
581 1731 606 1756 in
620 1731 745 1764 fluvium,

105 1776 131 1801 in
150 1776 272 1808 passione
296 1775 321 1801 in
342 1775 480 1806 arborem,
503 1775 531 1801 in
554 1776 746 1802 resurrectione

103 1823 130 1846 et
148 1820 301 1846 ascensione
320 1820 345 1846 in
363 1823 480 1846 montem
499 1819 560 1846 ibid.

141 1865 156 1889 8
177 1878 211 1883 —
230 1864 255 1890 in
275 1865 362 1896 primo
377 1865 493 1890 adventu
509 1864 534 1889 in
554 1864 694 1890 Galilaeam
714 1866 747 1891 10-

105 1908 140 1934 011
169 1908 323 1934 miraculum
352 1909 379 1934 in
399 1908 497 1941 nuptiis
525 1909 558 1934 Vl
587 1909 639 1935 267
658 1910 691 1934 99
711 1923 747 1928 -

105 1957 215 1978 vocatus
235 1953 281 1979 ivit
294 1953 328 1979 ad
346 1953 450 1985 nuptias
462 1953 562 1979 ratione
575 1953 707 1979 affinitatis
720 1956 748 1979 ut

106 1997 212 2023 humilis
226 1997 277 2023 269
296 1998 320 2029 1,
339 1998 355 2023 2
368 2011 405 2017 --
417 2004 464 2030 per
482 1997 656 2030 praesentiam
670 2005 746 2024 suam

105 2041 189 2067 voluit
206 2042 312 2074 nuptias
330 2042 435 2067 firmare
445 2044 535 2067 contra
554 2042 700 2068 haereticos
719 2045 744 2068 et

105 2085 256 2118 approbare
276 2086 402 2113 miraculo
422 2086 473 2112 272
494 2087 527 2112 16

158 2144 194 2150 -
213 2137 261 2163 per
280 2131 481 2157 conversionem
501 2138 586 2164 aquae
610 2138 639 2157 se
659 2131 745 2163 ipsum

105 2175 283 2201 manifestavit
311 2175 448 2207 discipulis
476 2176 509 2201 Vl
539 2176 590 2201 269
622 2176 630 2201 1
662 2190 698 2195 -
722 2176 746 2201 10

105 2219 202 2251 nuptiis
230 2219 309 2245 fldem
338 2220 530 2252 discipulorum
559 2220 674 2245 firmavit
698 2227 746 2252 per

107 2263 264 2290 miraculum
294 2264 345 2290 270
376 2265 418 2290 11.
447 2264 498 2290 272
529 2265 560 2290 16
579 2279 615 2283 -
638 2265 746 2296 Propter

106 2309 307 2335 conversionem
330 2315 416 2342 aquae
436 2309 460 2334 in
484 2309 577 2334 vinum
602 2309 650 2335 soli
669 2309 747 2335 disci-

106 2353 162 2385 puli
181 2353 349 2379 crediderunt
368 2353 394 2379 in
413 2360 474 2379 eum
494 2354 546 2379 300
569 2354 603 2379 72

161 2398 291 2430 —primo
309 2398 381 2424 venit
401 2398 425 2424 in
439 2398 578 2424 Galilaeam
600 2401 659 2431 post
677 2399 747 2424 testi-

107 2442 226 2467 monium
248 2442 358 2475 loannis,
377 2442 503 2475 secundo,
521 2446 661 2476 postquam
676 2443 748 2468 loan-

106 2492 154 2511 nes
172 2486 268 2512 missus
295 2489 334 2512 est
360 2487 383 2512 in
411 2493 545 2513 carcerem
565 2487 598 2513 Vl
624 2487 675 2512 267
702 2487 746 2513 99.

107 2530 150 2556 Vll
177 2531 222 2556 101
253 2531 287 2556 50
306 2545 342 2550 -
360 2531 582 2563 secundm-venit
599 2532 625 2557 in
645 2531 749 2557 Galilae-

106 2581 164 2607 am,
183 2578 212 2600 ut
234 2575 277 2601 isti
299 2576 341 2601 vel
366 2576 404 2602 sic
423 2576 532 2602 credant
551 2583 599 2609 per
621 2576 696 2608 signa
715 2576 748 2601 Vl

107 2619 159 2644 300
178 2619 227 2651 70,
246 2619 281 2645 72

160 2678 195 2681 —
205 2664 306 2690 elicitur
316 2667 386 2690 extra
400 2665 533 2691 civitatem
548 2668 674 2698 tanquam
685 2664 749 2690 blas-

107 2708 221 2739 phemus
241 2709 282 2734 Vll
305 2709 355 2734 403
376 2709 409 2734 58
428 2723 464 2729 -
482 2710 577 2736 ductus
599 2710 632 2735 ad
653 2710 750 2742 praeci-

109 2751 200 2783 pitium
214 2751 249 2779 ib.
262 2753 295 2778 59
307 2767 340 2772 —-
351 2753 406 2779 ibat
418 2761 465 2786 per
478 2754 580 2780 medios
591 2761 748 2787 persequen-

108 2798 151 2821 tes
166 2797 272 2829 propria
286 2798 382 2824 virtute
404 2792 454 2824 {04
474 2799 523 2829 60,
543 2799 576 2824 62
592 2812 627 2818 -
641 2799 687 2824 ivit
700 2806 748 2831 per

108 2840 225 2866 medium
255 2842 431 2874 ludaeorum,
457 2847 562 2874 certus,
594 2843 667 2876 quod
695 2850 748 2869 non

108 2888 197 2915 posset
216 2884 250 2911 ab
277 2886 365 2920 aliquo
393 2888 511 2919 superari
539 2886 574 2914 ib.
597 2888 626 2913 61
650 2901 685 2907 -
704 2888 746 2914 de-

107 2928 251 2955 scendebat
277 2930 328 2956 sub
356 2938 436 2964 rupe,
455 2934 529 2964 petra
558 2932 644 2964 ipsum
665 2932 747 2958 susci-

108 2973 196 3005 piente
215 2973 249 3000 ib.
267 2975 301 3000 62

160 3031 196 3037 -
214 3019 389 3046 manifestavit
412 3027 441 3046 se
461 3019 633 3055 praedicando
658 3024 684 3047 et
705 3028 747 3047 an-

108 3062 253 3089 nuntiando
281 3063 395 3090 verbum
423 3065 513 3091 salutis
541 3066 574 3092 Vl
597 3066 648 3092 289
679 3066 688 3092 1
712 3080 748 3086 -

108 3105 192 3132 tribus
210 3107 284 3133 annis
309 3108 472 3140 praedicavit
493 3113 519 3136 et
542 3110 668 3136 miracula
688 3111 747 3137 fecit

108 3149 153 3175 Vll
171 3149 222 3175 355
241 3151 275 3176 67
294 3165 330 3171 -—
345 3153 506 3184 praedicavit
524 3153 608 3180 tribus
626 3154 700 3180 annis
722 3158 748 3181 ct

108 3193 218 3220 dimidio
238 3195 288 3221 102
308 3196 343 3222 55
361 3210 397 3216 -—
415 3198 578 3229 praedicavit
602 3198 686 3225 tribus
705 3206 748 3225 an-

108 3237 148 3263 nis
167 3238 218 3263 299
238 3239 271 3263 68
288 3253 324 3259 -
336 3240 432 3273 incepit
444 3241 597 3273 praedicare
615 3245 641 3268 et
653 3249 682 3268 se
695 3250 747 3269 ma·

108 3281 227 3308 nifestare
251 3283 277 3308 in
301 3287 385 3310 aetate
412 3285 499 3311 adulta
528 3287 562 3312 85
589 3286 622 3311 67
647 3300 683 3306 —
705 3287 747 3313 de-

107 3325 145 3351 dit
163 3327 311 3358 exemplum
339 3335 392 3354 non
411 3329 524 3356 docendi
552 3333 611 3356 unte
635 3333 745 3357 aetatem

774 177 810 209 ΙΝ
833 176 1126 209 ΟΟΜΜΕΝΤΑΒΙΟΞ
1149 178 1179 210 S.
1204 177 1429 212 SCMPTURAE

786 264 902 290 adultam
921 263 983 290 ibid.
1002 278 1036 282 —
1054 264 1202 290 secundum
1217 265 1373 291 ludaeorum
1387 273 1427 291 ae-

785 308 960 334 stimationem
979 308 1212 341 appropinquabat
1229 309 1262 335 ad
1282 310 1428 342 quadrage-

785 352 883 378 simum
902 359 1000 377 annum
1021 352 1053 377 Vl
1073 352 1119 377 371
1143 353 1172 377 81

838 410 873 415 -
893 396 947 421 5100
975 396 1121 422 0055311000
1145 395 1282 422 laborabat
1304 397 1427 423 docendo

785 442 811 465 et
829 440 1021 466 circumeundo
1046 440 1088 466 Vll
1109 440 1160 465 350
1188 440 1221 466 49
1245 454 1281 460 -
1300 441 1428 467 circuibat

784 484 816 510 ad
830 484 982 510 docendum
998 484 1048 510 170
1063 485 1107 510 21.
1120 484 1172 510 272
1185 485 1219 510 66
1234 499 1267 503 -
1281 485 1362 511 nutrit
1380 492 1427 517 per

783 529 931 555 doctrinam
951 529 1065 555 duorum
1086 531 1301 555 testamentorum
1322 530 1373 555 272
1393 530 1426 556 64

784 587 819 592 -
838 573 980 599 seminavit
999 580 1090 599 semen
1110 573 1180 606 ndei,
1200 580 1260 599 cum
1280 574 1426 599 doctrinam

784 617 917 650 Evangelii
937 617 1099 650 praedicavit
1119 617 1170 643 347
1190 618 1223 643 39
1242 631 1278 637 -
1297 621 1336 644 est
1355 626 1427 644 sum-

784 669 843 688 mus
862 662 1005 688 seminator
1025 662 1086 688 fidei
1105 662 1156 688 346
1177 663 1211 688 39
1230 676 1266 682 -
1279 663 1375 689 missus
1388 666 1427 689 est

783 706 818 732 ad
828 707 1063 739 evangelizandum
1077 706 1241 739 pauperibus
1253 714 1365 739 regnum
1380 707 1426 733 Dei

787 751 836 776 112
857 751 890 776 96

835 808 872 814 -
890 795 1006 821 exercuit
1024 796 1127 822 lectoris
1145 796 1261 822 officium
1276 803 1323 828 per
1342 796 1426 822 humi·

782 839 880 865 litatem
900 840 943 866 Vll
970 839 1003 865 97
1024 840 1056 866 33
1075 853 1112 859 —
1130 843 1202 874 stans
1226 840 1306 872 legit,
1328 839 1424 866 librum

783 883 934 916 scripturae
945 884 1099 916 accipiendo
1109 891 1170 910 cum
1185 884 1330 910 humilitate
1343 885 1377 910 99
1392 884 1424 910 43

778 961 787 965 ᾖ
835 942 871 948 -
890 929 986 954 sedens
1004 928 1082 955 docet
1104 935 1152 961 per
1175 929 1356 955 auctoritatem
1382 929 1425 955 Vll

785 972 835 998 114
849 973 865 998 6
879 987 913 991 ——
926 973 1039 999 docebat
1051 973 1146 999 sedens
1159 975 1284 1006 tanquam
1298 973 1424 1005 magister

783 1021 808 1043 et
821 1017 913 1043 doctor
932 1018 1091 1050 praecipuus
1110 1021 1218 1050 propter
1231 1018 1425 1044 multitudinem

784 1062 928 1094 sapientiae
957 1062 1007 1088 123
1036 1062 1064 1088 41
1088 1062 1170 1087 -in
1195 1069 1332 1094 synagoga
1357 1063 1426 1088 sedit

784 1113 845 1132 cum
865 1107 1015 1132 maturitate
1037 1110 1063 1132 et
1081 1107 1235 1132 auctoritate
1260 1107 1375 1133 doctoris
1400 1110 1426 1133 et

783 1151 854 1183 regis
873 1151 906 1176 99
928 1151 961 1177 43

837 1209 873 1215 --
892 1195 1005 1221 docebat
1031 1196 1057 1221 in
1080 1196 1225 1228 synagogis
1250 1196 1293 1222 Vll
1322 1196 1373 1222 137
1393 1196 1421 1222 11

783 1254 817 1258 -
837 1239 950 1266 (1000031
974 1240 1079 1272 publice
1097 1241 1123 1266 in
1151 1236 1249 1273 templo
1275 1241 1309 1266 Vl
1328 1240 1380 1267 354
1401 1242 1425 1266 3.

783 1285 825 1310 Vll
845 1284 896 1310 500
916 1285 950 1311 73
969 1300 1004 1303 -
1024 1285 1137 1312 (1000031
1150 1286 1312 1318 authentice,
1331 1286 1427 1312 sedens

782 1329 808 1354 in
827 1329 926 1361 templo
941 1329 973 1355 Vl
994 1326 1045 1356 354
1066 1330 1081 1355 3
1100 1344 1136 1349 -
1155 1330 1268 1356 (1000031
1282 1330 1307 1355 10
1328 1331 1426 1362 templo

781 1376 807 1399 et
826 1373 852 1399 iu
871 1374 1028 1406 synagogis,
1047 1374 1155 1407 quando
1180 1375 1297 1407 populus
1316 1382 1423 1407 genera-

782 1418 840 1444 liter
858 1418 1034 1444 conveniebat
1047 1418 1097 1444 484
1117 1418 1147 1444 41
1172 1418 1201 1444 2*
1213 1433 1250 1439 -—
1262 1426 1369 1452 semper
1383 1420 1427 1445 do-

781 1462 858 1488 cebat
872 1463 895 1488 in
915 1470 1052 1495 synagoga
1065 1466 1091 1489 et
1109 1463 1137 1489 in
1156 1464 1254 1495 templo
1268 1464 1311 1490 Vll
1327 1464 1377 1489 437
1397 1465 1421 1490 11

781 1521 817 1527 -
835 1507 947 1533 docebat
965 1514 1059 1533 omnes
1077 1507 1183 1540 publice
1202 1507 1264 1534 ibid.

834 1566 869 1571 —
888 1551 1001 1578 docebat
1015 1552 1038 1577 in
1053 1553 1111 1578 loco
1125 1551 1244 1584 publico,
1258 1559 1291 1578 ne
1303 1556 1426 1585 suspecta

781 1600 850 1623 esset
863 1596 979 1622 doctrina
994 1597 1027 1622 Vl
1042 1596 1093 1622 342
1113 1597 1150 1622 19.
1166 1596 1216 1622 483
1230 1596 1265 1622 34
1281 1610 1317 1616 —
1331 1598 1427 1623 Doctri-

781 1648 843 1667 nam
854 1641 947 1667 Christi
958 1640 1069 1667 decebat
1078 1648 1136 1667 esse
1149 1640 1281 1673 publicam
1295 1641 1329 1667 ad
1339 1643 1427 1668 confu-

782 1686 889 1712 tandam
908 1686 1106 1711 Pharisaeorum
1133 1686 1258 1711 malitiam
1278 1686 1320 1712 Vll
1338 1686 1389 1712 310
1410 1688 1425 1712 2

782 1744 817 1751 -·-
830 1737 884 1756 non
897 1729 1010 1756 docebat
1022 1730 1049 1755 in
1062 1730 1164 1756 occulto
1177 1737 1207 1756 ex
1220 1730 1314 1756 timore
1327 1733 1352 1756 et
1364 1731 1425 1757 dolo

783 1775 816 1800 Vl
837 1775 888 1800 484
909 1774 936 1800 4l
962 1789 995 1793 —-
1015 1782 1066 1800 non
1086 1774 1200 1800 docebat
1218 1775 1245 1800 in
1264 1776 1367 1801 occulto
1382 1776 1424 1801 Vll

783 1820 818 1844 96
844 1820 877 1845 29
897 1833 932 1838 —
952 1819 1066 1852 loquitur
1089 1819 1123 1845 ad
1148 1819 1292 1851 discipulos
1317 1827 1379 1845 suos
1398 1820 1424 1845 in

783 1867 875 1896 aperto
894 1870 983 1890 coram
1003 1863 1087 1889 turbis
1106 1864 1158 1889 310
1178 1865 1194 1889 2
1207 1878 1241 1882 —-
1256 1864 1341 1897 aliqua
1360 1864 1424 1889 dixit

783 1909 845 1944 solis
858 1908 1006 1940 discipulis,
1019 1915 1072 1934 non
1091 1911 1177 1934 tamen
1193 1908 1219 1933 in
1232 1909 1347 1938 occulto,
1361 1908 1422 1941 quia

783 1953 824 1978 illa
845 1952 950 1979 volebat
969 1959 1016 1985 per
1035 1960 1081 1978 eos
1100 1953 1261 1979 innotescere
1280 1953 1368 1978 multis
1390 1953 1423 1978 Vl

786 1997 836 2023 484
855 1998 882 2023 44

838 2056 871 2060 —
891 2041 1003 2067 docebat
1027 2040 1166 2067 celebriter
1188 2041 1213 2067 in
1238 2040 1359 2067 Sabbatis
1379 2042 1421 2067 Vll

784 2086 835 2111 105
865 2087 898 2111 66
917 2100 952 2106 -
971 2085 1084 2112 docebat
1109 2085 1230 2112 Sabbatis
1256 2086 1306 2111 437
1336 2086 1363 2111 44
1388 2100 1423 2105 —

783 2130 895 2157 docebat
915 2130 1036 2156 Sabbatis
1054 2130 1089 2156 ob
1115 2133 1215 2163 septem
1235 2130 1348 2156 rationes
1371 2130 1422 2156 342

784 2176 817 2201 22
845 2189 881 2195 -
909 2174 1024 2201 Sabbato
1053 2174 1154 2201 solebat
1182 2175 1278 2200 intrare
1297 2175 1323 2200 in
1346 2182 1423 2207 syna-

784 2227 881 2252 gogam
911 2220 944 2245 96
974 2220 1006 2245 32
1031 2233 1066 2238 -
1085 2222 1257 2245 consueverat
1281 2219 1423 2245 ascendere

783 2264 817 2291 ad
847 2264 974 2296 templum
1008 2263 1104 2290 diebus
1133 2263 1203 2289 sestis
1230 2264 1262 2289 Vl
1295 2263 1340 2289 341
1379 2264 1421 2289 12.

785 2309 835 2334 408
855 2308 889 2334 73

837 2367 873 2372 -
892 2353 952 2379 Eius
976 2352 1094 2379 doctrina
1114 2355 1169 2378 erat
1186 2353 1300 2384 perfecte
1320 2351 1423 2383 publica

784 2398 840 2424 sine
853 2398 1057 2428 intermissione,
1078 2397 1133 2423 sine
1152 2397 1261 2423 alicuius
1276 2397 1423 2422 exclusione

784 2445 810 2468 et
828 2443 884 2468 sine
903 2442 1012 2473 alicuius
1032 2442 1100 2468 utilis
1117 2442 1242 2467 celationc
1262 2442 1303 2467 Vll
1325 2441 1375 2467 499
1388 2441 1422 2466 73

785 2501 820 2506 -
839 2486 962 2513 01001005
981 2487 1156 2512 indifferenter
1175 2485 1344 2518 praedicabat
1367 2486 1424 2511 5100

786 2531 938 2564 acceptione
954 2538 1125 2563 personarum
1147 2531 1197 2556 112
1217 2531 1251 2556 97
1265 2544 1300 2550 --
1313 2525 1423 2556 (1000001

786 2583 877 2602 010005
898 2576 948 2601 190
968 2576 984 2601 6
1006 2590 1039 2594 -
1059 2576 1136 2602 (10001
1154 2576 1285 2607 simplices
1297 2578 1322 2601 et
1341 2575 1424 2600 humi-

786 2621 822 2647 les
842 2620 892 2646 114
912 2621 927 2646 6
947 2634 983 2640 -
1001 2620 1116 2654 loquitur
1135 2619 1217 2652 plebi,
1237 2620 1298 2653 quia
1313 2619 1424 2645 maiores

786 2673 837 2691 non
857 2668 931 2691 erant
950 2665 1023 2697 digni
1042 2665 1135 2691 audire
1153 2665 1204 2691 503
1228 2665 1253 2690 11

840 2724 873 2729 ———
893 2710 1015 2735 Doctrina
1033 2709 1127 2736 Christi
1147 2713 1202 2735 erat
1221 2710 1327 2735 humilis
1339 2712 1365 2735 et
1383 2716 1425 2734 ce-

785 2754 876 2786 lebris,
896 2754 1057 2781 admirabilis
1076 2758 1102 2781 et
1119 2754 1239 2780 sublimis
1259 2755 1301 2780 Vll
1321 2753 1371 2779 404
1391 2753 1424 2779 64

784 2813 820 2819 -
839 2799 998 2825 Praedicatio
1018 2799 1111 2825 Christi
1131 2798 1240 2825 celebris
1261 2806 1291 2824 ex
1318 2799 1425 2831 plenitu-

784 2844 845 2870 dine
864 2845 976 2876 gratiae,
995 2844 1130 2870 latitudine
1151 2845 1247 2875 lamae,
1270 2843 1424 2869 certitudine

784 2888 918 2915 doctrinae
937 2891 962 2914 et
981 2889 1162 2921 magnitudine
1187 2888 1317 2914 efficaciae
1337 2888 1370 2912 96
1390 2887 1424 2912 27

783 2947 819 2952 -
838 2932 932 2959 Christi
952 2933 1056 2959 doctina
1085 2932 1194 2959 celebris
1221 2933 1248 2958 in
1277 2932 1423 2964 praesentia

784 2984 898 3010 magnae
916 2977 1091 3003 multitudinis
1110 2977 1162 3002 310
1182 2978 1198 3002 2
1216 2990 1252 2996 -
1268 2976 1360 3002 Christi
1380 2976 1424 3002 do-

785 3022 866 3048 ctrina
886 3021 1050 3048 admirabilis
1069 3022 1102 3047 Vl
1122 3021 1173 3047 342
1194 3022 1236 3046 20.
1252 3021 1293 3046 Vll
1314 3021 1364 3046 100
1382 3020 1424 3045 46.

786 3066 837 3092 105
856 3066 888 3092 67
909 3080 944 3086 -
962 3065 1056 3093 Christi
1076 3066 1195 3092 doctrina
1208 3068 1264 3091 erat
1282 3063 1424 3090 admirabi-

784 3111 815 3137 lis
833 3114 860 3136 et
877 3110 1058 3137 desiderabilis
1072 3111 1113 3136 Vll
1133 3110 1183 3135 500
1202 3110 1237 3135 75

837 3169 873 3175 —-
891 3154 1047 3188 loquebatur
1065 3154 1187 3185 dulciter,
1212 3154 1357 3186 sapienter,
1376 3160 1422 3185 po-

785 3202 881 3231 tenter,
901 3199 997 3225 utiliter
1016 3199 1048 3225 Vl
1069 3199 1115 3225 351
1140 3198 1173 3223 64
1194 3212 1228 3217 -
1247 3197 1358 3224 docebat
1376 3204 1423 3229 po-

784 3244 942 3275 tentissime,
960 3243 1165 3275 sapientissime,
1185 3242 1347 3273 dulcissime,
1374 3241 1423 3267 uti-

784 3287 881 3313 lissime
900 3288 952 3313 573
965 3294 991 3312 v.
1013 3287 1045 3312 46
1060 3289 1093 3305 ’-
1107 3286 1221 3313 Dulcedo
1241 3284 1316 3310 verbi
1327 3284 1422 3311 Christi

784 3331 827 3358 Vll
848 3331 899 3357 135
919 3331 934 3357 4
952 3344 988 3350 -
1007 3331 1112 3363 protulit
1132 3329 1212 3356 verba
1232 3329 1300 3355 vitae
1319 3332 1344 3355 et
1362 3335 1422 3360 gra-

2037 186 2100 217 (303

1722 226 1786 251 CllR
1807 227 1845 258 (55)

1464 267 1514 292 tiae
1534 268 1565 293 Vl
1586 268 1632 293 351
1653 269 1694 294 64.
1715 270 1766 295 573
1787 277 1813 294 v.
1833 270 1875 295 46.
1891 271 1932 296 Vll
1957 272 2003 295 400
2025 272 2104 296 46-—

1465 310 1551 336 Verba
1577 311 1671 337 Christi
1697 317 1756 338 sunt
1776 313 1888 344 gratiosa
1916 314 1947 338 w
1971 315 2004 339 85
2025 322 2048 338 v.
2074 315 2103 339 15

1464 368 1499 373 -—
1518 354 1630 386 benigne
1649 357 1750 388 excepit
1778 358 1971 383 multitudinem
1995 365 2104 391 sequen-

1464 401 1516 423 tem
1536 406 1597 424 eum
1623 403 1649 425 et
1667 407 1787 426 sermone
1813 401 1906 427 affabili
1933 407 1957 427 et
1987 403 2103 428 familiari

1464 442 1619 475 loquebatur
1639 444 1681 469 Vll
1702 445 1748 470 221
1776 446 1806 470 19

1517 501 1553 506 -
1572 488 1628 513 0105
1647 495 1734 514 sermo
1754 490 1843 514 efficax
1865 490 1961 515 V1298
1981 492 2010 516 61
2029 492 2102 516 —ln

1465 532 1660 562 praedicatione
1679 532 1771 558 Christi
1795 538 1850 559 erat
1875 541 1968 566 magna
1990 536 2102 560 efficacia

1464 575 1516 600 362
1541 575 1582 601 40.
1608 576 1648 601 Vll
1670 577 1702 601 96
1726 578 1758 602 30
1777 591 1813 596 —
1834 578 1918 603 Verba
1938 579 2030 604 Christi
2052 580 2103 611 spi-

1464 619 1583 645 ritualem
1612 621 1734 646 virtutem
1764 622 1901 653 sapiebant
1930 623 1972 648 Yll
2000 624 2049 648 105
2070 625 2101 648 68

1464 663 1583 689 Sermoni
1602 663 1694 690 Christi
1715 669 1769 691 erat
1782 667 1865 691 virtus
1881 668 2016 692 coniuncta
2038 667 2100 693 usia.

1463 721 1498 727 —
1516 707 1609 734 Christi
1630 709 1745 735 doctrina
1767 710 1886 736 sublimis
1899 718 1928 736 cx
1944 712 2038 737 1111010
2052 712 2103 737 sin-

1463 752 1561 785 gulari,
1580 753 1642 785 quia
1663 753 1818 786 loquebatur
1833 759 1860 780 ut
1874 755 1999 780 Dominus
2019 756 2102 781 omni-

1463 799 1556 828 potens
1575 796 1637 823 ibid.
1656 811 1691 817 —-
1710 798 1823 824 docebat
1850 803 1875 824 et
1901 799 2049 831 baptizabat
2078 800 2102 825 in

1463 841 1567 866 nominc
1587 849 1634 868 suo
1654 842 1720 868 sicut
1740 843 1919 869 auctoritatem
1952 844 2050 869 liabens
2070 845 2101 870 Vl

1462 886 1509 911 291
1534 886 1566 911 12
1590 885 1618 911 2*
1641 900 1674 904 ——
1693 886 1805 912 docebat
1823 888 1848 912 in
1868 895 2002 920 synagoga
2023 892 2047 914 et
2069 889 2102 914 in-

1461 929 1587 962 crepabat
1604 930 1670 956 sicut
1690 932 1815 957 Dominus
1835 931 1934 958 habens
1949 936 2102 965 potestatem

1463 974 1506 1000 Vll
1525 974 1577 1000 344
1598 975 1631 1000 30

1516 1033 1552 1038 -
1571 1022 1661 1052 aperte
1680 1020 1796 1053 loquitur
1815 1028 1866 1046 non
1886 1024 1984 1047 tantum
2006 1021 2102 1052 verbo,

1463 1063 1510 1089 sed
1529 1066 1555 1089 et
1575 1065 1641 1090 facto
1662 1064 1693 1090 Vl
1714 1065 1764 1090 390
1786 1065 1819 1090 36
1838 1079 1873 1084 -—
1893 1066 1952 1091 fecit
1971 1070 1996 1092 et
2014 1066 2103 1092 docuit

1464 1108 1507 1134 Vll
1529 1109 1580 1134 306
1600 1109 1633 1134 92
1654 1123 1684 1127 -
1707 1109 1802 1134 virtute
1830 1117 1876 1135 sua
1905 1111 1964 1136 facit
1985 1118 2014 1136 ca
2035 1118 2102 1143 quae

1463 1152 1527 1178 dicit
1550 1152 1598 1178 115
1619 1153 1651 1178 10

1516 1211 1552 1216 -
1581 1201 1706 1230 acceptus
1734 1202 1789 1224 erat
1820 1198 1890 1230 plebi
1921 1202 1948 1224 ut
1980 1200 2103 1231 magister

1463 1242 1548 1268 fidelis
1566 1245 1592 1268 et
1611 1241 1698 1269 bonus
1717 1243 1760 1269 Vll
1774 1243 1825 1268 500
1838 1243 1872 1269 74
1893 1258 1925 1262 —
1940 1244 2048 1270 libenter
2061 1252 2103 1269 au-

1463 1286 1586 1312 diebatur
1604 1294 1619 1312 a
1645 1288 1744 1320 populo
1768 1288 1818 1314 539
1839 1288 1872 1313 60
1893 1302 1926 1306 -
1945 1288 2041 1314 Omnes
2060 1289 2103 1314 dc-

1463 1330 1616 1357 siderabant
1627 1339 1688 1357 eum
1708 1332 1802 1358 audire
1815 1336 1939 1366 tanquam
1956 1333 2101 1365 sapientem

1464 1376 1496 1401 99
1518 1376 1551 1402 44
1565 1390 1600 1394 -
1614 1377 1734 1402 Doctrina
1754 1377 1847 1403 Christi
1866 1380 2016 1409 acceptatur
2030 1385 2043 1403 a
2059 1385 2105 1409 po-

1463 1421 1541 1452 pulo,
1560 1421 1622 1454 quia
1647 1421 1773 1447 immunis
1801 1421 1835 1447 ab
1861 1422 2046 1453 ostentatione,
2072 1421 2105 1447 ab

1463 1464 1621 1498 ambitione,
1640 1465 1674 1491 ab
1687 1466 1836 1492 adulatione
1854 1470 1879 1492 et
1898 1474 1911 1492 a
1933 1473 2104 1499 personarum

1463 1510 1643 1542 acceptatione
1663 1511 1708 1536 111
1734 1511 1767 1539 92
1787 1525 1822 1530 -
1840 1511 1896 1537 eius
1916 1511 2033 1537 doctrina
2051 1515 2106 1537 erat

1463 1554 1567 1586 publica
1582 1554 1682 1580 cunctis
1695 1554 1858 1586 celebritate,
1877 1563 1954 1581 exosa
1974 1557 2106 1588 perversis

1463 1599 1605 1624 veracitate
1614 1602 1639 1625 et
1650 1599 1742 1631 placita
1753 1598 1829 1626 bonis
1839 1600 1998 1632 gratiositate
2010 1600 2060 1626 499
2071 1601 2105 1626 73

1516 1656 1552 1663 —-
1581 1643 1711 1669 clamabat
1739 1645 1879 1670 affectuosa
1908 1645 2104 1676 praedicatione

1464 1687 1495 1712 Vl
1516 1687 1567 1713 348
1587 1687 1621 1713 45
1634 1702 1670 1707 —
1689 1688 1819 1714 clamabat
1838 1696 1885 1720 per
1905 1690 2052 1720 caritatem,
2074 1694 2100 1715 ut

1462 1732 1585 1757 excitaret
1613 1732 1647 1757 ad
1673 1733 1835 1758 veniendum
1855 1733 1907 1758 349
1932 1734 1965 1759 52
1994 1749 2029 1752 -
2057 1735 2106 1760 (13-

1462 1775 1552 1801 mabat
1570 1776 1596 1801 in
1615 1777 1727 1808 templo,
1747 1780 1837 1808 aperte
1862 1780 1887 1802 et
1905 1778 1987 1803 libere
2005 1778 2103 1804 docens

1462 1819 1514 1845 347
1534 1820 1566 1845 39
1586 1835 1622 1838 -
1641 1820 1763 1846 01010ον11
1789 1822 1815 1846 10
1840 1822 1936 1853 templo
1961 1822 1996 1848 ad
2021 1830 2104 1855 popu-

1462 1864 1515 1890 lum
1535 1871 1584 1896 pro
1604 1864 1661 1890 eius
1681 1865 1825 1896 ignorantia
1846 1866 2011 1898 instruenda,
2031 1871 2102 1893 stans

1460 1908 1492 1934 ad
1507 1908 1656 1940 sepulcrum
1671 1909 1758 1934 Lazari
1773 1917 1820 1941 pro
1835 1910 1938 1935 miseria
1953 1911 2102 1941 relevanda,

1461 1953 1577 1984 pendens
1597 1953 1621 1978 in
1640 1960 1719 1979 cruce
1738 1953 1770 1979 ad
1786 1954 1885 1979 Patrem
1901 1962 1949 1986 pro
1964 1955 2039 1987 culpa
2054 1957 2103 1981 hu-

1460 1997 1531 2022 mani
1550 1998 1654 2028 generis
1672 1998 1826 2024 dimittenda
1840 1999 1891 2024 592
1906 2006 1932 2024 v.
1951 1999 1983 2024 43
1998 2013 2031 2017 —
2045 2000 2102 2025 eius

1459 2042 1558 2067 clamor
1577 2041 1602 2067 in
1620 2048 1686 2067 voce
1705 2043 1824 2068 exteriori
1843 2043 1964 2075 designat
1990 2044 2101 2069 immen-

1460 2085 1560 2111 sitatem
1580 2086 1605 2111 in
1625 2086 1721 2111 virtute
1740 2086 1852 2112 interiori
1874 2087 1916 2112 Vll
1936 2087 1988 2112 215
2012 2088 2046 2113 94
2066 2102 2101 2107 -

1460 2130 1574 2155 01310010
1593 2130 1685 2156 excitat
1703 2130 1852 2156 auditorum
1868 2132 2034 2157 attentionem
2053 2132 2100 2158 192

1466 2174 1494 2198 13
1522 2187 1557 2193 -
1582 2174 1674 2200 excitat
1693 2175 1726 2200 ad
1752 2175 1918 2201 attentionem
1947 2179 1972 2201 ct
1996 2177 2101 2202 attentis

1461 2218 1638 2244 communicat
1657 2219 1801 2244 doctrinam
1823 2220 1873 2245 185
1892 2220 1921 2245 71

1513 2277 1548 2281 -
1561 2263 1586 2288 10
1601 2263 1721 2289 docendo
1734 2271 1785 2289 non
1799 2265 1901 2297 quaerit
1915 2265 2024 2296 gloriam
2040 2272 2100 2297 pro-

1461 2307 1545 2339 priam
1566 2308 1599 2333 Vl
1619 2307 1669 2333 343
1691 2309 1732 2339 22,
1753 2309 1794 2333 23.
1815 2309 1858 2334 Vll
1882 2309 1928 2334 112
1949 2309 1982 2334 96
2002 2323 2036 2327 -
2055 2309 2100 2335 do-

1461 2351 1536 2377 cebat
1564 2352 1694 2377 humiliter
1723 2353 1765 2377 Vll
1797 2352 1846 2378 104
1875 2353 1909 2378 65
1935 2368 1969 2371 -
1988 2353 2100 2379 docebat

1461 2403 1538 2421 mane
1557 2403 1604 2428 per
1623 2396 1783 2428 diligentiam
1810 2397 1842 2422 w
1869 2397 1919 2422 35t
1941 2398 1955 2423 3
1974 2411 2009 2416 -
2028 2405 2100 2430 prae-

1461 2440 1517 2466 tulit
1535 2441 1656 2466 affectum
1675 2441 1786 2467 docendi
1800 2442 1902 2467 affectui
1917 2443 2043 2474 parentali
2057 2443 2099 2468 Yll

1464 2485 1513 2510 497
1533 2485 1575 2516 29,
1595 2485 1628 2510 30
1648 2499 1683 2504 -
1697 2479 1817 2518 tentatur,
1830 2487 1850 2512 si
1866 2493 1913 2518 pro
1928 2487 2021 2512 timore
2035 2487 2100 2513 desi-

1460 2533 1539 2556 steret
1558 2537 1572 2556 a
1592 2530 1786 2562 praedicatione
1805 2530 1857 2556 354
1877 2531 1910 2556 65

1514 2589 1549 2593 -
1568 2575 1688 2600 docendo
1716 2580 1802 2606 stans,
1827 2575 1934 2607 videns,
1954 2576 2100 2602 ascendens

1461 2622 1486 2645 et
1504 2619 1598 2645 sedens
1617 2619 1662 2645 dat
1680 2620 1791 2645 formam
1812 2620 1973 2651 praedicanti
1985 2621 2028 2646 Vll
2053 2620 2099 2646 114

1461 2664 1479 2701 7
1499 2679 1531 2683 -
1549 2664 1631 2690 501301
1651 2664 1786 2690 mulierem
1807 2664 1926 2690 docendo
1950 2666 2099 2697 exemplum

1461 2708 1551 2734 tribuit
1570 2708 1795 2741 praedicatoribus
1820 2709 1851 2734 Vl
1878 2709 1928 2735 296
1950 2709 1983 2735 45
2001 2723 2037 2729 --
2056 2710 2101 2735 011-

1461 2754 1580 2779 nistranti
1599 2754 1763 2785 corporalem
1783 2754 1995 2779 sustentationem
2011 2761 2100 2786 repen-

1462 2798 1499 2823 dit
1518 2790 1679 2829 spiritualem
1700 2797 1874 2823 eruditionem
1895 2798 1937 2824 Vll
1958 2799 2009 2824 366
2031 2799 2063 2823 26

1514 2857 1549 2860 -
1567 2842 1703 2874 discipulis
1721 2834 1843 2874 perfectis
1863 2843 1921 2868 iecit
1949 2850 2100 2868 sermonem

1462 2887 1486 2912 in
1507 2887 1602 2912 montis
1621 2887 1770 2918 cacumine,
1795 2887 1842 2913 sed
1861 2887 2021 2919 imperfectis
2041 2894 2100 2913 con-

1461 2931 1624 2957 descendens
1643 2931 1667 2956 10
1687 2931 1815 2957 descensu
1835 2931 1869 2956 de
1888 2935 1976 2957 monte
1990 2931 2033 2957 vn
2052 2932 2099 2957 145

1463 2975 1490 3000 41
1514 2990 1549 2994 -
1568 2975 1702 3001 descendit
1722 2976 1746 3000 in
1765 2975 1851 3001 locum
1872 2976 1979 3007 planum
1993 2979 2018 3001 et
2031 2982 2100 3001 com-

1461 3027 1583 3051 munem,
1603 3024 1630 3045 ut
1658 3026 1750 3045 omnes
1778 3024 1885 3052 possent
1912 3020 2037 3046 accedere
2065 3020 2099 3046 ad

1460 3064 1619 3090 audiendam
1648 3064 1802 3096 sapientiam
1832 3063 1894 3090 ibid.
1915 3079 1949 3082 —
1968 3064 2045 3090 docet
2072 3065 2099 3090 in

1461 3111 1549 3134 monte
1577 3109 1629 3134 222
1657 3108 1691 3133 50
1718 3123 1753 3127 -
1781 3108 1806 3133 10
1832 3108 1960 3134 conviviis
1989 3108 2100 3134 docebat

1461 3154 1506 3178 131
1531 3152 1564 3178 74
1584 3166 1619 3172 -
1638 3152 1737 3179 docens
1756 3153 1781 3178 in
1801 3153 1866 3178 mari
1886 3160 1913 3178 se
1927 3157 2071 3186 sequestrat
2084 3160 2098 3178 a

1460 3196 1535 3223 turba
1555 3199 1580 3222 et
1598 3196 1720 3222 sublevat
1747 3204 1761 3222 a
1781 3200 1849 3222 terra
1869 3197 1920 3223 114
1940 3197 1956 3222 5
1976 3211 2011 3215 -—
2029 3202 2099 3223 stans

1459 3247 1539 3272 super
1564 3247 1636 3266 mare
1655 3239 1779 3272 docebat,
1799 3241 1832 3266 de
1852 3241 1983 3272 profundo
2002 3241 2100 3267 incom-

1458 3284 1626 3316 prehensibili
1654 3284 1729 3317 quasi
1757 3291 1845 3310 rorem
1865 3292 1978 3317 parvum
1998 3286 2102 3317 sapien-

1460 3328 1510 3354 tiae
1529 3328 1562 3353 ad
1580 3335 1628 3354 nos
1647 3328 1846 3354 transmittendo
1871 3329 1919 3354 114
1940 3330 1954 3355 6
