<?xml version="1.0" encoding="UTF-8"?>
<!DOCTYPE html PUBLIC "-//W3C//DTD XHTML 1.0 Transitional//EN"
    "http://www.w3.org/TR/xhtml1/DTD/xhtml1-transitional.dtd">
<html xmlns="http://www.w3.org/1999/xhtml" xml:lang="en" lang="en">
 <head>
  <title>
</title>
<meta http-equiv="Content-Type" content="text/html;charset=utf-8" />
  <meta name='ocr-system' content='tesseract 3.04.00' />
  <meta name='ocr-capabilities' content='ocr_page ocr_carea ocr_par ocr_line ocrx_word'/>
</head>
<body>
  <div class='ocr_page' id='page_1' title='image "./doctorisseraphic07bona_0597.png"; bbox 0 0 2476 3921; ppageno 0'>
   <div class='ocr_carea' id='block_1_1' title="bbox 14 1537 139 1559">
    <p class='ocr_par' dir='ltr' id='par_1_1' title="bbox 14 1537 139 1559">
     <span class='ocr_line' id='line_1_1' title="bbox 14 1537 139 1559; baseline 0 0"><span class='ocrx_word' id='word_1_1' title='bbox 14 1545 15 1550; x_wconf 57' lang='lat'>¹</span> <span class='ocrx_word' id='word_1_2' title='bbox 34 1537 139 1559; x_wconf 74' lang='lat' dir='ltr'>eiusdem.</span> 
     </span>
    </p>
   </div>
   <div class='ocr_carea' id='block_1_2' title="bbox 741 189 1585 224">
    <p class='ocr_par' dir='ltr' id='par_1_2' title="bbox 741 189 1585 224">
     <span class='ocr_line' id='line_1_2' title="bbox 741 189 1585 224; baseline 0.004 -3"><span class='ocrx_word' id='word_1_3' title='bbox 741 189 936 222; x_wconf 90' lang='lat' dir='ltr'>COMMENT.</span> <span class='ocrx_word' id='word_1_4' title='bbox 962 189 998 222; x_wconf 92' lang='lat' dir='ltr'>IN</span> <span class='ocrx_word' id='word_1_5' title='bbox 1023 189 1261 222; x_wconf 84' lang='lat' dir='ltr'>EVANGELIUM</span> <span class='ocrx_word' id='word_1_6' title='bbox 1286 190 1404 223; x_wconf 77' lang='lat' dir='ltr'><strong>LUCAE</strong></span> <span class='ocrx_word' id='word_1_7' title='bbox 1428 191 1460 223; x_wconf 92' lang='lat' dir='ltr'>C.</span> <span class='ocrx_word' id='word_1_8' title='bbox 1486 191 1585 224; x_wconf 85' lang='lat' dir='ltr'>XXIII.</span> 
     </span>
    </p>
   </div>
   <div class='ocr_carea' id='block_1_3' title="bbox 18 278 1131 2511">
    <p class='ocr_par' dir='ltr' id='par_1_3' title="bbox 20 278 1131 423">
     <span class='ocr_line' id='line_1_3' title="bbox 259 278 1131 320; baseline -0.001 -9"><span class='ocrx_word' id='word_1_9' title='bbox 259 278 311 311; x_wconf 73' lang='lat'>24.</span> <span class='ocrx_word' id='word_1_10' title='bbox 337 278 438 320; x_wconf 91' lang='lat' dir='ltr'>(Vers.</span> <span class='ocrx_word' id='word_1_11' title='bbox 464 279 542 320; x_wconf 89' lang='lat'>20.).</span> <span class='ocrx_word' id='word_1_12' title='bbox 567 278 672 311; x_wconf 90' lang='lat' dir='ltr'>Tertio</span> <span class='ocrx_word' id='word_1_13' title='bbox 695 281 850 320; x_wconf 88' lang='lat' dir='ltr'>quantum</span> <span class='ocrx_word' id='word_1_14' title='bbox 874 278 911 311; x_wconf 90' lang='lat' dir='ltr'>ad</span> <span class='ocrx_word' id='word_1_15' title='bbox 940 287 1131 320; x_wconf 76' lang='lat' dir='ltr'>repuynan-</span> 
     </span>
     <span class='ocr_line' id='line_1_4' title="bbox 26 331 1129 365; baseline -0.001 0"><span class='ocrx_word' id='word_1_16' title='bbox 26 342 56 363; x_wconf 78' lang='lat' dir='ltr'>un</span> <span class='ocrx_word' id='word_1_17' title='bbox 68 342 156 362; x_wconf 74' lang='lat' dir='ltr'>extorta·</span> <span class='ocrx_word' id='word_1_18' title='bbox 170 332 253 365; x_wconf 87' lang='lat' dir='ltr'>tiam</span> <span class='ocrx_word' id='word_1_19' title='bbox 277 332 561 365; x_wconf 77' lang='lat' dir='ltr'><em>condemnationis</em></span> <span class='ocrx_word' id='word_1_20' title='bbox 577 336 608 365; x_wconf 86' lang='lat' dir='ltr'>et</span> <span class='ocrx_word' id='word_1_21' title='bbox 621 331 803 365; x_wconf 80' lang='lat' dir='ltr'>voluntatis</span> <span class='ocrx_word' id='word_1_22' title='bbox 825 332 862 364; x_wconf 87' lang='lat' dir='ltr'>in</span> <span class='ocrx_word' id='word_1_23' title='bbox 877 331 986 364; x_wconf 81' lang='lat' dir='ltr'>iudice</span> <span class='ocrx_word' id='word_1_24' title='bbox 1009 331 1129 364; x_wconf 85' lang='lat' dir='ltr'>subdit:</span> 
     </span>
     <span class='ocr_line' id='line_1_5' title="bbox 20 384 1131 423; baseline -0.001 -5"><span class='ocrx_word' id='word_1_25' title='bbox 20 384 21 387; x_wconf 73' lang='grc'>’</span> <span class='ocrx_word' id='word_1_26' title='bbox 168 386 295 418; x_wconf 86' lang='lat' dir='ltr'>Iterum</span> <span class='ocrx_word' id='word_1_27' title='bbox 320 389 431 418; x_wconf 87' lang='lat' dir='ltr'>autem</span> <span class='ocrx_word' id='word_1_28' title='bbox 453 385 587 419; x_wconf 75' lang='lat' dir='ltr'><em>Pilatus</em></span> <span class='ocrx_word' id='word_1_29' title='bbox 603 385 732 418; x_wconf 84' lang='lat' dir='ltr'>locutus</span> <span class='ocrx_word' id='word_1_30' title='bbox 755 388 803 418; x_wconf 75' lang='lat' dir='ltr'>est</span> <span class='ocrx_word' id='word_1_31' title='bbox 825 385 871 418; x_wconf 72' lang='lat' dir='ltr'>acl</span> <span class='ocrx_word' id='word_1_32' title='bbox 887 384 960 417; x_wconf 78' lang='lat' dir='ltr'>illos</span> <span class='ocrx_word' id='word_1_33' title='bbox 974 386 997 423; x_wconf 89' lang='lat'>¹,</span> <span class='ocrx_word' id='word_1_34' title='bbox 1021 384 1131 417; x_wconf 80' lang='lat' dir='ltr'>volens</span> 
     </span>
    </p>

    <p class='ocr_par' dir='ltr' id='par_1_4' title="bbox 18 438 1130 2511">
     <span class='ocr_line' id='line_1_6' title="bbox 167 438 1130 481; baseline -0.001 -10"><span class='ocrx_word' id='word_1_35' title='bbox 167 438 332 472; x_wconf 73' lang='lat' dir='ltr'><em>dimittere</em></span> <span class='ocrx_word' id='word_1_36' title='bbox 348 440 474 478; x_wconf 83' lang='lat' dir='ltr'>Iesum;</span> <span class='ocrx_word' id='word_1_37' title='bbox 498 448 540 472; x_wconf 89' lang='lat' dir='ltr'>ex</span> <span class='ocrx_word' id='word_1_38' title='bbox 557 448 621 481; x_wconf 89' lang='lat' dir='ltr'>quo</span> <span class='ocrx_word' id='word_1_39' title='bbox 645 448 707 472; x_wconf 90' lang='lat' dir='ltr'>non</span> <span class='ocrx_word' id='word_1_40' title='bbox 724 439 847 472; x_wconf 86' lang='lat' dir='ltr'>valebat</span> <span class='ocrx_word' id='word_1_41' title='bbox 862 438 976 480; x_wconf 87' lang='lat' dir='ltr'>pietas,</span> <span class='ocrx_word' id='word_1_42' title='bbox 998 447 1059 470; x_wconf 93' lang='lat' dir='ltr'>non</span> <span class='ocrx_word' id='word_1_43' title='bbox 1078 447 1130 470; x_wconf 93' lang='lat' dir='ltr'>va-</span> 
     </span>
     <span class='ocr_line' id='line_1_7' title="bbox 168 491 1130 534; baseline -0.001 -10"><span class='ocrx_word' id='word_1_44' title='bbox 168 492 251 525; x_wconf 85' lang='lat' dir='ltr'><strong>lebat</strong></span> <span class='ocrx_word' id='word_1_45' title='bbox 273 492 430 534; x_wconf 87' lang='lat' dir='ltr'>aequitas,</span> <span class='ocrx_word' id='word_1_46' title='bbox 454 492 580 525; x_wconf 90' lang='lat' dir='ltr'>tandem</span> <span class='ocrx_word' id='word_1_47' title='bbox 604 492 749 526; x_wconf 90' lang='lat' dir='ltr'>veniebat</span> <span class='ocrx_word' id='word_1_48' title='bbox 769 491 940 525; x_wconf 90' lang='lat' dir='ltr'>auctoritas</span> <span class='ocrx_word' id='word_1_49' title='bbox 963 494 995 524; x_wconf 91' lang='lat' dir='ltr'>et</span> <span class='ocrx_word' id='word_1_50' title='bbox 1018 491 1130 524; x_wconf 88' lang='lat' dir='ltr'>volun-</span> 
     </span>
     <span class='ocr_line' id='line_1_8' title="bbox 168 544 1130 587; baseline -0.001 -9"><span class='ocrx_word' id='word_1_51' title='bbox 168 544 225 578; x_wconf 81' lang='lat' dir='ltr'>tas.</span> <span class='ocrx_word' id='word_1_52' title='bbox 242 545 304 578; x_wconf 83' lang='lat' dir='ltr'>Hoc</span> <span class='ocrx_word' id='word_1_53' title='bbox 319 548 425 578; x_wconf 88' lang='lat' dir='ltr'>autem</span> <span class='ocrx_word' id='word_1_54' title='bbox 450 545 573 578; x_wconf 90' lang='lat' dir='ltr'>volebat</span> <span class='ocrx_word' id='word_1_55' title='bbox 590 545 720 584; x_wconf 83' lang='lat' dir='ltr'>Pilatus,</span> <span class='ocrx_word' id='word_1_56' title='bbox 745 548 813 578; x_wconf 88' lang='lat' dir='ltr'>tum</span> <span class='ocrx_word' id='word_1_57' title='bbox 830 545 905 587; x_wconf 87' lang='lat' dir='ltr'>quia</span> <span class='ocrx_word' id='word_1_58' title='bbox 927 544 1045 577; x_wconf 91' lang='lat' dir='ltr'>durum</span> <span class='ocrx_word' id='word_1_59' title='bbox 1062 547 1130 577; x_wconf 89' lang='lat' dir='ltr'>erat</span> 
     </span>
     <span class='ocr_line' id='line_1_9' title="bbox 167 597 1128 637; baseline -0.001 -6"><span class='ocrx_word' id='word_1_60' title='bbox 167 597 244 637; x_wconf 92' lang='lat' dir='ltr'>sibi,</span> <span class='ocrx_word' id='word_1_61' title='bbox 269 601 391 631; x_wconf 89' lang='lat' dir='ltr'>tantum</span> <span class='ocrx_word' id='word_1_62' title='bbox 417 599 521 631; x_wconf 90' lang='lat' dir='ltr'>virum</span> <span class='ocrx_word' id='word_1_63' title='bbox 547 599 642 631; x_wconf 86' lang='lat' dir='ltr'>morti</span> <span class='ocrx_word' id='word_1_64' title='bbox 669 598 795 631; x_wconf 81' lang='lat' dir='ltr'>tradere</span> <span class='ocrx_word' id='word_1_65' title='bbox 826 598 893 631; x_wconf 89' lang='lat' dir='ltr'>sine</span> <span class='ocrx_word' id='word_1_66' title='bbox 917 606 1028 636; x_wconf 89' lang='lat' dir='ltr'>causa;</span> <span class='ocrx_word' id='word_1_67' title='bbox 1061 601 1128 630; x_wconf 89' lang='lat' dir='ltr'>tum</span> 
     </span>
     <span class='ocr_line' id='line_1_10' title="bbox 167 651 1128 694; baseline -0.001 -10"><span class='ocrx_word' id='word_1_68' title='bbox 167 651 280 690; x_wconf 87' lang='lat' dir='ltr'>etiam,</span> <span class='ocrx_word' id='word_1_69' title='bbox 304 651 380 694; x_wconf 88' lang='lat' dir='ltr'>quia</span> <span class='ocrx_word' id='word_1_70' title='bbox 410 651 611 685; x_wconf 81' lang='lat' dir='ltr'>dissuadebat</span> <span class='ocrx_word' id='word_1_71' title='bbox 644 661 727 684; x_wconf 89' lang='lat' dir='ltr'>uxor</span> <span class='ocrx_word' id='word_1_72' title='bbox 758 661 834 691; x_wconf 90' lang='lat' dir='ltr'>sua;</span> <span class='ocrx_word' id='word_1_73' title='bbox 867 651 951 684; x_wconf 92' lang='lat' dir='ltr'>unde</span> <span class='ocrx_word' id='word_1_74' title='bbox 983 651 1128 684; x_wconf 84' lang='lat' dir='ltr'>Matthaei</span> 
     </span>
     <span class='ocr_line' id='line_1_11' title="bbox 166 703 1128 746; baseline 0 -9"><span class='ocrx_word' id='word_1_75' title='bbox 166 703 317 746; x_wconf 84' lang='lat' dir='ltr'>vigesimo</span> <span class='ocrx_word' id='word_1_76' title='bbox 348 705 524 746; x_wconf 71' lang='lat' dir='ltr'>septim02:</span> <span class='ocrx_word' id='word_1_77' title='bbox 554 717 570 733; x_wconf 67' lang='lat'>&lt;1</span> <span class='ocrx_word' id='word_1_78' title='bbox 587 704 719 737; x_wconf 91' lang='lat' dir='ltr'>Sedente</span> <span class='ocrx_word' id='word_1_79' title='bbox 743 705 839 737; x_wconf 83' lang='lat' dir='ltr'>Pilato</span> <span class='ocrx_word' id='word_1_80' title='bbox 871 713 929 746; x_wconf 91' lang='lat' dir='ltr'>pro</span> <span class='ocrx_word' id='word_1_81' title='bbox 961 704 1128 744; x_wconf 87' lang='lat' dir='ltr'>tribunali,</span> 
     </span>
     <span class='ocr_line' id='line_1_12' title="bbox 18 757 1129 806; baseline 0.001 -17"><span class='ocrx_word' id='word_1_82' title='bbox 18 794 19 806; x_wconf 15' lang='grc' dir='ltr'>ἵ</span> <span class='ocrx_word' id='word_1_83' title='bbox 166 757 252 790; x_wconf 81' lang='lat' dir='ltr'><em>misit</em></span> <span class='ocrx_word' id='word_1_84' title='bbox 275 757 314 790; x_wconf 92' lang='lat' dir='ltr'>ad</span> <span class='ocrx_word' id='word_1_85' title='bbox 337 766 411 790; x_wconf 90' lang='lat' dir='ltr'>eum</span> <span class='ocrx_word' id='word_1_86' title='bbox 436 767 521 790; x_wconf 83' lang='lat' dir='ltr'>uxor</span> <span class='ocrx_word' id='word_1_87' title='bbox 545 757 632 797; x_wconf 90' lang='lat' dir='ltr'>eius,</span> <span class='ocrx_word' id='word_1_88' title='bbox 656 757 780 791; x_wconf 87' lang='lat' dir='ltr'>dicens:</span> <span class='ocrx_word' id='word_1_89' title='bbox 805 758 888 791; x_wconf 91' lang='lat' dir='ltr'>Nihil</span> <span class='ocrx_word' id='word_1_90' title='bbox 911 757 967 790; x_wconf 85' lang='lat' dir='ltr'>tibi</span> <span class='ocrx_word' id='word_1_91' title='bbox 991 761 1022 790; x_wconf 89' lang='lat' dir='ltr'>et</span> <span class='ocrx_word' id='word_1_92' title='bbox 1046 758 1129 791; x_wconf 91' lang='lat' dir='ltr'>iusto</span> 
     </span>
     <span class='ocr_line' id='line_1_13' title="bbox 18 810 1128 854; baseline 0.002 -12"><span class='ocrx_word' id='word_1_93' title='bbox 18 815 147 841; x_wconf 67' lang='lat' dir='ltr'>iuuandum.</span> <span class='ocrx_word' id='word_1_94' title='bbox 166 810 211 843; x_wconf 92' lang='lat' dir='ltr'>illi</span> <span class='ocrx_word' id='word_1_95' title='bbox 235 824 266 843; x_wconf 86' lang='lat'>».</span> <span class='ocrx_word' id='word_1_96' title='bbox 293 811 370 844; x_wconf 88' lang='lat' dir='ltr'>Haec</span> <span class='ocrx_word' id='word_1_97' title='bbox 401 815 507 844; x_wconf 89' lang='lat' dir='ltr'>autem</span> <span class='ocrx_word' id='word_1_98' title='bbox 540 811 687 844; x_wconf 88' lang='lat' dir='ltr'>voluntas</span> <span class='ocrx_word' id='word_1_99' title='bbox 720 811 807 844; x_wconf 79' lang='lat' dir='ltr'>Pilati</span> <span class='ocrx_word' id='word_1_100' title='bbox 832 821 895 845; x_wconf 92' lang='lat' dir='ltr'>non</span> <span class='ocrx_word' id='word_1_101' title='bbox 926 815 994 845; x_wconf 91' lang='lat' dir='ltr'>erat</span> <span class='ocrx_word' id='word_1_102' title='bbox 1018 812 1128 854; x_wconf 91' lang='lat' dir='ltr'>plena,</span> 
     </span>
     <span class='ocr_line' id='line_1_14' title="bbox 18 857 1129 907; baseline 0.001 -10"><span class='ocrx_word' id='word_1_103' title='bbox 18 857 19 903; x_wconf 63' lang='lat' dir='ltr'>i</span> <span class='ocrx_word' id='word_1_104' title='bbox 166 864 220 897; x_wconf 90' lang='lat' dir='ltr'>sed</span> <span class='ocrx_word' id='word_1_105' title='bbox 244 864 348 907; x_wconf 85' lang='lat' dir='ltr'>pigra,</span> <span class='ocrx_word' id='word_1_106' title='bbox 365 865 540 898; x_wconf 86' lang='lat' dir='ltr'>secundum</span> <span class='ocrx_word' id='word_1_107' title='bbox 564 865 641 898; x_wconf 88' lang='lat' dir='ltr'>illud</span> <span class='ocrx_word' id='word_1_108' title='bbox 659 865 903 899; x_wconf 88' lang='lat' dir='ltr'>Proverbiorum</span> <span class='ocrx_word' id='word_1_109' title='bbox 927 865 1049 898; x_wconf 91' lang='lat' dir='ltr'>decimo</span> <span class='ocrx_word' id='word_1_110' title='bbox 1065 869 1129 899; x_wconf 90' lang='lat' dir='ltr'>ter—</span> 
     </span>
     <span class='ocr_line' id='line_1_15' title="bbox 165 917 1128 961; baseline 0.002 -11"><span class='ocrx_word' id='word_1_111' title='bbox 165 917 226 950; x_wconf 89' lang='lat' dir='ltr'>tio:</span> <span class='ocrx_word' id='word_1_112' title='bbox 244 931 260 946; x_wconf 80' lang='lat'>«</span> <span class='ocrx_word' id='word_1_113' title='bbox 278 918 352 950; x_wconf 84' lang='lat' dir='ltr'>Vult</span> <span class='ocrx_word' id='word_1_114' title='bbox 367 921 398 951; x_wconf 90' lang='lat' dir='ltr'>et</span> <span class='ocrx_word' id='word_1_115' title='bbox 421 927 483 951; x_wconf 90' lang='lat' dir='ltr'>non</span> <span class='ocrx_word' id='word_1_116' title='bbox 502 918 569 951; x_wconf 93' lang='lat' dir='ltr'>vult</span> <span class='ocrx_word' id='word_1_117' title='bbox 592 919 681 961; x_wconf 86' lang='lat' dir='ltr'>piger</span> <span class='ocrx_word' id='word_1_118' title='bbox 699 931 733 958; x_wconf 79' lang='grc'>»;</span> <span class='ocrx_word' id='word_1_119' title='bbox 758 919 833 961; x_wconf 89' lang='lat' dir='ltr'>quia</span> <span class='ocrx_word' id='word_1_120' title='bbox 850 928 911 952; x_wconf 92' lang='lat' dir='ltr'>non</span> <span class='ocrx_word' id='word_1_121' title='bbox 936 919 1061 952; x_wconf 91' lang='lat' dir='ltr'>volebat</span> <span class='ocrx_word' id='word_1_122' title='bbox 1083 919 1128 952; x_wconf 84' lang='lat' dir='ltr'>sa-</span> 
     </span>
     <span class='ocr_line' id='line_1_16' title="bbox 165 971 1104 1011; baseline 0.002 -8"><span class='ocrx_word' id='word_1_123' title='bbox 165 979 237 1004; x_wconf 88' lang='lat' dir='ltr'>cere</span> <span class='ocrx_word' id='word_1_124' title='bbox 260 974 370 1003; x_wconf 89' lang='lat' dir='ltr'>contra</span> <span class='ocrx_word' id='word_1_125' title='bbox 393 971 535 1011; x_wconf 91' lang='lat' dir='ltr'>turbam,</span> <span class='ocrx_word' id='word_1_126' title='bbox 560 972 652 1005; x_wconf 90' lang='lat' dir='ltr'>cuius</span> <span class='ocrx_word' id='word_1_127' title='bbox 675 973 821 1005; x_wconf 88' lang='lat' dir='ltr'>voluntas</span> <span class='ocrx_word' id='word_1_128' title='bbox 845 975 913 1005; x_wconf 89' lang='lat' dir='ltr'>erat</span> <span class='ocrx_word' id='word_1_129' title='bbox 937 973 1104 1005; x_wconf 89' lang='lat' dir='ltr'>contraria.</span> 
     </span>
     <span class='ocr_line' id='line_1_17' title="bbox 255 1025 1129 1067; baseline 0.002 -10"><span class='ocrx_word' id='word_1_130' title='bbox 255 1025 307 1057; x_wconf 78' lang='grc'>25.</span> <span class='ocrx_word' id='word_1_131' title='bbox 333 1025 434 1065; x_wconf 88' lang='lat' dir='ltr'>(Vers.</span> <span class='ocrx_word' id='word_1_132' title='bbox 460 1026 538 1067; x_wconf 85' lang='lat'>21.).</span> <span class='ocrx_word' id='word_1_133' title='bbox 564 1025 633 1059; x_wconf 91' lang='lat' dir='ltr'>Ideo</span> <span class='ocrx_word' id='word_1_134' title='bbox 662 1026 830 1059; x_wconf 89' lang='lat' dir='ltr'>subditur:</span> <span class='ocrx_word' id='word_1_135' title='bbox 861 1027 905 1058; x_wconf 88' lang='lat' dir='ltr'>At</span> <span class='ocrx_word' id='word_1_136' title='bbox 927 1025 978 1059; x_wconf 90' lang='lat' dir='ltr'>illi</span> <span class='ocrx_word' id='word_1_137' title='bbox 999 1026 1129 1059; x_wconf 81' lang='lat' dir='ltr'>succla-</span> 
     </span>
     <span class='ocr_line' id='line_1_18' title="bbox 165 1077 1128 1123; baseline 0.002 -12"><span class='ocrx_word' id='word_1_138' title='bbox 165 1077 328 1111; x_wconf 79' lang='lat' dir='ltr'>mabant³</span> <span class='ocrx_word' id='word_1_139' title='bbox 360 1079 522 1112; x_wconf 76' lang='lat' dir='ltr'>dicentes.-</span> <span class='ocrx_word' id='word_1_140' title='bbox 549 1079 732 1122; x_wconf 75' lang='lat' dir='ltr'>Crucifiye,</span> <span class='ocrx_word' id='word_1_141' title='bbox 763 1079 922 1123; x_wconf 70' lang='lat' dir='ltr'>crucifiye</span> <span class='ocrx_word' id='word_1_142' title='bbox 945 1090 1041 1119; x_wconf 86' lang='lat' dir='ltr'>eum;</span> <span class='ocrx_word' id='word_1_143' title='bbox 1073 1081 1128 1114; x_wconf 91' lang='lat' dir='ltr'>ubi</span> 
     </span>
     <span class='ocr_line' id='line_1_19' title="bbox 164 1131 1128 1175; baseline 0.001 -11"><span class='ocrx_word' id='word_1_144' title='bbox 164 1131 341 1164; x_wconf 86' lang='lat' dir='ltr'>ostenditur</span> <span class='ocrx_word' id='word_1_145' title='bbox 358 1140 508 1173; x_wconf 91' lang='lat' dir='ltr'>perversa</span> <span class='ocrx_word' id='word_1_146' title='bbox 524 1132 709 1165; x_wconf 88' lang='lat' dir='ltr'>ludaeorum</span> <span class='ocrx_word' id='word_1_147' title='bbox 727 1133 873 1166; x_wconf 89' lang='lat' dir='ltr'>voluntas</span> <span class='ocrx_word' id='word_1_148' title='bbox 896 1133 928 1165; x_wconf 94' lang='lat' dir='ltr'>in</span> <span class='ocrx_word' id='word_1_149' title='bbox 945 1133 1019 1172; x_wconf 87' lang='lat' dir='ltr'>hoc,</span> <span class='ocrx_word' id='word_1_150' title='bbox 1043 1132 1128 1175; x_wconf 91' lang='lat' dir='ltr'>quod</span> 
     </span>
     <span class='ocr_line' id='line_1_20' title="bbox 164 1184 1128 1228; baseline 0.002 -11"><span class='ocrx_word' id='word_1_151' title='bbox 164 1184 306 1217; x_wconf 75' lang='lat' dir='ltr'>clamose</span> <span class='ocrx_word' id='word_1_152' title='bbox 333 1190 521 1228; x_wconf 87' lang='lat' dir='ltr'>quaerunt,·</span> <span class='ocrx_word' id='word_1_153' title='bbox 552 1185 636 1218; x_wconf 88' lang='lat' dir='ltr'>unde</span> <span class='ocrx_word' id='word_1_154' title='bbox 659 1185 718 1218; x_wconf 91' lang='lat' dir='ltr'>sibi</span> <span class='ocrx_word' id='word_1_155' title='bbox 750 1186 901 1228; x_wconf 87' lang='lat' dir='ltr'>competit</span> <span class='ocrx_word' id='word_1_156' title='bbox 931 1186 1009 1219; x_wconf 93' lang='lat' dir='ltr'>illud</span> <span class='ocrx_word' id='word_1_157' title='bbox 1033 1186 1128 1219; x_wconf 84' lang='lat' dir='ltr'>Isaiae</span> 
     </span>
     <span class='ocr_line' id='line_1_21' title="bbox 163 1238 1126 1281; baseline 0.002 -10"><span class='ocrx_word' id='word_1_158' title='bbox 163 1238 317 1281; x_wconf 76' lang='lat' dir='ltr'>quinto4:</span> <span class='ocrx_word' id='word_1_159' title='bbox 340 1251 356 1267; x_wconf 85' lang='lat'>«</span> <span class='ocrx_word' id='word_1_160' title='bbox 374 1238 573 1281; x_wconf 83' lang='lat' dir='ltr'>Exspectavi,</span> <span class='ocrx_word' id='word_1_161' title='bbox 598 1242 635 1272; x_wconf 88' lang='lat' dir='ltr'>ut</span> <span class='ocrx_word' id='word_1_162' title='bbox 658 1239 774 1272; x_wconf 80' lang='lat' dir='ltr'>faceret</span> <span class='ocrx_word' id='word_1_163' title='bbox 791 1239 957 1279; x_wconf 89' lang='lat' dir='ltr'>indicium,</span> <span class='ocrx_word' id='word_1_164' title='bbox 983 1244 1013 1273; x_wconf 92' lang='lat' dir='ltr'>et</span> <span class='ocrx_word' id='word_1_165' title='bbox 1037 1249 1126 1280; x_wconf 88' lang='lat' dir='ltr'>ecce,</span> 
     </span>
     <span class='ocr_line' id='line_1_22' title="bbox 163 1292 1128 1334; baseline 0.002 -10"><span class='ocrx_word' id='word_1_166' title='bbox 163 1292 330 1334; x_wconf 88' lang='lat' dir='ltr'>iniquitas;</span> <span class='ocrx_word' id='word_1_167' title='bbox 355 1295 387 1325; x_wconf 92' lang='lat' dir='ltr'>et</span> <span class='ocrx_word' id='word_1_168' title='bbox 409 1292 578 1331; x_wconf 89' lang='lat' dir='ltr'>iustitiam,</span> <span class='ocrx_word' id='word_1_169' title='bbox 603 1296 634 1326; x_wconf 91' lang='lat' dir='ltr'>et</span> <span class='ocrx_word' id='word_1_170' title='bbox 650 1302 736 1332; x_wconf 90' lang='lat' dir='ltr'>ecce,</span> <span class='ocrx_word' id='word_1_171' title='bbox 762 1293 879 1326; x_wconf 88' lang='lat' dir='ltr'>clamor</span> <span class='ocrx_word' id='word_1_172' title='bbox 897 1306 928 1325; x_wconf 70' lang='lat' dir='ltr'>n.</span> <span class='ocrx_word' id='word_1_173' title='bbox 954 1294 1013 1326; x_wconf 89' lang='lat' dir='ltr'>Pro</span> <span class='ocrx_word' id='word_1_174' title='bbox 1036 1294 1128 1327; x_wconf 90' lang='lat' dir='ltr'>istius</span> 
     </span>
     <span class='ocr_line' id='line_1_23' title="bbox 163 1345 1125 1389; baseline 0.001 -11"><span class='ocrx_word' id='word_1_175' title='bbox 163 1345 376 1378; x_wconf 88' lang='lat' dir='ltr'>multitudinis</span> <span class='ocrx_word' id='word_1_176' title='bbox 400 1346 536 1379; x_wconf 83' lang='lat' dir='ltr'>clamore</span> <span class='ocrx_word' id='word_1_177' title='bbox 559 1346 676 1379; x_wconf 87' lang='lat' dir='ltr'>dicitur</span> <span class='ocrx_word' id='word_1_178' title='bbox 708 1347 803 1379; x_wconf 82' lang='lat' dir='ltr'>Isaiae</span> <span class='ocrx_word' id='word_1_179' title='bbox 826 1346 949 1379; x_wconf 85' lang='lat' dir='ltr'>decimo</span> <span class='ocrx_word' id='word_1_180' title='bbox 973 1347 1125 1389; x_wconf 89' lang='lat' dir='ltr'>septimo:</span> 
     </span>
     <span class='ocr_line' id='line_1_24' title="bbox 168 1399 1127 1442; baseline 0.003 -12"><span class='ocrx_word' id='word_1_181' title='bbox 168 1399 368 1432; x_wconf 58' lang='lat' dir='ltr'>«Multitudo</span> <span class='ocrx_word' id='word_1_182' title='bbox 391 1400 582 1442; x_wconf 90' lang='lat' dir='ltr'>populorum</span> <span class='ocrx_word' id='word_1_183' title='bbox 601 1401 774 1433; x_wconf 90' lang='lat' dir='ltr'>multorum</span> <span class='ocrx_word' id='word_1_184' title='bbox 792 1404 827 1433; x_wconf 91' lang='lat' dir='ltr'>ut</span> <span class='ocrx_word' id='word_1_185' title='bbox 843 1400 1014 1433; x_wconf 90' lang='lat' dir='ltr'>multitudo</span> <span class='ocrx_word' id='word_1_186' title='bbox 1031 1401 1127 1442; x_wconf 80' lang='lat' dir='ltr'>maris</span> 
     </span>
     <span class='ocr_line' id='line_1_25' title="bbox 164 1451 1126 1496; baseline 0.003 -12"><span class='ocrx_word' id='word_1_187' title='bbox 164 1451 322 1491; x_wconf 88' lang='lat' dir='ltr'>sonantis,</span> <span class='ocrx_word' id='word_1_188' title='bbox 346 1456 377 1485; x_wconf 89' lang='lat' dir='ltr'>et</span> <span class='ocrx_word' id='word_1_189' title='bbox 401 1452 559 1485; x_wconf 89' lang='lat' dir='ltr'>tumultus</span> <span class='ocrx_word' id='word_1_190' title='bbox 583 1452 752 1485; x_wconf 88' lang='lat' dir='ltr'>turbarum</span> <span class='ocrx_word' id='word_1_191' title='bbox 777 1452 860 1486; x_wconf 86' lang='lat' dir='ltr'>sicut</span> <span class='ocrx_word' id='word_1_192' title='bbox 883 1453 1005 1486; x_wconf 91' lang='lat' dir='ltr'>sonitus</span> <span class='ocrx_word' id='word_1_193' title='bbox 1028 1463 1126 1496; x_wconf 88' lang='lat' dir='ltr'>aqua-</span> 
     </span>
     <span class='ocr_line' id='line_1_26' title="bbox 165 1505 1126 1549; baseline 0.002 -11"><span class='ocrx_word' id='word_1_194' title='bbox 165 1514 237 1538; x_wconf 90' lang='lat' dir='ltr'>rum</span> <span class='ocrx_word' id='word_1_195' title='bbox 253 1505 427 1538; x_wconf 89' lang='lat' dir='ltr'>multarum</span> <span class='ocrx_word' id='word_1_196' title='bbox 443 1519 474 1538; x_wconf 71' lang='lat'>2».</span> <span class='ocrx_word' id='word_1_197' title='bbox 500 1525 544 1530; x_wconf 92' lang='lat'>—</span> <span class='ocrx_word' id='word_1_198' title='bbox 568 1507 703 1549; x_wconf 85' lang='lat' dir='ltr'>Apparet</span> <span class='ocrx_word' id='word_1_199' title='bbox 719 1506 812 1539; x_wconf 88' lang='lat' dir='ltr'>etiam</span> <span class='ocrx_word' id='word_1_200' title='bbox 837 1515 877 1540; x_wconf 85' lang='lat' dir='ltr'>ex</span> <span class='ocrx_word' id='word_1_201' title='bbox 896 1507 955 1540; x_wconf 90' lang='lat' dir='ltr'>hoc</span> <span class='ocrx_word' id='word_1_202' title='bbox 976 1516 1126 1549; x_wconf 89' lang='lat' dir='ltr'>perversa</span> 
     </span>
     <span class='ocr_line' id='line_1_27' title="bbox 164 1558 1124 1603; baseline 0.003 -12"><span class='ocrx_word' id='word_1_203' title='bbox 164 1558 324 1598; x_wconf 88' lang='lat' dir='ltr'>voluntas,</span> <span class='ocrx_word' id='word_1_204' title='bbox 342 1559 417 1601; x_wconf 89' lang='lat' dir='ltr'>quia</span> <span class='ocrx_word' id='word_1_205' title='bbox 433 1564 601 1603; x_wconf 83' lang='lat' dir='ltr'>quaerunt</span> <span class='ocrx_word' id='word_1_206' title='bbox 617 1559 886 1602; x_wconf 75' lang='lat' dir='ltr'>crucifixionem;</span> <span class='ocrx_word' id='word_1_207' title='bbox 903 1560 987 1594; x_wconf 88' lang='lat' dir='ltr'>unde</span> <span class='ocrx_word' id='word_1_208' title='bbox 1004 1561 1084 1594; x_wconf 89' lang='lat' dir='ltr'>Beda</span> <span class='ocrx_word' id='word_1_209' title='bbox 1097 1561 1124 1593; x_wconf 82' lang='lat'>⁵:</span> 
     </span>
     <span class='ocr_line' id='line_1_28' title="bbox 169 1611 1124 1654; baseline 0.003 -10"><span class='ocrx_word' id='word_1_210' title='bbox 169 1624 185 1640; x_wconf 92' lang='lat'>«</span> <span class='ocrx_word' id='word_1_211' title='bbox 208 1612 318 1654; x_wconf 83' lang='lat' dir='ltr'>Magna</span> <span class='ocrx_word' id='word_1_212' title='bbox 341 1612 511 1645; x_wconf 87' lang='lat' dir='ltr'>crudelitas</span> <span class='ocrx_word' id='word_1_213' title='bbox 534 1622 597 1645; x_wconf 92' lang='lat' dir='ltr'>non</span> <span class='ocrx_word' id='word_1_214' title='bbox 621 1613 723 1646; x_wconf 92' lang='lat' dir='ltr'>solum</span> <span class='ocrx_word' id='word_1_215' title='bbox 752 1613 912 1653; x_wconf 89' lang='lat' dir='ltr'>occidere,</span> <span class='ocrx_word' id='word_1_216' title='bbox 945 1611 999 1647; x_wconf 88' lang='lat' dir='ltr'>sed</span> <span class='ocrx_word' id='word_1_217' title='bbox 1031 1614 1124 1647; x_wconf 87' lang='lat' dir='ltr'>etiarn</span> 
     </span>
     <span class='ocr_line' id='line_1_29' title="bbox 164 1664 1125 1708; baseline 0.003 -11"><span class='ocrx_word' id='word_1_218' title='bbox 164 1664 350 1707; x_wconf 86' lang='lat' dir='ltr'>crucifigere</span> <span class='ocrx_word' id='word_1_219' title='bbox 374 1669 551 1707; x_wconf 88' lang='lat' dir='ltr'>quaerunt,</span> <span class='ocrx_word' id='word_1_220' title='bbox 573 1669 625 1705; x_wconf 85' lang='lat' dir='ltr'>ut,</span> <span class='ocrx_word' id='word_1_221' title='bbox 650 1666 783 1708; x_wconf 90' lang='lat' dir='ltr'>pedibus</span> <span class='ocrx_word' id='word_1_222' title='bbox 805 1671 837 1700; x_wconf 90' lang='lat' dir='ltr'>et</span> <span class='ocrx_word' id='word_1_223' title='bbox 860 1667 1006 1701; x_wconf 91' lang='lat' dir='ltr'>manibus</span> <span class='ocrx_word' id='word_1_224' title='bbox 1029 1668 1067 1700; x_wconf 93' lang='lat' dir='ltr'>ad</span> <span class='ocrx_word' id='word_1_225' title='bbox 1089 1668 1125 1700; x_wconf 93' lang='lat' dir='ltr'>li-</span> 
     </span>
     <span class='ocr_line' id='line_1_30' title="bbox 163 1718 1125 1762; baseline 0.005 -12"><span class='ocrx_word' id='word_1_226' title='bbox 163 1727 261 1760; x_wconf 86' lang='lat' dir='ltr'>gnum</span> <span class='ocrx_word' id='word_1_227' title='bbox 289 1718 441 1758; x_wconf 89' lang='lat' dir='ltr'><em>confixis,</em></span> <span class='ocrx_word' id='word_1_228' title='bbox 473 1723 575 1752; x_wconf 87' lang='lat' dir='ltr'>morte</span> <span class='ocrx_word' id='word_1_229' title='bbox 606 1723 779 1753; x_wconf 85' lang='lat' dir='ltr'>vexaretur</span> <span class='ocrx_word' id='word_1_230' title='bbox 807 1720 979 1762; x_wconf 84' lang='lat' dir='ltr'>producta</span> <span class='ocrx_word' id='word_1_231' title='bbox 1002 1735 1036 1761; x_wconf 81' lang='lat'>»,</span> <span class='ocrx_word' id='word_1_232' title='bbox 1067 1730 1125 1755; x_wconf 88' lang='lat' dir='ltr'>nec</span> 
     </span>
     <span class='ocr_line' id='line_1_31' title="bbox 163 1771 1124 1813; baseline 0.004 -9"><span class='ocrx_word' id='word_1_233' title='bbox 163 1773 286 1804; x_wconf 87' lang='lat' dir='ltr'>tantum</span> <span class='ocrx_word' id='word_1_234' title='bbox 317 1771 488 1813; x_wconf 89' lang='lat' dir='ltr'>producta,</span> <span class='ocrx_word' id='word_1_235' title='bbox 513 1781 626 1805; x_wconf 88' lang='lat' dir='ltr'>verum</span> <span class='ocrx_word' id='word_1_236' title='bbox 657 1773 751 1806; x_wconf 91' lang='lat' dir='ltr'>etiam</span> <span class='ocrx_word' id='word_1_237' title='bbox 776 1773 913 1812; x_wconf 85' lang='lat' dir='ltr'>acerba,</span> <span class='ocrx_word' id='word_1_238' title='bbox 949 1775 1124 1808; x_wconf 87' lang='lat' dir='ltr'>secundum</span> 
     </span>
     <span class='ocr_line' id='line_1_32' title="bbox 163 1824 1126 1870; baseline 0.004 -13"><span class='ocrx_word' id='word_1_239' title='bbox 163 1824 242 1857; x_wconf 90' lang='lat' dir='ltr'>illud</span> <span class='ocrx_word' id='word_1_240' title='bbox 276 1825 389 1858; x_wconf 88' lang='lat' dir='ltr'>Psalmi</span> <span class='ocrx_word' id='word_1_241' title='bbox 405 1825 435 1857; x_wconf 78' lang='lat'>⁶:</span> <span class='ocrx_word' id='word_1_242' title='bbox 466 1826 664 1859; x_wconf 86' lang='lat' dir='ltr'>«Foderunt</span> <span class='ocrx_word' id='word_1_243' title='bbox 696 1836 810 1860; x_wconf 89' lang='lat' dir='ltr'>manus</span> <span class='ocrx_word' id='word_1_244' title='bbox 845 1837 930 1861; x_wconf 88' lang='lat' dir='ltr'>meas</span> <span class='ocrx_word' id='word_1_245' title='bbox 965 1831 996 1861; x_wconf 93' lang='lat' dir='ltr'>et</span> <span class='ocrx_word' id='word_1_246' title='bbox 1030 1828 1126 1870; x_wconf 89' lang='lat' dir='ltr'>pedes</span> 
     </span>
     <span class='ocr_line' id='line_1_33' title="bbox 163 1880 1125 1925; baseline 0.004 -14"><span class='ocrx_word' id='word_1_247' title='bbox 163 1887 251 1911; x_wconf 91' lang='lat' dir='ltr'>meos</span> <span class='ocrx_word' id='word_1_248' title='bbox 268 1890 302 1918; x_wconf 78' lang='lat' dir='ltr'>n;</span> <span class='ocrx_word' id='word_1_249' title='bbox 328 1887 385 1912; x_wconf 88' lang='lat' dir='ltr'>nec</span> <span class='ocrx_word' id='word_1_250' title='bbox 409 1882 532 1912; x_wconf 87' lang='lat' dir='ltr'>tantum</span> <span class='ocrx_word' id='word_1_251' title='bbox 559 1880 693 1920; x_wconf 87' lang='lat' dir='ltr'>acerba,</span> <span class='ocrx_word' id='word_1_252' title='bbox 718 1890 829 1914; x_wconf 93' lang='lat' dir='ltr'>verum</span> <span class='ocrx_word' id='word_1_253' title='bbox 861 1881 955 1914; x_wconf 89' lang='lat' dir='ltr'>etiam</span> <span class='ocrx_word' id='word_1_254' title='bbox 983 1882 1125 1925; x_wconf 74' lang='lat' dir='ltr'>iynomi-</span> 
     </span>
     <span class='ocr_line' id='line_1_34' title="bbox 163 1931 1125 1978; baseline 0.004 -14"><span class='ocrx_word' id='word_1_255' title='bbox 163 1931 277 1971; x_wconf 82' lang='lat' dir='ltr'>niosa;</span> <span class='ocrx_word' id='word_1_256' title='bbox 303 1931 477 1974; x_wconf 87' lang='lat' dir='ltr'>Sapientiae</span> <span class='ocrx_word' id='word_1_257' title='bbox 501 1933 654 1966; x_wconf 87' lang='lat' dir='ltr'>secundo:</span> <span class='ocrx_word' id='word_1_258' title='bbox 684 1947 700 1963; x_wconf 71' lang='grc' dir='ltr'>α</span> <span class='ocrx_word' id='word_1_259' title='bbox 718 1935 816 1968; x_wconf 89' lang='lat' dir='ltr'>Morte</span> <span class='ocrx_word' id='word_1_260' title='bbox 844 1935 1028 1978; x_wconf 89' lang='lat' dir='ltr'>turpissima</span> <span class='ocrx_word' id='word_1_261' title='bbox 1052 1945 1125 1969; x_wconf 90' lang='lat' dir='ltr'>con-</span> 
     </span>
     <span class='ocr_line' id='line_1_35' title="bbox 163 1984 1124 2031; baseline 0.004 -13"><span class='ocrx_word' id='word_1_262' title='bbox 163 1984 349 2018; x_wconf 90' lang='lat' dir='ltr'>demnemus</span> <span class='ocrx_word' id='word_1_263' title='bbox 372 1994 446 2019; x_wconf 92' lang='lat' dir='ltr'>eum</span> <span class='ocrx_word' id='word_1_264' title='bbox 462 1998 499 2026; x_wconf 75' lang='grc' dir='ltr'>»ς</span> <span class='ocrx_word' id='word_1_265' title='bbox 523 1987 607 2020; x_wconf 93' lang='lat' dir='ltr'>unde</span> <span class='ocrx_word' id='word_1_266' title='bbox 636 1987 724 2020; x_wconf 91' lang='lat' dir='ltr'>illum</span> <span class='ocrx_word' id='word_1_267' title='bbox 749 1991 899 2031; x_wconf 87' lang='lat' dir='ltr'>tanquam</span> <span class='ocrx_word' id='word_1_268' title='bbox 924 1989 1124 2022; x_wconf 89' lang='lat' dir='ltr'>maledictum</span> 
     </span>
     <span class='ocr_line' id='line_1_36' title="bbox 162 2039 1124 2084; baseline 0.004 -13"><span class='ocrx_word' id='word_1_269' title='bbox 162 2047 281 2081; x_wconf 90' lang='lat' dir='ltr'>poenae</span> <span class='ocrx_word' id='word_1_270' title='bbox 305 2039 530 2073; x_wconf 83' lang='lat' dir='ltr'>maledictionis</span> <span class='ocrx_word' id='word_1_271' title='bbox 552 2040 698 2073; x_wconf 89' lang='lat' dir='ltr'>volebant</span> <span class='ocrx_word' id='word_1_272' title='bbox 714 2041 887 2081; x_wconf 88' lang='lat' dir='ltr'>subiicere,</span> <span class='ocrx_word' id='word_1_273' title='bbox 904 2042 992 2084; x_wconf 91' lang='lat' dir='ltr'>quia,</span> <span class='ocrx_word' id='word_1_274' title='bbox 1011 2043 1124 2075; x_wconf 91' lang='lat' dir='ltr'>Deute-</span> 
     </span>
     <span class='ocr_line' id='line_1_37' title="bbox 163 2092 1124 2138; baseline 0.004 -14"><span class='ocrx_word' id='word_1_275' title='bbox 163 2092 297 2125; x_wconf 90' lang='lat' dir='ltr'>ronomii</span> <span class='ocrx_word' id='word_1_276' title='bbox 322 2092 471 2135; x_wconf 83' lang='lat' dir='ltr'>vigesimo</span> <span class='ocrx_word' id='word_1_277' title='bbox 503 2093 650 2135; x_wconf 81' lang='lat' dir='ltr'>primo⁷,</span> <span class='ocrx_word' id='word_1_278' title='bbox 680 2107 696 2122; x_wconf 74' lang='grc' dir='ltr'>α</span> <span class='ocrx_word' id='word_1_279' title='bbox 719 2094 904 2127; x_wconf 88' lang='lat' dir='ltr'>maledictus</span> <span class='ocrx_word' id='word_1_280' title='bbox 932 2104 950 2127; x_wconf 91' lang='lat' dir='ltr'>a</span> <span class='ocrx_word' id='word_1_281' title='bbox 973 2095 1037 2128; x_wconf 88' lang='lat' dir='ltr'>Deo</span> <span class='ocrx_word' id='word_1_282' title='bbox 1069 2095 1124 2138; x_wconf 89' lang='lat' dir='ltr'>qui</span> 
     </span>
     <span class='ocr_line' id='line_1_38' title="bbox 162 2145 1124 2188; baseline 0.004 -11"><span class='ocrx_word' id='word_1_283' title='bbox 162 2145 278 2187; x_wconf 89' lang='lat' dir='ltr'>pendet</span> <span class='ocrx_word' id='word_1_284' title='bbox 299 2145 332 2178; x_wconf 92' lang='lat' dir='ltr'>in</span> <span class='ocrx_word' id='word_1_285' title='bbox 355 2146 439 2188; x_wconf 81' lang='lat' dir='ltr'>ligno</span> <span class='ocrx_word' id='word_1_286' title='bbox 462 2159 493 2178; x_wconf 92' lang='lat'>».</span> <span class='ocrx_word' id='word_1_287' title='bbox 518 2146 577 2179; x_wconf 86' lang='lat' dir='ltr'>Sed</span> <span class='ocrx_word' id='word_1_288' title='bbox 599 2146 660 2179; x_wconf 91' lang='lat' dir='ltr'>hoc</span> <span class='ocrx_word' id='word_1_289' title='bbox 683 2156 745 2179; x_wconf 92' lang='lat' dir='ltr'>non</span> <span class='ocrx_word' id='word_1_290' title='bbox 769 2146 828 2180; x_wconf 87' lang='lat' dir='ltr'>fuit</span> <span class='ocrx_word' id='word_1_291' title='bbox 852 2147 919 2180; x_wconf 89' lang='lat' dir='ltr'>sine</span> <span class='ocrx_word' id='word_1_292' title='bbox 941 2147 1047 2181; x_wconf 88' lang='lat' dir='ltr'>divina</span> <span class='ocrx_word' id='word_1_293' title='bbox 1062 2148 1124 2181; x_wconf 92' lang='lat' dir='ltr'>dis-</span> 
     </span>
     <span class='ocr_line' id='line_1_39' title="bbox 162 2198 1125 2240; baseline 0.004 -10"><span class='ocrx_word' id='word_1_294' title='bbox 162 2198 334 2240; x_wconf 85' lang='lat' dir='ltr'>positione,</span> <span class='ocrx_word' id='word_1_295' title='bbox 359 2198 533 2231; x_wconf 89' lang='lat' dir='ltr'>secundum</span> <span class='ocrx_word' id='word_1_296' title='bbox 558 2199 636 2232; x_wconf 87' lang='lat' dir='ltr'>illud</span> <span class='ocrx_word' id='word_1_297' title='bbox 659 2199 698 2232; x_wconf 86' lang='lat' dir='ltr'>ad</span> <span class='ocrx_word' id='word_1_298' title='bbox 722 2199 844 2233; x_wconf 87' lang='lat' dir='ltr'>Galatas</span> <span class='ocrx_word' id='word_1_299' title='bbox 868 2200 978 2233; x_wconf 91' lang='lat' dir='ltr'>tertio:</span> <span class='ocrx_word' id='word_1_300' title='bbox 1001 2213 1017 2230; x_wconf 74' lang='grc' dir='ltr'><strong>α</strong></span> <span class='ocrx_word' id='word_1_301' title='bbox 1033 2201 1125 2234; x_wconf 91' lang='lat' dir='ltr'>Chri-</span> 
     </span>
     <span class='ocr_line' id='line_1_40' title="bbox 163 2251 1124 2296; baseline 0.004 -12"><span class='ocrx_word' id='word_1_302' title='bbox 163 2254 231 2284; x_wconf 89' lang='lat' dir='ltr'>stus</span> <span class='ocrx_word' id='word_1_303' title='bbox 246 2260 304 2285; x_wconf 91' lang='lat' dir='ltr'>nos</span> <span class='ocrx_word' id='word_1_304' title='bbox 327 2251 460 2285; x_wconf 82' lang='lat' dir='ltr'>redemit</span> <span class='ocrx_word' id='word_1_305' title='bbox 475 2252 514 2285; x_wconf 95' lang='lat' dir='ltr'>de</span> <span class='ocrx_word' id='word_1_306' title='bbox 539 2252 704 2286; x_wconf 89' lang='lat' dir='ltr'>maledicto</span> <span class='ocrx_word' id='word_1_307' title='bbox 721 2253 823 2296; x_wconf 85' lang='lat' dir='ltr'>Legis,</span> <span class='ocrx_word' id='word_1_308' title='bbox 839 2253 942 2287; x_wconf 86' lang='lat' dir='ltr'>factus</span> <span class='ocrx_word' id='word_1_309' title='bbox 958 2263 1017 2296; x_wconf 89' lang='lat' dir='ltr'>pro</span> <span class='ocrx_word' id='word_1_310' title='bbox 1033 2254 1124 2288; x_wconf 91' lang='lat' dir='ltr'>nobis</span> 
     </span>
     <span class='ocr_line' id='line_1_41' title="bbox 162 2305 1125 2349; baseline 0.004 -11"><span class='ocrx_word' id='word_1_311' title='bbox 162 2305 362 2338; x_wconf 85' lang='lat' dir='ltr'>maledictum</span> <span class='ocrx_word' id='word_1_312' title='bbox 380 2317 411 2345; x_wconf 76' lang='lat'>»3</span> <span class='ocrx_word' id='word_1_313' title='bbox 436 2305 490 2339; x_wconf 92' lang='lat' dir='ltr'>sed</span> <span class='ocrx_word' id='word_1_314' title='bbox 514 2306 600 2349; x_wconf 90' lang='lat' dir='ltr'>impii</span> <span class='ocrx_word' id='word_1_315' title='bbox 633 2307 693 2339; x_wconf 92' lang='lat' dir='ltr'>hoc</span> <span class='ocrx_word' id='word_1_316' title='bbox 724 2316 766 2340; x_wconf 91' lang='lat' dir='ltr'>ex</span> <span class='ocrx_word' id='word_1_317' title='bbox 798 2307 985 2342; x_wconf 90' lang='lat' dir='ltr'>crudelitate</span> <span class='ocrx_word' id='word_1_318' title='bbox 1008 2311 1040 2341; x_wconf 92' lang='lat' dir='ltr'>et</span> <span class='ocrx_word' id='word_1_319' title='bbox 1063 2308 1125 2342; x_wconf 89' lang='lat' dir='ltr'>ira-</span> 
     </span>
     <span class='ocr_line' id='line_1_42' title="bbox 162 2357 1125 2401; baseline 0.004 -10"><span class='ocrx_word' id='word_1_320' title='bbox 162 2357 275 2391; x_wconf 84' lang='lat' dir='ltr'>cundia</span> <span class='ocrx_word' id='word_1_321' title='bbox 299 2359 510 2401; x_wconf 86' lang='lat' dir='ltr'>postulabant.</span> <span class='ocrx_word' id='word_1_322' title='bbox 536 2360 595 2393; x_wconf 91' lang='lat' dir='ltr'>Pro</span> <span class='ocrx_word' id='word_1_323' title='bbox 619 2360 668 2394; x_wconf 89' lang='lat' dir='ltr'>his</span> <span class='ocrx_word' id='word_1_324' title='bbox 691 2360 834 2400; x_wconf 89' lang='lat' dir='ltr'>duobus,</span> <span class='ocrx_word' id='word_1_325' title='bbox 852 2361 971 2395; x_wconf 90' lang='lat' dir='ltr'>scilicet</span> <span class='ocrx_word' id='word_1_326' title='bbox 987 2362 1125 2395; x_wconf 89' lang='lat' dir='ltr'>clamore</span> 
     </span>
     <span class='ocr_line' id='line_1_43' title="bbox 161 2411 1125 2453; baseline 0.004 -9"><span class='ocrx_word' id='word_1_327' title='bbox 161 2414 193 2445; x_wconf 90' lang='lat' dir='ltr'>et</span> <span class='ocrx_word' id='word_1_328' title='bbox 208 2411 420 2453; x_wconf 88' lang='lat' dir='ltr'>crudelitate,</span> <span class='ocrx_word' id='word_1_329' title='bbox 444 2413 727 2448; x_wconf 82' lang='lat' dir='ltr'>diciturleremiae</span> <span class='ocrx_word' id='word_1_330' title='bbox 743 2414 930 2448; x_wconf 88' lang='lat' dir='ltr'>duodecimo</span> <span class='ocrx_word' id='word_1_331' title='bbox 943 2414 974 2447; x_wconf 78' lang='lat'>⁸:</span> <span class='ocrx_word' id='word_1_332' title='bbox 1005 2428 1020 2444; x_wconf 72' lang='grc' dir='ltr'>ει</span> <span class='ocrx_word' id='word_1_333' title='bbox 1034 2416 1125 2448; x_wconf 86' lang='lat' dir='ltr'>Facta</span> 
     </span>
     <span class='ocr_line' id='line_1_44' title="bbox 162 2465 1124 2511; baseline 0.005 -14"><span class='ocrx_word' id='word_1_334' title='bbox 162 2468 209 2498; x_wconf 87' lang='lat' dir='ltr'>est</span> <span class='ocrx_word' id='word_1_335' title='bbox 232 2465 310 2498; x_wconf 90' lang='lat' dir='ltr'>mihi</span> <span class='ocrx_word' id='word_1_336' title='bbox 334 2466 492 2500; x_wconf 89' lang='lat' dir='ltr'>hereditas</span> <span class='ocrx_word' id='word_1_337' title='bbox 515 2476 585 2501; x_wconf 87' lang='lat' dir='ltr'>mea</span> <span class='ocrx_word' id='word_1_338' title='bbox 608 2468 698 2511; x_wconf 88' lang='lat' dir='ltr'>quasi</span> <span class='ocrx_word' id='word_1_339' title='bbox 723 2468 771 2502; x_wconf 91' lang='lat' dir='ltr'>leo</span> <span class='ocrx_word' id='word_1_340' title='bbox 788 2468 820 2501; x_wconf 90' lang='lat' dir='ltr'>in</span> <span class='ocrx_word' id='word_1_341' title='bbox 837 2468 932 2509; x_wconf 87' lang='lat' dir='ltr'>silva;</span> <span class='ocrx_word' id='word_1_342' title='bbox 950 2468 1036 2502; x_wconf 91' lang='lat' dir='ltr'>dedit</span> <span class='ocrx_word' id='word_1_343' title='bbox 1051 2478 1124 2502; x_wconf 86' lang='lat' dir='ltr'>con-</span> 
     </span>
    </p>
   </div>
   <div class='ocr_carea' id='block_1_4' title="bbox 19 1084 146 1165">
    <p class='ocr_par' dir='ltr' id='par_1_5' title="bbox 19 1084 146 1165">
     <span class='ocr_line' id='line_1_45' title="bbox 19 1084 146 1106; baseline -0.016 0"><span class='ocrx_word' id='word_1_344' title='bbox 19 1085 85 1106; x_wconf 76' lang='lat' dir='ltr'>›lainor</span> <span class='ocrx_word' id='word_1_345' title='bbox 93 1084 146 1105; x_wconf 86' lang='lat' dir='ltr'>mul-</span> 
     </span>
     <span class='ocr_line' id='line_1_46' title="bbox 30 1110 126 1132; baseline -0.01 0"><span class='ocrx_word' id='word_1_346' title='bbox 30 1110 126 1132; x_wconf 81' lang='lat' dir='ltr'>titudinis</span> 
     </span>
     <span class='ocr_line' id='line_1_47' title="bbox 19 1142 136 1165; baseline -0.017 -5"><span class='ocrx_word' id='word_1_347' title='bbox 19 1142 136 1165; x_wconf 73' lang='lat' dir='ltr'>oei-versae.</span> 
     </span>
    </p>
   </div>
   <div class='ocr_carea' id='block_1_5' title="bbox 28 1510 146 1532">
    <p class='ocr_par' dir='ltr' id='par_1_6' title="bbox 28 1510 146 1532">
     <span class='ocr_line' id='line_1_48' title="bbox 28 1510 146 1532; baseline 0 0"><span class='ocrx_word' id='word_1_348' title='bbox 28 1510 146 1532; x_wconf 82' lang='lat' dir='ltr'>Crudelitas</span> 
     </span>
    </p>
   </div>
   <div class='ocr_carea' id='block_1_6' title="bbox 16 2149 143 2172">
    <p class='ocr_par' dir='ltr' id='par_1_7' title="bbox 16 2149 143 2172">
     <span class='ocr_line' id='line_1_49' title="bbox 16 2149 143 2172; baseline 0 0"><span class='ocrx_word' id='word_1_349' title='bbox 16 2149 143 2172; x_wconf 63' lang='lat' dir='ltr'>«somnum.</span> 
     </span>
    </p>
   </div>
   <div class='ocr_carea' id='block_1_7' title="bbox 162 2652 1123 3030">
    <p class='ocr_par' dir='ltr' id='par_1_8' title="bbox 162 2652 1123 2825">
     <span class='ocr_line' id='line_1_50' title="bbox 233 2652 1123 2690; baseline 0.009 -11"><span class='ocrx_word' id='word_1_350' title='bbox 233 2652 242 2668; x_wconf 88' lang='lat'>¹</span> <span class='ocrx_word' id='word_1_351' title='bbox 263 2655 298 2680; x_wconf 85' lang='lat' dir='ltr'>lta</span> <span class='ocrx_word' id='word_1_352' title='bbox 317 2654 396 2680; x_wconf 83' lang='lat' dir='ltr'>etium</span> <span class='ocrx_word' id='word_1_353' title='bbox 415 2655 500 2687; x_wconf 84' lang='lat' dir='ltr'>Beda,</span> <span class='ocrx_word' id='word_1_354' title='bbox 519 2655 597 2682; x_wconf 81' lang='lat' dir='ltr'>eard.</span> <span class='ocrx_word' id='word_1_355' title='bbox 610 2657 686 2689; x_wconf 79' lang='lat' dir='ltr'>Hugo</span> <span class='ocrx_word' id='word_1_356' title='bbox 705 2661 731 2683; x_wconf 88' lang='lat' dir='ltr'>et</span> <span class='ocrx_word' id='word_1_357' title='bbox 744 2659 772 2684; x_wconf 88' lang='lat' dir='ltr'>B.</span> <span class='ocrx_word' id='word_1_358' title='bbox 786 2658 897 2690; x_wconf 83' lang='lat' dir='ltr'>Albert.;</span> <span class='ocrx_word' id='word_1_359' title='bbox 912 2660 969 2686; x_wconf 86' lang='lat' dir='ltr'>Vnt.</span> <span class='ocrx_word' id='word_1_360' title='bbox 984 2667 1044 2686; x_wconf 88' lang='lat' dir='ltr'>cum</span> <span class='ocrx_word' id='word_1_361' title='bbox 1064 2661 1123 2687; x_wconf 90' lang='lat' dir='ltr'>Vul-</span> 
     </span>
     <span class='ocr_line' id='line_1_51' title="bbox 162 2698 1123 2733; baseline 0.009 -11"><span class='ocrx_word' id='word_1_362' title='bbox 162 2700 222 2728; x_wconf 78' lang='lat' dir='ltr'>gnta</span> <span class='ocrx_word' id='word_1_363' title='bbox 242 2700 267 2723; x_wconf 87' lang='lat' dir='ltr'>et</span> <span class='ocrx_word' id='word_1_364' title='bbox 285 2698 307 2723; x_wconf 86' lang='lat' dir='ltr'>H</span> <span class='ocrx_word' id='word_1_365' title='bbox 326 2698 363 2725; x_wconf 89' lang='lat' dir='ltr'>ad</span> <span class='ocrx_word' id='word_1_366' title='bbox 381 2706 435 2725; x_wconf 86' lang='lat' dir='ltr'>eos.</span> <span class='ocrx_word' id='word_1_367' title='bbox 454 2698 572 2726; x_wconf 85' lang='lat' dir='ltr'>Subinde</span> <span class='ocrx_word' id='word_1_368' title='bbox 590 2708 640 2733; x_wconf 89' lang='lat' dir='ltr'>pro</span> <span class='ocrx_word' id='word_1_369' title='bbox 660 2703 749 2728; x_wconf 80' lang='lat' dir='ltr'>lesum</span> <span class='ocrx_word' id='word_1_370' title='bbox 768 2702 850 2729; x_wconf 92' lang='lat' dir='ltr'>CDll</span> <span class='ocrx_word' id='word_1_371' title='bbox 870 2711 940 2730; x_wconf 90' lang='lat' dir='ltr'>eum.</span> <span class='ocrx_word' id='word_1_372' title='bbox 960 2718 996 2724; x_wconf 90' lang='grc'><strong>-</strong></span> <span class='ocrx_word' id='word_1_373' title='bbox 1015 2705 1123 2731; x_wconf 85' lang='lat' dir='ltr'>inferius</span> 
     </span>
     <span class='ocr_line' id='line_1_52' title="bbox 162 2742 1123 2781; baseline 0.01 -15"><span class='ocrx_word' id='word_1_374' title='bbox 162 2742 221 2772; x_wconf 83' lang='lat' dir='ltr'>post</span> <span class='ocrx_word' id='word_1_375' title='bbox 239 2748 274 2767; x_wconf 68' lang='lat' dir='ltr'>ex</span> <span class='ocrx_word' id='word_1_376' title='bbox 293 2749 346 2775; x_wconf 81' lang='lat' dir='ltr'>quo</span> <span class='ocrx_word' id='word_1_377' title='bbox 364 2749 420 2769; x_wconf 88' lang='lat' dir='ltr'>non</span> <span class='ocrx_word' id='word_1_378' title='bbox 438 2743 546 2771; x_wconf 85' lang='lat' dir='ltr'>valebat</span> <span class='ocrx_word' id='word_1_379' title='bbox 564 2745 622 2771; x_wconf 79' lang='lat' dir='ltr'>Vnt.</span> <span class='ocrx_word' id='word_1_380' title='bbox 636 2747 804 2779; x_wconf 79' lang='lat' dir='ltr'>prosequitur</span> <span class='ocrx_word' id='word_1_381' title='bbox 823 2746 961 2781; x_wconf 79' lang='lat' dir='ltr'>impietas,</span> <span class='ocrx_word' id='word_1_382' title='bbox 981 2755 1035 2775; x_wconf 88' lang='lat' dir='ltr'>non</span> <span class='ocrx_word' id='word_1_383' title='bbox 1054 2749 1123 2776; x_wconf 83' lang='lat' dir='ltr'>vale-</span> 
     </span>
     <span class='ocr_line' id='line_1_53' title="bbox 163 2782 1085 2825; baseline 0.011 -15"><span class='ocrx_word' id='word_1_384' title='bbox 163 2782 208 2810; x_wconf 83' lang='lat' dir='ltr'>bat</span> <span class='ocrx_word' id='word_1_385' title='bbox 225 2783 369 2818; x_wconf 78' lang='lat' dir='ltr'>iniquitas,</span> <span class='ocrx_word' id='word_1_386' title='bbox 389 2787 498 2814; x_wconf 83' lang='lat' dir='ltr'>tandem</span> <span class='ocrx_word' id='word_1_387' title='bbox 517 2787 623 2815; x_wconf 85' lang='lat' dir='ltr'>valebat</span> <span class='ocrx_word' id='word_1_388' title='bbox 641 2788 689 2823; x_wconf 85' lang='lat' dir='ltr'>[ita</span> <span class='ocrx_word' id='word_1_389' title='bbox 715 2791 793 2816; x_wconf 83' lang='lat' dir='ltr'>etium</span> <span class='ocrx_word' id='word_1_390' title='bbox 813 2791 845 2825; x_wconf 87' lang='grc' dir='ltr'>Η]</span> <span class='ocrx_word' id='word_1_391' title='bbox 866 2792 1018 2819; x_wconf 82' lang='lat' dir='ltr'>auctoritas</span> <span class='ocrx_word' id='word_1_392' title='bbox 1037 2796 1085 2819; x_wconf 84' lang='lat' dir='ltr'>etc.</span> 
     </span>
    </p>

    <p class='ocr_par' dir='ltr' id='par_1_9' title="bbox 163 2827 1123 2908">
     <span class='ocr_line' id='line_1_54' title="bbox 233 2827 1123 2865; baseline 0.011 -11"><span class='ocrx_word' id='word_1_393' title='bbox 233 2827 244 2842; x_wconf 71' lang='lat'>²</span> <span class='ocrx_word' id='word_1_394' title='bbox 264 2829 339 2856; x_wconf 87' lang='lat' dir='ltr'>Vers.</span> <span class='ocrx_word' id='word_1_395' title='bbox 360 2831 406 2863; x_wconf 77' lang='lat'>⁴9,</span> <span class='ocrx_word' id='word_1_396' title='bbox 420 2831 446 2857; x_wconf 88' lang='lat' dir='ltr'>in</span> <span class='ocrx_word' id='word_1_397' title='bbox 460 2839 514 2865; x_wconf 90' lang='lat' dir='ltr'>quo</span> <span class='ocrx_word' id='word_1_398' title='bbox 523 2840 576 2865; x_wconf 81' lang='lat' dir='ltr'>pro</span> <span class='ocrx_word' id='word_1_399' title='bbox 589 2840 665 2860; x_wconf 67' lang='lat' dir='ltr'>azor</span> <span class='ocrx_word' id='word_1_400' title='bbox 682 2834 739 2861; x_wconf 86' lang='lat' dir='ltr'>eius</span> <span class='ocrx_word' id='word_1_401' title='bbox 754 2835 832 2861; x_wconf 90' lang='lat' dir='ltr'>codd.</span> <span class='ocrx_word' id='word_1_402' title='bbox 852 2843 927 2863; x_wconf 76' lang='lat' dir='ltr'>uoeor</span> <span class='ocrx_word' id='word_1_403' title='bbox 938 2844 999 2863; x_wconf 83' lang='lat' dir='ltr'>sua.</span> <span class='ocrx_word' id='word_1_404' title='bbox 1009 2851 1044 2857; x_wconf 93' lang='lat'>—-</span> <span class='ocrx_word' id='word_1_405' title='bbox 1058 2838 1123 2864; x_wconf 91' lang='lat' dir='ltr'>Sub-</span> 
     </span>
     <span class='ocr_line' id='line_1_55' title="bbox 163 2871 578 2908; baseline 0.014 -11"><span class='ocrx_word' id='word_1_406' title='bbox 163 2871 223 2897; x_wconf 85' lang='lat' dir='ltr'>inde</span> <span class='ocrx_word' id='word_1_407' title='bbox 241 2872 367 2905; x_wconf 77' lang='lat' dir='ltr'>allegatur</span> <span class='ocrx_word' id='word_1_408' title='bbox 387 2875 462 2902; x_wconf 86' lang='lat' dir='ltr'>Prov.</span> <span class='ocrx_word' id='word_1_409' title='bbox 485 2877 532 2908; x_wconf 71' lang='lat'>⁴3,</span> <span class='ocrx_word' id='word_1_410' title='bbox 554 2877 578 2903; x_wconf 74' lang='lat'>4.</span> 
     </span>
    </p>

    <p class='ocr_par' dir='ltr' id='par_1_10' title="bbox 234 2914 765 2953">
     <span class='ocr_line' id='line_1_56' title="bbox 234 2914 765 2953; baseline 0.015 -12"><span class='ocrx_word' id='word_1_411' title='bbox 234 2914 244 2930; x_wconf 67' lang='grc' dir='ltr'><strong>Β</strong></span> <span class='ocrx_word' id='word_1_412' title='bbox 263 2915 345 2943; x_wconf 87' lang='lat' dir='ltr'>Codd.</span> <span class='ocrx_word' id='word_1_413' title='bbox 365 2917 537 2953; x_wconf 85' lang='lat' dir='ltr'>clamabant,·</span> <span class='ocrx_word' id='word_1_414' title='bbox 556 2923 602 2947; x_wconf 82' lang='lat' dir='ltr'>cfr.</span> <span class='ocrx_word' id='word_1_415' title='bbox 622 2923 650 2948; x_wconf 89' lang='lat' dir='ltr'>B.</span> <span class='ocrx_word' id='word_1_416' title='bbox 669 2922 765 2949; x_wconf 77' lang='lat' dir='ltr'>Albert.</span> 
     </span>
    </p>

    <p class='ocr_par' dir='ltr' id='par_1_11' title="bbox 162 2959 1123 3030">
     <span class='ocr_line' id='line_1_57' title="bbox 232 2959 1123 3003; baseline 0.013 -19"><span class='ocrx_word' id='word_1_417' title='bbox 232 2959 244 2974; x_wconf 80' lang='lat'><strong>⁴</strong></span> <span class='ocrx_word' id='word_1_418' title='bbox 263 2959 337 2986; x_wconf 86' lang='lat' dir='ltr'>Vers.</span> <span class='ocrx_word' id='word_1_419' title='bbox 365 2960 391 2987; x_wconf 95' lang='lat'>7.</span> <span class='ocrx_word' id='word_1_420' title='bbox 416 2965 442 2988; x_wconf 88' lang='lat' dir='ltr'>et</span> <span class='ocrx_word' id='word_1_421' title='bbox 466 2963 561 2990; x_wconf 87' lang='lat' dir='ltr'>deinde</span> <span class='ocrx_word' id='word_1_422' title='bbox 591 2966 639 2997; x_wconf 80' lang='lat'>17,</span> <span class='ocrx_word' id='word_1_423' title='bbox 665 2967 715 2992; x_wconf 83' lang='lat' dir='ltr'>l2:</span> <span class='ocrx_word' id='word_1_424' title='bbox 739 2967 792 2994; x_wconf 84' lang='lat' dir='ltr'>Vae</span> <span class='ocrx_word' id='word_1_425' title='bbox 817 2967 988 2995; x_wconf 78' lang='lat' dir='ltr'>multitudini</span> <span class='ocrx_word' id='word_1_426' title='bbox 1007 2968 1123 3003; x_wconf 84' lang='lat' dir='ltr'>populo-</span> 
     </span>
     <span class='ocr_line' id='line_1_58' title="bbox 162 3006 294 3030; baseline -0.008 0"><span class='ocrx_word' id='word_1_427' title='bbox 162 3010 227 3030; x_wconf 81' lang='lat' dir='ltr'>rum</span> <span class='ocrx_word' id='word_1_428' title='bbox 246 3006 294 3029; x_wconf 90' lang='lat' dir='ltr'>etc.</span> 
     </span>
    </p>
   </div>
   <div class='ocr_carea' id='block_1_8' title="bbox 163 3047 1124 3397">
    <p class='ocr_par' dir='ltr' id='par_1_12' title="bbox 163 3047 1123 3168">
     <span class='ocr_line' id='line_1_59' title="bbox 234 3047 1123 3090; baseline 0.013 -17"><span class='ocrx_word' id='word_1_429' title='bbox 234 3047 245 3062; x_wconf 80' lang='lat'>⁶</span> <span class='ocrx_word' id='word_1_430' title='bbox 263 3048 332 3074; x_wconf 88' lang='lat' dir='ltr'>Libr.</span> <span class='ocrx_word' id='word_1_431' title='bbox 353 3049 395 3075; x_wconf 92' lang='lat' dir='ltr'>Vl.</span> <span class='ocrx_word' id='word_1_432' title='bbox 417 3049 442 3075; x_wconf 90' lang='lat' dir='ltr'>in</span> <span class='ocrx_word' id='word_1_433' title='bbox 462 3051 523 3077; x_wconf 89' lang='lat' dir='ltr'>Luc.</span> <span class='ocrx_word' id='word_1_434' title='bbox 538 3053 584 3085; x_wconf 81' lang='lat'>23,</span> <span class='ocrx_word' id='word_1_435' title='bbox 605 3054 647 3080; x_wconf 90' lang='lat'>20.</span> <span class='ocrx_word' id='word_1_436' title='bbox 660 3062 717 3089; x_wconf 87' lang='lat' dir='ltr'>seq.</span> <span class='ocrx_word' id='word_1_437' title='bbox 736 3056 867 3083; x_wconf 81' lang='lat' dir='ltr'>Sententia</span> <span class='ocrx_word' id='word_1_438' title='bbox 885 3058 969 3090; x_wconf 85' lang='lat' dir='ltr'>ipsius</span> <span class='ocrx_word' id='word_1_439' title='bbox 987 3057 1123 3085; x_wconf 79' lang='lat' dir='ltr'>exhibetur</span> 
     </span>
     <span class='ocr_line' id='line_1_60' title="bbox 163 3091 1123 3134; baseline 0.013 -17"><span class='ocrx_word' id='word_1_440' title='bbox 163 3091 253 3134; x_wconf 74' lang='lat' dir='ltr'>verbis</span> <span class='ocrx_word' id='word_1_441' title='bbox 271 3092 376 3119; x_wconf 79' lang='lat' dir='ltr'>Glossae</span> <span class='ocrx_word' id='word_1_442' title='bbox 391 3093 548 3121; x_wconf 81' lang='lat' dir='ltr'>ordinariae</span> <span class='ocrx_word' id='word_1_443' title='bbox 561 3096 586 3121; x_wconf 92' lang='lat' dir='ltr'>in</span> <span class='ocrx_word' id='word_1_444' title='bbox 606 3097 667 3123; x_wconf 86' lang='lat' dir='ltr'>Luc.</span> <span class='ocrx_word' id='word_1_445' title='bbox 683 3099 728 3132; x_wconf 86' lang='grc'>23,</span> <span class='ocrx_word' id='word_1_446' title='bbox 749 3101 790 3126; x_wconf 80' lang='grc'>21.</span> <span class='ocrx_word' id='word_1_447' title='bbox 805 3101 854 3127; x_wconf 87' lang='lat' dir='ltr'>Pro</span> <span class='ocrx_word' id='word_1_448' title='bbox 872 3103 1020 3129; x_wconf 70' lang='lat' dir='ltr'>ven-aretur</span> <span class='ocrx_word' id='word_1_449' title='bbox 1039 3105 1123 3128; x_wconf 81' lang='lat' dir='ltr'>textus</span> 
     </span>
     <span class='ocr_line' id='line_1_61' title="bbox 163 3136 469 3168; baseline 0.01 -7"><span class='ocrx_word' id='word_1_450' title='bbox 163 3136 298 3168; x_wconf 80' lang='lat' dir='ltr'>originalis</span> <span class='ocrx_word' id='word_1_451' title='bbox 316 3138 469 3165; x_wconf 80' lang='lat' dir='ltr'>necaretur.</span> 
     </span>
    </p>

    <p class='ocr_par' dir='ltr' id='par_1_13' title="bbox 234 3179 882 3220">
     <span class='ocr_line' id='line_1_62' title="bbox 234 3179 882 3220; baseline 0.015 -15"><span class='ocrx_word' id='word_1_452' title='bbox 234 3179 246 3195; x_wconf 66' lang='grc' dir='ltr'><strong>Θ</strong></span> <span class='ocrx_word' id='word_1_453' title='bbox 265 3181 358 3206; x_wconf 82' lang='lat' dir='ltr'>Psalm.</span> <span class='ocrx_word' id='word_1_454' title='bbox 379 3181 407 3207; x_wconf 78' lang='grc'>24</span> <span class='ocrx_word' id='word_1_455' title='bbox 421 3202 428 3215; x_wconf 85' lang='lat'>,</span> <span class='ocrx_word' id='word_1_456' title='bbox 449 3182 489 3208; x_wconf 72' lang='lat'>17.</span> <span class='ocrx_word' id='word_1_457' title='bbox 509 3196 544 3203; x_wconf 90' lang='lat'><strong>—</strong></span> <span class='ocrx_word' id='word_1_458' title='bbox 564 3183 687 3217; x_wconf 85' lang='lat' dir='ltr'>Sequitur</span> <span class='ocrx_word' id='word_1_459' title='bbox 707 3186 768 3219; x_wconf 85' lang='lat' dir='ltr'>Sup.</span> <span class='ocrx_word' id='word_1_460' title='bbox 788 3188 819 3220; x_wconf 88' lang='lat'>2,</span> <span class='ocrx_word' id='word_1_461' title='bbox 839 3189 882 3215; x_wconf 85' lang='lat'>20.</span> 
     </span>
    </p>

    <p class='ocr_par' dir='ltr' id='par_1_14' title="bbox 163 3222 1124 3397">
     <span class='ocr_line' id='line_1_63' title="bbox 234 3222 1124 3268; baseline 0.015 -19"><span class='ocrx_word' id='word_1_462' title='bbox 234 3222 244 3238; x_wconf 87' lang='lat'>⁷</span> <span class='ocrx_word' id='word_1_463' title='bbox 267 3225 340 3251; x_wconf 88' lang='lat' dir='ltr'>Vers.</span> <span class='ocrx_word' id='word_1_464' title='bbox 359 3226 406 3258; x_wconf 81' lang='lat'>23,</span> <span class='ocrx_word' id='word_1_465' title='bbox 420 3225 464 3252; x_wconf 88' lang='lat' dir='ltr'>ubi</span> <span class='ocrx_word' id='word_1_466' title='bbox 478 3227 499 3253; x_wconf 82' lang='lat' dir='ltr'><strong>A</strong></span> <span class='ocrx_word' id='word_1_467' title='bbox 510 3227 528 3253; x_wconf 94' lang='lat' dir='ltr'>C</span> <span class='ocrx_word' id='word_1_468' title='bbox 540 3228 573 3254; x_wconf 92' lang='lat' dir='ltr'>D:</span> <span class='ocrx_word' id='word_1_469' title='bbox 583 3228 743 3257; x_wconf 80' lang='lat' dir='ltr'>Maledictus</span> <span class='ocrx_word' id='word_1_470' title='bbox 755 3231 857 3265; x_wconf 53' lang='lat' dir='ltr'>ommis,</span> <span class='ocrx_word' id='word_1_471' title='bbox 877 3232 926 3267; x_wconf 83' lang='lat' dir='ltr'>qui</span> <span class='ocrx_word' id='word_1_472' title='bbox 936 3237 997 3267; x_wconf 89' lang='lat' dir='ltr'>etc.;</span> <span class='ocrx_word' id='word_1_473' title='bbox 1011 3234 1046 3261; x_wconf 78' lang='lat' dir='ltr'>lta</span> <span class='ocrx_word' id='word_1_474' title='bbox 1060 3236 1124 3268; x_wconf 76' lang='lat' dir='ltr'>legi-</span> 
     </span>
     <span class='ocr_line' id='line_1_64' title="bbox 164 3269 1124 3308; baseline 0.013 -14"><span class='ocrx_word' id='word_1_475' title='bbox 164 3272 206 3294; x_wconf 89' lang='lat' dir='ltr'>tur</span> <span class='ocrx_word' id='word_1_476' title='bbox 230 3269 284 3295; x_wconf 78' lang='lat' dir='ltr'>Gal.</span> <span class='ocrx_word' id='word_1_477' title='bbox 310 3269 339 3300; x_wconf 87' lang='grc'>3,</span> <span class='ocrx_word' id='word_1_478' title='bbox 366 3270 408 3296; x_wconf 73' lang='grc'>13.</span> <span class='ocrx_word' id='word_1_479' title='bbox 425 3284 462 3297; x_wconf 80' lang='grc'>,-</span> <span class='ocrx_word' id='word_1_480' title='bbox 480 3271 598 3298; x_wconf 87' lang='lat' dir='ltr'>Subinde</span> <span class='ocrx_word' id='word_1_481' title='bbox 622 3273 748 3306; x_wconf 80' lang='lat' dir='ltr'>allegatur</span> <span class='ocrx_word' id='word_1_482' title='bbox 773 3275 828 3301; x_wconf 77' lang='lat' dir='ltr'>Gal.</span> <span class='ocrx_word' id='word_1_483' title='bbox 848 3277 877 3308; x_wconf 81' lang='lat'>3,</span> <span class='ocrx_word' id='word_1_484' title='bbox 899 3278 939 3303; x_wconf 77' lang='grc'>13.</span> <span class='ocrx_word' id='word_1_485' title='bbox 958 3291 993 3297; x_wconf 93' lang='grc'>-</span> <span class='ocrx_word' id='word_1_486' title='bbox 1015 3279 1124 3306; x_wconf 80' lang='lat' dir='ltr'>lnl‘erius</span> 
     </span>
     <span class='ocr_line' id='line_1_65' title="bbox 163 3312 1123 3356; baseline 0.013 -19"><span class='ocrx_word' id='word_1_487' title='bbox 163 3315 223 3344; x_wconf 84' lang='lat' dir='ltr'>post</span> <span class='ocrx_word' id='word_1_488' title='bbox 247 3312 391 3340; x_wconf 73' lang='lat' dir='ltr'>iracundia</span> <span class='ocrx_word' id='word_1_489' title='bbox 417 3314 469 3341; x_wconf 91' lang='lat' dir='ltr'>DG</span> <span class='ocrx_word' id='word_1_490' title='bbox 488 3315 588 3342; x_wconf 82' lang='lat' dir='ltr'>addunt</span> <span class='ocrx_word' id='word_1_491' title='bbox 613 3316 750 3345; x_wconf 79' lang='lat' dir='ltr'>voluntate</span> <span class='ocrx_word' id='word_1_492' title='bbox 775 3318 825 3352; x_wconf 83' lang='lat' dir='ltr'>(ita</span> <span class='ocrx_word' id='word_1_493' title='bbox 845 3320 924 3346; x_wconf 77' lang='lat' dir='ltr'>etium</span> <span class='ocrx_word' id='word_1_494' title='bbox 950 3320 969 3348; x_wconf 95' lang='lat' dir='ltr'>C</span> <span class='ocrx_word' id='word_1_495' title='bbox 988 3322 1123 3356; x_wconf 85' lang='lat' dir='ltr'>primitus,</span> 
     </span>
     <span class='ocr_line' id='line_1_66' title="bbox 164 3356 874 3397; baseline 0.013 -15"><span class='ocrx_word' id='word_1_496' title='bbox 164 3356 279 3383; x_wconf 82' lang='lat' dir='ltr'>secunda</span> <span class='ocrx_word' id='word_1_497' title='bbox 299 3364 393 3384; x_wconf 83' lang='lat' dir='ltr'>munus</span> <span class='ocrx_word' id='word_1_498' title='bbox 412 3357 545 3386; x_wconf 83' lang='lat' dir='ltr'>substituit</span> <span class='ocrx_word' id='word_1_499' title='bbox 562 3360 697 3389; x_wconf 87' lang='lat' dir='ltr'>iracunda</span> <span class='ocrx_word' id='word_1_500' title='bbox 716 3362 874 3397; x_wconf 84' lang='lat' dir='ltr'>voluntale).</span> 
     </span>
    </p>
   </div>
   <div class='ocr_carea' id='block_1_9' title="bbox 2091 198 2150 228">
    <p class='ocr_par' dir='ltr' id='par_1_15' title="bbox 2091 198 2150 228">
     <span class='ocr_line' id='line_1_67' title="bbox 2091 198 2150 228; baseline 0 0"><span class='ocrx_word' id='word_1_501' title='bbox 2091 198 2150 228; x_wconf 78' lang='lat'>571</span> 
     </span>
    </p>
   </div>
   <div class='ocr_carea' id='block_1_10' title="bbox 1188 280 2318 2518">
    <p class='ocr_par' dir='ltr' id='par_1_16' title="bbox 1195 280 2155 418">
     <span class='ocr_line' id='line_1_68' title="bbox 1196 280 2153 326; baseline 0.008 -16"><span class='ocrx_word' id='word_1_502' title='bbox 1196 280 1244 310; x_wconf 90' lang='lat' dir='ltr'>tra</span> <span class='ocrx_word' id='word_1_503' title='bbox 1269 287 1319 311; x_wconf 90' lang='lat' dir='ltr'>me</span> <span class='ocrx_word' id='word_1_504' title='bbox 1343 288 1449 312; x_wconf 89' lang='lat' dir='ltr'>vocem</span> <span class='ocrx_word' id='word_1_505' title='bbox 1469 292 1499 319; x_wconf 79' lang='lat'>»;</span> <span class='ocrx_word' id='word_1_506' title='bbox 1524 283 1555 312; x_wconf 88' lang='lat' dir='ltr'>et</span> <span class='ocrx_word' id='word_1_507' title='bbox 1587 281 1703 313; x_wconf 91' lang='lat' dir='ltr'>iterum</span> <span class='ocrx_word' id='word_1_508' title='bbox 1740 282 1770 314; x_wconf 93' lang='lat' dir='ltr'>in</span> <span class='ocrx_word' id='word_1_509' title='bbox 1801 282 1938 315; x_wconf 86' lang='lat' dir='ltr'>Psalmo:</span> <span class='ocrx_word' id='word_1_510' title='bbox 1969 297 1983 312; x_wconf 73' lang='grc' dir='ltr'>α</span> <span class='ocrx_word' id='word_1_511' title='bbox 2002 285 2153 326; x_wconf 86' lang='lat' dir='ltr'>Quoniam</span> 
     </span>
     <span class='ocr_line' id='line_1_69' title="bbox 1195 331 2155 380; baseline 0.008 -17"><span class='ocrx_word' id='word_1_512' title='bbox 1195 331 1474 365; x_wconf 90' lang='lat' dir='ltr'>circumdederunt</span> <span class='ocrx_word' id='word_1_513' title='bbox 1497 342 1547 366; x_wconf 93' lang='lat' dir='ltr'>me</span> <span class='ocrx_word' id='word_1_514' title='bbox 1563 343 1656 367; x_wconf 85' lang='lat' dir='ltr'>canes</span> <span class='ocrx_word' id='word_1_515' title='bbox 1674 335 1783 374; x_wconf 91' lang='lat' dir='ltr'>multi,</span> <span class='ocrx_word' id='word_1_516' title='bbox 1801 337 1965 369; x_wconf 86' lang='lat' dir='ltr'>consilium</span> <span class='ocrx_word' id='word_1_517' title='bbox 1984 338 2155 380; x_wconf 79' lang='lat' dir='ltr'>malignan-</span> 
     </span>
     <span class='ocr_line' id='line_1_70' title="bbox 1196 383 1539 418; baseline 0.006 -2"><span class='ocrx_word' id='word_1_518' title='bbox 1196 383 1274 416; x_wconf 90' lang='lat' dir='ltr'>tium</span> <span class='ocrx_word' id='word_1_519' title='bbox 1298 384 1419 417; x_wconf 87' lang='lat' dir='ltr'>obsedit</span> <span class='ocrx_word' id='word_1_520' title='bbox 1443 395 1493 418; x_wconf 90' lang='lat' dir='ltr'>me</span> <span class='ocrx_word' id='word_1_521' title='bbox 1509 400 1539 418; x_wconf 81' lang='grc'>».</span> 
     </span>
    </p>

    <p class='ocr_par' dir='ltr' id='par_1_17' title="bbox 1192 438 2318 1174">
     <span class='ocr_line' id='line_1_71' title="bbox 1284 438 2318 489; baseline 0.008 -20"><span class='ocrx_word' id='word_1_522' title='bbox 1284 438 1336 470; x_wconf 92' lang='grc'>26.</span> <span class='ocrx_word' id='word_1_523' title='bbox 1363 438 1464 479; x_wconf 90' lang='lat' dir='ltr'>(Vers.</span> <span class='ocrx_word' id='word_1_524' title='bbox 1490 440 1568 480; x_wconf 76' lang='lat'>22).</span> <span class='ocrx_word' id='word_1_525' title='bbox 1593 441 1713 481; x_wconf 88' lang='lat' dir='ltr'>Quarto</span> <span class='ocrx_word' id='word_1_526' title='bbox 1736 447 1891 484; x_wconf 80' lang='lat' dir='ltr'>quaritum</span> <span class='ocrx_word' id='word_1_527' title='bbox 1908 445 1945 477; x_wconf 87' lang='lat' dir='ltr'>ad</span> <span class='ocrx_word' id='word_1_528' title='bbox 1963 456 2154 489; x_wconf 71' lang='lat' dir='ltr'>repuynan-</span> <span class='ocrx_word' id='word_1_529' title='bbox 2165 456 2318 478; x_wconf 52' lang='lat' dir='ltr'>randifium.</span> 
     </span>
     <span class='ocr_line' id='line_1_72' title="bbox 1195 489 2153 542; baseline 0.013 -21"><span class='ocrx_word' id='word_1_530' title='bbox 1195 489 1278 522; x_wconf 88' lang='lat' dir='ltr'>tiam</span> <span class='ocrx_word' id='word_1_531' title='bbox 1302 491 1586 525; x_wconf 75' lang='lat' dir='ltr'>condemnationis</span> <span class='ocrx_word' id='word_1_532' title='bbox 1602 497 1630 525; x_wconf 87' lang='lat' dir='ltr'>et</span> <span class='ocrx_word' id='word_1_533' title='bbox 1647 494 1791 527; x_wconf 75' lang='lat' dir='ltr'>rationis</span> <span class='ocrx_word' id='word_1_534' title='bbox 1807 501 1914 530; x_wconf 82' lang='lat' dir='ltr'>rectae</span> <span class='ocrx_word' id='word_1_535' title='bbox 1930 499 2153 542; x_wconf 79' lang='lat' dir='ltr'>subiungitur:</span> 
     </span>
     <span class='ocr_line' id='line_1_73' title="bbox 1197 543 2156 591; baseline 0.014 -17"><span class='ocrx_word' id='word_1_536' title='bbox 1197 543 1251 575; x_wconf 85' lang='lat' dir='ltr'>Ille</span> <span class='ocrx_word' id='word_1_537' title='bbox 1274 547 1386 576; x_wconf 86' lang='lat' dir='ltr'>autem</span> <span class='ocrx_word' id='word_1_538' title='bbox 1410 545 1504 577; x_wconf 87' lang='lat' dir='ltr'>tertio</span> <span class='ocrx_word' id='word_1_539' title='bbox 1527 546 1614 579; x_wconf 72' lang='lat' dir='ltr'>dixu</span> <span class='ocrx_word' id='word_1_540' title='bbox 1636 548 1682 580; x_wconf 71' lang='lat' dir='ltr'>acl</span> <span class='ocrx_word' id='word_1_541' title='bbox 1706 549 1777 581; x_wconf 79' lang='lat' dir='ltr'>illos</span> <span class='ocrx_word' id='word_1_542' title='bbox 1791 549 1819 581; x_wconf 80' lang='lat'>⁹.-</span> <span class='ocrx_word' id='word_1_543' title='bbox 1847 551 1934 591; x_wconf 83' lang='lat' dir='ltr'>Quid</span> <span class='ocrx_word' id='word_1_544' title='bbox 1961 554 2047 585; x_wconf 89' lang='lat' dir='ltr'>enim</span> <span class='ocrx_word' id='word_1_545' title='bbox 2072 555 2156 587; x_wconf 83' lang='lat' dir='ltr'>mali</span> 
     </span>
     <span class='ocr_line' id='line_1_74' title="bbox 1193 594 2152 640; baseline 0.014 -13"><span class='ocrx_word' id='word_1_546' title='bbox 1193 594 1270 638; x_wconf 78' lang='lat' dir='ltr'>fecit</span> <span class='ocrx_word' id='word_1_547' title='bbox 1294 596 1377 629; x_wconf 78' lang='lat' dir='ltr'>iste?</span> <span class='ocrx_word' id='word_1_548' title='bbox 1402 596 1539 631; x_wconf 81' lang='lat' dir='ltr'>Nullam</span> <span class='ocrx_word' id='word_1_549' title='bbox 1571 609 1713 633; x_wconf 81' lang='lat' dir='ltr'>causam</span> <span class='ocrx_word' id='word_1_550' title='bbox 1743 604 1861 635; x_wconf 78' lang='lat' dir='ltr'>mortis</span> <span class='ocrx_word' id='word_1_551' title='bbox 1885 605 2014 638; x_wconf 82' lang='lat' dir='ltr'>invenio</span> <span class='ocrx_word' id='word_1_552' title='bbox 2050 607 2085 639; x_wconf 89' lang='lat' dir='ltr'>in</span> <span class='ocrx_word' id='word_1_553' title='bbox 2108 618 2152 640; x_wconf 80' lang='lat' dir='ltr'>eo.</span> 
     </span>
     <span class='ocr_line' id='line_1_75' title="bbox 1195 650 2155 698; baseline 0.011 -16"><span class='ocrx_word' id='word_1_554' title='bbox 1195 650 1241 682; x_wconf 87' lang='lat' dir='ltr'>Ex</span> <span class='ocrx_word' id='word_1_555' title='bbox 1265 659 1329 692; x_wconf 90' lang='lat' dir='ltr'>quo</span> <span class='ocrx_word' id='word_1_556' title='bbox 1345 651 1428 683; x_wconf 89' lang='lat' dir='ltr'>enim</span> <span class='ocrx_word' id='word_1_557' title='bbox 1452 652 1539 685; x_wconf 84' lang='lat' dir='ltr'>nulla</span> <span class='ocrx_word' id='word_1_558' title='bbox 1562 657 1630 685; x_wconf 91' lang='lat' dir='ltr'>erat</span> <span class='ocrx_word' id='word_1_559' title='bbox 1653 654 1685 686; x_wconf 95' lang='lat' dir='ltr'>in</span> <span class='ocrx_word' id='word_1_560' title='bbox 1710 663 1746 688; x_wconf 90' lang='lat' dir='ltr'>eo</span> <span class='ocrx_word' id='word_1_561' title='bbox 1770 665 1865 689; x_wconf 86' lang='lat' dir='ltr'>causa</span> <span class='ocrx_word' id='word_1_562' title='bbox 1889 659 2017 698; x_wconf 87' lang='lat' dir='ltr'>mortis,</span> <span class='ocrx_word' id='word_1_563' title='bbox 2036 660 2155 693; x_wconf 81' lang='lat' dir='ltr'>interfi-</span> 
     </span>
     <span class='ocr_line' id='line_1_76' title="bbox 1194 707 2154 746; baseline 0.013 -11"><span class='ocrx_word' id='word_1_564' title='bbox 1194 712 1266 736; x_wconf 91' lang='lat' dir='ltr'>cere</span> <span class='ocrx_word' id='word_1_565' title='bbox 1289 712 1362 736; x_wconf 90' lang='lat' dir='ltr'>eum</span> <span class='ocrx_word' id='word_1_566' title='bbox 1392 708 1461 737; x_wconf 89' lang='lat' dir='ltr'>erat</span> <span class='ocrx_word' id='word_1_567' title='bbox 1492 709 1602 738; x_wconf 87' lang='lat' dir='ltr'>contra</span> <span class='ocrx_word' id='word_1_568' title='bbox 1632 707 1786 741; x_wconf 89' lang='lat' dir='ltr'>dictamen</span> <span class='ocrx_word' id='word_1_569' title='bbox 1820 710 1949 744; x_wconf 90' lang='lat' dir='ltr'>rationis</span> <span class='ocrx_word' id='word_1_570' title='bbox 1974 717 2086 746; x_wconf 85' lang='lat' dir='ltr'>rectae.</span> <span class='ocrx_word' id='word_1_571' title='bbox 2113 733 2154 737; x_wconf 97' lang='lat'><strong>—</strong></span> 
     </span>
     <span class='ocr_line' id='line_1_77' title="bbox 1195 757 2155 809; baseline 0.014 -21"><span class='ocrx_word' id='word_1_572' title='bbox 1195 757 1230 789; x_wconf 88' lang='lat' dir='ltr'>Et</span> <span class='ocrx_word' id='word_1_573' title='bbox 1253 757 1328 800; x_wconf 89' lang='lat' dir='ltr'>quia</span> <span class='ocrx_word' id='word_1_574' title='bbox 1353 758 1448 791; x_wconf 92' lang='lat' dir='ltr'>menti</span> <span class='ocrx_word' id='word_1_575' title='bbox 1479 759 1603 792; x_wconf 89' lang='lat' dir='ltr'>invidae</span> <span class='ocrx_word' id='word_1_576' title='bbox 1635 770 1698 794; x_wconf 89' lang='lat' dir='ltr'>non</span> <span class='ocrx_word' id='word_1_577' title='bbox 1722 763 1838 796; x_wconf 85' lang='lat' dir='ltr'>sufficit</span> <span class='ocrx_word' id='word_1_578' title='bbox 1868 765 1948 797; x_wconf 87' lang='lat' dir='ltr'>ratio</span> <span class='ocrx_word' id='word_1_579' title='bbox 1972 767 2038 800; x_wconf 91' lang='lat' dir='ltr'>sine</span> <span class='ocrx_word' id='word_1_580' title='bbox 2063 769 2155 809; x_wconf 90' lang='lat' dir='ltr'>puni-</span> 
     </span>
     <span class='ocr_line' id='line_1_78' title="bbox 1194 809 2155 859; baseline 0.014 -18"><span class='ocrx_word' id='word_1_581' title='bbox 1194 809 1295 849; x_wconf 90' lang='lat' dir='ltr'>tione,</span> <span class='ocrx_word' id='word_1_582' title='bbox 1320 810 1389 843; x_wconf 89' lang='lat' dir='ltr'>ideo</span> <span class='ocrx_word' id='word_1_583' title='bbox 1412 811 1512 845; x_wconf 87' lang='lat' dir='ltr'>addit:</span> <span class='ocrx_word' id='word_1_584' title='bbox 1542 812 1734 856; x_wconf 81' lang='lat' dir='ltr'>Corripiam</span> <span class='ocrx_word' id='word_1_585' title='bbox 1765 825 1843 859; x_wconf 68' lang='lat' dir='ltr'>erqo</span> <span class='ocrx_word' id='word_1_586' title='bbox 1873 818 1967 851; x_wconf 87' lang='lat' dir='ltr'>illum</span> <span class='ocrx_word' id='word_1_587' title='bbox 1992 824 2020 852; x_wconf 91' lang='lat' dir='ltr'>et</span> <span class='ocrx_word' id='word_1_588' title='bbox 2044 821 2155 854; x_wconf 84' lang='lat' dir='ltr'>dimit-</span> 
     </span>
     <span class='ocr_line' id='line_1_79' title="bbox 1194 864 2154 910; baseline 0.014 -15"><span class='ocrx_word' id='word_1_589' title='bbox 1194 868 1272 896; x_wconf 88' lang='lat' dir='ltr'>tam.</span> <span class='ocrx_word' id='word_1_590' title='bbox 1298 864 1359 897; x_wconf 92' lang='lat' dir='ltr'>Nec</span> <span class='ocrx_word' id='word_1_591' title='bbox 1385 868 1505 898; x_wconf 88' lang='lat' dir='ltr'>tantum</span> <span class='ocrx_word' id='word_1_592' title='bbox 1532 866 1591 900; x_wconf 92' lang='lat' dir='ltr'>hoc</span> <span class='ocrx_word' id='word_1_593' title='bbox 1614 867 1696 901; x_wconf 89' lang='lat' dir='ltr'>dixit</span> <span class='ocrx_word' id='word_1_594' title='bbox 1720 870 1832 910; x_wconf 85' lang='lat' dir='ltr'>verbo,</span> <span class='ocrx_word' id='word_1_595' title='bbox 1858 881 1968 905; x_wconf 83' lang='lat' dir='ltr'>verum</span> <span class='ocrx_word' id='word_1_596' title='bbox 1993 874 2085 907; x_wconf 89' lang='lat' dir='ltr'>etiam</span> <span class='ocrx_word' id='word_1_597' title='bbox 2111 876 2154 909; x_wconf 85' lang='lat' dir='ltr'>se-</span> 
     </span>
     <span class='ocr_line' id='line_1_80' title="bbox 1193 916 2152 961; baseline 0.013 -12"><span class='ocrx_word' id='word_1_598' title='bbox 1193 916 1235 949; x_wconf 88' lang='lat' dir='ltr'>cit</span> <span class='ocrx_word' id='word_1_599' title='bbox 1265 917 1365 956; x_wconf 84' lang='lat' dir='ltr'>facto,</span> <span class='ocrx_word' id='word_1_600' title='bbox 1398 919 1573 952; x_wconf 88' lang='lat' dir='ltr'>secundum</span> <span class='ocrx_word' id='word_1_601' title='bbox 1605 921 1682 954; x_wconf 90' lang='lat' dir='ltr'>illud</span> <span class='ocrx_word' id='word_1_602' title='bbox 1706 922 1828 956; x_wconf 88' lang='lat' dir='ltr'>loannis</span> <span class='ocrx_word' id='word_1_603' title='bbox 1860 924 1981 958; x_wconf 89' lang='lat' dir='ltr'>decimo</span> <span class='ocrx_word' id='word_1_604' title='bbox 2009 937 2092 960; x_wconf 90' lang='lat' dir='ltr'>nono</span> <span class='ocrx_word' id='word_1_605' title='bbox 2106 929 2152 961; x_wconf 88' lang='lat'>¹⁰:</span> 
     </span>
     <span class='ocr_line' id='line_1_81' title="bbox 1199 971 2151 1023; baseline 0.014 -21"><span class='ocrx_word' id='word_1_606' title='bbox 1199 971 1319 1004; x_wconf 75' lang='lat' dir='ltr'>«Tunc</span> <span class='ocrx_word' id='word_1_607' title='bbox 1349 973 1557 1014; x_wconf 88' lang='lat' dir='ltr'>apprehendit</span> <span class='ocrx_word' id='word_1_608' title='bbox 1589 974 1705 1008; x_wconf 85' lang='lat' dir='ltr'>Pilatus</span> <span class='ocrx_word' id='word_1_609' title='bbox 1739 976 1839 1010; x_wconf 84' lang='lat' dir='ltr'>lesum</span> <span class='ocrx_word' id='word_1_610' title='bbox 1875 983 1906 1011; x_wconf 93' lang='lat' dir='ltr'>et</span> <span class='ocrx_word' id='word_1_611' title='bbox 1938 980 2151 1023; x_wconf 80' lang='lat' dir='ltr'>flagellavit».</span> 
     </span>
     <span class='ocr_line' id='line_1_82' title="bbox 1193 1024 2153 1078; baseline 0.013 -21"><span class='ocrx_word' id='word_1_612' title='bbox 1193 1024 1279 1058; x_wconf 91' lang='lat' dir='ltr'>Unde</span> <span class='ocrx_word' id='word_1_613' title='bbox 1295 1024 1420 1058; x_wconf 88' lang='lat' dir='ltr'>Glossa:</span> <span class='ocrx_word' id='word_1_614' title='bbox 1440 1039 1454 1055; x_wconf 74' lang='grc' dir='ltr'>α</span> <span class='ocrx_word' id='word_1_615' title='bbox 1465 1027 1547 1060; x_wconf 88' lang='lat' dir='ltr'>Hanc</span> <span class='ocrx_word' id='word_1_616' title='bbox 1564 1029 1794 1071; x_wconf 89' lang='lat' dir='ltr'>correptionem</span> <span class='ocrx_word' id='word_1_617' title='bbox 1813 1031 1983 1066; x_wconf 86' lang='lat' dir='ltr'>deridendo</span> <span class='ocrx_word' id='word_1_618' title='bbox 2000 1039 2030 1067; x_wconf 92' lang='lat' dir='ltr'>et</span> <span class='ocrx_word' id='word_1_619' title='bbox 2047 1036 2153 1078; x_wconf 86' lang='lat' dir='ltr'>flagel-</span> 
     </span>
     <span class='ocr_line' id='line_1_83' title="bbox 1193 1078 2152 1131; baseline 0.013 -21"><span class='ocrx_word' id='word_1_620' title='bbox 1193 1078 1286 1111; x_wconf 88' lang='lat' dir='ltr'>lando</span> <span class='ocrx_word' id='word_1_621' title='bbox 1310 1079 1515 1112; x_wconf 87' lang='lat' dir='ltr'>nefandorum</span> <span class='ocrx_word' id='word_1_622' title='bbox 1547 1081 1711 1115; x_wconf 88' lang='lat' dir='ltr'>desideriis</span> <span class='ocrx_word' id='word_1_623' title='bbox 1734 1084 1899 1125; x_wconf 91' lang='lat' dir='ltr'>exhibuit,</span> <span class='ocrx_word' id='word_1_624' title='bbox 1925 1096 1963 1120; x_wconf 93' lang='lat' dir='ltr'>ne</span> <span class='ocrx_word' id='word_1_625' title='bbox 1989 1098 2090 1131; x_wconf 88' lang='lat' dir='ltr'>usque</span> <span class='ocrx_word' id='word_1_626' title='bbox 2114 1091 2152 1122; x_wconf 85' lang='lat' dir='ltr'>ad</span> 
     </span>
     <span class='ocr_line' id='line_1_84' title="bbox 1192 1132 1669 1174; baseline 0.008 -10"><span class='ocrx_word' id='word_1_627' title='bbox 1192 1132 1442 1174; x_wconf 86' lang='lat' dir='ltr'>crucifigendum</span> <span class='ocrx_word' id='word_1_628' title='bbox 1466 1135 1623 1168; x_wconf 90' lang='lat' dir='ltr'>saevirent</span> <span class='ocrx_word' id='word_1_629' title='bbox 1640 1149 1669 1168; x_wconf 70' lang='lat' dir='ltr'>n.</span> 
     </span>
    </p>

    <p class='ocr_par' dir='ltr' id='par_1_18' title="bbox 1188 1186 2291 2518">
     <span class='ocr_line' id='line_1_85' title="bbox 1281 1186 2291 1233; baseline 0.016 -16"><span class='ocrx_word' id='word_1_630' title='bbox 1281 1187 1334 1218; x_wconf 87' lang='grc'>27.</span> <span class='ocrx_word' id='word_1_631' title='bbox 1359 1186 1460 1228; x_wconf 78' lang='lat' dir='ltr'>(Vers.</span> <span class='ocrx_word' id='word_1_632' title='bbox 1487 1187 1563 1228; x_wconf 87' lang='grc'>23.).</span> <span class='ocrx_word' id='word_1_633' title='bbox 1591 1189 1625 1221; x_wconf 88' lang='lat' dir='ltr'>Et</span> <span class='ocrx_word' id='word_1_634' title='bbox 1649 1190 1723 1232; x_wconf 86' lang='lat' dir='ltr'>quia</span> <span class='ocrx_word' id='word_1_635' title='bbox 1747 1201 1933 1233; x_wconf 88' lang='lat' dir='ltr'>perversum</span> <span class='ocrx_word' id='word_1_636' title='bbox 1959 1204 2012 1228; x_wconf 92' lang='lat' dir='ltr'>cor</span> <span class='ocrx_word' id='word_1_637' title='bbox 2030 1206 2086 1230; x_wconf 91' lang='lat' dir='ltr'>nec</span> <span class='ocrx_word' id='word_1_638' title='bbox 2104 1207 2153 1230; x_wconf 90' lang='lat' dir='ltr'>ra-</span> <span class='ocrx_word' id='word_1_639' title='bbox 2174 1204 2245 1225; x_wconf 67' lang='lat' dir='ltr'>wdaei</span> <span class='ocrx_word' id='word_1_640' title='bbox 2261 1205 2291 1225; x_wconf 72' lang='lat' dir='ltr'>in·</span> 
     </span>
     <span class='ocr_line' id='line_1_86' title="bbox 1192 1234 2259 1287; baseline 0.015 -17"><span class='ocrx_word' id='word_1_641' title='bbox 1192 1239 1275 1272; x_wconf 92' lang='lat' dir='ltr'>tione</span> <span class='ocrx_word' id='word_1_642' title='bbox 1299 1239 1460 1273; x_wconf 91' lang='lat' dir='ltr'>inducitur</span> <span class='ocrx_word' id='word_1_643' title='bbox 1484 1250 1542 1274; x_wconf 90' lang='lat' dir='ltr'>nec</span> <span class='ocrx_word' id='word_1_644' title='bbox 1558 1242 1697 1276; x_wconf 88' lang='lat' dir='ltr'>flectitur</span> <span class='ocrx_word' id='word_1_645' title='bbox 1725 1245 1856 1287; x_wconf 89' lang='lat' dir='ltr'>pietate,</span> <span class='ocrx_word' id='word_1_646' title='bbox 1886 1248 1954 1281; x_wconf 92' lang='lat' dir='ltr'>ideo</span> <span class='ocrx_word' id='word_1_647' title='bbox 1986 1250 2151 1284; x_wconf 85' lang='lat' dir='ltr'>subditur:</span> <span class='ocrx_word' id='word_1_648' title='bbox 2195 1234 2259 1252; x_wconf 45' lang='lat' dir='ltr'>‘&#39;m‘&#39;</span> 
     </span>
     <span class='ocr_line' id='line_1_87' title="bbox 1192 1291 2152 1342; baseline 0.015 -19"><span class='ocrx_word' id='word_1_649' title='bbox 1192 1293 1236 1324; x_wconf 91' lang='lat' dir='ltr'>At</span> <span class='ocrx_word' id='word_1_650' title='bbox 1259 1291 1309 1324; x_wconf 90' lang='lat' dir='ltr'>illi</span> <span class='ocrx_word' id='word_1_651' title='bbox 1339 1292 1509 1325; x_wconf 79' lang='lat' dir='ltr'>instabant</span> <span class='ocrx_word' id='word_1_652' title='bbox 1540 1294 1675 1327; x_wconf 76' lang='lat' dir='ltr'>vocibus</span> <span class='ocrx_word' id='word_1_653' title='bbox 1705 1299 1840 1340; x_wconf 70' lang='lat' dir='ltr'>maqnis</span> <span class='ocrx_word' id='word_1_654' title='bbox 1867 1302 2089 1342; x_wconf 74' lang='lat' dir='ltr'>postulantes,</span> <span class='ocrx_word' id='word_1_655' title='bbox 2115 1310 2152 1337; x_wconf 87' lang='lat' dir='ltr'>ut</span> 
     </span>
     <span class='ocr_line' id='line_1_88' title="bbox 1191 1345 2150 1390; baseline 0.014 -13"><span class='ocrx_word' id='word_1_656' title='bbox 1191 1345 1465 1388; x_wconf 69' lang='lat' dir='ltr'>crucifiyeretur,</span> <span class='ocrx_word' id='word_1_657' title='bbox 1482 1350 1510 1379; x_wconf 90' lang='lat' dir='ltr'>et</span> <span class='ocrx_word' id='word_1_658' title='bbox 1532 1347 1774 1383; x_wconf 74' lang='lat' dir='ltr'>invalescebant</span> <span class='ocrx_word' id='word_1_659' title='bbox 1796 1362 1888 1385; x_wconf 82' lang='lat' dir='ltr'>voees</span> <span class='ocrx_word' id='word_1_660' title='bbox 1902 1355 1927 1373; x_wconf 95' lang='lat'>¹¹</span> <span class='ocrx_word' id='word_1_661' title='bbox 1954 1365 2078 1389; x_wconf 84' lang='lat' dir='ltr'>eorum.</span> <span class='ocrx_word' id='word_1_662' title='bbox 2106 1358 2150 1390; x_wconf 78' lang='lat' dir='ltr'>Ex</span> 
     </span>
     <span class='ocr_line' id='line_1_89' title="bbox 1190 1400 2150 1450; baseline 0.015 -20"><span class='ocrx_word' id='word_1_663' title='bbox 1190 1407 1255 1441; x_wconf 93' lang='lat' dir='ltr'>quo</span> <span class='ocrx_word' id='word_1_664' title='bbox 1285 1403 1433 1441; x_wconf 87' lang='lat' dir='ltr'>apparet,</span> <span class='ocrx_word' id='word_1_665' title='bbox 1458 1400 1542 1442; x_wconf 88' lang='lat' dir='ltr'>quod</span> <span class='ocrx_word' id='word_1_666' title='bbox 1579 1401 1651 1434; x_wconf 89' lang='lat' dir='ltr'>victi</span> <span class='ocrx_word' id='word_1_667' title='bbox 1684 1403 1849 1439; x_wconf 86' lang='lat' dir='ltr'>vivacitate</span> <span class='ocrx_word' id='word_1_668' title='bbox 1874 1408 2004 1442; x_wconf 89' lang='lat' dir='ltr'>rationis</span> <span class='ocrx_word' id='word_1_669' title='bbox 2028 1414 2150 1450; x_wconf 89' lang='lat' dir='ltr'>rectae,</span> 
     </span>
     <span class='ocr_line' id='line_1_90' title="bbox 1190 1453 2152 1505; baseline 0.014 -20"><span class='ocrx_word' id='word_1_670' title='bbox 1190 1455 1380 1485; x_wconf 88' lang='lat' dir='ltr'>convertunt</span> <span class='ocrx_word' id='word_1_671' title='bbox 1404 1461 1437 1485; x_wconf 91' lang='lat' dir='ltr'>se</span> <span class='ocrx_word' id='word_1_672' title='bbox 1460 1453 1499 1485; x_wconf 90' lang='lat' dir='ltr'>ad</span> <span class='ocrx_word' id='word_1_673' title='bbox 1523 1463 1647 1495; x_wconf 89' lang='lat' dir='ltr'>preces;</span> <span class='ocrx_word' id='word_1_674' title='bbox 1665 1457 1749 1490; x_wconf 88' lang='lat' dir='ltr'>unde</span> <span class='ocrx_word' id='word_1_675' title='bbox 1765 1458 1873 1492; x_wconf 88' lang='lat' dir='ltr'>Glossa</span> <span class='ocrx_word' id='word_1_676' title='bbox 1887 1461 1931 1492; x_wconf 78' lang='lat'>¹²:</span> <span class='ocrx_word' id='word_1_677' title='bbox 1954 1475 1969 1489; x_wconf 83' lang='lat'>«</span> <span class='ocrx_word' id='word_1_678' title='bbox 1982 1463 2025 1495; x_wconf 79' lang='lat' dir='ltr'>Ad</span> <span class='ocrx_word' id='word_1_679' title='bbox 2043 1473 2152 1505; x_wconf 83' lang='lat' dir='ltr'>preces</span> 
     </span>
     <span class='ocr_line' id='line_1_91' title="bbox 1190 1508 2152 1551; baseline 0.015 -14"><span class='ocrx_word' id='word_1_680' title='bbox 1190 1514 1223 1538; x_wconf 89' lang='lat' dir='ltr'>se</span> <span class='ocrx_word' id='word_1_681' title='bbox 1246 1509 1454 1546; x_wconf 87' lang='lat' dir='ltr'>convertunt,</span> <span class='ocrx_word' id='word_1_682' title='bbox 1480 1510 1515 1540; x_wconf 91' lang='lat' dir='ltr'>ut</span> <span class='ocrx_word' id='word_1_683' title='bbox 1539 1508 1624 1549; x_wconf 88' lang='lat' dir='ltr'>quod</span> <span class='ocrx_word' id='word_1_684' title='bbox 1647 1510 1842 1545; x_wconf 87' lang='lat' dir='ltr'>criminando</span> <span class='ocrx_word' id='word_1_685' title='bbox 1867 1514 1915 1546; x_wconf 89' lang='lat' dir='ltr'>vel</span> <span class='ocrx_word' id='word_1_686' title='bbox 1938 1515 2031 1549; x_wconf 88' lang='lat' dir='ltr'>etiam</span> <span class='ocrx_word' id='word_1_687' title='bbox 2057 1519 2152 1551; x_wconf 88' lang='lat' dir='ltr'>ratio-</span> 
     </span>
     <span class='ocr_line' id='line_1_92' title="bbox 1190 1559 2152 1605; baseline 0.015 -14"><span class='ocrx_word' id='word_1_688' title='bbox 1190 1559 1323 1592; x_wconf 86' lang='lat' dir='ltr'>cinando</span> <span class='ocrx_word' id='word_1_689' title='bbox 1347 1560 1557 1602; x_wconf 85' lang='lat' dir='ltr'>nequiverant</span> <span class='ocrx_word' id='word_1_690' title='bbox 1588 1562 1649 1595; x_wconf 87' lang='lat' dir='ltr'>iam</span> <span class='ocrx_word' id='word_1_691' title='bbox 1675 1565 1863 1605; x_wconf 87' lang='lat' dir='ltr'>postulando</span> <span class='ocrx_word' id='word_1_692' title='bbox 1895 1571 1926 1600; x_wconf 92' lang='lat' dir='ltr'>et</span> <span class='ocrx_word' id='word_1_693' title='bbox 1954 1570 2152 1605; x_wconf 77' lang='lat' dir='ltr'>vociferando</span> 
     </span>
     <span class='ocr_line' id='line_1_93' title="bbox 1189 1613 2154 1658; baseline 0.013 -13"><span class='ocrx_word' id='word_1_694' title='bbox 1189 1613 1355 1655; x_wconf 87' lang='lat' dir='ltr'>perficiant</span> <span class='ocrx_word' id='word_1_695' title='bbox 1370 1627 1401 1646; x_wconf 79' lang='grc'>».</span> <span class='ocrx_word' id='word_1_696' title='bbox 1427 1614 1512 1647; x_wconf 92' lang='lat' dir='ltr'>Unde</span> <span class='ocrx_word' id='word_1_697' title='bbox 1529 1618 1560 1648; x_wconf 91' lang='lat' dir='ltr'>et</span> <span class='ocrx_word' id='word_1_698' title='bbox 1577 1615 1698 1650; x_wconf 89' lang='lat' dir='ltr'>loannis</span> <span class='ocrx_word' id='word_1_699' title='bbox 1721 1618 1842 1652; x_wconf 89' lang='lat' dir='ltr'>decimo</span> <span class='ocrx_word' id='word_1_700' title='bbox 1866 1630 1949 1654; x_wconf 89' lang='lat' dir='ltr'>nono</span> <span class='ocrx_word' id='word_1_701' title='bbox 1963 1623 2006 1655; x_wconf 78' lang='lat'>¹⁸:</span> <span class='ocrx_word' id='word_1_702' title='bbox 2037 1637 2053 1652; x_wconf 77' lang='grc' dir='ltr'><em>α</em></span> <span class='ocrx_word' id='word_1_703' title='bbox 2071 1625 2154 1658; x_wconf 85' lang='lat' dir='ltr'>Exiit</span> 
     </span>
     <span class='ocr_line' id='line_1_94' title="bbox 1189 1667 2153 1716; baseline 0.016 -18"><span class='ocrx_word' id='word_1_704' title='bbox 1189 1675 1265 1708; x_wconf 84' lang='lat' dir='ltr'>ergo</span> <span class='ocrx_word' id='word_1_705' title='bbox 1297 1667 1414 1700; x_wconf 90' lang='lat' dir='ltr'>iterum</span> <span class='ocrx_word' id='word_1_706' title='bbox 1451 1668 1568 1702; x_wconf 89' lang='lat' dir='ltr'>Pilatus</span> <span class='ocrx_word' id='word_1_707' title='bbox 1599 1669 1683 1703; x_wconf 84' lang='lat' dir='ltr'>foras</span> <span class='ocrx_word' id='word_1_708' title='bbox 1707 1675 1738 1704; x_wconf 88' lang='lat' dir='ltr'>et</span> <span class='ocrx_word' id='word_1_709' title='bbox 1768 1672 1867 1706; x_wconf 88' lang='lat' dir='ltr'>dixit:</span> <span class='ocrx_word' id='word_1_710' title='bbox 1905 1675 2000 1716; x_wconf 88' lang='lat' dir='ltr'>Ecce,</span> <span class='ocrx_word' id='word_1_711' title='bbox 2032 1678 2153 1712; x_wconf 87' lang='lat' dir='ltr'>adduco</span> 
     </span>
     <span class='ocr_line' id='line_1_95' title="bbox 1189 1720 2152 1769; baseline 0.013 -17"><span class='ocrx_word' id='word_1_712' title='bbox 1189 1720 1279 1753; x_wconf 91' lang='lat' dir='ltr'>vobis</span> <span class='ocrx_word' id='word_1_713' title='bbox 1301 1729 1375 1753; x_wconf 90' lang='lat' dir='ltr'>eum</span> <span class='ocrx_word' id='word_1_714' title='bbox 1399 1721 1500 1761; x_wconf 85' lang='lat' dir='ltr'>foras,</span> <span class='ocrx_word' id='word_1_715' title='bbox 1526 1726 1562 1755; x_wconf 92' lang='lat' dir='ltr'>ut</span> <span class='ocrx_word' id='word_1_716' title='bbox 1584 1725 1793 1766; x_wconf 82' lang='lat' dir='ltr'>cognoscatis,</span> <span class='ocrx_word' id='word_1_717' title='bbox 1818 1728 1893 1769; x_wconf 89' lang='lat' dir='ltr'>quia</span> <span class='ocrx_word' id='word_1_718' title='bbox 1916 1729 1947 1761; x_wconf 92' lang='lat' dir='ltr'>in</span> <span class='ocrx_word' id='word_1_719' title='bbox 1972 1739 2009 1763; x_wconf 93' lang='lat' dir='ltr'>eo</span> <span class='ocrx_word' id='word_1_720' title='bbox 2033 1732 2152 1765; x_wconf 85' lang='lat' dir='ltr'>nullam</span> 
     </span>
     <span class='ocr_line' id='line_1_96' title="bbox 1189 1773 2153 1828; baseline 0.013 -22"><span class='ocrx_word' id='word_1_721' title='bbox 1189 1773 1314 1807; x_wconf 90' lang='lat' dir='ltr'>invenio</span> <span class='ocrx_word' id='word_1_722' title='bbox 1338 1783 1480 1814; x_wconf 88' lang='lat' dir='ltr'>causam;</span> <span class='ocrx_word' id='word_1_723' title='bbox 1504 1779 1536 1808; x_wconf 89' lang='lat' dir='ltr'>et</span> <span class='ocrx_word' id='word_1_724' title='bbox 1558 1776 1640 1810; x_wconf 89' lang='lat' dir='ltr'>dixit</span> <span class='ocrx_word' id='word_1_725' title='bbox 1663 1778 1725 1811; x_wconf 89' lang='lat' dir='ltr'>eis:</span> <span class='ocrx_word' id='word_1_726' title='bbox 1751 1779 1828 1813; x_wconf 89' lang='lat' dir='ltr'>Ecce</span> <span class='ocrx_word' id='word_1_727' title='bbox 1852 1781 1955 1815; x_wconf 90' lang='lat' dir='ltr'>homo.</span> <span class='ocrx_word' id='word_1_728' title='bbox 1974 1784 2051 1817; x_wconf 90' lang='lat' dir='ltr'>Cum</span> <span class='ocrx_word' id='word_1_729' title='bbox 2077 1794 2153 1828; x_wconf 84' lang='lat' dir='ltr'>ergo</span> 
     </span>
     <span class='ocr_line' id='line_1_97' title="bbox 1188 1828 2152 1873; baseline 0.013 -13"><span class='ocrx_word' id='word_1_730' title='bbox 1188 1828 1339 1861; x_wconf 90' lang='lat' dir='ltr'>vidissent</span> <span class='ocrx_word' id='word_1_731' title='bbox 1355 1838 1428 1861; x_wconf 92' lang='lat' dir='ltr'>eum</span> <span class='ocrx_word' id='word_1_732' title='bbox 1446 1830 1609 1871; x_wconf 87' lang='lat' dir='ltr'>pontifices</span> <span class='ocrx_word' id='word_1_733' title='bbox 1625 1834 1656 1864; x_wconf 88' lang='lat' dir='ltr'>et</span> <span class='ocrx_word' id='word_1_734' title='bbox 1673 1832 1826 1873; x_wconf 88' lang='lat' dir='ltr'>ministri,</span> <span class='ocrx_word' id='word_1_735' title='bbox 1856 1836 2032 1871; x_wconf 88' lang='lat' dir='ltr'>clamabant</span> <span class='ocrx_word' id='word_1_736' title='bbox 2047 1839 2152 1873; x_wconf 91' lang='lat' dir='ltr'>dicen-</span> 
     </span>
     <span class='ocr_line' id='line_1_98' title="bbox 1189 1880 2152 1934; baseline 0.013 -22"><span class='ocrx_word' id='word_1_737' title='bbox 1189 1884 1254 1913; x_wconf 88' lang='lat' dir='ltr'>tes:</span> <span class='ocrx_word' id='word_1_738' title='bbox 1278 1880 1450 1923; x_wconf 85' lang='lat' dir='ltr'>Crucifige‚</span> <span class='ocrx_word' id='word_1_739' title='bbox 1475 1882 1625 1924; x_wconf 82' lang='lat' dir='ltr'>crucifige</span> <span class='ocrx_word' id='word_1_740' title='bbox 1648 1892 1722 1916; x_wconf 90' lang='lat' dir='ltr'>eum</span> <span class='ocrx_word' id='word_1_741' title='bbox 1738 1898 1769 1917; x_wconf 66' lang='grc' dir='ltr'>ι).</span> <span class='ocrx_word' id='word_1_742' title='bbox 1788 1904 1831 1910; x_wconf 86' lang='grc'>-</span> <span class='ocrx_word' id='word_1_743' title='bbox 1848 1887 1894 1919; x_wconf 85' lang='lat' dir='ltr'>Ex</span> <span class='ocrx_word' id='word_1_744' title='bbox 1911 1889 2079 1930; x_wconf 87' lang='lat' dir='ltr'>praedictis</span> <span class='ocrx_word' id='word_1_745' title='bbox 2096 1892 2152 1934; x_wconf 87' lang='lat' dir='ltr'>igi-</span> 
     </span>
     <span class='ocr_line' id='line_1_99' title="bbox 1189 1933 2152 1987; baseline 0.015 -22"><span class='ocrx_word' id='word_1_746' title='bbox 1189 1936 1242 1966; x_wconf 92' lang='lat' dir='ltr'>tur</span> <span class='ocrx_word' id='word_1_747' title='bbox 1266 1933 1442 1976; x_wconf 85' lang='lat' dir='ltr'>colligitur,</span> <span class='ocrx_word' id='word_1_748' title='bbox 1467 1934 1552 1976; x_wconf 90' lang='lat' dir='ltr'>quod</span> <span class='ocrx_word' id='word_1_749' title='bbox 1576 1944 1662 1969; x_wconf 91' lang='lat' dir='ltr'>mors</span> <span class='ocrx_word' id='word_1_750' title='bbox 1685 1936 1801 1971; x_wconf 87' lang='lat' dir='ltr'>Christi</span> <span class='ocrx_word' id='word_1_751' title='bbox 1825 1940 2031 1983; x_wconf 83' lang='lat' dir='ltr'>principalius</span> <span class='ocrx_word' id='word_1_752' title='bbox 2047 1944 2152 1987; x_wconf 89' lang='lat' dir='ltr'>impu—</span> 
     </span>
     <span class='ocr_line' id='line_1_100' title="bbox 1189 1986 2151 2032; baseline 0.015 -14"><span class='ocrx_word' id='word_1_753' title='bbox 1189 1990 1275 2020; x_wconf 89' lang='lat' dir='ltr'>tatur</span> <span class='ocrx_word' id='word_1_754' title='bbox 1288 1986 1409 2020; x_wconf 84' lang='lat' dir='ltr'>ludaeis</span> <span class='ocrx_word' id='word_1_755' title='bbox 1421 1996 1515 2029; x_wconf 89' lang='lat' dir='ltr'>quam</span> <span class='ocrx_word' id='word_1_756' title='bbox 1529 1988 1639 2028; x_wconf 87' lang='lat' dir='ltr'>Pilato;</span> <span class='ocrx_word' id='word_1_757' title='bbox 1652 1990 1736 2024; x_wconf 89' lang='lat' dir='ltr'>unde</span> <span class='ocrx_word' id='word_1_758' title='bbox 1754 1992 1875 2027; x_wconf 89' lang='lat' dir='ltr'>loannis</span> <span class='ocrx_word' id='word_1_759' title='bbox 1891 1995 2013 2029; x_wconf 89' lang='lat' dir='ltr'>decimo</span> <span class='ocrx_word' id='word_1_760' title='bbox 2029 2007 2111 2032; x_wconf 91' lang='lat' dir='ltr'>nono</span> <span class='ocrx_word' id='word_1_761' title='bbox 2125 2001 2151 2019; x_wconf 73' lang='lat'>¹⁴</span> 
     </span>
     <span class='ocr_line' id='line_1_101' title="bbox 1188 2039 2149 2094; baseline 0.015 -22"><span class='ocrx_word' id='word_1_762' title='bbox 1188 2040 1340 2073; x_wconf 91' lang='lat' dir='ltr'>Dominus</span> <span class='ocrx_word' id='word_1_763' title='bbox 1363 2039 1455 2073; x_wconf 89' lang='lat' dir='ltr'>dicit:</span> <span class='ocrx_word' id='word_1_764' title='bbox 1486 2054 1501 2070; x_wconf 74' lang='grc' dir='ltr'>ιι</span> <span class='ocrx_word' id='word_1_765' title='bbox 1518 2041 1577 2083; x_wconf 86' lang='lat' dir='ltr'>Qui</span> <span class='ocrx_word' id='word_1_766' title='bbox 1602 2051 1652 2075; x_wconf 90' lang='lat' dir='ltr'>me</span> <span class='ocrx_word' id='word_1_767' title='bbox 1676 2043 1803 2078; x_wconf 91' lang='lat' dir='ltr'>tradidit</span> <span class='ocrx_word' id='word_1_768' title='bbox 1827 2047 1882 2080; x_wconf 88' lang='lat' dir='ltr'>tibi</span> <span class='ocrx_word' id='word_1_769' title='bbox 1915 2050 2017 2083; x_wconf 85' lang='lat' dir='ltr'>maius</span> <span class='ocrx_word' id='word_1_770' title='bbox 2040 2061 2149 2094; x_wconf 89' lang='lat' dir='ltr'>pecca-</span> 
     </span>
     <span class='ocr_line' id='line_1_102' title="bbox 1188 2092 2151 2141; baseline 0.016 -16"><span class='ocrx_word' id='word_1_771' title='bbox 1188 2096 1256 2126; x_wconf 90' lang='lat' dir='ltr'>tum</span> <span class='ocrx_word' id='word_1_772' title='bbox 1280 2092 1375 2126; x_wconf 84' lang='lat' dir='ltr'>habet</span> <span class='ocrx_word' id='word_1_773' title='bbox 1390 2106 1422 2126; x_wconf 70' lang='grc' dir='ltr'>υ.</span> <span class='ocrx_word' id='word_1_774' title='bbox 1446 2094 1522 2127; x_wconf 89' lang='lat' dir='ltr'>Nam</span> <span class='ocrx_word' id='word_1_775' title='bbox 1546 2095 1650 2129; x_wconf 91' lang='lat' dir='ltr'>ludaei</span> <span class='ocrx_word' id='word_1_776' title='bbox 1674 2105 1798 2141; x_wconf 87' lang='lat' dir='ltr'>semper</span> <span class='ocrx_word' id='word_1_777' title='bbox 1822 2100 2004 2137; x_wconf 89' lang='lat' dir='ltr'>institerunt</span> <span class='ocrx_word' id='word_1_778' title='bbox 2027 2105 2065 2138; x_wconf 90' lang='lat' dir='ltr'>ad</span> <span class='ocrx_word' id='word_1_779' title='bbox 2083 2107 2151 2140; x_wconf 89' lang='lat' dir='ltr'>eius</span> 
     </span>
     <span class='ocr_line' id='line_1_103' title="bbox 1188 2147 2150 2201; baseline 0.017 -23"><span class='ocrx_word' id='word_1_780' title='bbox 1188 2150 1344 2186; x_wconf 88' lang='lat' dir='ltr'>mortem,</span> <span class='ocrx_word' id='word_1_781' title='bbox 1369 2147 1424 2180; x_wconf 88' lang='lat' dir='ltr'>sed</span> <span class='ocrx_word' id='word_1_782' title='bbox 1455 2147 1573 2182; x_wconf 91' lang='lat' dir='ltr'>Pilatus</span> <span class='ocrx_word' id='word_1_783' title='bbox 1603 2149 1690 2184; x_wconf 90' lang='lat' dir='ltr'>visus</span> <span class='ocrx_word' id='word_1_784' title='bbox 1713 2156 1761 2185; x_wconf 90' lang='lat' dir='ltr'>est</span> <span class='ocrx_word' id='word_1_785' title='bbox 1785 2154 2007 2199; x_wconf 83' lang='lat' dir='ltr'>subterfugere</span> <span class='ocrx_word' id='word_1_786' title='bbox 2031 2163 2150 2201; x_wconf 90' lang='lat' dir='ltr'>septem</span> 
     </span>
     <span class='ocr_line' id='line_1_104' title="bbox 1189 2199 2150 2252; baseline 0.017 -21"><span class='ocrx_word' id='word_1_787' title='bbox 1189 2199 1306 2239; x_wconf 90' lang='lat' dir='ltr'>modis,</span> <span class='ocrx_word' id='word_1_788' title='bbox 1324 2200 1442 2234; x_wconf 88' lang='lat' dir='ltr'>scilieet</span> <span class='ocrx_word' id='word_1_789' title='bbox 1460 2202 1634 2236; x_wconf 90' lang='lat' dir='ltr'>mutatione</span> <span class='ocrx_word' id='word_1_790' title='bbox 1649 2203 1708 2237; x_wconf 86' lang='lat' dir='ltr'>fori</span> <span class='ocrx_word' id='word_1_791' title='bbox 1719 2231 1727 2244; x_wconf 97' lang='lat'>,</span> <span class='ocrx_word' id='word_1_792' title='bbox 1744 2206 1929 2249; x_wconf 87' lang='lat' dir='ltr'>allegatione</span> <span class='ocrx_word' id='word_1_793' title='bbox 1945 2210 2150 2252; x_wconf 84' lang='lat' dir='ltr'>innocentiae,</span> 
     </span>
     <span class='ocr_line' id='line_1_105' title="bbox 1188 2253 2150 2305; baseline 0.015 -20"><span class='ocrx_word' id='word_1_794' title='bbox 1188 2253 1345 2287; x_wconf 89' lang='lat' dir='ltr'>oblatione</span> <span class='ocrx_word' id='word_1_795' title='bbox 1369 2253 1622 2296; x_wconf 88' lang='lat' dir='ltr'>misericordiae,</span> <span class='ocrx_word' id='word_1_796' title='bbox 1649 2259 1827 2293; x_wconf 89' lang='lat' dir='ltr'>ostensione</span> <span class='ocrx_word' id='word_1_797' title='bbox 1856 2262 2025 2297; x_wconf 86' lang='lat' dir='ltr'>voluntatis</span> <span class='ocrx_word' id='word_1_798' title='bbox 2056 2274 2150 2305; x_wconf 89' lang='lat' dir='ltr'>suae,</span> 
     </span>
     <span class='ocr_line' id='line_1_106' title="bbox 1188 2307 2151 2357; baseline 0.013 -18"><span class='ocrx_word' id='word_1_799' title='bbox 1188 2307 1416 2347; x_wconf 90' lang='lat' dir='ltr'>declaratione,</span> <span class='ocrx_word' id='word_1_800' title='bbox 1439 2308 1525 2350; x_wconf 90' lang='lat' dir='ltr'>quod</span> <span class='ocrx_word' id='word_1_801' title='bbox 1548 2309 1608 2343; x_wconf 87' lang='lat' dir='ltr'>hoc</span> <span class='ocrx_word' id='word_1_802' title='bbox 1632 2315 1715 2344; x_wconf 90' lang='lat' dir='ltr'>esset</span> <span class='ocrx_word' id='word_1_803' title='bbox 1739 2317 1848 2347; x_wconf 88' lang='lat' dir='ltr'>contra</span> <span class='ocrx_word' id='word_1_804' title='bbox 1872 2316 2044 2357; x_wconf 86' lang='lat' dir='ltr'>rationem,</span> <span class='ocrx_word' id='word_1_805' title='bbox 2069 2319 2151 2352; x_wconf 89' lang='lat' dir='ltr'>infli-</span> 
     </span>
     <span class='ocr_line' id='line_1_107' title="bbox 1188 2360 2149 2410; baseline 0.014 -18"><span class='ocrx_word' id='word_1_806' title='bbox 1188 2360 1291 2394; x_wconf 89' lang='lat' dir='ltr'>ctione</span> <span class='ocrx_word' id='word_1_807' title='bbox 1315 2369 1451 2403; x_wconf 88' lang='lat' dir='ltr'>poenae,</span> <span class='ocrx_word' id='word_1_808' title='bbox 1475 2364 1507 2394; x_wconf 90' lang='lat' dir='ltr'>et</span> <span class='ocrx_word' id='word_1_809' title='bbox 1530 2362 1654 2396; x_wconf 85' lang='lat' dir='ltr'>tandem</span> <span class='ocrx_word' id='word_1_810' title='bbox 1673 2364 1832 2399; x_wconf 79' lang='lat' dir='ltr'>refusione</span> <span class='ocrx_word' id='word_1_811' title='bbox 1856 2368 1968 2410; x_wconf 87' lang='lat' dir='ltr'>culpae</span> <span class='ocrx_word' id='word_1_812' title='bbox 1991 2370 2023 2403; x_wconf 91' lang='lat' dir='ltr'>in</span> <span class='ocrx_word' id='word_1_813' title='bbox 2049 2371 2149 2405; x_wconf 87' lang='lat' dir='ltr'>ludai-</span> 
     </span>
     <span class='ocr_line' id='line_1_108' title="bbox 1188 2414 2151 2464; baseline 0.013 -18"><span class='ocrx_word' id='word_1_814' title='bbox 1188 2423 1257 2447; x_wconf 86' lang='lat' dir='ltr'>cam</span> <span class='ocrx_word' id='word_1_815' title='bbox 1274 2414 1414 2457; x_wconf 89' lang='lat' dir='ltr'>plebem;</span> <span class='ocrx_word' id='word_1_816' title='bbox 1431 2414 1515 2448; x_wconf 90' lang='lat' dir='ltr'>unde</span> <span class='ocrx_word' id='word_1_817' title='bbox 1531 2415 1677 2450; x_wconf 87' lang='lat' dir='ltr'>Matthaei</span> <span class='ocrx_word' id='word_1_818' title='bbox 1695 2418 1844 2461; x_wconf 90' lang='lat' dir='ltr'>vigesimo</span> <span class='ocrx_word' id='word_1_819' title='bbox 1860 2423 1993 2464; x_wconf 90' lang='lat' dir='ltr'>septimo</span> <span class='ocrx_word' id='word_1_820' title='bbox 2007 2424 2051 2457; x_wconf 79' lang='lat'>¹⁶:</span> <span class='ocrx_word' id='word_1_821' title='bbox 2075 2439 2090 2454; x_wconf 82' lang='lat'>«</span> <span class='ocrx_word' id='word_1_822' title='bbox 2104 2426 2151 2458; x_wconf 89' lang='lat' dir='ltr'>Pi-</span> 
     </span>
     <span class='ocr_line' id='line_1_109' title="bbox 1188 2468 2148 2518; baseline 0.014 -18"><span class='ocrx_word' id='word_1_823' title='bbox 1188 2468 1272 2501; x_wconf 89' lang='lat' dir='ltr'>latus</span> <span class='ocrx_word' id='word_1_824' title='bbox 1295 2471 1421 2510; x_wconf 89' lang='lat' dir='ltr'>accepta</span> <span class='ocrx_word' id='word_1_825' title='bbox 1437 2477 1520 2510; x_wconf 85' lang='lat' dir='ltr'>aqua</span> <span class='ocrx_word' id='word_1_826' title='bbox 1536 2468 1611 2502; x_wconf 87' lang='lat' dir='ltr'>lavit</span> <span class='ocrx_word' id='word_1_827' title='bbox 1628 2479 1742 2505; x_wconf 90' lang='lat' dir='ltr'>manus</span> <span class='ocrx_word' id='word_1_828' title='bbox 1758 2481 1863 2507; x_wconf 88' lang='lat' dir='ltr'>coram</span> <span class='ocrx_word' id='word_1_829' title='bbox 1883 2477 2008 2518; x_wconf 89' lang='lat' dir='ltr'>populo,</span> <span class='ocrx_word' id='word_1_830' title='bbox 2025 2478 2148 2512; x_wconf 88' lang='lat' dir='ltr'>dicens:</span> 
     </span>
    </p>
   </div>
   <div class='ocr_carea' id='block_1_11' title="bbox 2174 1896 2302 1918">
    <p class='ocr_par' dir='ltr' id='par_1_19' title="bbox 2174 1896 2302 1918">
     <span class='ocr_line' id='line_1_110' title="bbox 2174 1896 2302 1918; baseline 0.008 -1"><span class='ocrx_word' id='word_1_831' title='bbox 2174 1896 2302 1918; x_wconf 82' lang='lat' dir='ltr'>Notandum.</span> 
     </span>
    </p>
   </div>
   <div class='ocr_carea' id='block_1_12' title="bbox 1186 2661 2150 3182">
    <p class='ocr_par' dir='ltr' id='par_1_20' title="bbox 1186 2661 2150 3004">
     <span class='ocr_line' id='line_1_111' title="bbox 1259 2661 1787 2698; baseline 0.006 -10"><span class='ocrx_word' id='word_1_832' title='bbox 1259 2661 1270 2676; x_wconf 81' lang='lat'>⁸</span> <span class='ocrx_word' id='word_1_833' title='bbox 1290 2663 1364 2689; x_wconf 88' lang='lat' dir='ltr'>Vers.</span> <span class='ocrx_word' id='word_1_834' title='bbox 1387 2664 1416 2697; x_wconf 90' lang='lat'>8,</span> <span class='ocrx_word' id='word_1_835' title='bbox 1436 2668 1496 2697; x_wconf 82' lang='lat' dir='ltr'>post</span> <span class='ocrx_word' id='word_1_836' title='bbox 1514 2672 1594 2698; x_wconf 87' lang='lat' dir='ltr'>quem</span> <span class='ocrx_word' id='word_1_837' title='bbox 1615 2666 1655 2691; x_wconf 84' lang='lat' dir='ltr'>Ps.</span> <span class='ocrx_word' id='word_1_838' title='bbox 1675 2666 1723 2696; x_wconf 83' lang='grc'>21,</span> <span class='ocrx_word' id='word_1_839' title='bbox 1746 2665 1787 2691; x_wconf 79' lang='lat' dir='ltr'>i7.</span> 
     </span>
     <span class='ocr_line' id='line_1_112' title="bbox 1259 2705 2059 2743; baseline 0.006 -10"><span class='ocrx_word' id='word_1_840' title='bbox 1259 2705 1270 2720; x_wconf 82' lang='lat'>⁹</span> <span class='ocrx_word' id='word_1_841' title='bbox 1288 2706 1372 2734; x_wconf 91' lang='lat' dir='ltr'>Codd.</span> <span class='ocrx_word' id='word_1_842' title='bbox 1390 2708 1409 2735; x_wconf 96' lang='lat' dir='ltr'>C</span> <span class='ocrx_word' id='word_1_843' title='bbox 1421 2709 1472 2735; x_wconf 79' lang='grc' dir='ltr'>ΒΗ</span> <span class='ocrx_word' id='word_1_844' title='bbox 1491 2716 1548 2741; x_wconf 84' lang='lat' dir='ltr'>eos,</span> <span class='ocrx_word' id='word_1_845' title='bbox 1568 2709 1613 2743; x_wconf 90' lang='lat' dir='ltr'>qui</span> <span class='ocrx_word' id='word_1_846' title='bbox 1633 2710 1710 2735; x_wconf 87' lang='lat' dir='ltr'>etium</span> <span class='ocrx_word' id='word_1_847' title='bbox 1730 2709 1844 2736; x_wconf 85' lang='lat' dir='ltr'>subinde</span> <span class='ocrx_word' id='word_1_848' title='bbox 1862 2711 1984 2737; x_wconf 86' lang='lat' dir='ltr'>omittunt</span> <span class='ocrx_word' id='word_1_849' title='bbox 2004 2711 2059 2738; x_wconf 82' lang='lat' dir='ltr'>isle.</span> 
     </span>
     <span class='ocr_line' id='line_1_113' title="bbox 1260 2751 2150 2788; baseline 0.004 -10"><span class='ocrx_word' id='word_1_850' title='bbox 1260 2751 1282 2766; x_wconf 89' lang='lat'>¹⁰</span> <span class='ocrx_word' id='word_1_851' title='bbox 1301 2752 1377 2779; x_wconf 85' lang='lat' dir='ltr'>Vers.</span> <span class='ocrx_word' id='word_1_852' title='bbox 1399 2754 1421 2779; x_wconf 86' lang='lat' dir='ltr'>l.</span> <span class='ocrx_word' id='word_1_853' title='bbox 1434 2767 1470 2773; x_wconf 94' lang='lat'><strong>—</strong></span> <span class='ocrx_word' id='word_1_854' title='bbox 1483 2754 1573 2780; x_wconf 87' lang='lat' dir='ltr'>Glossa</span> <span class='ocrx_word' id='word_1_855' title='bbox 1592 2762 1648 2788; x_wconf 88' lang='lat' dir='ltr'>seq.</span> <span class='ocrx_word' id='word_1_856' title='bbox 1668 2758 1707 2780; x_wconf 81' lang='lat' dir='ltr'>est</span> <span class='ocrx_word' id='word_1_857' title='bbox 1725 2754 1870 2781; x_wconf 86' lang='lat' dir='ltr'>ordinaria</span> <span class='ocrx_word' id='word_1_858' title='bbox 1890 2756 1931 2788; x_wconf 85' lang='lat' dir='ltr'>(ex</span> <span class='ocrx_word' id='word_1_859' title='bbox 1951 2756 2032 2788; x_wconf 82' lang='lat' dir='ltr'>Beda)</span> <span class='ocrx_word' id='word_1_860' title='bbox 2048 2757 2072 2782; x_wconf 90' lang='lat' dir='ltr'>in</span> <span class='ocrx_word' id='word_1_861' title='bbox 2087 2757 2150 2782; x_wconf 86' lang='lat' dir='ltr'>Luc.</span> 
     </span>
     <span class='ocr_line' id='line_1_114' title="bbox 1258 2797 1302 2822; baseline 0.023 -1"><span class='ocrx_word' id='word_1_862' title='bbox 1258 2797 1302 2822; x_wconf 86' lang='grc'>22.</span> 
     </span>
     <span class='ocr_line' id='line_1_115' title="bbox 1259 2840 1618 2869; baseline 0.006 -3"><span class='ocrx_word' id='word_1_863' title='bbox 1259 2840 1281 2855; x_wconf 87' lang='lat'>¹¹</span> <span class='ocrx_word' id='word_1_864' title='bbox 1301 2840 1385 2867; x_wconf 92' lang='lat' dir='ltr'>Codd.</span> <span class='ocrx_word' id='word_1_865' title='bbox 1405 2841 1424 2868; x_wconf 94' lang='lat' dir='ltr'>C</span> <span class='ocrx_word' id='word_1_866' title='bbox 1436 2842 1457 2867; x_wconf 88' lang='lat' dir='ltr'>D</span> <span class='ocrx_word' id='word_1_867' title='bbox 1476 2841 1618 2869; x_wconf 85' lang='lat' dir='ltr'>clamores.</span> 
     </span>
     <span class='ocr_line' id='line_1_116' title="bbox 1259 2883 2148 2919; baseline 0.004 -9"><span class='ocrx_word' id='word_1_868' title='bbox 1259 2883 1281 2899; x_wconf 72' lang='lat'>¹⁸</span> <span class='ocrx_word' id='word_1_869' title='bbox 1301 2885 1403 2911; x_wconf 86' lang='lat' dir='ltr'>Scilicet</span> <span class='ocrx_word' id='word_1_870' title='bbox 1431 2885 1574 2912; x_wconf 85' lang='lat' dir='ltr'>ordinaria</span> <span class='ocrx_word' id='word_1_871' title='bbox 1600 2886 1640 2919; x_wconf 85' lang='lat' dir='ltr'>(ex</span> <span class='ocrx_word' id='word_1_872' title='bbox 1666 2887 1748 2919; x_wconf 80' lang='lat' dir='ltr'>Beda)</span> <span class='ocrx_word' id='word_1_873' title='bbox 1778 2887 1802 2912; x_wconf 91' lang='lat' dir='ltr'>in</span> <span class='ocrx_word' id='word_1_874' title='bbox 1825 2887 1887 2913; x_wconf 86' lang='lat' dir='ltr'>Luc.</span> <span class='ocrx_word' id='word_1_875' title='bbox 1908 2888 1956 2919; x_wconf 80' lang='lat'>23,</span> <span class='ocrx_word' id='word_1_876' title='bbox 1976 2889 2018 2914; x_wconf 84' lang='lat'>22.</span> <span class='ocrx_word' id='word_1_877' title='bbox 2039 2889 2086 2914; x_wconf 86' lang='lat' dir='ltr'>Pro</span> <span class='ocrx_word' id='word_1_878' title='bbox 2109 2889 2148 2915; x_wconf 81' lang='lat' dir='ltr'>rel</span> 
     </span>
     <span class='ocr_line' id='line_1_117' title="bbox 1186 2927 2147 2964; baseline 0.004 -10"><span class='ocrx_word' id='word_1_879' title='bbox 1186 2927 1267 2954; x_wconf 86' lang='lat' dir='ltr'>etiam</span> <span class='ocrx_word' id='word_1_880' title='bbox 1285 2928 1473 2955; x_wconf 78' lang='lat' dir='ltr'>ratiocinando</span> <span class='ocrx_word' id='word_1_881' title='bbox 1493 2932 1577 2955; x_wconf 86' lang='lat' dir='ltr'>textus</span> <span class='ocrx_word' id='word_1_882' title='bbox 1596 2930 1730 2961; x_wconf 83' lang='lat' dir='ltr'>originalis</span> <span class='ocrx_word' id='word_1_883' title='bbox 1749 2929 1791 2956; x_wconf 77' lang='lat' dir='ltr'>vel</span> <span class='ocrx_word' id='word_1_884' title='bbox 1810 2931 1890 2964; x_wconf 81' lang='lat' dir='ltr'>quasi</span> <span class='ocrx_word' id='word_1_885' title='bbox 1901 2931 2099 2958; x_wconf 80' lang='lat' dir='ltr'>ratiocinando.</span> <span class='ocrx_word' id='word_1_886' title='bbox 2113 2946 2147 2952; x_wconf 91' lang='lat'>—</span> 
     </span>
     <span class='ocr_line' id='line_1_118' title="bbox 1187 2972 1705 3004; baseline 0.004 -7"><span class='ocrx_word' id='word_1_887' title='bbox 1187 2972 1315 3004; x_wconf 85' lang='lat' dir='ltr'>Superius</span> <span class='ocrx_word' id='word_1_888' title='bbox 1334 2980 1383 3004; x_wconf 86' lang='lat' dir='ltr'>pro</span> <span class='ocrx_word' id='word_1_889' title='bbox 1402 2972 1542 2999; x_wconf 85' lang='lat' dir='ltr'>vivacitate</span> <span class='ocrx_word' id='word_1_890' title='bbox 1561 2974 1580 2998; x_wconf 91' lang='lat' dir='ltr'>B</span> <span class='ocrx_word' id='word_1_891' title='bbox 1600 2973 1705 3000; x_wconf 83' lang='lat' dir='ltr'>virtute.</span> 
     </span>
    </p>

    <p class='ocr_par' dir='ltr' id='par_1_21' title="bbox 1258 3014 1443 3042">
     <span class='ocr_line' id='line_1_119' title="bbox 1258 3014 1443 3042; baseline 0 0"><span class='ocrx_word' id='word_1_892' title='bbox 1258 3014 1280 3030; x_wconf 81' lang='lat'>¹⁸</span> <span class='ocrx_word' id='word_1_893' title='bbox 1302 3017 1375 3042; x_wconf 88' lang='lat' dir='ltr'>Vers.</span> <span class='ocrx_word' id='word_1_894' title='bbox 1390 3016 1443 3042; x_wconf 72' lang='lat'>4-6.</span> 
     </span>
    </p>

    <p class='ocr_par' dir='ltr' id='par_1_22' title="bbox 1187 3059 2147 3130">
     <span class='ocr_line' id='line_1_120' title="bbox 1259 3059 2147 3093; baseline 0.006 -8"><span class='ocrx_word' id='word_1_895' title='bbox 1259 3059 1281 3074; x_wconf 82' lang='lat'>¹¹</span> <span class='ocrx_word' id='word_1_896' title='bbox 1303 3061 1377 3086; x_wconf 87' lang='lat' dir='ltr'>Vers.</span> <span class='ocrx_word' id='word_1_897' title='bbox 1398 3061 1439 3086; x_wconf 81' lang='lat' dir='ltr'>tl.</span> <span class='ocrx_word' id='word_1_898' title='bbox 1458 3060 1509 3087; x_wconf 77' lang='lat' dir='ltr'>Cir.</span> <span class='ocrx_word' id='word_1_899' title='bbox 1523 3062 1548 3087; x_wconf 88' lang='lat' dir='ltr'>S.</span> <span class='ocrx_word' id='word_1_900' title='bbox 1562 3061 1670 3093; x_wconf 61' lang='lat' dir='ltr'>Bonav„</span> <span class='ocrx_word' id='word_1_901' title='bbox 1685 3061 1830 3088; x_wconf 88' lang='lat' dir='ltr'>Comment.</span> <span class='ocrx_word' id='word_1_902' title='bbox 1846 3063 1870 3088; x_wconf 91' lang='lat' dir='ltr'>in</span> <span class='ocrx_word' id='word_1_903' title='bbox 1885 3064 1952 3088; x_wconf 78' lang='lat' dir='ltr'>loen.</span> <span class='ocrx_word' id='word_1_904' title='bbox 1967 3070 1989 3088; x_wconf 93' lang='lat' dir='ltr'>c.</span> <span class='ocrx_word' id='word_1_905' title='bbox 2006 3064 2046 3089; x_wconf 77' lang='lat' dir='ltr'>is.</span> <span class='ocrx_word' id='word_1_906' title='bbox 2067 3071 2091 3089; x_wconf 87' lang='lat' dir='ltr'>n.</span> <span class='ocrx_word' id='word_1_907' title='bbox 2110 3066 2147 3090; x_wconf 77' lang='grc'>12.</span> 
     </span>
     <span class='ocr_line' id='line_1_121' title="bbox 1187 3103 1275 3130; baseline 0 -1"><span class='ocrx_word' id='word_1_908' title='bbox 1187 3107 1211 3130; x_wconf 83' lang='lat' dir='ltr'>et</span> <span class='ocrx_word' id='word_1_909' title='bbox 1231 3103 1275 3129; x_wconf 73' lang='lat'>24.</span> 
     </span>
    </p>

    <p class='ocr_par' dir='ltr' id='par_1_23' title="bbox 1259 3147 2146 3182">
     <span class='ocr_line' id='line_1_122' title="bbox 1259 3147 2146 3182; baseline 0.007 -9"><span class='ocrx_word' id='word_1_910' title='bbox 1259 3147 1282 3162; x_wconf 81' lang='lat'>¹⁶</span> <span class='ocrx_word' id='word_1_911' title='bbox 1301 3148 1375 3174; x_wconf 87' lang='lat' dir='ltr'>Vers.</span> <span class='ocrx_word' id='word_1_912' title='bbox 1391 3148 1434 3174; x_wconf 72' lang='lat'>24.</span> <span class='ocrx_word' id='word_1_913' title='bbox 1450 3156 1515 3182; x_wconf 62' lang='lat' dir='ltr'>seq„</span> <span class='ocrx_word' id='word_1_914' title='bbox 1529 3148 1575 3175; x_wconf 91' lang='lat' dir='ltr'>ubi</span> <span class='ocrx_word' id='word_1_915' title='bbox 1588 3153 1648 3182; x_wconf 88' lang='lat' dir='ltr'>post</span> <span class='ocrx_word' id='word_1_916' title='bbox 1661 3149 1727 3176; x_wconf 78' lang='lat' dir='ltr'>lavit</span> <span class='ocrx_word' id='word_1_917' title='bbox 1739 3151 1759 3176; x_wconf 79' lang='grc' dir='ltr'>Α</span> <span class='ocrx_word' id='word_1_918' title='bbox 1770 3149 1789 3176; x_wconf 94' lang='lat' dir='ltr'>C</span> <span class='ocrx_word' id='word_1_919' title='bbox 1800 3150 1821 3176; x_wconf 92' lang='lat' dir='ltr'>D</span> <span class='ocrx_word' id='word_1_920' title='bbox 1831 3151 1851 3175; x_wconf 87' lang='lat' dir='ltr'>ll</span> <span class='ocrx_word' id='word_1_921' title='bbox 1866 3151 1956 3182; x_wconf 81' lang='lat' dir='ltr'>legunt</span> <span class='ocrx_word' id='word_1_922' title='bbox 1969 3158 2067 3178; x_wconf 81' lang='lat' dir='ltr'>manus</span> <span class='ocrx_word' id='word_1_923' title='bbox 2080 3159 2146 3179; x_wconf 79' lang='lat' dir='ltr'>suas</span> 
     </span>
    </p>
   </div>
   <div class='ocr_carea' id='block_1_13' title="bbox 1188 2787 1237 2827">
    <p class='ocr_par' dir='ltr' id='par_1_24' title="bbox 1188 2787 1237 2827">
     <span class='ocr_line' id='line_1_123' title="bbox 1188 2787 1237 2827; baseline 0 -6"><span class='ocrx_word' id='word_1_924' title='bbox 1188 2787 1237 2827; x_wconf 67' lang='lat' dir='ltr'>aa,</span> 
     </span>
    </p>
   </div>
   <div class='ocr_carea' id='block_1_14' title="bbox 1187 3192 2146 3358">
    <p class='ocr_par' dir='ltr' id='par_1_25' title="bbox 1187 3192 2146 3358">
     <span class='ocr_line' id='line_1_124' title="bbox 1187 3192 2146 3228; baseline 0.003 -10"><span class='ocrx_word' id='word_1_925' title='bbox 1187 3198 1283 3219; x_wconf 83' lang='lat' dir='ltr'>coram</span> <span class='ocrx_word' id='word_1_926' title='bbox 1301 3192 1377 3218; x_wconf 86' lang='lat' dir='ltr'>omni</span> <span class='ocrx_word' id='word_1_927' title='bbox 1390 3192 1520 3226; x_wconf 78' lang='lat' dir='ltr'>populo...</span> <span class='ocrx_word' id='word_1_928' title='bbox 1542 3193 1573 3219; x_wconf 85' lang='lat' dir='ltr'>Et</span> <span class='ocrx_word' id='word_1_929' title='bbox 1591 3193 1756 3227; x_wconf 79' lang='lat' dir='ltr'>respondens</span> <span class='ocrx_word' id='word_1_930' title='bbox 1775 3194 1862 3220; x_wconf 81' lang='lat' dir='ltr'>omnis</span> <span class='ocrx_word' id='word_1_931' title='bbox 1872 3194 2002 3228; x_wconf 76' lang='lat' dir='ltr'>populus.</span> <span class='ocrx_word' id='word_1_932' title='bbox 2015 3209 2050 3214; x_wconf 96' lang='lat'><strong>—</strong></span> <span class='ocrx_word' id='word_1_933' title='bbox 2064 3197 2146 3228; x_wconf 85' lang='lat' dir='ltr'>Supe-</span> 
     </span>
     <span class='ocr_line' id='line_1_125' title="bbox 1187 3237 2145 3272; baseline 0.003 -10"><span class='ocrx_word' id='word_1_934' title='bbox 1187 3237 1242 3263; x_wconf 89' lang='lat' dir='ltr'>rius</span> <span class='ocrx_word' id='word_1_935' title='bbox 1262 3243 1310 3268; x_wconf 88' lang='lat' dir='ltr'>pro</span> <span class='ocrx_word' id='word_1_936' title='bbox 1329 3237 1478 3264; x_wconf 82' lang='lat' dir='ltr'>mutatione</span> <span class='ocrx_word' id='word_1_937' title='bbox 1495 3237 1552 3271; x_wconf 83' lang='lat' dir='ltr'>fori</span> <span class='ocrx_word' id='word_1_938' title='bbox 1570 3237 1628 3263; x_wconf 77' lang='lat' dir='ltr'>Vnt.</span> <span class='ocrx_word' id='word_1_939' title='bbox 1649 3237 1797 3265; x_wconf 82' lang='lat' dir='ltr'>imitatione</span> <span class='ocrx_word' id='word_1_940' title='bbox 1815 3239 1885 3272; x_wconf 81' lang='lat' dir='ltr'>sori,</span> <span class='ocrx_word' id='word_1_941' title='bbox 1905 3246 1974 3272; x_wconf 80' lang='lat' dir='ltr'>quae</span> <span class='ocrx_word' id='word_1_942' title='bbox 1994 3240 2071 3265; x_wconf 78' lang='lat' dir='ltr'>etium</span> <span class='ocrx_word' id='word_1_943' title='bbox 2086 3240 2145 3266; x_wconf 59' lang='lat' dir='ltr'>sul&gt;</span> 
     </span>
     <span class='ocr_line' id='line_1_126' title="bbox 1188 3281 2145 3315; baseline 0.004 -8"><span class='ocrx_word' id='word_1_944' title='bbox 1188 3281 1249 3307; x_wconf 85' lang='lat' dir='ltr'>inde</span> <span class='ocrx_word' id='word_1_945' title='bbox 1268 3288 1316 3313; x_wconf 82' lang='lat' dir='ltr'>pro</span> <span class='ocrx_word' id='word_1_946' title='bbox 1336 3282 1486 3308; x_wconf 77' lang='lat' dir='ltr'>ostensione</span> <span class='ocrx_word' id='word_1_947' title='bbox 1504 3285 1530 3308; x_wconf 85' lang='lat' dir='ltr'>et</span> <span class='ocrx_word' id='word_1_948' title='bbox 1547 3281 1684 3315; x_wconf 73' lang='lat' dir='ltr'>refusione</span> <span class='ocrx_word' id='word_1_949' title='bbox 1708 3282 1842 3309; x_wconf 76' lang='lat' dir='ltr'>substltuit</span> <span class='ocrx_word' id='word_1_950' title='bbox 1869 3284 2044 3310; x_wconf 83' lang='lat' dir='ltr'>ostentatione</span> <span class='ocrx_word' id='word_1_951' title='bbox 2063 3289 2087 3310; x_wconf 83' lang='lat' dir='ltr'>et</span> <span class='ocrx_word' id='word_1_952' title='bbox 2107 3292 2145 3311; x_wconf 74' lang='lat' dir='ltr'>re-</span> 
     </span>
     <span class='ocr_line' id='line_1_127' title="bbox 1188 3324 1775 3358; baseline 0.002 -7"><span class='ocrx_word' id='word_1_953' title='bbox 1188 3324 1314 3351; x_wconf 83' lang='lat' dir='ltr'>torsione.</span> <span class='ocrx_word' id='word_1_954' title='bbox 1332 3325 1383 3351; x_wconf 81' lang='lat' dir='ltr'>Clr.</span> <span class='ocrx_word' id='word_1_955' title='bbox 1404 3332 1484 3358; x_wconf 82' lang='lat' dir='ltr'>supra</span> <span class='ocrx_word' id='word_1_956' title='bbox 1504 3332 1566 3358; x_wconf 78' lang='lat' dir='ltr'>pag.</span> <span class='ocrx_word' id='word_1_957' title='bbox 1586 3326 1652 3358; x_wconf 74' lang='lat'>570,</span> <span class='ocrx_word' id='word_1_958' title='bbox 1671 3329 1731 3353; x_wconf 81' lang='lat' dir='ltr'>nota</span> <span class='ocrx_word' id='word_1_959' title='bbox 1751 3328 1775 3352; x_wconf 83' lang='lat'>2.</span> 
     </span>
    </p>
   </div>
  </div>
 </body>
</html>
