2476 3921
155 381 231 400 Sensus
247 384 289 399 mo-

194 406 249 426 ralis.

161 1338 270 1358 Portarum

172 1364 258 1385 evulsio.

157 1774 186 1795 De
208 1775 270 1796 tertio

190 1801 238 1822 duo.

135 1870 165 1891 De
175 1871 239 1895 magis
250 1877 282 1892 re-

143 1897 239 1918 verendis
247 1899 282 1918 tri-

142 1924 232 1949 pliciter.

196 2063 273 2085 Primo.

166 2311 271 2332 Secundo.

189 2748 268 2769 Tertio.

308 234 370 266 630

385 320 560 349 Moratiter:
580 319 634 346 Per
661 325 777 345 murum
805 316 884 350 filiae
906 314 978 343 Sion
998 313 1120 341 virtutes
1147 312 1257 339 animae

307 371 471 405 accipimus;
500 377 560 396 0010
583 367 670 402 igitur
691 366 782 393 virtus
810 364 924 399 accepta
951 361 1074 394 elevat¹,
1096 361 1148 389 aut
1171 360 1257 394 negli-

306 419 400 454 gentia
421 416 562 450 dissolvit,
589 415 616 443 et
644 414 715 442 male
739 413 827 441 securi
852 411 975 447 gratiam
996 408 1139 444 acceptam
1167 408 1257 436 custo·

306 468 363 494 dire
395 465 577 500 negligimus,
609 471 691 498 quam
723 460 893 489 horrendum
925 458 978 491 sit,
1010 457 1083 493 quod
1114 456 1147 484 de
1176 456 1256 484 nobis

306 514 453 543 invisibilis
485 513 564 540 iudex
593 511 711 546 cogitet,
743 511 915 545 ignoramus.
944 506 1057 542 Cogitat
1082 513 1161 541 ergo,
1190 505 1256 540 quia

305 563 455 597 deliberat,
484 563 646 597 priusquam
674 559 771 592 feriat,
805 558 848 586 cui
875 555 1040 590 funiculum
1068 553 1181 582 tendere
1212 552 1257 581 est

305 611 445 639 subtiliter
467 609 570 645 peccati
598 616 756 636 mensuram
781 606 947 634 examinare.
971 603 1041 631 Non
1062 602 1167 630 avertit
1193 609 1256 628 ma-

304 668 374 687 num
395 667 492 693 suam,
513 658 592 692 quia,
614 656 719 691 quanto
748 655 812 690 plus
833 653 964 689 patiendo
992 651 1144 683 sustinuit,
1173 649 1255 677 tanto

305 709 395 735 minus
424 715 497 734 nunc
517 705 637 734 feriendo
666 704 765 739 parcit.
794 703 848 730 Per
875 709 992 729 murum
1017 699 1105 735 igitur
1133 698 1255 726 virtutes

304 757 411 784 animae
433 754 645 789 intelliguntur,
669 762 717 788 per
738 749 918 780 antemurale
946 748 1122 784 operationes
1149 747 1255 775 intelli-

304 806 424 840 guntur,
440 803 518 838 luget
532 810 597 838 ergo
613 800 805 833 antemurale,
820 799 849 827 et
868 806 971 826 murus
985 796 1156 831 dissipatur,
1175 796 1253 830 quia,

303 853 396 888 gratia
417 851 571 882 recedente,
595 850 686 877 virtus
714 848 834 880 tollitur,
854 846 882 874 et
902 854 987 881 opera
1015 844 1153 872 virtutum
1174 843 1255 871 infir-

304 901 426 928 mantur.
448 900 514 932 Vel,
536 907 652 932 murus,
676 896 809 932 praelati,
825 896 871 931 qui
894 895 1002 930 luerent,
1025 901 1087 921 cum
1109 901 1159 928 per
1183 893 1255 920 inso-

301 949 417 976 lentiam
438 956 516 975 suam
539 946 651 982 lugendi
679 944 844 973 ministrant
874 943 1036 975 materiam;
1059 941 1254 976 antemurale,

302 997 441 1032 principes
457 989 612 1023 saeculares
627 994 778 1021 Ecclesiam
794 991 984 1024 defendentes,
1001 991 1049 1025 qui
1064 990 1176 1025 luyent,
1191 997 1254 1017 cum

301 1053 350 1080 per
371 1044 531 1072 violentiam
560 1051 638 1070 suam
672 1041 786 1076 lugendi
814 1039 979 1068 ministrant
1005 1038 1163 1066 materiam.
1185 1038 1252 1071 Vel,

301 1092 494 1126 antemurale,
516 1091 641 1119 custodia
662 1090 841 1124 disciplinae,
870 1088 942 1124 quod
969 1087 1059 1123 lueet,
1087 1095 1150 1115 cum
1172 1086 1253 1115 homo

300 1141 402 1169 deserit
422 1140 612 1175 disciplinam,
635 1147 688 1174 quo
717 1138 790 1166 facto
812 1137 904 1165 virtus
926 1137 1044 1172 pariter
1071 1136 1252 1170 dissipatur,

300 1198 369 1225 (11130
391 1198 439 1224 per
460 1197 576 1216 murum
596 1187 775 1222 intelligitur.
798 1186 876 1214 Unde
891 1186 918 1213 in
940 1183 1092 1213 Psalmo²:
1120 1195 1134 1208 «
1146 1184 1253 1219 Appre—

299 1238 410 1266 hendite
430 1237 621 1271 disciplinam,
643 1244 677 1263 ne
698 1235 809 1270 quando
829 1235 969 1263 irascatur
991 1234 1152 1262 Dominus»
1178 1232 1230 1261 etc.

379 1285 425 1313 18.
442 1285 534 1320 (Vers.
549 1285 600 1320 9.).
616 1284 724 1312 ΤΗΕΤΗ.
738 1283 860 1317 Defixae
874 1284 943 1311 sunt
962 1283 995 1310 in
1015 1284 1110 1316 terra,·
1125 1290 1198 1315 ecce,
1214 1282 1252 1309 la—

299 1334 442 1362 mentatur
457 1334 492 1361 ad
506 1334 630 1361 litteram
638 1334 795 1367 portarum
809 1332 993 1365 evulsionem,
1009 1331 1118 1359 dicens:
1131 1330 1253 1365 Defiaeae

298 1384 366 1410 sunt
387 1383 417 1410 in
440 1383 516 1410 terra
532 1383 637 1416 portae
658 1382 734 1415 eius,·
755 1381 790 1408 ad
810 1372 936 1408 litteram
958 1381 997 1408 sic
1017 1379 1197 1412 corruerunt,
1220 1379 1253 1407 ut

298 1440 353 1459 000
374 1431 496 1466 amplius
527 1431 585 1458 sint
613 1430 759 1465 erigendae
787 1429 815 1457 et
846 1429 1012 1464 permanent
1038 1429 1110 1456 sicut
1132 1428 1252 1463 vestigia

299 1480 404 1507 ruinae.
426 1479 461 1507 In
482 1479 559 1507 terra
582 1487 648 1514 ergo
676 1478 746 1506 fixae
774 1478 856 1511 sunt,
878 1486 912 1506 ne
942 1477 1095 1513 praebeant
1116 1477 1252 1506 defensio-

298 1536 376 1560 11010,
399 1528 523 1555 vectibus
552 1528 580 1555 et
601 1528 670 1555 seris
692 1527 859 1561 destructis;
881 1526 954 1554 unde
975 1526 1088 1554 subdit:
1115 1525 1254 1554 Perdidit

299 1578 325 1604 et
345 1577 480 1604 contrivit
500 1578 588 1604 vectes
615 1577 695 1611 cius,
717 1576 744 1604 id
766 1576 809 1604 est
834 1584 912 1604 serae
934 1575 978 1604 vel
1006 1575 1152 1604 obstacula
1173 1575 1251 1608 ostii,

297 1633 367 1660 quac
388 1634 472 1653 manu
494 1625 547 1653 huc
574 1625 603 1653 et
629 1625 694 1653 illuc
722 1633 806 1653 causa
837 1624 948 1653 serandi
969 1624 1165 1660 aperiendique
1188 1632 1251 1660 gra-

298 1675 338 1701 tia
359 1674 509 1702 vehuntur.

377 1722 483 1757 Regem
514 1723 575 1750 eius
603 1722 655 1750 etc.
690 1722 775 1755 Ecce,
807 1722 892 1750 tertio
924 1721 985 1757 agit
1012 1721 1045 1749 de
1076 1720 1251 1750 desolatione

292 1778 487 1805 personarum
523 1770 665 1798 civitatem
704 1770 903 1798 habitantium.
938 1769 1125 1798 Lamentatur
1155 1769 1251 1807 autem

298 1819 386 1853 primo
407 1818 598 1847 tribulationis
618 1819 780 1854 angustiam
794 1819 823 1846 in
837 1818 932 1854 maqis
946 1817 1126 1852 reverendis;
1142 1818 1249 1852 deinde,

296 1868 324 1895 in
353 1868 447 1903 mayis
476 1867 670 1896 miserandis:
695 1866 922 1901 Consperserwnt
948 1867 1001 1895 etc.
1022 1882 1062 1887 —
1082 1866 1250 1895 Reverentia

295 1916 388 1943 autem
408 1916 524 1944 debetur
545 1916 658 1951 reyibus
678 1915 794 1950 propter
814 1915 985 1950 potentiam,
1001 1915 1167 1944 doctoribus
1188 1924 1249 1951 pro-

295 1965 357 1999 pter
385 1964 567 1999 sapientiam,
588 1963 751 1992 senioribus
772 1963 888 1998 propter
909 1963 1085 1991 maturitatis
1105 1964 1247 1999 gratiam3

284 2013 340 2041 vsed
361 2012 428 2041 haec
448 2013 541 2041 omnia
571 2011 744 2045 defecerunt,
777 2011 951 2046 princlpibus
981 2011 1152 2046 captivatis,
1174 2012 1248 2048 Lege

293 2061 452 2094 combusta,
472 2060 584 2088 senibus
605 2060 787 2095 ignominiose
808 2059 949 2087 tractatis.
971 2059 1092 2094 Propter
1113 2060 1186 2095 quod
1206 2060 1248 2088 di-

293 2109 343 2137 cit:
366 2109 473 2144 Reyem
494 2109 573 2141 eius;
594 2108 659 2136 novi
679 2108 745 2135 libri
774 2107 880 2135 habent
907 2115 987 2143 reyes
1018 2108 1092 2143 eius,
1125 2109 1245 2144 supple:

293 2157 413 2192 perdidit
434 2157 462 2184 et
483 2156 635 2190 contrivit3
656 2157 683 2183 et
702 2155 851 2190 principes
872 2156 932 2184 eius
954 2156 1082 2185 similiter
1104 2157 1136 2185 in
1154 2158 1247 2193 yenti-

293 2206 354 2234 bus.
376 2205 414 2233 Et
435 2205 506 2233 forte
521 2205 553 2232 (10
569 2205 667 2239 portis
688 2204 717 2232 et
744 2204 867 2231 vectibus
888 2203 1047 2239 figuraliter
1061 2205 1171 2234 locutus
1186 2206 1244 2234 est:

292 2262 456 2289 reyernper
477 2253 587 2289 portas,
598 2252 747 2287 principes
767 2260 816 2287 per
830 2252 922 2280 vectes
943 2253 1097 2287 intellexit,
1119 2254 1192 2283 sicut
1212 2255 1245 2283 de

291 2301 398 2330 Sedecia
425 2301 531 2337 legitur
558 2301 586 2328 et
611 2300 676 2328 filiis
700 2300 759 2328 eius
781 2300 882 2335 quarto
903 2300 1009 2336 Regum
1023 2299 1042 2329 Β.
1064 2318 1104 2322 —
1124 2302 1180 2331 Pro
1202 2311 1245 2332 se-

290 2351 379 2379 cundo
400 2352 544 2386 sequitur:
567 2350 638 2379 Non
659 2351 700 2378 est
720 2349 799 2385 Lex,
814 2350 879 2384 quia
897 2350 961 2378 libri
983 2351 1065 2387 Legis
1087 2361 1136 2387 per
1161 2353 1245 2382 Chal-

291 2399 373 2427 daeos
394 2399 530 2427 combusti
553 2398 629 2426 sunt.
651 2398 718 2431 Vel,
741 2405 796 2425 non
818 2398 862 2425 est
886 2398 942 2426 Lex
962 2399 989 2426 in
1011 2407 1092 2435 opere
1114 2402 1243 2437 servata,

290 2449 319 2475 et
347 2448 495 2483 propterea
523 2446 747 2482 supervenerunt
772 2446 893 2482 flagella.
915 2447 957 2475 Et
981 2449 1141 2483 prophetae
1168 2451 1243 2487 eius,

291 2496 395 2524 scilicet
417 2496 532 2531 pseudo,
547 2504 607 2523 non
622 2495 791 2522 invenerunt
807 2495 945 2523 visionem
959 2504 978 2523 a
995 2497 1137 2533 Domino,
1159 2508 1243 2535 quam

290 2545 383 2572 tamen
406 2553 434 2572 se
454 2544 555 2572 vidisse
576 2543 756 2576 asserebant;
777 2543 805 2571 ct
826 2543 931 2571 talibus
945 2544 1040 2574 Iudaei
1062 2547 1205 2576 credentes
1225 2558 1243 2577 a

291 2592 407 2621 Domino
428 2592 564 2620 destructi
585 2592 652 2619 sunt
679 2591 794 2626 propter
817 2592 929 2626 peccata
950 2601 1016 2627 sua,
1038 2595 1109 2623 unde
1130 2596 1240 2626 infra⁴e

295 2651 308 2664 α
323 2640 480 2675 Prophetae
501 2640 543 2668 tui
565 2640 696 2667 viderunt
718 2639 768 2667 tibi
790 2639 862 2667 falsa
876 2651 904 2667 ».

370 2688 416 2716 19.
439 2688 532 2723 (Vers.
554 2687 625 2724 10.).
647 2688 708 2716 Ion.
731 2687 786 2715 Pro
807 2687 890 2722 tertio
912 2688 1020 2717 subdit:
1044 2690 1186 2720 Sederunt
1210 2694 1241 2722 in

290 2739 381 2771 terra,
397 2737 595 2764 conticuerunt
619 2744 698 2765 senes
726 2735 806 2769 tiliae
828 2734 916 2770 Sion,·
936 2738 1024 2766 sessio
1048 2738 1239 2776 deiectionem,

288 2784 436 2813 silentium
447 2785 589 2820 stuporem
601 2784 740 2820 designat.
752 2784 789 2812 Et
803 2784 877 2812 recte
890 2792 985 2820 senes,
1000 2786 1029 2814 in
1043 2787 1144 2822 quibus
1154 2791 1240 2818 consi·

288 2833 318 2861 lii
339 2834 492 2861 auctoritas
507 2842 566 2862 esse
580 2834 691 2867 debuit,
706 2833 853 2866 dicuntur,
869 2834 934 2868 quia
953 2834 1049 2863 tantae
1068 2836 1238 2873 calamitati,

358 3005 364 3019 ¹
387 3006 486 3032 Clarius
505 3007 580 3037 Hugo
598 3013 611 3031 a
632 3007 658 3031 S.
679 3006 744 3031 Vict.
765 3006 814 3031 100.
834 3006 890 3031 ‹·it.:
910 3007 1018 3039 Propter
1042 3010 1112 3041 qnod
1137 3017 1243 3037 necesse

286 3045 336 3072 est,
357 3045 383 3065 ut
402 3048 506 3072 semper
525 3042 623 3066 solliciti
643 3042 740 3073 simus,
760 3049 792 3067 ne
812 3049 860 3066 nos
879 3049 926 3073 per
945 3046 1050 3074 accepta
1070 3044 1136 3070 doun
1164 3046 1242 3072 virtu-

287 3081 339 3101 000
360 3080 403 3101 aut
422 3076 543 3107 superbia
558 3078 657 3107 elevet,
677 3081 721 3102 aut
741 3077 900 3109 negligentia
914 3077 1054 3110 dissolvat,
1073 3080 1133 3112 (1010
1155 3082 1242 3108 sortas-

285 3112 333 3143 sis,
353 3112 416 3136 ‹lum
437 3119 483 3136 nos
503 3113 569 3137 01310
589 3112 673 3137 securi
694 3116 743 3138 etc.

356 3146 366 3160 ²
386 3147 478 3178 psalm,
498 3148 528 3178 2,
549 3148 589 3172 ⁴2.
611 3161 646 3166 —·
666 3148 749 3179 Supra
771 3151 830 3179 post
846 3147 966 3180 praelati
983 3148 1002 3172 B
1021 3149 1115 3175 omittit
1138 3151 1185 3184 qui
1203 3151 1241 3177 tu-

284 3183 371 3214 yent...
390 3181 546 3213 materiam,
567 3182 612 3207 sed
636 3182 730 3208 deinde
758 3187 816 3215 post
835 3182 1002 3216 defendentes
1022 3184 1040 3209 Α
1061 3185 1171 3211 similem
1196 3188 1243 3212 sal-

284 3221 338 3241 tum
361 3217 432 3247 saeit3
452 3218 527 3249 peius
546 3221 615 3243 errat
634 3218 706 3248 Vnt,
733 3225 802 3250 (1030
822 3219 878 3243 1000
903 3218 1015 3244 duarum
1041 3221 1241 3252 explicationum

285 3255 382 3277 tanturn
403 3251 494 3277 habet:
514 3254 537 3278 et
562 3252 612 3279 hoc
630 3254 655 3278 et
672 3252 741 3278 illud
766 3253 852 3287 tuyet,
873 3260 935 3279 cum
958 3260 1007 3287 per
1032 3254 1178 3288 inytuviem
1204 3257 1242 3283 tu-

283 3286 380 3313 cranei
398 3286 593 3313 ministrantur
611 3290 795 3314 sacramenta.
891 3313 897 3323 χ

354 3321 364 3335 ³
383 3321 447 3353 Cup.
467 3323 514 3352 25,
534 3322 560 3347 7.
579 3336 614 3341 —
635 3323 699 3348 lutra
726 3331 776 3349 vox
794 3323 905 3357 pseudo&
922 3324 1067 3350 secundum
1091 3333 1192 3352 rnorem
1216 3327 1243 3353 il-

281 3356 287 3381 i
305 3364 334 3381 us
353 3357 442 3381 aetatis
462 3357 600 3383 nilliibctur
619 3358 675 3384 sine
695 3359 818 3384 adiuncto
838 3358 1002 3385 substantivo
1017 3360 1171 3394 prophetae.

933 3408 939 3419 Χ

1011 222 1206 257 EXPOSITIO
1229 221 1460 254 THRENORUM
1483 221 1514 253 C.
1540 221 1572 253 11.

1320 319 1391 346 quae
1403 310 1457 338 fuit
1471 310 1523 343 ibi,
1538 309 1617 338 nullo
1632 309 1747 338 consilio
1762 308 1856 344 potuit
1870 308 2023 336 subveniri.
2039 306 2281 345 Gonsperserumt,

1320 359 1444 394 virgines
1465 358 1635 391 Ierusalem,
1657 358 1750 386 cinere
1765 357 1865 392 capita
1884 365 1941 385 sua
1948 366 1958 391 ,·
1980 357 2009 385 et
2023 358 2097 386 recte
2110 358 2140 386 in
2161 358 2283 387 tribula—

1319 408 1395 436 tione
1416 415 1496 435 senes
1524 406 1728 440 conticescunt,
1757 406 1882 442 virgines
1903 406 1994 434 cinere
2021 407 2117 442 capita
2144 415 2197 436 sua
2216 416 2282 437 con-

1320 455 1474 491 spergunt,
1496 456 1575 491 quia,
1597 463 1660 483 cum
1681 454 1830 483 tribulatio
1844 454 2024 482 vehementer
2044 455 2168 491 ingruit,
2191 456 2282 485 matu-

1319 512 1366 532 ros
1387 510 1487 532 sensus
1507 504 1536 532 in
1558 503 1703 539 stuporem
1724 503 1753 531 et
1773 503 1894 531 lascivos
1909 503 1945 531 ad
1959 503 2166 539 impatientiam
2184 505 2281 533 vertit.

1319 552 1398 580 Unde
1420 552 1530 580 subdit:
1553 551 1687 580 Accincti
1707 553 1777 580 swnt
1797 551 1917 587 ciliciis,
1939 551 1991 580 hoc
2005 552 2041 580 ad
2062 561 2156 587 senes3
2178 553 2281 582 abiece-

1318 603 1389 629 runt
1411 602 1441 629 in
1462 603 1542 629 terra
1562 602 1662 636 capita
1681 609 1754 636 sua,
1775 601 1828 629 hoc
1848 601 1885 629 ad
1904 601 2046 637 virgines3
2068 602 2187 630 mortem
2208 610 2281 631 acce-

1318 650 1409 678 lerare
1431 650 1531 678 volunt
1558 651 1606 686 qui
1630 649 1830 686 ingruentibus
1851 650 1934 678 malis
1965 650 2138 685 spontaneas
2155 651 2281 680 afflictio-

1318 707 1368 727 nes
1388 699 1533 727 adiiciunt.
1554 714 1595 720 —
1616 698 1761 727 Sederunt
1780 699 1813 726 in
1834 700 1928 734 terra,
1949 699 1978 727 in
1994 699 2106 735 signum
2127 699 2232 728 doloris
2252 700 2281 728 et

1318 747 1495 783 deiectionis:
1516 748 1717 775 conticuerwnt
1729 755 1824 783 senes,
1840 755 1896 776 non
1909 747 2046 776 audentes
2061 747 2179 782 mutire,
2200 756 2281 777 senes

1317 796 1448 831 inquam,
1469 795 1551 830 filiae
1573 795 1659 831 Sion,
1681 795 1709 823 id
1727 795 1771 823 est
1791 795 1884 824 terrae
1898 795 2068 824 Iudaeorum
2090 796 2134 824 vel
2155 797 2281 825 civitatis

1317 844 1482 872 Ierusalem.
1504 860 1544 863 —
1568 842 1811 879 Consperserunt,
1833 852 1909 878 ecce,
1931 844 2067 873 desolatio
2081 853 2280 880 personarum

1317 893 1414 929 mayis
1434 892 1685 928 miserandorum,
1707 901 1826 928 quarum
1847 893 2048 922 desolationem
2075 894 2208 922 describit
2229 902 2279 930 per

1317 942 1400 977 signa
1419 941 1549 977 lugubris
1570 941 1772 977 poenitentiae,
1794 942 1896 969 cineris
1916 942 1945 970 et
1965 942 2047 970 cilicii
2062 942 2090 970 et
2104 943 2229 978 corporis
2243 943 2279 971 ad

1317 990 1423 1018 terram
1446 990 1593 1025 prostrati.
1616 989 1691 1017 Dicit
1711 997 1791 1025 ergo:
1816 988 2048 1025 Consperserunt
2067 991 2161 1019 cinere
2181 992 2281 1026 capita

1316 1047 1373 1067 sua
1400 1039 1524 1075 virgines
1544 1039 1700 1067 Ierusalem
1713 1037 1737 1072 ⁵3
1763 1038 1886 1066 accincti
1907 1039 1977 1066 sunt
2000 1039 2120 1075 ciliciis,
2142 1039 2209 1068 dicit
2224 1048 2280 1068 ma-

1317 1088 1423 1117 sculine
1435 1088 1565 1123 accincti,
1577 1088 1610 1115 ut
1624 1088 1653 1115 10
1664 1087 1784 1122 utroque
1799 1095 1865 1115 sexu
1879 1087 1965 1115 istam
1977 1087 2177 1116 desolationem
2189 1087 2279 1117 osten-

1317 1137 1367 1165 dat
1387 1137 1489 1170 fuisse3
1505 1137 1549 1164 vel
1570 1135 1648 1164 istud
1668 1135 1705 1163 ad
1726 1143 1806 1163 senes
1828 1135 2009 1170 praehabitos
2028 1135 2073 1163 est
2093 1136 2278 1165 referendum.

1317 1186 1414 1221 Aliqui
1435 1185 1542 1213 habent
1561 1184 1607 1212 1110
1628 1184 1836 1219 suppletionem
1857 1183 1960 1212 falsam
1982 1184 2034 1212 sic:
2062 1185 2184 1213 accincti
2210 1187 2280 1214 sunt

1316 1234 1421 1263 ciliciis
1441 1234 1567 1262 seniores
1589 1233 1680 1267 Iuda,
1702 1233 1770 1261 haec
1791 1233 1864 1260 0111111
1879 1232 1923 1261 031
1944 1233 2087 1268 corruptio
2103 1242 2135 1262 ex
2148 1234 2280 1270 ignoran-

1317 1284 1358 1311 tia
1379 1282 1546 1318 procedens,
1567 1282 1717 1310 Ieremias:
1745 1292 1758 1306 «
1773 1281 1847 1309 Filia
1868 1282 1965 1317 populi
1980 1282 2047 1315 mei,
2063 1282 2207 1318 accingere
2221 1283 2278 1311 cili-

1316 1333 1357 1361 cio
1372 1332 1400 1360 et
1414 1339 1597 1367 conspergere
1619 1331 1709 1359 cinere
1721 1342 1749 1358 ».
1765 1330 1884 1364 Quidam
1904 1330 1988 1358 aliter
2004 1330 2125 1366 putant,
2143 1331 2278 1367 incipien-

1316 1381 1360 1410 tes
1382 1381 1552 1409 sententiam
1574 1380 1653 1408 inde:
1676 1379 1777 1407 Filiae
1804 1378 1894 1414 Sion,
1916 1379 1945 1407 id
1965 1379 2010 1407 est
2023 1380 2154 1408 mulieres
2172 1380 2208 1409 ad
2233 1381 2278 1409 lit-

1316 1431 1422 1464 teram,
1445 1431 1667 1464 consperserunt
1687 1429 1780 1456 cinere
1795 1428 1847 1456 etc.
1863 1428 1916 1456 Sed
1936 1429 1966 1456 in
1987 1428 2113 1464 antiquis
2132 1430 2224 1465 reperi
2238 1430 2278 1459 sic

1316 1479 1483 1515 punctatum
1493 1500 1499 1512 ‚
1515 1478 1544 1507 et
1557 1478 1602 1507 hic
1617 1478 1660 1506 est
1675 1486 1775 1505 sensus
1790 1477 1945 1505 Hebraicae
1959 1477 2104 1512 veritatis,
2120 1477 2153 1506 ut
2167 1479 2278 1515 exponi-

1315 1529 1363 1556 tur
1377 1537 1394 1556 a
1408 1527 1584 1564 quibusdam.
1597 1527 1653 1555 Pro
1669 1527 1753 1555 tertio
1769 1526 1915 1554 subditur:
1931 1525 2108 1554 Abiecerwnt
2121 1527 2153 1555 in
2169 1528 2278 1556 terram

1314 1577 1414 1613 capita
1431 1585 1487 1605 sua
1500 1577 1628 1612 viryines
1641 1576 1737 1612 Iuda,
1752 1575 1788 1603 ad
1802 1575 1943 1609 litteram,
1965 1576 1994 1603 in
2017 1575 2129 1611 signum
2150 1576 2263 1605 doloris.

2298 882 2429 905 miserandis.

1396 1625 1444 1653 20.
1459 1624 1623 1661 Alleqoriee
1637 1624 1673 1652 ab
1691 1624 1741 1653 illo
1758 1624 1833 1653 loco:
1852 1623 1976 1658 Desixae
1992 1625 2062 1652 swnt
2081 1624 2115 1652 in
2131 1625 2209 1652 terra
2223 1625 2276 1654 etc.
2291 1629 2370 1651 Sensus
2384 1629 2434 1652 ano..

1314 1674 1425 1702 Portae
1446 1673 1474 1701 et
1494 1673 1582 1701 vectes
1603 1672 1725 1708 praelati
1751 1672 1820 1700 sunt
1840 1672 1982 1706 civitatis,
2011 1672 2059 1708 qui
2087 1672 2156 1700 sunt
2171 1673 2277 1708 portae

1314 1730 1364 1758 per
1385 1722 1515 1756 verbum,
1544 1722 1573 1750 et
1598 1723 1688 1750 vectes
1716 1729 1766 1757 per
1791 1722 1953 1755 consilium,
1976 1721 2005 1749 et
2025 1722 2087 1749 viae
2114 1729 2165 1757 per
2185 1730 2277 1751 exem—

1314 1772 1406 1806 plum:
1418 1772 1526 1806 portae
1540 1771 1665 1806 quidem,
1680 1771 1713 1799 de
1728 1771 1831 1806 quibus
1845 1771 1875 1799 in
1889 1770 2061 1807 Apocalypsi
2073 1769 2097 1799 ⁶:
2117 1782 2131 1796 «
2143 1771 2276 1807 Singulae

1314 1820 1412 1855 portae
1426 1819 1509 1848 erant
1523 1828 1555 1847 ex
1570 1820 1690 1855 singulis
1710 1819 1876 1855 margaritis
1890 1831 1919 1847 ».
1941 1819 2015 1848 Item
2030 1819 2059 1848 et
2078 1821 2168 1848 vectes
2181 1820 2275 1849 dicun-

1313 1868 1376 1902 tur,
1397 1868 1471 1896 unde
1492 1868 1689 1904 significantur
1709 1877 1759 1904 per
1772 1869 1838 1897 illos
1858 1868 1968 1902 vectes,
1990 1868 2092 1904 quibus
2113 1877 2180 1897 arca
2193 1868 2274 1898 vehe-

1312 1917 1410 1951 batur,
1433 1917 1480 1952 qui
1500 1917 1583 1945 erant
1597 1917 1630 1945 de
1644 1918 1731 1953 liguis
1745 1917 1866 1951 Sethim,
1888 1926 1959 1953 (1030
1980 1917 2063 1946 01301
2077 1918 2274 1953 imputribilia

1310 1967 1340 1994 in
1361 1966 1474 2001 signum
1488 1965 1644 1999 castitatis,
1663 1965 1746 1994 erant
1766 1965 1914 2000 odorifera
1925 1967 1955 1994 in
1975 1966 2098 2002 figuram
2113 1966 2203 1995 famae
2224 1967 2274 1996 bo-

1310 2023 1376 2048 nae,
1391 2015 1528 2043 deeorata
1541 2015 1570 2042 in
1584 2014 1706 2050 figuram
1721 2014 1859 2049 caritatis,
1874 2015 1957 2043 erant
1970 2015 2003 2043 in
2016 2017 2145 2051 quatuor
2156 2015 2274 2045 circulis

1311 2064 1408 2092 aureis
1418 2064 1448 2091 in
1459 2063 1552 2099 figura
1565 2064 1756 2092 meditationis
1770 2064 1842 2100 legis
1856 2064 1981 2098 divinae,
1992 2065 2072 2093 cuius
2087 2073 2197 2093 summa
2211 2073 2273 2093 000-

1310 2111 1418 2140 1100101
1437 2112 1467 2139 10
1487 2111 1609 2147 (1031οο1-
1629 2111 1802 2148 Evangeliis.
1824 2113 1935 2141 Portae
1955 2121 2022 2148 ergo
2048 2112 2129 2146 sunt,
2158 2113 2272 2149 quando

1309 2159 1389 2188 extra
1404 2160 1510 2196 positos
1525 2168 1574 2195 per
1586 2160 1821 2195 praedicationem
1835 2160 2032 2195 introducunt;
2047 2162 2145 2196 vectes,
2160 2161 2272 2197 quando

1308 2209 1387 2236 intus
1408 2208 1515 2245 positos
1535 2216 1585 2244 per
1606 2208 1719 2237 salubre
1740 2209 1887 2237 consilium
1908 2208 2081 2238 custodiunt.
2102 2209 2179 2245 Ergo
2192 2231 2199 2244 ,
2221 2218 2272 2246 per

1303 2259 1410 2292 portas
1430 2257 1586 2286 Ierusalem
1607 2257 1714 2285 scribae
1735 2257 1764 2285 et
1778 2257 1925 2286 Pharisaei
1946 2258 2162 2294 intelliguntur,
2184 2259 2269 2288 terre-

1308 2315 1408 2335 norum
1430 2306 1523 2335 studio
1543 2305 1572 2334 et
1593 2306 1682 2334 amori
1702 2305 1822 2340 intenti,
1850 2307 1897 2341 qui
1919 2306 2064 2335 Christum
2086 2315 2143 2336 non
2164 2316 2271 2343 recepe-

1308 2355 1389 2389 runt,
1412 2354 1460 2383 sed
1491 2354 1520 2382 et
1539 2354 1621 2393 ‘alios
1652 2353 1688 2382 ab
1709 2354 1768 2382 eius
1789 2354 1947 2390 receptione
1967 2355 2176 2390 impedierunt3
2198 2355 2270 2384 Mat-

1308 2403 1409 2431 thaeus
1422 2401 1446 2431 ⁷:
1473 2402 1557 2431 «Vae
1572 2402 1664 2436 vobis,
1685 2402 1792 2431 scribae
1803 2402 1832 2431 et
1852 2402 1999 2432 Pharisaei
2019 2403 2200 2440 hypocritael
2222 2404 2271 2440 qui

1307 2451 1438 2480 clauditis
1453 2459 1571 2487 regnum
1593 2451 1733 2480 caelorum
1747 2450 1814 2479 ante
1835 2451 1978 2486 homines3
1993 2461 2044 2481 vos
2064 2453 2138 2481 enim
2159 2461 2216 2482 non
2230 2453 2271 2481 in-

1307 2500 1406 2534 tratis,
1427 2508 1478 2528 nec
1503 2499 1645 2528 intrantes
1673 2499 1767 2528 sinitis
1787 2500 1905 2529 introire
1923 2512 1952 2529 ».
1978 2517 2019 2522 —
2038 2502 2106 2536 Vel,
2128 2502 2162 2530 in
2189 2503 2270 2531 terra

1306 2548 1392 2582 defixi
1413 2549 1496 2583 sunt,
1518 2548 1584 2583 quia
1598 2548 1627 2576 in
1648 2548 1708 2576 sola
1729 2548 1836 2577 Christi
1850 2549 2028 2578 humanitate
2049 2550 2145 2579 oculos
2165 2550 2268 2579 haben-

1305 2597 1362 2631 tes,
1384 2598 1413 2625 in
1434 2597 1565 2632 laqueum
1587 2596 1719 2632 perfidiae
1740 2598 1908 2626 inciderunt.
1930 2598 1996 2633 Vel,
2018 2599 2051 2627 in
2080 2601 2160 2628 terra
2181 2598 2268 2634 defixi

1304 2647 1388 2681 sunt,
1411 2646 1477 2682 quia
1497 2645 1662 2674 litteraliter
1676 2646 1720 2674 vol
1741 2646 1854 2675 terreno
1876 2655 1960 2676 sensu
1982 2647 2051 2684 Legi
2069 2647 2268 2677 adhaeserunt.

1304 2694 1356 2722 Sed
1378 2695 1466 2722 vectes
1481 2694 1613 2729 perdidit
1637 2695 1664 2722 et
1684 2695 1833 2731 contrivit,
1856 2696 1922 2731 quia
1942 2696 2089 2724 consilium
2111 2704 2206 2725 eorum
2231 2696 2268 2724 ad

1303 2742 1423 2770 nihilum
1444 2742 1571 2778 redogit3
1594 2743 1745 2777 perditum
1772 2743 1816 2771 est
1837 2744 2000 2778 consilium,
2029 2745 2095 2780 quia
2123 2743 2268 2773 Christum

1303 2790 1450 2819 occidendo
1471 2790 1649 2826 exstinguere
1670 2799 1725 2819 non
1740 2791 1910 2826 potueruut;
1932 2792 2093 2820 contritum
2117 2792 2161 2820 est
2181 2792 2269 2821 eonsi-

1302 2840 1387 2873 lium,
1410 2839 1476 2875 quia
1491 2839 1607 2874 propter
1621 2838 1673 2868 hoc
1687 2838 1793 2868 terram
1809 2840 2007 2875 perdiderunt,
2027 2840 2100 2876 quod
2122 2840 2267 2870 Christum

1378 3011 1387 3026 ⁴¹
1409 3013 1483 3037 Vers.
1504 3012 1545 3037 it.
1564 3026 1599 3031 —
1618 3012 1691 3043 Vnt,
1709 3012 1902 3043 refragantibus
1919 3013 2011 3044 codd„
2025 3013 2120 3040 deinde
2138 3014 2268 3040 interserit

1307 3054 1375 3080 quae
1394 3055 1420 3073 n.
1438 3048 1481 3072 20.
1500 3048 1663 3073 continentur
1682 3054 1766 3079 usque
1785 3048 1818 3073 ad
1838 3055 1866 3073 n.
1882 3048 1924 3073 24.
1938 3049 2046 3080 lnsuper
2064 3049 2121 3081 ipsu
2135 3057 2194 3075 eam
2207 3056 2266 3081 par-

1307 3086 1358 3107 tem
1379 3082 1480 3108 numeri
1502 3083 1548 3114 49,
1567 3089 1636 3115 (1030
1654 3083 1773 3115 sequitur
1793 3087 1852 3114 post
1870 3083 2025 3118 afflictiones
2039 3084 2170 3111 adiiciunt
2187 3088 2212 3110 ct
2231 3084 2267 3109 in-

1306 3118 1382 3149 cipit:
1402 3117 1537 3144 Sederunt
1560 3116 1586 3143 in
1614 3118 1703 3148 terra,
1733 3117 1760 3143 in
1781 3118 1891 3151 stonum
1919 3119 2020 3146 doloris
2048 3122 2072 3146 et
2100 3118 2266 3150 deiectionis,

1307 3160 1392 3185 usquc
1411 3153 1442 3178 ad
1464 3152 1595 3184 litteram,
1609 3152 1637 3178 in
1650 3152 1759 3186 sianum
1778 3153 1879 3180 doloris
1899 3155 1972 3186 ponit
1991 3155 2015 3181 in
2035 3156 2088 3181 1100
2107 3162 2131 3180 0.
2152 3155 2193 3180 20.
2208 3156 2267 3186 post

1307 3187 1421 3214 Domino
1440 3186 1582 3213 revelante.

1378 3222 1389 3237 ⁶
1408 3223 1434 3248 ln
1446 3223 1556 3254 Vulgata
1567 3222 1662 3248 desunt
1673 3222 1752 3248 verba
1768 3223 1886 3258 virqines
1900 3224 2060 3257 Ierusalem,
2071 3228 2097 3250 et
2108 3224 2172 3250 infra
2187 3222 2265 3249 habet

1306 3256 1424 3291 virgines
1445 3256 1591 3283 Ierusalem
1611 3265 1658 3289 pro
1678 3258 1794 3292 viraines
1815 3260 1891 3286 tuda.
1909 3274 1944 3280 —
1963 3260 2087 3293 Sequitur
2106 3260 2152 3285 ler.
2173 3259 2202 3290 6,
2222 3259 2264 3283 26.

1375 3290 1387 3306 ‘³
1405 3292 1468 3329 Cap.
1489 3293 1535 3323 21,
1557 3293 1604 3334 21:
1627 3293 1720 3319 deinde
1740 3295 1915 3327 respiciuntur
1935 3296 2015 3321 Exod.
2034 3295 2082 3327 25,
2098 3295 2138 3320 13.
2153 3294 2201 3326 28;
2216 3294 2265 3324 26,

1307 3328 1354 3360 26¹
1374 3327 1472 3394 ΞἺὸειῗῆ
1492 3328 1541 3393 ἓξζ
1561 3327 1601 3389 i’3.
1615 3377 1649 3382 —
1670 3364 1745 3390 Num.
1766 3366 1808 3390 20.
1827 3368 1866 3391 est
1884 3372 1915 3391 ex
1935 3367 2046 3397 lingone
2065 3364 2089 3390 in
2110 3365 2178 3389 liunc
2198 3364 2246 3389 loc.

2315 1656 2406 1683 goi-icus.
