2427 3872
312 272 376 304 758

595 313 662 339 GRA

311 360 347 385 Vl
368 359 418 384 450
440 358 472 383 17
492 365 548 389 arg.
567 371 602 376 —-
621 356 687 382 Cum
701 356 790 382 divina
812 355 894 387 gratia
914 357 953 380 est

313 403 460 430 necessaria
480 401 598 428 custodia
617 400 771 432 disciplinae
790 400 832 424 Vll
854 399 903 424 109
918 398 951 423 86

366 461 402 466 -
415 446 497 478 Culpa
511 447 594 471 aufert
612 445 694 470 vitam
709 444 809 476 gratiae
822 443 856 468 vt
871 443 923 468 589
937 443 952 467 6

313 506 348 511 -
368 491 418 524 Qui
445 492 536 522 peccat
555 489 648 515 amittit
676 488 787 520 gratiam
815 488 849 513 80
873 494 899 519 q.
918 500 954 505 —

314 537 414 562 Lumen
434 535 533 567 gratiae
551 533 692 563 amittitur,
710 539 771 558 cum
791 533 870 557 homo
885 531 954 556 cadit

315 587 330 605 a
349 580 455 606 caritate
473 579 506 603 93
525 586 551 603 v.
572 579 588 603 2
609 592 642 596 -—
662 576 815 603 Naturaliter
834 575 955 601 commis-

315 625 354 650 sio
373 624 465 655 culpae
484 622 618 655 praecedit
630 621 835 647 subtractionem
855 619 954 651 gratiae

316 669 366 693 113
387 675 414 693 v.
434 668 449 692 5
467 681 502 685 —
522 667 608 698 primo
628 665 746 698 perditur
773 667 901 697 quantum
921 663 953 689 ad

316 719 422 739 sensum
442 712 498 737 sive
517 710 720 742 experientiam,
749 709 845 734 deinde
872 715 955 741 quan-

316 760 372 782 tum
392 756 426 782 ad
445 755 606 781 existentiam
626 754 677 779 577
691 761 716 779 v.
737 753 770 778 59
783 767 819 772 —-
832 752 881 785 Qui
895 758 956 784 pec-

316 804 358 827 cat
382 801 408 826 in
438 807 489 826 uno
517 802 577 825 actu
606 801 697 830 peccat
727 800 816 823 contra
845 796 955 828 gratiam

317 845 435 871 omnium
455 844 581 869 virtutum
601 844 634 868 80
654 850 680 875 q.
700 841 728 867 1*

373 903 407 907 -
426 889 511 914 Homo
531 888 648 919 ingratus
661 893 714 911 non
733 888 819 917 potest
838 884 887 910 sibi
906 891 957 909 me-

318 934 369 959 reri
390 933 516 965 gratiam,
535 932 602 957 alius
621 933 707 956 autem
728 933 818 961 gratus
837 931 923 960 potest
934 928 958 953 ei

318 977 414 1003 mereri
433 977 467 1002 de
486 982 604 1006 congruo
624 975 657 999 Vl
678 974 729 999 610
754 974 769 998 6
790 987 825 991 -—
843 972 957 998 Gratiam

319 1022 438 1048 collatam
464 1019 629 1051 amittit·qui
651 1025 709 1044 eam
739 1016 958 1043 communicando

320 1066 377 1091 aliis
396 1064 548 1097 praedicare
575 1062 719 1094 neglexerit
737 1061 781 1086 Vll
801 1061 852 1086 485
871 1060 904 1085 37
924 1074 958 1079 -—

321 1112 433 1141 augetur
452 1109 487 1133 illi
507 1108 553 1140 qui
579 1108 605 1132 in
624 1113 654 1131 ea
683 1105 813 1131 laboravit
835 1104 897 1131 ibid.
924 1118 959 1123 —

319 1153 431 1179 Habenti
449 1147 560 1184 gratiam
580 1150 685 1176 dabitur
704 1150 786 1181 gloria
806 1149 856 1174 486
877 1149 909 1174 39

375 1211 410 1216 —
430 1197 488 1222 Vita
518 1195 617 1227 gratiae
644 1194 782 1220 dimittitur
810 1200 858 1225 pro
880 1196 958 1218 vento

320 1241 460 1274 superbiae
479 1241 513 1265 Vl
527 1240 577 1265 613
592 1247 618 1264 v.
634 1239 664 1264 t7
678 1253 713 1257 —
727 1239 846 1263 Defectus
859 1237 958 1269 gratiae

320 1289 345 1312 et
358 1285 492 1311 doctrinae
502 1286 541 1309 est
551 1290 647 1315 magna
660 1282 792 1308 calamitas
805 1282 848 1307 Vll
862 1282 913 1307 393
925 1281 958 1306 29

373 1345 408 1348 -
427 1329 555 1361 figuratur
576 1328 603 1353 in
623 1334 717 1352 manna
748 1327 779 1352 Vl
799 1326 849 1351 216
879 1333 904 1351 v.
924 1325 958 1351 25

320 1389 355 1393 -
374 1374 511 1405 designata
532 1372 579 1398 fuit
606 1372 632 1397 in
652 1371 752 1403 piscina
781 1371 824 1396 Vll
854 1370 904 1396 t77
925 1369 957 1395 46

320 1433 356 1438 -
374 1418 506 1444 sufficiens
519 1417 552 1442 ad
567 1419 707 1448 praecepta
720 1410 900 1446 intelligendas,
914 1414 960 1439 im-

321 1463 416 1495 plenda
436 1465 461 1487 et
489 1460 664 1493 praedicanda
690 1460 818 1491 figuratur
845 1465 893 1491 per
917 1458 960 1484 de-

376 1727 480 1752 }lAasns
500 1739 534 1744 -
552 1728 591 1751 est
616 1731 663 1757 per
689 1724 877 1756 proprietatem
900 1729 962 1754 pos—

325 1771 463 1801 sessionis,
483 1771 524 1796 vel
543 1777 591 1802 per
610 1776 688 1795 usum
708 1769 742 1793 Vl
762 1768 813 1793 264
833 1767 866 1793 84
879 1781 914 1786 —
928 1766 961 1792 ab

324 1815 373 1841 alio
393 1818 431 1840 est
450 1822 496 1847 per
515 1814 743 1846 participationem
767 1815 793 1838 et
812 1818 859 1844 per
878 1812 960 1837 solam

323 1859 514 1885 emanationem
526 1859 576 1883 310
589 1858 621 1883 43
635 1871 670 1876 -
684 1857 718 1882 ab
731 1857 782 1882 alio
795 1863 843 1888 per
856 1855 962 1887 partici-

323 1904 456 1936 pationem
475 1905 514 1928 est
532 1902 629 1928 modus
647 1901 735 1927 minus
762 1899 856 1926 nobilis
881 1900 961 1925 modo

324 1947 439 1974 habendi
458 1954 506 1979 per
525 1946 664 1972 essentiam
678 1944 739 1971 ibid.
752 1959 787 1964 —
800 1944 834 1969 ab
847 1944 897 1970 alio
910 1947 962 1969 tan-

323 1995 380 2018 tum
405 1999 452 2024 per
471 1991 665 2017 emanationem
693 1992 718 2015 et
745 1996 793 2022 per
821 1989 960 2015 essentiam

321 2037 420 2067 nullam
440 2036 513 2068 ponit
540 2034 744 2067 ignobilitatem,
773 2034 854 2059 immo
876 2033 961 2059 omni-

323 2081 431 2106 modam
450 2080 635 2113 aequalitatern
654 2078 715 2105 ibid.
734 2093 769 2097 —-
788 2085 803 2104 a
821 2078 896 2104 Patre
915 2085 961 2103 no-

323 2124 428 2150 bilitatis
446 2127 486 2150 est
504 2124 531 2149 in
550 2124 613 2149 Filio
633 2122 695 2149 ibid.

375 2182 411 2188 —
429 2168 573 2200 spiritualia
592 2170 631 2193 est
649 2174 696 2199 per
714 2174 832 2192 amorem
855 2167 888 2193 Vl
909 2167 960 2192 289

323 2213 356 2238 64
375 2227 410 2231 -
430 2215 469 2238 est
487 2219 535 2245 per
554 2212 817 2244 comprehensionem
846 2211 896 2237 358
928 2212 960 2236 18

323 2271 357 2275 -
376 2256 539 2282 Habentibus
559 2255 664 2282 dabitur
683 2256 709 2281 in
723 2256 861 2288 septuplici
875 2256 961 2288 gradu

322 2301 366 2327 Vll
387 2301 439 2330 486
458 2302 491 2326 39
512 2314 546 2319 —-
564 2302 590 2326 ln
610 2300 739 2332 praesenti
767 2299 878 2325 habetur
907 2300 960 2325 vita

321 2349 427 2371 aeterna
446 2346 472 2371 in
493 2345 584 2370 merito
603 2348 648 2370 aut
667 2344 783 2378 quodam
813 2345 893 2370 modo
919 2346 961 2370 ha-

322 2387 385 2414 bere
403 2388 552 2420 incipiendo
571 2388 604 2414 Vl
624 2388 675 2413 333
695 2387 729 2413 84

374 2433 553 2458 linimentum
571 2445 608 2451 -
625 2432 728 2457 animae
741 2432 922 2464 quaerendum
936 2432 961 2457 in

322 2478 397 2502 horto
416 2476 546 2502 bonorum
565 2483 677 2508 operum
697 2477 727 2501 Vl
749 2476 799 2501 6l9
821 2476 836 2501 4

375 2521 486 2546 Haarrus
505 2533 539 2539 —
558 2520 634 2545 decet
652 2520 785 2545 hominem
800 2523 852 2546 tam
872 2527 961 2553 corpo-

322 2565 410 2589 raliter
429 2570 510 2596 quam
529 2564 696 2595 spiritualiter
724 2564 767 2589 Vll
797 2565 847 2590 206
874 2565 907 2590 62
926 2580 961 2583 -

321 2608 406 2633 Homo
426 2607 565 2639 spiritualis
583 2607 661 2633 habet
674 2603 794 2637 habiturn
812 2609 959 2640 regularem

322 2659 371 2684 pro
390 2652 497 2677 sudario
517 2652 549 2677 Vl
569 2652 620 2677 619
641 2659 666 2677 ν.
687 2652 715 2677 41

374 2710 409 2714 —-
423 2696 514 2721 melior
527 2698 566 2721 est
578 2703 659 2728 quam
672 2696 785 2727 privatio
807 2696 837 2721 Vl
858 2697 891 2722 38
904 2704 930 2729 q.
945 2697 954 2721 1

321 2754 356 2759 -
369 2746 473 2771 semper
486 2740 545 2771 plus
558 2739 636 2765 habet
649 2740 683 2765 de
692 2740 797 2765 entitate
810 2742 835 2765 et
845 2739 961 2766 bonitate

322 2791 402 2817 quam
421 2784 535 2816 privatio
554 2784 586 2809 56
606 2791 632 2816 q.
652 2784 661 2809 1
680 2791 736 2815 arg.
750 2798 785 2802 -
798 2784 959 2809 Facillimum

321 2831 361 2854 est
382 2828 507 2853 accedere
530 2827 564 2853 ab
592 2827 681 2853 habitu
710 2828 744 2854 ad
772 2828 959 2860 privationem,

321 2872 369 2898 sed
387 2872 492 2898 difficile
511 2873 552 2897 vel
571 2871 678 2897 omnino
698 2871 858 2904 impossibile
871 2875 960 2911 estere-

321 2916 378 2942 dire
399 2916 430 2941 19
450 2923 476 2948 q.
495 2917 511 2941 2
530 2930 565 2936 —-
587 2919 784 2947 cognoscuntur
811 2923 858 2948 per
886 2919 960 2942 actus

321 2960 355 2986 73
374 2967 400 2993 q.
421 2961 436 2985 2
457 2959 485 2984 1·
503 2974 538 2978 -
557 2960 690 2985 doctrinae
710 2960 770 2986 facit
790 2953 959 2993 opulentum}

321 3004 434 3036 privatio
453 3011 517 3029 vero
536 3004 623 3030 reddit
642 3011 756 3036 egenum
777 3004 820 3030 Vll
842 3005 891 3030 197
913 3005 947 3030 27

374 3049 583 3074 111111110111111015511
611 3062 646 3068 —-—
673 3049 819 3075 secundum
850 3048 959 3075 Ambro-

320 3093 389 3119 sium
408 3093 513 3119 videtur
532 3093 612 3119 fuisse
630 3094 728 3118 Martha
748 3093 791 3119 Vll
811 3094 862 3119 210
876 3093 909 3119 78
924 3108 958 3112 -

321 3140 428 3169 propter
455 3137 597 3163 curationis
624 3138 772 3164 remedium
803 3141 959 3170 erogaverat

320 3188 427 3206 omnem
446 3180 619 3207 substantiam
639 3188 714 3207 suam
733 3181 768 3207 ib.
787 3182 821 3207 79
834 3196 869 3200 -
882 3189 956 3209 neca

320 3228 412 3251 natura
431 3232 479 3251 nec
498 3225 533 3251 ab
552 3228 607 3251 arte
626 3229 682 3251 erat
700 3225 824 3252 curabilis
843 3225 906 3252 ibid.

373 3283 407 3288 --
426 3270 535 3296 accessit
555 3270 589 3295 ad
617 3270 716 3301 lesum,
744 3270 807 3303 quia
835 3269 959 3296 credebat

320 3313 363 3339 Vll
384 3314 430 3339 211
456 3314 484 3339 81
507 3327 543 3333 -
561 3314 670 3340 accessit
689 3317 774 3345 retro,
802 3314 863 3347 quia
884 3315 959 3340 time-

318 3356 365 3382 bat
383 3356 444 3383 ibid.
462 3370 498 3377 -
517 3357 613 3390 tetigit,
641 3358 703 3391 quia
731 3359 848 3390 speravit
872 3359 958 3384 curari

319 3399 381 3426 ibid.
408 3415 443 3421 —
470 3401 554 3434 tetigit
578 3401 710 3428 fimbriam
737 3402 901 3434 vestimenti,
919 3409 957 3429 re-

1177 264 1292 297 lNDEX
1316 264 1444 297 RERUM

990 360 1048 379 cem
1068 360 1143 379 ninas
1172 353 1223 378 479
1253 353 1285 378 19
1310 367 1346 371 —-
1369 359 1439 385 quae
1466 358 1514 383 per
1543 357 1631 376 mnam

991 398 1126 429 figuratur,
1146 400 1185 422 est
1205 397 1292 429 potius
1310 397 1358 422 Dei
1370 403 1451 429 quam
1471 398 1558 421 nostra
1580 395 1631 420 485

990 442 1024 467 36
1044 456 1078 460 -
1097 442 1214 467 Flumina
1243 441 1392 473 significant
1419 440 1516 472 gratias
1544 439 1577 464 Vl
1599 439 1630 464 13

991 493 1018 511 v.
1036 486 1053 510 7
1072 500 1106 504 -
1131 488 1202 511 recte
1221 485 1316 511 dicitur
1344 486 1443 510 flumen
1463 484 1514 510 350
1543 484 1577 509 56
1596 497 1631 502 --

990 537 1044 555 non
1064 530 1120 555 [luit
1136 529 1170 555 ab
1191 536 1243 555 uno
1258 529 1283 554 in
1297 529 1417 558 alterum,
1432 528 1479 553 sed
1497 528 1523 553 in
1543 531 1631 552 mente

993 577 1082 599 manat
1100 581 1147 599 nec
1166 574 1254 599 deficit
1272 580 1320 599 nec
1339 576 1389 598 stat
1408 571 1470 598 ibid.
1489 586 1523 590 —
1542 574 1581 597 est
1594 572 1632 596 lu-

992 625 1052 643 men
1071 618 1104 643 93
1125 625 1151 643 v.
1171 619 1187 643 2
1206 631 1242 636 -
1259 620 1369 642 vocatur
1388 616 1445 642 dies
1464 615 1515 642 572
1536 617 1551 641 2

1045 676 1080 681 -
1098 669 1152 687 11011
1172 662 1206 687 3(1
1225 661 1339 693 pretium
1359 660 1445 686 danda
1465 661 1498 686 Vl
1518 659 1570 685 274
1589 660 1623 685 25

1044 721 1079 724 -
1099 706 1246 731 Gratiarum
1266 705 1333 731 actio
1362 712 1410 737 pro
1439 703 1567 729 beneflcio
1592 710 1633 729 re-

993 750 1152 782 demptionis
1171 750 1351 775 consideratur
1366 756 1396 774 ex
1410 751 1484 781 parte
1502 748 1595 774 motivi
1608 750 1634 773 et

993 802 1023 820 ex
1042 797 1117 826 parte
1135 794 1207 819 modi
1233 794 1275 818 Vll
1301 794 1334 818 38
1356 793 1415 824 119,
1437 793 1488 818 120
1507 807 1542 811 -
1562 792 1634 818 Multi

994 839 1028 864 ad
1038 845 1147 870 magnas
1160 838 1257 870 gratias
1271 840 1405 868 tenentur,
1418 837 1465 862 sed
1478 844 1577 869 paucas
1589 839 1635 862 aut

994 883 1075 908 nullas
1103 882 1218 908 reddunt
1248 882 1297 907 186
1322 881 1357 907 74
1376 895 1412 900 -
1430 881 1471 907 Ad
1490 882 1633 913 gratiarum

995 927 1124 952 actionem
1150 933 1199 958 pro
1217 925 1353 951 beneficiis
1372 925 1487 957 acceptis
1505 925 1635 951 debemus

995 977 1052 996 esse
1071 970 1261 1002 promptissimi
1281 970 1332 995 208
1351 969 1380 994 71
1399 984 1435 987 -
1448 969 1577 995 Creatoris
1590 969 1636 994 de-

996 1015 1090 1040 bemus
1109 1014 1242 1040 recordari
1257 1014 1354 1045 gratias
1367 1013 1471 1045 agendo
1485 1013 1518 1038 Vl
1532 1013 1565 1038 93
1579 1020 1605 1038 v.
1619 1014 1634 1038 2

995 1074 1028 1078 --
1049 1058 1182 1084 Debemus
1200 1058 1315 1090 compati
1333 1057 1436 1084 Christo
1450 1057 1547 1089 gratias
1559 1064 1636 1089 agen-

995 1103 1030 1129 do
1049 1103 1083 1128 78
1104 1110 1129 1128 v.
1151 1103 1184 1128 15

1048 1161 1083 1166 -
1103 1147 1150 1172 Per
1170 1147 1313 1178 gratiarum
1333 1146 1462 1172 actionem
1486 1145 1561 1171 cibus
1579 1152 1636 1171 san-

995 1191 1149 1217 ctificandus
1174 1191 1207 1216 Vl
1234 1191 1280 1216 321
1308 1191 1339 1215 16
1358 1204 1394 1209 -
1413 1190 1514 1216 Gratias
1532 1190 1636 1222 agendo

997 1235 1211 1261 manducandum
1230 1237 1270 1260 est
1288 1235 1340 1260 322
1361 1235 1404 1260 22.
1424 1234 1475 1260 325
1495 1234 1528 1259 39
1542 1249 1577 1252 -
1590 1235 1636 1259 Ra-

996 1280 1031 1305 tio
1050 1279 1149 1311 accepti
1168 1278 1268 1311 obligat
1287 1279 1321 1305 ad
1344 1279 1489 1311 gratiarum
1508 1278 1635 1304 actionem

996 1324 1084 1355 5397
1103 1337 1138 1343 —
1157 1324 1305 1349 Gratiarum
1331 1323 1399 1349 actio
1427 1323 1551 1354 impetrat
1574 1322 1636 1349 ibid.

996 1383 1031 1386 —
1050 1368 1162 1400 Spiritus
1181 1370 1287 1393 sanctus
1302 1367 1438 1393 descendit
1450 1367 1476 1392 in
1490 1367 1590 1398 gratiae
1601 1368 1638 1392 vi-

996 1412 1145 1438 vificatione
1165 1411 1216 1437 542
1238 1412 1247 1437 1
1272 1426 1307 1430 -
1325 1411 1389 1437 Ovis
1401 1411 1538 1443 cognoscit
1550 1414 1638 1443 pasto-

997 1464 1053 1483 rem
1072 1463 1120 1489 per
1140 1456 1284 1488 gratiarum
1303 1456 1433 1482 actionem
1453 1455 1504 1481 583
1525 1456 1558 1481 10

1294 1582 1351 1636 Η

998 1725 1094 1753 putans
1113 1728 1141 1747 se
1159 1721 1324 1747 immundam
1344 1723 1369 1746 et
1382 1720 1556 1747 honorificans
1568 1720 1638 1746 Chri-

998 1766 1030 1791 sti
1049 1765 1192 1797 potentiam
1212 1764 1274 1791 ibid.

1051 1823 1086 1828 —
1105 1810 1168 1842 quia
1196 1809 1308 1844 credidit
1335 1812 1361 1835 et
1387 1809 1504 1842 speravit
1532 1809 1638 1834 faciliter

999 1854 1111 1880 obtinuit
1129 1854 1173 1879 Vll
1199 1855 1245 1879 211
1274 1854 1302 1879 81
1328 1868 1363 1872 -
1381 1855 1408 1879 ln
1428 1853 1485 1879 eius
1503 1853 1638 1879 curatione

998 1901 1108 1930 apparet
1126 1898 1192 1923 mira
1211 1898 1258 1923 Dei
1277 1898 1361 1923 virtus
1378 1897 1440 1924 ibid.
1459 1912 1494 1915 —
1512 1897 1638 1929 cognovit

998 1943 1141 1975 potentiam
1169 1942 1265 1969 Christi
1283 1942 1308 1968 in
1327 1943 1420 1968 effectu
1438 1944 1464 1967 et
1481 1941 1636 1973 sapientiam

999 1987 1026 2013 in
1044 1994 1167 2013 sermone
1195 1987 1246 2012 212
1267 1986 1301 2012 84
1320 2001 1355 2004 -
1374 1989 1490 2012 tremens
1517 1986 1589 2011 venit
1613 1989 1638 2012 et

998 2032 1111 2064 procidit
1129 2031 1163 2057 ad
1183 2031 1264 2062 pedes
1283 2030 1377 2057 Christi
1404 2030 1439 2056 ad
1467 2030 1638 2056 honorifican-

998 2076 1060 2102 dam
1080 2076 1243 2101 maiestatem
1260 2074 1323 2101 ibid.
1340 2089 1372 2093 --
1385 2075 1447 2108 quia
1467 2074 1639 2106 credidit‚sa-

998 2123 1058 2146 nata
1078 2120 1125 2146 fuit
1144 2119 1177 2146 ib.
1198 2119 1231 2145 85
1244 2122 1376 2145 —totum
1396 2118 1514 2145 attribuit
1531 2118 1638 2144 divinae

998 2164 1088 2190 virtuti
1107 2163 1169 2190 ibid.
1188 2179 1223 2182 —
1243 2164 1353 2190 mittitur
1371 2164 1398 2189 in
1417 2170 1483 2195 pace
1511 2165 1637 2196 tanquam

998 2209 1044 2235 Dei
1064 2209 1149 2235 amica
1168 2211 1194 2234 et
1212 2209 1263 2234 filia
1282 2207 1345 2235 ibid.

1053 2268 1086 2272 —
1105 2260 1175 2286 quae
1202 2253 1286 2285 tetigit
1312 2253 1513 2283 vestimentum,
1539 2252 1584 2278 dat
1604 2252 1639 2278 in-

998 2298 1112 2330 telligere
1131 2298 1331 2324 satisfactionem
1351 2297 1395 2323 Vll
1414 2297 1466 2323 212
1486 2297 1519 2322 86

1051 2343 1176 2368 ΗΑΕ1111515
1194 2356 1229 2361 ——
1248 2344 1287 2368 est
1304 2341 1400 2368 divisio
1418 2341 1453 2367 ab
1466 2341 1563 2367 unitate
1576 2341 1637 2367 fidet

999 2387 1043 2412 Vll
1063 2387 1096 2412 62
1117 2387 1150 2412 80
1169 2400 1205 2405 -
1224 2393 1238 2412 a
1257 2386 1387 2418 principio
1415 2386 1544 2411 Ecclesiae
1572 2386 1638 2411 ince-

1000 2434 1095 2463 perunt
1114 2434 1139 2456 et
1157 2431 1184 2456 in
1203 2431 1254 2456 tine
1274 2430 1402 2456 Ecclesiae
1420 2437 1468 2462 per
1486 2430 1567 2456 filium
1581 2437 1638 2462 per·

999 2475 1105 2501 ditionis
1123 2474 1252 2507 vigebunt
1271 2475 1323 2501 525
1343 2474 1377 2500 14

1052 2520 1191 2545 ΗΑΕηῑτιοι
1211 2533 1245 2537 -
1263 2522 1325 2545 sunt
1349 2519 1394 2552 qui
1423 2519 1637 2545 certitudinaliter

999 2567 1117 2590 asserunt
1137 2564 1230 2589 falsum
1251 2564 1284 2589 Vl
1305 2563 1339 2589 24
1358 2571 1384 2597 q.
1404 2563 1420 2589 4
1438 2577 1475 2583 -
1493 2563 1566 2589 multi
1580 2570 1638 2595 pro-

998 2608 1103 2634 dierunt
1120 2607 1285 2639 temporibus
1311 2607 1497 2639 Apostolorum
1523 2608 1565 2633 Vll
1585 2607 1636 2633 525

1001 2652 1032 2678 14
1054 2666 1090 2671 -
1114 2652 1303 2684 perscrutando
1331 2659 1379 2683 per
1403 2652 1591 2684 malignitatem
1612 2652 1636 2677 in

997 2697 1089 2728 spiritu
1112 2696 1255 2727 diabolico,
1285 2696 1357 2722 ducti
1384 2699 1446 2722 sunt
1473 2696 1498 2721 in
1520 2703 1636 2722 errorem

998 2741 1030 2765 Vl
1051 2740 1102 2765 244
1123 2740 1150 2765 11
1181 2754 1216 2759 -
1236 2740 1324 2765 deviat
1343 2746 1358 2765 a
1377 2739 1447 2765 hono
1467 2740 1501 2765 24
1520 2748 1548 2773 q.
1568 2740 1582 2766 4
1601 2754 1636 2760 ·-—

997 2784 1023 2809 in
1043 2783 1144 2810 Christo
1162 2784 1217 2809 Deo
1236 2786 1261 2809 et
1280 2783 1387 2809 homine
1405 2791 1458 2810 non
1477 2785 1636 2810 collocantur

999 2827 1050 2853 134
1069 2835 1096 2853 ν.
1116 2828 1131 2852 6

1051 2886 1086 2890 -
1104 2874 1165 2897 sunt
1183 2871 1290 2898 omnino
1309 2871 1450 2898 cohibendi
1469 2872 1512 2898 Vll
1532 2873 1582 2898 110
1601 2873 1629 2898 91

996 2930 1032 2936 —-
1059 2919 1119 2942 sunt
1147 2918 1232 2947 fures,
1260 2917 1305 2948 qui
1334 2916 1424 2942 dicunt
1451 2917 1586 2943 salsitatem
1610 2920 1636 2943 et

996 2968 1060 2987 oves
1088 2956 1232 2986 dilacerant
1259 2960 1292 2985 Vl
1322 2961 1372 2986 388
1401 2961 1435 2986 27
1458 2974 1494 2980 -
1512 2961 1635 2987 dicuntur

996 3005 1103 3038 vulpes,
1116 3004 1242 3038 quoniam
1255 3005 1365 3030 tortuosi
1378 3007 1404 3030 et
1417 3004 1520 3031 subdoli
1537 3008 1597 3032 sunt
1610 3009 1635 3032 et

996 3050 1085 3082 ignem
1104 3048 1201 3075 habent
1219 3049 1246 3074 in
1264 3049 1356 3075 caudis
1375 3049 1418 3075 Vll
1437 3049 1488 3075 249
1510 3050 1569 3075 104.
1583 3050 1634 3075 355

996 3094 1029 3119 67
1040 3107 1075 3113 -
1085 3093 1194 3119 Difficile
1206 3093 1255 3118 erit
1267 3092 1351 3119 vitare
1363 3093 1530 3119 seductiones
1542 3101 1634 3119 eorum

997 3138 1048 3164 439
1063 3137 1095 3163 40
1108 3151 1144 3156 -
1157 3137 1208 3170 Qui
1221 3137 1368 3169 suscipiunt
1380 3144 1472 3163 eorum
1486 3137 1632 3163 doctrinam

996 3185 1021 3208 et
1040 3181 1239 3214 subsequuntur
1258 3181 1337 3206 vitam
1357 3181 1518 3208 seducuntur
1537 3181 1598 3208 ibid.

1049 3240 1084 3245 —
1102 3225 1227 3252 doctrinis
1249 3227 1275 3251 et
1290 3225 1495 3257 expositionibus
1513 3226 1635 3251 homines

996 3270 1128 3302 simplices
1155 3270 1345 3296 invenenantur
1373 3270 1405 3295 Vl
1435 3269 1486 3296 134
1515 3277 1542 3296 v.
1564 3270 1579 3295 6
1598 3284 1634 3288 -

995 3315 1142 3341 adulterant
1160 3313 1273 3339 verbum
1297 3314 1344 3339 Dei
1370 3315 1420 3340 130
1440 3321 1466 3340 v.
1487 3314 1520 3340 15
1539 3328 1574 3332 -
1593 3314 1633 3339 Di-

995 3359 1088 3391 scipuli
1108 3358 1299 3385 haereticorum
1313 3361 1473 3390 generantur
1491 3365 1522 3384 ex
1540 3365 1632 3384 eorum

995 3403 1113 3429 doctrina
1133 3409 1242 3428 erronea
1263 3401 1314 3428 134
1332 3409 1360 3429 v.
1379 3403 1395 3428 6
1626 3399 1629 3401 ’

1957 306 2021 331 HER

1721 350 1868 375 Gnnrruno
1885 364 1921 367 —
1939 350 1987 374 Per
2016 349 2202 381 gratitudinem
2221 357 2249 375 se
2268 353 2306 376 to-

1669 396 1724 419 tum
1744 392 1823 418 debet
1841 394 1921 418 homo
1940 394 2034 418 offerre
2053 393 2107 419 Deo
2126 394 2159 419 Vl
2179 394 2230 419 302
2250 394 2283 419 82

1721 438 1872 463 ῦκΛτυιτωι
1891 450 1926 457 -
1945 437 2047 463 Bonum
2068 438 2210 469 gratuitum
2234 438 2307 463 amit-

1668 481 1729 507 titur
1748 481 1773 506 in
1791 480 1910 514 quolibet
1929 485 2037 513 peccato
2057 481 2091 507 Vl
2111 482 2143 506 80
2164 489 2191 515 q.

1721 526 1831 551 Gnessus
1842 539 1878 544 —
1891 525 2032 557 spiritualis
2045 528 2084 551 est
2101 525 2170 551 hona
2189 526 2307 558 operatio

1668 569 1702 595 Vl
1722 569 1773 595 587
1793 577 1819 594 v.
1840 570 1867 594 11
1892 583 1927 588 -
1946 569 2031 595 bonae
2050 570 2209 602 operationis
2225 571 2308 596 aufer·

1669 617 1710 639 tur
1728 620 1743 638 a
1762 616 1848 639 morte
1866 613 1959 645 culpae
1978 613 2029 638 589
2048 613 2064 638 7

1722 658 1790 683 Gum
1809 671 1845 676 —
1864 660 1916 683 tota
1929 660 1968 683 est
1981 658 2050 683 circa
2063 660 2150 684 cutem
2164 658 2307 684 curandam

1670 702 1713 727 Vll
1733 702 1779 727 361
1805 702 1833 726 11
1857 715 1893 721 -
1912 705 1951 727 est
1970 702 2107 728 infirmitas
2126 703 2158 728 Vl
2179 703 2230 728 587
2244 703 2259 727 6
2273 716 2309 722 —

1670 749 1709 772 est
1727 747 1803 779 quasi
1822 747 1905 772 lutum
1932 747 1978 772 581
2003 754 2030 772 ν.
2050 747 2078 772 11
2104 760 2138 765 —-
2157 747 2309 779 intelligitur

1670 798 1717 822 per
1737 791 1900 823 hydropisim
1921 791 1972 816 587
1992 791 2008 815 7
2029 805 2062 809 -
2082 791 2130 817 Per
2154 798 2245 817 ursum
2270 791 2310 817 in-

1671 835 1794 867 telligitur
1814 835 1906 860 vitium
1927 835 2004 866 gulae
2024 835 2070 860 181
2094 843 2122 860 ν.
2140 836 2173 861 20

1724 893 1759 897 -
1778 879 1883 905 inclinat
1901 879 1935 905 ad
1953 879 2083 905 luxuriam
2103 879 2136 905 Vl
2150 879 2165 905 4
2180 880 2221 905 10.
2236 880 2269 905 80
2283 887 2310 913 q.

1670 938 1706 941 —
1724 924 1854 949 Gulositas
1878 924 1986 949 vitanda
2012 924 2055 949 Vll
2080 924 2132 949 257
2153 924 2185 949 16
2204 937 2240 943 -
2258 924 2311 950 Gu-

1672 967 1734 992 losis
1752 967 1927 993 comminatur
1945 974 1995 993 vae
2013 972 2157 1000 perpetuae
2171 968 2247 994 famis
2260 968 2307 993 151

1672 1011 1706 1036 59
1725 1025 1761 1030 -
1779 1010 1860 1037 Cibus
1885 1012 1962 1043 gulae
1989 1015 2028 1037 est
2055 1012 2131 1038 cibus
2159 1013 2253 1044 culpae
2277 1012 2311 1038 Vl

1673 1056 1724 1081 556
1746 1057 1755 1081 1
1779 1070 1814 1074 -
1833 1059 1873 1081 est
1890 1063 1963 1082 mors
1990 1057 2084 1088 culpae
2103 1056 2153 1082 589
2174 1056 2190 1082 5
2209 1071 2243 1076 -
2263 1057 2312 1083 Gu-

1672 1100 1720 1126 losi
1733 1101 1848 1132 pretiosa
1861 1104 2021 1132 congerunt,
2035 1100 2112 1133 quasi
2124 1104 2248 1133 congesta
2261 1108 2313 1127 ser-

1672 1147 1765 1171 varent
1783 1145 1826 1170 Vll
1846 1145 1898 1170 257
1918 1145 1951 1170 16

1726 1190 1823 1215 Gusrus
1841 1203 1876 1207 —-
1901 1189 1994 1214 Gustui
2022 1189 2142 1215 serviunt
2169 1189 2254 1221 gulosi
2279 1189 2312 1215 Vl

1673 1234 1724 1260 557
1747 1234 1755 1259 t
1781 1248 1815 1251 —
1837 1234 1947 1259 Gustare
1974 1234 2128 1266 sapientiam
2157 1240 2234 1259 nemo
2258 1237 2314 1266 pot-

1673 1282 1713 1304 est
1739 1278 1817 1303 nimis
1848 1278 1876 1303 61
1913 1285 1939 1311 q.
1971 1279 1986 1303 2
2015 1293 2050 1296 -
2077 1278 2190 1304 Amissio
2221 1281 2314 1310 gustus

1674 1322 1821 1349 devotionis
1849 1325 1888 1348 est
1915 1322 2023 1354 signum
2051 1323 2142 1348 mortis
2172 1322 2313 1354 spiritualis

1675 1367 1725 1393 558
1744 1367 1762 1392 b

1729 1412 1834 1437 Gurrun
1854 1425 1889 1430 —
1911 1411 2010 1443 Exigua
2037 1411 2174 1437 delectatio
2202 1411 2315 1443 gutturis

1676 1456 1785 1482 multam
1805 1455 1951 1481 molestiam
1970 1455 2038 1487 parit
2057 1455 2100 1481 Vll
2120 1455 2172 1480 417
2190 1455 2224 1480 39

1728 1734 1763 1739 —
1782 1720 1848 1746 inter
1867 1727 1895 1746 se
1914 1720 2065 1746 discordant
2093 1720 2136 1746 Vtt
2156 1719 2207 1745 439
2228 1720 2260 1745 40
2279 1733 2316 1739 -

1675 1765 1771 1790 Eorum
1793 1772 1860 1790 unus
1880 1765 1943 1790 dicit
1961 1771 2059 1795 unum,
2078 1765 2143 1790 alter
2161 1764 2238 1790 sentit
2256 1771 2316 1789 con-

1675 1809 1783 1834 trarium
1797 1808 1858 1835 ibid.
1878 1823 1912 1828 —
1931 1812 1992 1835 sunt
2005 1809 2149 1841 multigena
2163 1809 2313 1840 multitudo,

1675 1853 1737 1886 quia
1757 1861 1804 1886 per
1823 1854 1942 1879 diversas
1961 1856 2045 1879 sectas
2063 1853 2230 1879 diversorum
2256 1854 2315 1879 hae-

1674 1898 1866 1924 resiarcharum
1894 1898 2049 1924 dividuntur
2074 1898 2107 1923 Vl
2128 1897 2179 1923 134
2198 1905 2225 1923 v.
2244 1898 2260 1923 6
2279 1911 2315 1916 —

1674 1942 1816 1981 aliquando
1835 1942 1892 1968 ausi
1911 1944 1971 1968 sunt
1988 1945 2014 1968 et
2032 1941 2168 1968 audebunt
2187 1949 2215 1967 se
2228 1942 2316 1970 dicere

1674 1985 1791 2012 Christos
1809 1987 1852 2012 Vll
1872 1986 1923 2012 439
1943 1986 1976 2012 40

1728 2044 1763 2049 -
1781 2038 1833 2057 non
1851 2034 1963 2063 parcunt
1981 2031 2080 2064 populo
2099 2031 2240 2057 christiano
2265 2037 2317 2057 nec

1675 2075 1805 2100 Ecclesiae
1828 2082 1879 2100 nec
1906 2075 2037 2107 Apostolis
2064 2078 2090 2101 et
2116 2075 2254 2107 Prophetis
2280 2075 2315 2100 vt

1676 2119 1727 2144 122
1746 2126 1772 2144 ν.
1787 2119 1815 2144 11
1838 2133 1874 2137 -
1892 2119 1996 2145 inutiles
2008 2122 2069 2145 sunt
2081 2119 2219 2152 Ecclesiae,
2231 2119 2315 2145 immo

1675 2163 1776 2195 nocivi,
1795 2163 1858 2196 quia
1876 2170 1936 2189 eam
1960 2166 2156 2197 persequuntur
2182 2163 2233 2189 134
2252 2170 2280 2189 ν.
2298 2164 2314 2189 6

1674 2221 1711 2226 -
1728 2207 1769 2233 Ab
1788 2207 1925 2233 haereticis
1943 2214 2041 2240 corpus
2059 2207 2153 2234 Christi
2172 2208 2314 2240 mysticum

1675 2252 1781 2284 patitur,
1799 2252 1946 2279 secundum
1959 2252 2033 2285 quod
2050 2252 2120 2278 Deus
2138 2252 2254 2284 disponit
2271 2252 2316 2278 Vll

1676 2297 1728 2323 355
1748 2296 1782 2322 67
1801 2310 1835 2315 —-
1853 2299 2048 2330 persequuntur
2066 2296 2198 2323 Christum
2221 2297 2316 2323 verita-

1676 2344 1729 2367 tem
1748 2348 1778 2367 ex
1797 2341 1958 2373 malignitate
1976 2344 2002 2366 et
2019 2341 2118 2366 invidia
2138 2342 2171 2367 Vl
2190 2342 2243 2367 615
2263 2341 2273 2366 1

1728 2386 1816 2411 11111115
1833 2399 1869 2405 -
1890 2385 2017 2417 Voluptas
2041 2388 2210 2417 comparatur
2235 2387 2314 2412 hamo

1676 2431 1707 2456 Vl
1727 2430 1761 2456 76
1781 2437 1807 2456 v.
1828 2430 1860 2455 12

1728 2475 1832 2500 Hsnocn
1849 2488 1884 2493 -—
1904 2474 2088 2506 interpretatur
2115 2474 2245 2500 dedicatio
2271 2474 2314 2500 Vll

1675 2519 1709 2545 88
1729 2519 1763 2544 63
1783 2533 1818 2538 —
1835 2519 1933 2544 virtute
1952 2518 1997 2544 Dei
2017 2519 2156 2544 translatus
2168 2521 2207 2544 est
2220 2519 2246 2544 in
2259 2525 2315 2545 cae-

1674 2564 1728 2589 lum
1749 2563 1781 2589 Vl
1801 2563 1853 2588 620
1871 2570 1897 2588 ν.
1918 2562 1951 2587 17

1728 2608 1871 2633 Heni-:mus
1890 2621 1924 2626 —
1943 2607 2074 2633 Possessio
2100 2607 2250 2634 hereditatis
2275 2611 2314 2634 est

1675 2652 1822 2684 praemium
1851 2651 2012 2683 promissum
2041 2651 2212 2685 sequentibus
2240 2651 2314 2678 Chri-

1674 2699 1743 2723 stum
1762 2696 1796 2721 Vt
1816 2695 1868 2721 585
1888 2696 1920 2721 10

1727 2741 1845 2765 lienem-:s
1871 2753 1906 2759 —
1933 2740 2118 2772 interpretatur
2146 2740 2261 2771 glorians
2285 2741 2313 2766 in

1674 2784 1786 2817 pellibus
1805 2784 1847 2810 Vll
1861 2784 1914 2810 354
1931 2785 1965 2809 66
1978 2798 2014 2804 -
2026 2784 2148 2816 designat
2166 2784 2312 2817 superbum

1673 2832 1699 2855 et
1716 2828 1945 2861 vanegloriosum,
1970 2828 2017 2862 qui
2041 2828 2166 2860 gloriatur
2185 2829 2211 2854 in
2230 2832 2312 2855 osten-

1673 2873 1770 2899 tatione
1796 2873 1953 2899 exteriorum
1981 2879 2093 2905 operum
2118 2875 2144 2898 et
2167 2872 2311 2900 verborum

1672 2917 1734 2944 ibid.

1724 2976 1760 2980 —
1778 2961 1881 2994 primus
1900 2961 1947 2986 fuit
1966 2961 2064 2993 malus,
2083 2961 2214 2987 secundus
2227 2962 2311 2994 peior,

1673 3006 1763 3032 tertius
1780 3005 1912 3038 pessimus
1932 3005 1975 3030 Vll
1988 3005 2040 3031 354
2054 3005 2088 3030 65
2101 3019 2136 3025 ·-
2149 3012 2242 3032 omnes
2255 3013 2311 3039 per-

1672 3050 1755 3076 secuti
1774 3052 1835 3075 sunt
1853 3048 1985 3075 Christum
2005 3049 2030 3074 in
2049 3049 2160 3076 diversis
2187 3050 2310 3082 statibus.

1672 3094 1720 3120 sed
1738 3095 1833 3119 frustra
1851 3092 1914 3119 ibid.

1725 3150 1760 3156 —
1780 3144 1827 3163 sua
1847 3137 1943 3163 malitia
1957 3137 2014 3163 vult
2026 3138 2193 3170 exstinguere
2210 3138 2311 3170 religio-

1689 3188 1731 3207 em
1760 3184 1910 3207 nascentem
1938 3181 1980 3207 Vll
2009 3181 2061 3207 354
2090 3182 2123 3207 66
2148 3196 2182 3200 -
2201 3185 2310 3214 propter

1671 3225 1796 3251 malitiam
1814 3228 1840 3251 et
1859 3225 2024 3251 dolositatem
2042 3225 2137 3251 dicitur
2156 3225 2244 3257 vulpis
2257 3225 2309 3251 355

1671 3270 1704 3295 67
1723 3283 1758 3289 —
1777 3269 1833 3295 eius
1852 3269 1949 3295 malitia
1962 3272 1988 3295 et
1999 3269 2123 3295 dolositas
2136 3276 2188 3294 non
2202 3275 2310 3301 praeva-

1670 3314 1704 3340 let
1722 3314 1866 3346 sapientiae
1884 3313 1979 3340 Christi
2003 3312 2066 3339 ibid.
2084 3327 2120 3333 —
2138 3312 2257 3339 Christus
2274 3315 2309 3339 at·

1670 3357 1761 3384 tribuit
1787 3358 1810 3384 ei
1838 3364 1936 3384 nomen
1963 3360 1989 3384 et
2007 3357 2194 3390 proprietatem
2220 3356 2309 3388 vulpis

1669 3402 1703 3429 ib.
1722 3403 1755 3428 68
