2476 3921
17 1691 158 1719 Lacrymandi

9 1718 114 1740 indefessa
122 1719 154 1740 in-

7 1745 95 1766 stantia.
137 1769 139 1771 ,

7 1772 157 1799 Lacr-ymarum

18 1804 159 1829 perseveran-

21 1828 59 1846 tra.

6 2261 103 2283 Obieclio
111 2262 152 2283 sol-

55 2289 118 2310 vilur.

72 2609 148 2631 Aliter.

6 2802 38 2824 Ad
48 2808 151 2825 veneran-

31 2829 58 2851 da
77 2830 150 2852 divina

31 2856 119 2878 iudicia.

891 203 1088 236 EXPOSITIO
1111 205 1344 239 THRENORUM
1367 207 1399 239 C.
1425 208 1457 240 ll.

177 292 338 328 lacrymas,
353 292 382 320 id
403 292 448 320 est
466 291 645 321 abundanter
659 292 688 321 et
709 292 851 321 ferventer
865 292 950 328 atque
971 292 1143 328 impetuose:

177 342 217 370 sic
237 342 311 370 enim
326 341 416 370 currit
431 341 544 370 torrens
565 341 594 369 et
611 341 718 377 quanto
743 341 834 369 currit
849 341 1049 377 impetuosius,
1061 341 1144 370 tanto

176 390 259 419 citius
270 389 435 424 exsiccatur,
447 390 522 426 quia,
534 390 641 429 quanto
651 390 776 426 gemitus
790 390 834 418 est
845 390 954 424 fortior,
967 390 1049 419 tanto
1059 390 1144 418 citius

175 440 258 468 venia
278 439 460 475 impetratur.
482 439 562 467 Unde
583 439 668 475 Hugo
689 439 722 468 de
737 439 836 468 sancto
850 439 964 468 Victore
977 438 1003 467 ¹:
1030 450 1045 464 <x
1059 439 1144 468 Recte

175 488 399 523 compunctionis
412 487 507 516 fervor
520 487 643 516 torrenti
657 487 855 523 comparatur,
870 488 950 524 quia,
965 487 1073 524 quanto
1087 496 1143 516 ma-

175 537 217 566 ior
231 537 276 565 vis
296 537 401 565 doloris
416 537 445 565 in
466 536 679 573 compunctione
702 537 801 571 fuerit,
824 537 906 566 tanto
925 537 1025 571 citius,
1047 537 1145 566 divina

175 585 367 615 consolatione
394 586 627 621 superveniente,
649 586 808 622 pertransit
832 598 860 614 ».
889 587 1015 615 Torrens
1040 586 1142 620 etiam,

175 635 242 671 quia
256 635 300 663 est
320 643 395 670 aqua
408 634 552 669 hiemalis,
575 635 732 671 significat,
754 636 828 671 quod
842 636 984 672 lacrymae
999 635 1068 664 sunt
1082 635 1143 663 tan-

175 683 237 712 tum
259 684 418 720 praesentis
446 684 598 720 temporis;
621 684 827 721 Apocalypsis:
855 695 869 709 ‹<
884 684 1041 721 Absterget
1066 684 1143 713 Deus

175 740 286 761 omnem
306 732 461 769 lacrymam
476 745 505 760 ».
521 733 585 761 Per
605 733 681 762 diem
695 735 723 762 et
742 735 870 770 noctem,
886 734 914 761 id
935 733 980 761 est
994 733 1141 768 continue,

174 782 220 810 vel
229 790 285 817 per
305 781 395 818 diem,
411 782 530 818 propter
544 783 692 818 peccantes
707 791 740 811 ex
755 782 961 819 prosperitate3
977 784 1005 811 et
1017 784 1142 818 noctem,

174 830 293 866 propter
314 831 463 866 peccantes
477 839 511 859 ex
531 831 715 860 adversitate.
730 831 798 866 Vel,
815 840 874 868 per
894 832 970 860 diem
984 833 1012 860 et
1031 833 1144 860 noctem

174 879 279 908 diversi
299 880 395 908 status
413 880 617 916 intelliguntur
637 881 877 917 compunctionis;
900 881 991 916 primo
1011 881 1086 909 enim
1100 880 1144 909 af-

174 927 234 956 ficit
255 928 378 957 mentem
399 929 550 957 vehemens
578 930 708 958 taedium
735 930 933 958 detestationis
955 930 1078 966 peccati,
1099 929 1143 958 de-

173 977 238 1005 inde
267 977 412 1014 glaudium
442 979 600 1007 immissum
628 979 770 1008 unctionis
798 979 922 1015 Spiritus
950 979 1051 1008 sancti.
1072 979 1144 1008 San-

174 1026 238 1064 ctus
256 1021 458 1056 'Bernardus21
480 1039 494 1053 ‹<
509 1027 532 1056 O
553 1028 624 1057 bone
645 1028 727 1063 Iesu,
750 1029 774 1057 si
795 1029 855 1057 tam
870 1029 950 1058 dulce
965 1030 1009 1058 est
1023 1029 1090 1058 flere
1108 1029 1142 1058 de

174 1076 216 1111 te,
232 1085 317 1112 quam
331 1077 411 1105 dulce
432 1077 477 1105 est
490 1077 613 1113 gaudere
625 1077 668 1106 de
683 1077 711 1106 te
726 1089 740 1104 »
751 1078 764 1105 P
784 1078 846 1106 Per
860 1080 972 1106 noctem
994 1078 1143 1115 lacrymas

175 1125 291 1155 deducit
310 1127 359 1162 qui
380 1127 515 1155 moeroris
543 1126 668 1158 taedium
695 1127 878 1163 lacrymando
904 1128 1062 1164 aggravat,
1087 1136 1143 1163 per

174 1173 250 1202 diem
272 1174 419 1211 lacrymas
440 1174 554 1203 deducit
581 1176 630 1212 qui
651 1175 717 1211 post
737 1176 895 1205 devotionis
915 1177 1057 1205 laetitiam
1081 1177 1144 1205 ani-

173 1232 250 1252 mam
270 1224 300 1252 in
331 1223 457 1253 moerore
488 1224 594 1253 servat.
616 1225 677 1254 Hoc
702 1225 804 1254 idcirco
836 1226 954 1260 dicitur,
987 1227 1054 1262 quia
1075 1226 1144 1255 sunt

179 1284 194 1298 a<
207 1273 353 1308 nonnulli,
380 1274 429 1310 qui
457 1274 523 1310 post
543 1274 684 1311 lacrymas
713 1283 764 1310 per
794 1276 907 1303 inanem
938 1275 1079 1304 laetitiam
1113 1274 1147 1304 se'

174 1322 350 1357 dissolvunt,
373 1323 402 1351 et
423 1324 489 1359 quia
503 1332 551 1352 cor
572 1332 655 1352 suum
675 1325 705 1352 in
727 1332 852 1353 moerore
867 1325 1084 1360 perseveranter
1104 1325 1143 1353 te-

173 1380 240 1400 nere
253 1372 418 1408 negligunt,
444 1373 579 1409 quidquid
600 1373 823 1409 compunctionis
838 1373 964 1409 tempore
986 1374 1142 1403 obtinuisse

174 1421 321 1457 poterant,
337 1421 470 1457 perdunt.
485 1422 593 1451 Idcirco
613 1422 696 1451 valde
710 1423 900 1451 necessarium
922 1423 979 1457 est,
1000 1423 1047 1457 ut,
1063 1423 1143 1459 post-

174 1479 259 1506 quam
284 1471 508 1506 compunctionis
538 1470 634 1507 gratia
655 1471 778 1499 mentem
809 1480 826 1499 a
851 1479 976 1500 moerore
1008 1472 1141 1507 erexerit,

174 1518 294 1548 sollicite
314 1520 462 1554 caveatur,
484 1528 519 1548 ne
539 1520 614 1548 hanc
634 1519 814 1555 postmodum
836 1528 887 1548 sua
908 1520 1013 1548 lenitas
1028 1529 1078 1556 per
1092 1521 1142 1548 im-

173 1569 348 1598 moderatam
368 1569 508 1597 laetitiam
526 1569 678 1603 dissolvat,
700 1577 846 1605 nunquam
861 1578 922 1598 eam
937 1569 1053 1605 pristini
1067 1578 1142 1598 moe-

173 1619 246 1647 roris
266 1618 394 1647 custodia
415 1618 594 1654 derelinquat
608 1630 636 1646 ».

252 1667 302 1696 38.
324 1667 469 1703 Sequitur:
485 1668 557 1697 Nori
571 1667 619 1700 des
633 1668 762 1703 requiem
783 1668 849 1703 tibi,
872 1668 901 1696 111
916 1667 987 1696 fletu
1001 1668 1141 1704 paulatim

172 1717 352 1753 tepescendo:
374 1717 518 1753 requiem,
532 1717 638 1753 inquit,
660 1718 795 1745 moeroris
810 1717 1018 1751 enervativam,
1041 1718 1086 1746 vel
1101 1718 1141 1746 in-

172 1766 379 1802 terruptivam;
395 1767 453 1800 vel,
478 1767 508 1794 in
528 1766 581 1795 hoc
595 1767 721 1802 corporis
741 1766 856 1795 afflictio
876 1767 1020 1795 indicitur.
1034 1783 1075 1787 —
1088 1767 1141 1795 Sed

172 1824 224 1852 pro
238 1815 323 1844 tertio
339 1816 482 1852 sequitur:
499 1816 542 1844 Et
561 1824 622 1844 uon
643 1817 750 1852 taceat,
770 1815 798 1843 id
819 1815 863 1844 est
884 1824 1030 1852 nunquam
1051 1816 1142 1845 cesset

172 1865 340 1901 lacrymari3
357 1864 481 1901 pupilla
502 1865 580 1893 oculi
602 1865 662 1900 tui,·
683 1865 824 1901 lacrymae
844 1866 918 1893 enim
939 1865 1089 1894 continuae
1103 1866 1141 1894 lo-

171 1914 299 1950 quuntur
317 1915 346 1942 in
361 1914 478 1942 auribus
498 1914 563 1949 Dei;
578 1914 652 1942 unde
666 1914 800 1942 Psalmus
812 1912 837 1942 ³:
858 1925 872 1939 «
884 1914 1010 1943 Auribus
1030 1915 1141 1950 percipe

169 1963 311 2000 lacrymas
326 1972 403 1992 meas
419 1975 430 1988 u
444 1973 451 1997 3
468 1964 549 1999 quasi
563 1963 653 1992 dicat:
670 1963 724 2004 etsi
738 1962 832 1991 taceat
847 1963 960 1999 lingua,
974 1971 1032 1992 non
1047 1963 1142 1992 taceat

170 2013 294 2049 pupilla,
316 2021 350 2041 ex
371 2021 427 2048 qua
449 2012 493 2041 est
520 2012 693 2049 impetrandi
720 2012 853 2041 efficacia.
875 2012 913 2040 Et
934 2012 986 2041 hoc
1007 2012 1048 2041 ad
1068 2012 1141 2041 litte-

170 2071 235 2091 ram
255 2062 429 2098 intelligitur
451 2060 484 2090 de
505 2070 610 2098 magna
631 2061 765 2090 effusione
785 2062 976 2097 lacrymarum
998 2062 1027 2090 in
1049 2062 1141 2097 pupil-

169 2112 243 2145 lam,
265 2111 314 2146 ut,
337 2111 404 2139 dum
435 2111 464 2139 id
490 2111 564 2147 quod
585 2110 715 2139 tenerum
736 2110 793 2145 est,
815 2110 969 2147 affligitur,
992 2110 1076 2139 citius
1104 2111 1140 2139 ad

170 2160 390 2189 misericordiam
405 2160 497 2195 pietas
511 2160 611 2188 iudicis
628 2159 801 2188 inflectatur.
816 2159 867 2187 Vel
876 2177 888 2192 ,-
905 2159 1016 2195 pupilla
1037 2159 1139 2188 intima

170 2209 281 2239 devotio
302 2209 406 2237 mentis
432 2209 614 2245 intelligitur.
642 2208 697 2237 Vel·
722 2208 891 2245 alleyorice,
915 2208 1026 2244 pupilla
1046 2208 1139 2237 Eccle-

170 2259 228 2287 siae
249 2259 304 2287 viri
319 2259 411 2287 sancti
432 2258 461 2287 et
475 2258 640 2294 spirituales
661 2257 873 2294 intelliguntur.
888 2274 928 2277 —
943 2257 1001 2286 Sed
1021 2259 1139 2286 eontra:

169 2307 282 2337 videtur
303 2308 464 2345 praecipere
491 2307 681 2343 impossibile;
708 2307 805 2335 nullus
831 2306 1026 2342 enimpotest
1052 2306 1138 2335 conti-

168 2365 224 2385 nue
238 2357 377 2393 pupillam
399 2357 534 2393 affligere.
546 2373 586 2376 —
600 2356 779 2392 Respondeo:
801 2356 880 2384 Illud
901 2355 1073 2391 intelligitur
1088 2356 1137 2384 sic-

168 2406 202 2434 ut
222 2406 295 2434 illud
316 2405 485 2442 Apostoli⁴:
512 2417 526 2431 «
546 2406 609 2434 Sine
635 2405 844 2434 intermissione
872 2405 951 2433 orate
966 2416 993 2439 >›‚
1016 2404 1045 2433 et
1066 2405 1137 2433 illud

169 2455 296 2484 Domini:
324 2455 473 2491 «Oportet
499 2463 610 2490 semper
635 2463 716 2483 orare
742 2454 770 2482 et
795 2462 852 2482 non
877 2453 993 2482 deficere
1015 2465 1043 2481 ».
1073 2453 1137 2482 Hoc

169 2504 243 2532 enim
263 2504 308 2532 est
321 2512 431 2539 semper
451 2505 479 2531 et
491 2503 553 2532 siue
568 2503 780 2531 intermissione
795 2510 896 2538 orare,
912 2502 1021 2530 nullam
1036 2502 1135 2530 horam

169 2553 290 2582 orationi
312 2553 435 2581 debitam
457 2552 704 2588 praetermittere3
726 2552 754 2580 et
775 2552 827 2581 hoc
856 2552 987 2580 similiter
1009 2552 1053 2580 est
1073 2560 1135 2580 con-

169 2603 248 2631 tinue
262 2602 383 2638 plorare.
396 2619 436 2622 -
446 2602 540 2630 Aliter
555 2602 717 2637 responderi
733 2601 840 2637 potest,
857 2602 922 2637 quia
937 2609 1023 2637 super
1044 2601 1133 2629 illud:

169 2652 241 2681 Nori
262 2651 311 2680 des
331 2651 475 2687 requiem,
498 2650 599 2679 Glossa
614 2650 641 2678 ⁵:
669 2661 682 2675 «
696 2650 811 2679 Modum
831 2650 1007 2685 lacrymandi
1028 2650 1135 2686 tempe-

169 2701 243 2729 rat»
257 2722 264 2735 ,
285 2701 367 2737 quasi
387 2700 481 2729 dicat:
503 2708 559 2729 non
581 2699 641 2728 tam
661 2700 802 2736 lacrymas
823 2700 943 2735 impero,
966 2707 1051 2735 quam
1073 2707 1134 2728 con-

169 2749 279 2778 tinuam
300 2749 477 2778 devotionem
497 2749 619 2784 impono.
1073 2773 1076 2776 .

249 2798 298 2826 39.
321 2799 414 2835 (Vers.
443 2797 514 2835 19.).
546 2798 633 2826 Corn.
662 2796 811 2833 C'ortsurye
842 2797 895 2825 etc.
927 2797 981 2825 Hic
1012 2797 1133 2826 secundo

168 2848 302 2877 hortatur
323 2848 360 2876 ad
380 2848 543 2877 veneranda
564 2847 664 2875 divina
685 2846 804 2875 iudicia.
831 2846 993 2883 Consurye,
1008 2847 1089 2876 corde
1104 2847 1133 2875 et

199 3015 204 3019 ,
241 2990 250 3005 “
270 2991 502 3017 Adnotatiunculae
520 2991 546 3016 in
567 2991 700 3023 Threnos,
719 2990 745 3016 in
765 2992 835 3017 hunc
854 2992 951 3017 locum.
965 3006 1001 3012 —
1014 2993 1138 3025 Sequitur

168 3027 251 3076 Αροοᾷ
269 3026 431 3088 ἶὲἷῃέᾗωιίο
451 3062 476 3087 in
495 3062 644 3094 passionem
663 3061 772 3095 Christi,
791 3069 818 3088 n.
832 3063 856 3088 3.
871 3063 949 3096 (inter
961 3063 1069 3097 Opera).
1084 3063 1137 3090 Csr.

169 3097 434 3159 lslcualssn‘galtgsctm'c'i'tc'
454 3098 481 3123 6.
501 3105 525 3123 n.
544 3095 571 3123 7.
590 3112 625 3117 —=
644 3098 717 3131 Quae
741 3102 889 3131 sequuntur
907 3103 995 3125 sumta
1020 3103 1081 3125 sunt
1106 3107 1137 3125 ex

212 3140 365 3207 88’1)331111.
384 3153 433 3201 δὲ,
455 3169 495 3194 13.
514 3182 550 3188 -
570 3169 655 3208 Supra
680 3176 729 3201 pro
752 3168 863 3204 afflictio
888 3169 1019 3197 indicitur
1039 3170 1085 3203 (ita
1104 3171 1136 3204 A)

168 3202 189 3227 B
207 3202 487 3266 asasztagstinqugcltlvggg
504 3204 863 3267 ἓθιιιξῇιᾏοέξξιᾱᾎηῖῗέαᾝὸ
898 3241 907 3266 4

240 3272 252 3288 ⁶
269 3246 457 3301 laeter-linearis
476 3259 549 3307 a'pud
567 3259 701 3307 Ly’ranum
715 3276 742 3302 in
754 3260 825 3302 hunc
838 3260 941 3302 loc’uin:
959 3286 970 3299 κ
983 3277 1089 3302 Modum
1102 3277 1137 3302 lo—

169 3310 305 3341 crymandi
325 3309 486 3337 determinat
497 3319 527 3343 »;
547 3314 573 3337 et
592 3311 618 3337 in
636 3311 796 3338 ordinaria:
814 3322 826 3334 τι
838 3313 881 3338 Est
893 3316 981 3338 autem
996 3313 1088 3338 oculus
1102 3313 1136 3337 in-

169 3345 258 3376 terior,
282 3346 331 3378 qui
348 3346 382 3371 ad
406 3346 492 3372 Deum
510 3347 601 3379 stillat,
620 3347 691 3373 unde
710 3347 822 3373 exterior
840 3348 1091 3379 conlacrymatur25
1110 3351 1136 3373 et

166 3380 247 3413 paulo
266 3383 340 3407 ante:
362 3391 375 3404 α
388 3381 488 3413 Pupilla
507 3382 574 3408 oculi
594 3385 619 3408 et
636 3385 694 3408 orat
718 3385 744 3409 et
761 3383 899 3415 impetrat,
918 3386 1076 3415 compuncta
1098 3382 1137 3408 di-

2111 214 2173 247 635

1210 301 1309 329 opere,
1331 303 1488 332 consurye,
1505 298 1589 326 simul
1604 306 1665 326 cum
1688 300 1751 327 aliis
1774 309 1874 336 surge3
1899 301 2005 337 lauda,
2027 302 2123 331 divina
2137 304 2175 331 iu-

1209 342 1295 376 dicia,
1317 344 1351 371 in
1371 346 1467 381 nocte,
1489 345 1517 373 id
1538 346 1583 374 est
1603 347 1632 375 in
1654 348 1844 383 adversitate,
1867 358 1922 378 non
1944 351 2035 379 solum
2062 352 2091 379 in
2114 360 2175 387 pro-

1209 391 1359 426 speritate,
1382 393 1456 421 sicut
1486 394 1547 428 ille,
1569 395 1603 423 de
1634 404 1688 431 quo
1719 397 1748 425 in
1769 397 1920 427 Psalmo⁵:
1952 410 1966 423 ε
1987 399 2174 428 Confitebitur

1209 440 1275 474 tibi,
1296 449 1360 470 cum
1381 442 1550 472 benefeceris
1571 445 1595 472 ei
1610 455 1642 478 »3
1665 445 1712 473 sed
1734 446 1807 474 sicut
1821 447 1924 475 dicitur
1945 448 1974 476 in
1996 448 2063 477 Iob:
2091 461 2105 474 ‹
2120 449 2174 477 Ubi

1208 489 1255 534 est
1274 489 1364 524 Deus,
1386 491 1435 527 qui
1456 491 1522 519 fecit
1542 501 1601 526 me,
1623 494 1671 529 qui
1693 494 1769 522 dedit
1790 496 1915 524 carmina
1937 497 1965 524 in
1987 497 2068 526 nocte
2084 509 2116 531 ι,
2142 499 2173 526 in

1204 538 1356 574 principio
1376 540 1557 576 viqiliarum.
1580 541 1707 575 Qnatuor
1730 544 1812 571 erant
1834 545 1965 580 vigiliae:
1993 546 2085 581 prima
2110 547 2173 575 dici-

1208 587 1257 615 tur
1277 588 1485 623 conticinium;
1505 590 1641 624 secunda,
1657 591 1880 626 intempestum,·
1902 594 2000 627 tertia,
2014 594 2091 630 yalli
2105 603 2174 624 cart-

1209 637 1274 671 tus,·
1294 637 1411 672 quarta,
1445 638 1674 673 antelucanum
1695 649 1814 675 quarum
1836 642 1978 676 quaelibet
2003 643 2089 672 habet
2115 645 2173 673 tres

2200 545 2294 571 Quatuor
2311 545 2339 565 vi-

2219 571 2290 597 gillae.

1207 685 1302 714 horas.
1323 686 1359 714 In
1381 687 1474 722 prima
1495 687 1624 716 solebant
1645 689 1764 724 vigilare
1786 691 1880 725 pueri,
1913 692 1940 719 in
1968 693 2089 721 secunda
2109 694 2173 723 ado-

1183 765 1185 768 ,
1206 734 1357 768 lescentes,
1379 735 1408 763 in
1430 735 1517 764 tertia
1536 736 1664 769 iuvenes,
1686 738 1714 764 in
1736 738 1839 773 quarta
1854 747 1943 767 senes.
1966 740 2006 767 Iri
2024 742 2172 777 principio

1206 782 1296 819 igitur
1316 782 1417 812 harum
1438 784 1610 820 viyiliarum
1631 793 1802 821 consuryere
1823 787 1867 815 est
1898 789 1926 816 in
1954 789 2086 825 lacrymis
2115 799 2173 826 per—

1208 832 1334 861 nectare.

1287 882 1471 912 Moraliter:
1497 883 1537 911 Iri
1551 884 1702 919 principio
1711 879 1848 921 'visqilare
1868 886 1912 914 est
1937 895 1954 914 a
1976 888 2098 923 pueritia
2112 890 2172 927 1711·-
2187 889 2266 920 sensui
2281 896 2324 911 ¹110·

1207 931 1280 959 tutis
1301 931 1395 960 studio
1415 931 1576 967 inhaerere;
1597 933 1752 962 Proverbia
1764 933 1788 962 ⁷:
1816 945 1829 959 «ε
1844 934 1897 968 Qui
1912 944 1993 964 mane
2011 937 2172 973 vigilaverit
2228 917 2284 937 '⁸¹¹⁵'

1206 980 1242 1008 ad
1264 989 1308 1009 me
1334 981 1459 1009 inveniet
1483 990 1526 1010 me
1540 993 1569 1009 n.
1591 982 1656 1016 Vel,
1672 983 1881 1019 spiritualiter,
1905 985 1996 1020 prima
2017 986 2114 1021 vigilia
2128 987 2173 1014 est

1206 1030 1386 1066 contemptus
1405 1031 1526 1065 mundi,·
1548 1030 1678 1059 Cantica:
1706 1043 1719 1056 «
1734 1032 1794 1068 Ego
1816 1032 1922 1062 dormio
1937 1045 1970 1067 »,
1992 1034 2028 1062 ab
2048 1036 2174 1071 implica-

1207 1078 1332 1107 tionibus
1354 1079 1461 1108 scilicet
1487 1080 1593 1108 mundi.
1626 1080 1664 1108 Et
1689 1081 1824 1115 secunda,
1856 1083 2014 1111 maceratio
2042 1086 2174 1120 corporis

1201 1128 1342 1163 proprii;
1363 1128 1594 1157 Ecclesiasticus:
1622 1140 1636 1154 α
1657 1129 1763 1165 Vigilia
1788 1130 1948 1159 honestatis
1975 1140 2074 1161 carnes
2099 1134 2173 1162 tabe—

1205 1176 1290 1205 faciet
1301 1188 1330 1205 ».
1345 1177 1457 1211 Tertia,
1479 1178 1648 1206 exercitium
1661 1179 1823 1214 virtutum;
1843 1180 2073 1210 Ecclesiasticus:
2093 1194 2108 1207 (
2120 1183 2173 1211 Cor

1207 1234 1290 1254 31111111
1310 1226 1391 1254 dabit
1410 1227 1440 1254 in
1455 1227 1726 1256 consummationem
1741 1236 1859 1264 operum
1881 1229 1909 1257 et
1924 1230 2037 1266 vigilias
2051 1231 2174 1260 armabit

1206 1275 1236 1303 in
1248 1274 1448 1311 profectionem
1459 1287 1488 1303 ».
1501 1275 1619 1310 Quarta,
1632 1276 1807 1305 desiderium
1819 1278 2005 1306 aeternorum
2017 1279 2158 1308 bouorwm
2165 1290 2174 1314 ;

1206 1324 1421 1353 Ecclesiasticus
1438 1323 1464 1352 ⁸:
1492 1336 1506 1349 α
1521 1324 1574 1359 Qui
1595 1326 1697 1361 vigilat
1717 1326 1754 1354 ad
1775 1334 1839 1354 enm
1859 1327 1984 1356 inveniet
2006 1328 2174 1358 benedictio-

1205 1381 1270 1401 nem
1290 1373 1369 1401 illius
1389 1384 1422 1408 »;
1444 1373 1615 1402 Proverbia:
1643 1385 1657 1399 <1
1672 1374 1779 1403 Beatus
1811 1376 1869 1409 vir,
1892 1377 1940 1412 qui
1972 1377 2052 1405 audit
2072 1386 2115 1406 me
2143 1379 2172 1407 et

1205 1423 1254 1458 qui
1275 1422 1378 1458 vigilat
1392 1433 1406 1448 »
1433 1423 1487 1452 etc.
1502 1440 1542 1443 —
1555 1423 1608 1452 Vel
1631 1425 1723 1459 prima
1744 1424 1856 1461 vigilia,
1871 1425 1984 1454 malum
2006 1435 2173 1462 ayrioscere;

1206 1472 1341 1506 secunda,
1362 1472 1511 1508 cognitam
1538 1472 1695 1508 detestari;
1716 1471 1816 1508 tertia',
1843 1474 1879 1502 ad
1905 1475 2012 1503 bonum
2032 1484 2061 1504 se
2083 1478 2173 1504 exten-

1205 1520 1292 1555 dere,·
1317 1519 1435 1556 quarta,
1468 1521 1575 1550 bonum
1606 1523 1790 1551 continuare.
1813 1523 1869 1552 Pro
1890 1523 1935 1552 his
1962 1525 2084 1560 quatuor
2111 1526 2174 1554 dici—

1205 1569 1254 1598 tur
1274 1569 1377 1606 quater
1397 1570 1427 1598 in
1449 1570 1574 1599 Oanticis
1586 1569 1611 1598 ⁹:
1639 1582 1653 1596 ‹<
1668 1571 1835 1606 Revertere,
1857 1573 1998 1602 revertere
2014 1586 2027 1599 n
2057 1574 2110 1603 etc.
2135 1591 2175 1595 —

1204 1618 1257 1647 Vel
1278 1618 1358 1647 iuxta
1382 1618 1526 1648 litteram:
1548 1620 1587 1648 In
1606 1620 1754 1656 principio
1781 1621 1956 1657 viyiliar‘wm
1983 1631 2100 1659 surgere
2131 1625 2175 1652 est

1203 1668 1234 1696 in
1254 1668 1452 1697 ecclesiasticis
1473 1669 1579 1705 vigiliis
1608 1670 1731 1705 priorem
1752 1679 1830 1705 esse3
1859 1671 2008 1700 Psalmus:
2036 1684 2050 1697 α
2065 1674 2175 1702 Antici-

1205 1717 1348 1753 paverunt
1368 1718 1482 1754 vigilias
1503 1718 1576 1747 oculi
1596 1720 1690 1747 mei».

1284 1766 1334 1795 40.
1355 1766 1504 1803 Sequitur:
1533 1766 1683 1803 Effunde;
1703 1768 1749 1797 hic
1769 1769 1904 1798 hortatur
1931 1770 1968 1798 ad
1988 1770 2175 1806 impetranda
2186 1773 2261 1821 mugla
2273 1773 2339 1821 Ἓξ]

1205 1815 1306 1843 diviua
1321 1816 1486 1850 praesidia.
1507 1815 1652 1852 Effwnde,
1674 1817 1783 1853 inquit,
1798 1818 1876 1846 sicut
1889 1826 1998 1854 aquam
2019 1827 2069 1847 cor
2092 1821 2174 1848 tuum
2186 1826 2337 1854 napi-auidis.

1205 1865 1273 1892 ante
1293 1866 1477 1900 conspectum
1498 1865 1638 1900 Domini;
1658 1866 1735 1894 sicut
1755 1875 1865 1902 aquam
1886 1875 1935 1895 eor
1962 1867 2109 1901 effundere
2129 1870 2174 1897 est

1204 1921 1238 1941 ex
1259 1913 1360 1942 intimo
1381 1913 1523 1950 lacrymas
1545 1915 1707 1949 producere.
1728 1914 1938 1944 Effundendum
1959 1916 2003 1944 est
2023 1916 2057 1946 ut
2078 1925 2172 1952 aqua,

1204 1970 1261 1991 non
1294 1962 1367 1991 sicut
1399 1963 1507 1997 oleum,
1530 1963 1604 1999 quod
1635 1963 1755 1992 effusum
1787 1964 1923 2001 relinquit
1954 1965 2171 2002 pinguedinem;

1204 2011 1290 2046 item,
1312 2020 1369 2041 non
1391 2012 1465 2040 sicut
1486 2013 1556 2047 mel,
1578 2003 1652 2048 quod
1673 2012 1792 2041 effusum
1820 2014 1957 2050 relinquit
1978 2014 2170 2049 dulcedinem;

1203 2060 1288 2095 item,
1310 2069 1367 2089 non
1389 2061 1462 2089 sicut
1484 2062 1595 2095 vinum,
1617 2062 1691 2098 quod
1712 2062 1848 2098 relinquit
1869 2063 1997 2097 odorem3
2019 2072 2070 2093 nec
2098 2065 2171 2092 sicut

1203 2110 1263 2144 lac,
1286 2110 1360 2146 quod
1375 2110 1511 2146 relinquit
1524 2110 1661 2145 colorem;
1683 2110 1732 2139 sed
1753 2111 1826 2139 sicut
1840 2119 1952 2147 aquam.
1967 2111 2033 2146 Vel,
2055 2112 2170 2147 effunde

1202 2159 1280 2187 sieut
1301 2168 1427 2195 aquam,
1449 2168 1521 2195 quae
1536 2159 1599 2187 fluit
1613 2159 1649 2188 ad
1670 2160 1830 2189 inferiorem
1843 2160 1936 2189 locum
1951 2161 1980 2189 et
2001 2170 2052 2197 per
2066 2162 2168 2191 totum.

1202 2224 1242 2228 ——
1261 2208 1314 2236 Vel
1335 2208 1425 2242 certe,
1447 2208 1525 2236 istud
1546 2209 1582 2236 ad
1609 2209 1755 2244 superiora
1774 2208 1873 2237 referri
1894 2210 2005 2245 posset3
2026 2219 2074 2240 cor
2093 2208 2262 2247 emmelim.

2193 1426 2269 1449 Aliter.

1202 2257 1283 2292 quasi
1298 2265 1372 2293 aqua
1393 2257 1561 2291 effunditur,
1577 2257 1689 2293 quando
1703 2258 1795 2286 omnis
1815 2258 1852 2286 ab
1866 2266 1897 2287 eo
1919 2267 2020 2287 sensus
2034 2261 2168 2295 proprius

1201 2306 1384 2339 diminuitur,
1407 2306 1518 2341 quando
1540 2306 1631 2334 oratio
1651 2306 1755 2334 divinis
1783 2298 1893 2335 iudiciis
1914 2307 2110 2343 configuratur
2137 2309 2167 2336 et

1201 2355 1411 2389 substernitur;
1433 2355 1567 2383 Psalmus
1579 2354 1617 2383 ¹⁰:
1637 2366 1652 2380 α
1667 2355 1805 2384 Paratum
1819 2364 1867 2384 cor
1887 2364 1979 2384 meum
1994 2356 2071 2385 Deus
2085 2368 2113 2385 ιο.
2128 2374 2169 2378 -

1200 2405 1280 2433 Lesa
1301 2404 1342 2432 ad
1361 2412 1426 2432 eum
1447 2413 1554 2433 manus
1576 2406 1655 2440 tuas,
1682 2405 1719 2433 ad
1738 2404 1867 2441 litteram
1895 2414 1928 2434 ex
1949 2405 2066 2434 affectus
2087 2406 2167 2435 vehe-

1200 2453 1321 2487 mentia,
1344 2455 1377 2481 ut
1399 2453 1532 2482 ostendas
1552 2453 1581 2482 te
1602 2454 1707 2483 auidlio
1728 2454 1854 2490 indigere
1875 2454 1904 2482 et
1924 2462 1981 2483 non
2002 2455 2032 2483 in
2054 2454 2112 2483 tuis
2128 2452 2167 2484 'vi-

1200 2503 1294 2536 ribus,
1317 2502 1365 2531 sed
1386 2503 1415 2531 111
1437 2503 1489 2531 Dei
1511 2503 1685 2538 protectione
1714 2503 1869 2538 confidere:
1898 2504 1990 2539 prima
2021 2504 2058 2532 ad
2079 2504 2168 2533 Timo-

1199 2551 1313 2580 theum:
1341 2563 1355 2576 «
1370 2551 1511 2580 Levantes
1526 2559 1614 2587 puras
1634 2560 1737 2580 manus
1747 2563 1776 2580 ι.
1792 2552 1860 2586 Vel,
1877 2561 2027 2589 eonsurye,
2043 2561 2093 2588 per
2107 2561 2169 2582 con-

1199 2600 1360 2634 tritionem,
1377 2600 1508 2635 effunde,
1531 2609 1581 2636 per
1595 2600 1814 2635 confessionem,
1831 2601 1909 2637 leva,
1932 2610 1983 2637 per
1997 2601 2168 2630 satisfactio-

1199 2658 1272 2678 nem.
1294 2650 1357 2678 Pro
1379 2650 1481 2678 anima
1490 2649 1689 2685 parvulorum
1711 2651 1845 2686 tuorum,
1867 2650 1920 2679 hoc
1934 2643 2100 2686 dicit‚‘qnia
2114 2651 2169 2686 ipsi

1199 2699 1292 2735 puniti
1314 2699 1400 2727 etiam
1421 2699 1490 2727 sunt
1511 2698 1540 2727 et
1560 2699 1665 2728 mortui
1686 2699 1805 2736 propter
1820 2699 1936 2736 peccata
1950 2700 2065 2735 patrum
2080 2699 2109 2728 et
2123 2708 2169 2735 pa-

1198 2748 1311 2777 rentum
1333 2756 1458 2777 suorum.
1484 2748 1542 2785 Qui
1562 2747 1729 2782 defecerunt
1752 2747 1830 2782 fame
1852 2765 1892 2769 —
1912 2749 2023 2785 antiqui
2041 2748 2107 2777 libri
2121 2748 2168 2776 ha-

1197 2797 1265 2826 bent
1286 2798 1320 2826 in
1339 2796 1434 2833 fame,
1448 2797 1514 2825 libri
1529 2798 1595 2826 novi
1608 2797 1715 2826 habent
1730 2797 1782 2833 qui
1795 2796 1874 2831 fame
1883 2799 2011 2833 pereunt
2022 2796 2043 2811 ¹¹
2060 2813 2100 2817 ——
2114 2798 2168 2833 spi-

1197 2847 1341 2875 ritualiter
1353 2847 1541 2883 peccatorum.
1554 2846 1606 2881 Qui
1621 2847 1735 2883 parvuli
1750 2846 1871 2883 pereunt
1884 2846 1917 2875 in
1931 2846 2025 2882 capite
2039 2846 2168 2874 omnium

1202 2992 1262 3017 vina
1283 2991 1459 3023 inspiratione.
1480 2991 1526 3016 ista
1542 2992 1627 3015 tacere
1640 2996 1691 3014 non
1704 2988 1798 3020 debet,
1811 2988 1896 3014 donee
1907 2998 1919 3011 ι
1936 2991 1985 3013 etc.
1997 2988 2067 3013 Haec
2079 2991 2165 3013 sumta

1202 3031 1264 3053 sunt
1282 3034 1314 3053 ex
1334 3027 1471 3052 Paschasio
1490 3026 1516 3051 in
1536 3026 1606 3050 hunc
1624 3025 1722 3050 locum.

1272 3062 1284 3077 ⁶
1304 3063 1397 3088 psalm.
1417 3062 1464 3092 48,
1486 3061 1532 3092 ⁴93
1552 3060 1648 3086 deinde
1667 3059 1711 3085 lob
1731 3059 1779 3090 35,
1800 3058 1842 3084 10.
1860 3071 1896 3077 -
1915 3058 2000 3089 Supra
2014 3064 2063 3089 pro
2075 3056 2113 3083 ad
2124 3063 2164 3083 ve-

1201 3097 1325 3125 ner-anda
1346 3098 1365 3124 B
1383 3096 1420 3124 ad
1439 3095 1586 3123 laudanda.
1922 3128 1927 3132 ι
2101 3127 2106 3132 .
2130 3127 2135 3132 ι

1275 3133 1284 3149 ⁷
1304 3133 1369 3166 Cap.
1388 3134 1418 3164 8,
1440 3133 1485 3163 475
1505 3133 1652 3164 sequuntur
1670 3129 1742 3156 Cant.
1762 3129 1792 3159 5,
1813 3129 1842 3160 2;
1862 3128 1937 3153 Ecch.
1957 3127 2005 3158 31,
2025 3128 2048 3152 4.
2062 3130 2088 3153 et
2101 3126 2163 3153 1b1d.

1273 3203 1284 3218 ⁸
1303 3204 1366 3236 Cap.
1386 3204 1435 3235 32,
1456 3203 1503 3233 ⁴85
1522 3200 1617 3227 deinde
1637 3200 1713 3225 Prov.
1732 3199 1762 3228 8,
1783 3198 1824 3224 34.

1272 3238 1284 3253 ⁹
1302 3239 1367 3271 Cap.
1386 3239 1417 3270 6,
1438 3238 1486 3269 ⁴23
1506 3236 1602 3262 deinde
1620 3235 1661 3260 Ps:
1679 3234 1728 3264 76,
1747 3234 1772 3258 5.

1273 3274 1296 3289 ¹⁰
1315 3275 1408 3300 Psalm.
1428 3273 1477 3303 56,
1497 3273 1527 3303 8;
1546 3270 1664 3303 sequitur
1683 3270 1700 3295 Ι.
1719 3269 1787 3294 Tim.
1807 3269 1838 3299 2,
1858 3268 1884 3293 8.

1273 3310 1294 3325 ¹¹
1314 3311 1349 3336 lta
1368 3309 1430 3340 legit
1447 3308 1526 3333 etiam
1546 3307 1677 3338 Lyranus‚
1697 3304 1722 3330 in
1741 3304 1862 3335 margine
1874 3302 1974 3329 habens
1993 3302 2162 3337 defecerunt,-

1201 3347 1313 3378 Vulgata
1332 3344 1486 3378 defecerunt
1504 3341 1531 3368 in
1549 3341 1629 3375 fame.

1202 3171 1251 3201 38,
