2476 3921
737 198 932 232 COMMENT.
957 199 995 232 IN
1019 198 1258 233 EVANGELIUM
1282 200 1399 233 LUCAE
1424 201 1455 233 C.
1480 201 1567 234 XXII.

276 287 319 323 De
341 286 611 332 comprehensione
633 285 751 322 Christi
774 286 927 321 dicuntur
950 285 1020 321 duo.

253 395 408 437 Quoniam
431 397 539 427 autem
555 394 701 427 Christus
716 394 748 427 in
765 402 824 427 sua
839 391 1126 436 comprehensione

164 448 224 482 fuit
245 457 265 481 a
286 448 441 491 discipulo
464 447 626 491 proditus,
650 457 669 480 a
690 447 782 481 Petro
797 450 948 490 negatus;
966 446 1035 480 ideo
1051 456 1126 489 pars

163 501 223 535 ista
244 501 340 534 habet
361 501 460 541 duas,
484 501 516 534 in
540 510 679 543 quarum
702 500 806 543 prima
828 500 934 543 agitur
957 500 996 533 de
1027 500 1125 533 modo

163 553 457 598 comprehendendi
466 566 479 593 ;
507 554 539 587 in
568 554 724 593 secunda,
747 554 787 587 de
808 554 983 597 negatione
1008 553 1124 593 Petri,

163 608 206 641 ibi
220 608 254 640 ¹:
280 606 591 651 Comprehendentes
614 611 727 639 autem
751 616 846 645 eum,
871 606 1044 638 duoeerunt
1065 608 1124 638 616.

385 721 420 749 De
438 721 508 748 modo
526 720 757 756 comprehensionis
776 720 894 756 quatuor.

251 821 284 854 In
307 820 515 863 exprimendo
545 819 643 862 igitur
671 817 966 861 comprehendendi
987 818 1125 851 modum

162 877 300 917 quatuor
334 873 597 913 introducuntur,
634 872 752 905 scilicet
782 870 886 914 fraus
918 871 1124 914 proditoris,

161 927 256 961 zelus
290 926 533 969 discipulorum
546 951 557 965 ,
592 925 702 958 virtus
741 924 928 958 Salvatoris
964 927 995 957 et
1029 924 1126 957 dolus

162 980 377 1014 Iudaeorum.

252 1034 304 1066 60.
315 1033 416 1075 (Vers.
430 1033 509 1075 47.).
524 1032 626 1065 Primo
638 1031 734 1074 igitur
747 1034 903 1073 quantum
916 1030 954 1063 ad
966 1029 1125 1073 fraudem

8 1094 83 1143 Frffig
95 1099 144 1125 pro·
158 1087 343 1131 proditoris
366 1087 462 1120 dicit:
487 1085 607 1119 Adhuc
637 1095 673 1118 eo
697 1084 861 1128 loquente,
885 1083 924 1116 ad
955 1084 1126 1117 commoni-

85 1126 123 1142 ¹¹⁵
162 1141 278 1174 tionem
295 1140 538 1183 discipulorum3
563 1138 647 1172 unde
664 1137 809 1170 Matthaei
826 1137 977 1179 vigesimo
997 1138 1125 1170 sexto2:

167 1207 183 1224 «
201 1194 295 1234 Ecce,
319 1192 586 1236 appropinquavit
610 1192 704 1231 hora,
728 1194 760 1224 61
783 1190 878 1224 Filius
902 1191 1038 1224 hominis
1062 1194 1126 1224 tra-

161 1247 255 1281 detur
278 1247 310 1280 in
334 1255 448 1279 manus
471 1248 682 1288 peccatorum.
708 1243 848 1286 Surgite,
873 1252 1000 1283 eamus;
1033 1253 1124 1284 ecce,

162 1299 427 1344 appropinquavit
450 1299 505 1341 qui
521 1307 572 1331 me
596 1297 745 1330 tradet».
763 1315 805 1321 -
823 1297 856 1329 10
880 1297 930 1330 1115
953 1297 1059 1330 verbis
1076 1297 1126 1330 lu-

161 1354 217 1387 das
240 1352 437 1395 supervenit;
462 1351 546 1384 unde
570 1355 601 1384 et
618 1350 742 1383 subdit:
768 1351 865 1389 Ecce,
887 1350 1006 1389 turba,
1023 1350 1127 1394 etqui

160 1405 344 1439 vocabatur
368 1404 493 1442 Iudas,
518 1413 608 1436 unus
632 1403 671 1436 de
693 1403 886 1442 duodecim,
919 1403 1126 1436 antecedebat

161 1468 233 1498 eos,
259 1461 410 1500 tanquam
440 1456 509 1489 dux
541 1465 784 1498 perversorum;
809 1456 943 1489 Actuum
975 1456 1122 1498 primoss:

167 1525 183 1541 «
198 1511 343 1553 Oportet,
368 1509 491 1552 impleri
515 1509 729 1551 Scripturam,
754 1518 851 1551 quam
875 1509 1034 1551 praedixit
1058 1509 1125 1552 Spi-

161 1565 243 1598 ritus
266 1566 394 1597 sanctus
426 1571 482 1605 per
505 1571 541 1595 os
565 1562 664 1595 David
694 1562 733 1595 de
757 1562 849 1602 Iuda,
874 1556 942 1605 qui'
961 1562 1021 1595 fuit
1057 1562 1126 1595 dux

161 1626 272 1651 eorum
289 1616 343 1659 qui
360 1615 670 1658 comprehenderunt
687 1615 788 1649 lesum
802 1629 832 1648 ».
850 1615 918 1658 Ipse
937 1624 1013 1658 ergo
1028 1615 1122 1648 duxit

161 1680 215 1705 eos
230 1671 269 1704 ad
293 1671 413 1709 locum,
429 1668 604 1702 secundum
628 1669 706 1702 illud
723 1669 845 1702 loannis
861 1669 982 1702 decimo
998 1672 1125 1702 octavo:

168 1738 184 1754 ετ
199 1724 321 1758 Sciebat
344 1726 450 1756 autem
474 1725 506 1755 et
529 1721 634 1767 Iudas,
651 1722 706 1764 qui
724 1722 867 1755 tradebat
890 1731 979 1761 eum,
1004 1722 1126 1761 locum,

162 1777 237 1821 quia
259 1777 442 1819 frequenter
465 1773 551 1808 16505
575 1778 764 1808 convenerat
787 1775 862 1808 illuc
885 1784 959 1809 curn
991 1774 1128 1816 discipu-

162 1832 201 1865 lis
224 1831 290 1864 suis
307 1844 337 1862 ».
355 1829 478 1872 —lpse
502 1828 596 1862 etiam
613 1829 681 1862 dux
697 1829 757 1862 fuit
780 1829 819 1862 ad
839 1828 1025 1872 capiendum
1042 1827 1128 1861 Chri-

163 1887 247 1918 stum
257 1895 265 1923 ;
297 1882 381 1915 unde
413 1882 540 1915 subdit:
574 1883 614 1914 Et
645 1882 931 1926 appropinquavit
966 1882 1059 1920 Iesu,
1091 1883 1129 1913 ut

164 1936 374 1969 oscularetur
405 1945 499 1975 eum,
531 1934 571 1968 ad
601 1935 740 1968 dandum
771 1934 957 1978 proditionis
981 1934 1127 1976 signum;

166 1989 250 2022 unde
273 1988 418 2021 Matthaei
442 1988 594 2031 vigesimo
617 1989 752 2021 sexto⁴:
782 2001 798 2017 α
815 1988 874 2030 Qui
899 1986 1026 2020 tradidit
1054 1994 1127 2019 eum

164 2042 248 2075 dedit
283 2041 328 2074 eis
363 2041 506 2083 signum,
541 2040 669 2074 dicens:
704 2041 943 2082 Quemcumque
967 2038 1128 2071 osculatus

163 2096 269 2135 fuero,
293 2095 360 2137 ipse
383 2098 448 2134 est,
472 2097 576 2128 tenete
599 2103 673 2127 eum
686 2107 716 2126 ι).

255 2148 307 2180 61.
333 2147 435 2189 (Vers.
460 2147 539 2189 48..)
564 2148 626 2180 Hoc
650 2147 776 2190 signum
793 2155 867 2179 vere
890 2147 958 2178 erat
979 2143 1128 2187 prodito-

4 2202 278 2240 omniumemerz'um,
302 2201 377 2243 quia
393 2201 518 2243 signum
535 2204 583 2234 est
606 2200 738 2239 amoris,
762 2203 913 2232 ettamen
937 2197 1127 2240 procedebat

4 2233 154 2284 ῗῗιῖἓῗῧυῖὀ
166 2265 208 2289 ex
231 2254 438 2297 perversitate
463 2254 581 2293 cordis;
603 2257 635 2287 et
658 2253 727 2286 ideo
751 2252 874 2285 subdit.
899 2251 992 2284 Iesus
1016 2254 1128 2284 autem

166 2307 252 2341 dizit
275 2307 343 2340 illi:
375 2307 483 2347 Iuda,
516 2307 627 2340 osculo
661 2306 786 2339 Filium
818 2303 961 2337 hominis
993 2303 1127 2336 tradis?

165 2360 336 2403 detegendo
353 2361 471 2394 scilicet
487 2360 657 2403 proditoris
679 2359 836 2391 affectum.
855 2357 998 2399 Suscepit
1021 2360 1126 2390 autem

165 2413 318 2447 Dominus
345 2414 490 2446 osculum
513 2423 531 2446 a
555 2412 645 2451 Iuda,
677 2411 749 2444 licet
772 2410 867 2443 sciret
899 2410 1127 2452 proditorium,

166 2470 203 2500 ut
225 2475 350 2508 semper
375 2467 545 2499 maximam
570 2466 600 2498 in
625 2474 658 2498 se
681 2463 861 2497 ostenderet
892 2463 1124 2506 benignitatem.

165 2519 252 2553 Unde
268 2519 419 2552 Glossa⁶:
449 2533 466 2548 a
482 2517 624 2560 Suscepit
646 2516 800 2556 Dominus
815 2516 975 2556 osculum,
996 2519 1033 2549 ut
1056 2516 1128 2558 plus

165 2572 280 2605 afficiat
303 2572 511 2615 proditorem,
536 2570 587 2604 cui
604 2570 720 2603 amoris
743 2569 846 2603 officia
862 2579 924 2603 non
947 2573 1124 2612 negaret».

239 2745 247 2760 ¹
269 2746 343 2772 Vers.
363 2744 406 2771 54.
425 2758 460 2764 —
479 2744 605 2777 Superius
624 2751 673 2776 pro
691 2744 815 2778 proditus
835 2746 894 2772 Vat.
913 2745 1038 2772 traditus.

239 2789 249 2804 ²
271 2790 343 2815 Vers.
357 2788 400 2814 45.
413 2791 439 2813 et
452 2787 484 2814 46
493 2807 500 2819 ‚
513 2787 559 2813 ubi
572 2787 612 2814 bis
625 2795 675 2820 pro
688 2788 917 2823 appropinquavit
930 2790 951 2815 A
964 2789 983 2816 C
996 2790 1018 2815 D
1031 2795 1130 2823 appro-

164 2832 309 2868 pinquabit
334 2833 384 2865 (ita
408 2832 486 2858 etiam
506 2832 591 2864 Beda,
615 2833 644 2858 B.
663 2832 775 2864 Albert„
793 2834 927 2860 Gorranus
946 2837 972 2859 et
989 2833 1129 2867 Lyranus).

239 2875 250 2890 ⁸
271 2876 344 2902 Vei-s.
365 2876 407 2901 ’16-
426 2889 459 2894 —-
476 2875 593 2902 Subinde
613 2876 738 2908 allegatur
757 2878 826 2903 loan.
847 2878 895 2909 18,
914 2879 944 2909 2,
963 2877 988 2903 10
1007 2884 1061 2910 quo
1079 2883 1129 2909 pro

168 2927 231 2947 cum
249 2918 388 2953 discipulis
415 2918 472 2946 suis
491 2919 511 2946 C
524 2920 546 2945 D
558 2914 588 2945 G*
598 2921 623 2946 et
647 2920 773 2955 discipuli
789 2921 843 2948 sui.
863 2935 899 2941 —
918 2922 1009 2948 Glossa
1027 2919 1130 2947 interli-

168 2963 260 2990 nearis
280 2963 321 2996 (ex
340 2963 424 2996 Beda,
444 2963 486 2990 IV.
500 2963 526 2989 in
539 2964 626 2990 Matth.
646 2965 694 2996 26,
714 2964 781 2998 47.):
802 2964 897 2997 Iudas,
920 2971 992 2991 unus
1017 2963 1049 2991 de
1067 2963 1131 2990 duo·

169 3007 267 3039 decim,
289 3006 459 3034 antecedebat
477 3014 536 3040 eos,
555 3002 651 3035 factum
676 3009 799 3048 congruit
822 3012 937 3035 mutatae
955 3009 1051 3039 menti;
1076 3008 1130 3034 iam

169 3051 238 3077 enim
258 3050 329 3076 venit
341 3057 403 3076 cum
417 3050 543 3083 fustibus,
556 3052 614 3085 qui,
629 3052 757 3085 quamdiu
776 3059 838 3090 cum
857 3059 923 3084 pace
937 3052 992 3082 fuit,
1007 3050 1130 3084 tranquil-

170 3095 219 3121 lius
237 3101 266 3120 se
281 3094 345 3126 egit.

241 3137 252 3152 ⁴
272 3138 346 3164 Vei-s.
366 3138 408 3164 48.
429 3153 463 3157 —
482 3140 573 3166 Glossa
585 3139 769 3168 interlinearis
789 3140 830 3174 (ex
844 3140 929 3171 Beda,
947 3140 993 3173 qui
1012 3139 1131 3173 sequitur

172 3182 283 3213 Hieron„
303 3182 345 3208 lV.
358 3182 505 3209 comment.
525 3184 550 3210 in
564 3184 651 3211 Matth.
670 3185 723 3216 26,
734 3184 801 3218 48.):
817 3184 850 3212 Ut
868 3183 1040 3212 oscularetur
1053 3190 1129 3216 eum,

171 3229 200 3253 ut
219 3227 268 3252 1106
286 3226 362 3258 signo
381 3227 567 3259 dignoscerent
584 3235 661 3261 eum,
679 3236 760 3262 quem
779 3231 904 3254 tenerent.

242 3268 253 3283 ⁶
272 3269 373 3295 Scilicet
391 3269 535 3297 ordinaria
553 3271 580 3297 in
598 3272 660 3298 Luc.
679 3272 730 3305 22,
746 3271 794 3303 47,
812 3272 838 3298 in
861 3278 915 3305 qua
940 3278 989 3304 pro
1008 3270 1132 3305 Suscepit

172 3313 193 3339 Η
212 3319 273 3339 cum
292 3316 361 3340 textu
379 3314 498 3347 originali
516 3314 649 3349 Suscipit,
668 3318 694 3341 et
712 3322 761 3348 pro
780 3314 881 3350 afficiat
897 3319 981 3342 textus
998 3315 1132 3348 originalis

171 3356 294 3391 afficeret.
314 3357 383 3384 Haec
403 3358 493 3384 Glossa
513 3362 598 3385 sumta
615 3361 654 3385 est
671 3366 703 3385 ex
722 3358 857 3393 Ambros.,
878 3359 911 3385 X.
924 3359 949 3385 in
970 3359 1031 3385 Luc.
1051 3366 1074 3385 c.
1087 3359 1131 3385 22.

2086 204 2149 236 559

1190 288 1276 321 Unde
1299 288 1414 322 dicitur
1431 289 1463 323 in
1488 290 1645 323 Psalmofl:
1667 291 1772 324 «Cum
1791 291 1840 324 his
1856 291 1911 334 qui
1936 291 2072 324 oderunt
2096 301 2151 334 pa-

1190 350 1273 381 cem,
1306 351 1392 375 eram
1423 343 1574 384 pacificus
1600 357 1615 372 1>
1645 347 1726 383 etc.;
1758 348 1789 377 61
1821 345 1965 378 Matthaei
1998 345 2149 387 vigesimo

1190 398 1299 427 sexto:
1328 408 1344 423 α
1361 395 1419 437 Qui
1437 395 1516 428 dixit
1539 397 1582 429 ei:
1607 397 1728 436 Amice,
1752 397 1789 430 ad
1808 398 1883 440 quid
1907 398 2018 431 venisti
2037 401 2079 430 a?
2104 398 2150 430 Ex

1190 448 1250 481 hoc
1273 451 1379 481 autem
1410 452 1541 490 apparet
1572 450 1652 482 mira
1683 451 1874 492 perversitas
1906 451 1937 483 10
1969 450 2147 493 proditore;

1189 500 1275 534 unde
1301 501 1558 543 Hieronymus⁷z
1589 515 1604 531 α
1621 502 1711 535 ludas
1742 503 1780 536 de
1803 504 1996 545 apostolatus
2027 504 2150 545 fastigio

1189 553 1221 586 in
1246 553 1432 596 proditionis
1460 558 1616 588 tartarum
1649 556 1765 588 labitur
1789 560 1820 589 et
1851 565 1908 589 066
1940 556 2150 590 familiaritate

1189 606 1324 639 convivii
1354 615 1411 639 066
1434 607 1617 640 intinctione
1648 608 1806 641 buccellae
1838 617 1895 641 066
1926 609 2025 641 056011
2049 609 2151 651 gratia

1189 659 1362 702 frangitur,
1379 668 1419 692 ne
1435 660 1524 702 quasi
1543 661 1701 694 hominem
1726 661 1828 693 tradat
1844 670 1938 703 quem
1963 662 2072 694 Filium
2095 661 2150 694 Dei

1189 716 1363 745 noverat».
1380 712 1487 746 Osculi
1511 722 1586 756 ergo
1607 714 1764 756 susceptio
1787 723 1828 747 ex
1854 718 1942 756 parte
1958 714 2073 747 Christi
2090 714 2151 747 fuit

1189 765 1405 808 benignitatis,
1430 766 1483 799 sed
1508 775 1548 799 ex
1574 770 1663 809 parte
1687 767 1779 800 Iudae
1804 767 1862 800 fuit
1886 767 1984 800 mirae
2003 767 2150 800 dolosita-

1190 819 1239 851 tis.
1272 819 1305 851 10
1338 819 1435 852 110105
1467 819 1601 862 figuram
1641 820 1769 853 secundi
1806 821 1923 863 Regum
1965 821 2116 862 vigesimo
2137 820 2150 840 ⁸
2170 829 2255 856 rim.

1189 871 1272 904 dixit
1295 871 1367 904 Ioab
1391 872 1429 904 ad
1446 872 1606 905 Amasam:
1637 885 1652 900 α
1669 873 1773 911 Salve,
1798 873 1840 904 mi
1864 872 1972 905 frater.
1999 872 2034 904 Et
2050 872 2152 905 tenuit

1191 928 1332 957 mentum
1349 925 1435 964 eius,
1460 925 1549 967 quasi
1567 925 1712 958 osculans
1735 934 1827 964 eum,
1850 929 1882 958 61
1899 925 2055 967 percussit
2077 934 2151 958 eum

1190 977 1222 1010 in
1246 977 1363 1018 latere,
1387 982 1419 1011 et
1450 982 1596 1012 mortuus
1620 982 1668 1012 est
1690 992 1721 1011 ».
1755 979 1790 1011 Et
1813 979 1897 1011 istud
1928 982 1975 1011 est
2006 978 2151 1011 osculum

1191 1030 1278 1073 impii
1309 1031 1496 1073 proditoris;
1529 1035 1697 1073 propterea
1729 1031 1971 1064 Proverbiorum
1999 1031 2151 1073 vigesimo

1191 1085 1345 1127 septimo:
1382 1098 1399 1114 α
1423 1085 1549 1118 Meliora
1581 1088 1655 1118 sunt
1691 1085 1824 1118 vulnera
1858 1084 2015 1127 diligentiS
2054 1093 2150 1126 quam

1190 1137 1392 1171 fraudulenta
1415 1138 1549 1171 odientis
1571 1139 1679 1171 oscula
1695 1151 1725 1170 n.

1281 1192 1333 1224 62.
1363 1191 1464 1233 (Vers.
1501 1192 1579 1233 49).
1616 1191 1758 1224 Secundo
1787 1186 1941 1233 quantum
1969 1190 2008 1223 ad
2038 1190 2151 1222 zelum
2165 1200 2228 1221 zeina
2243 1200 2308 1221 ‹11³0-

1190 1244 1435 1286 discipulorum
1459 1244 1583 1277 subdit:
1616 1244 1761 1277 Videntes
1785 1248 1895 1276 autem
1920 1242 1955 1275 tu·
1977 1243 2037 1287 qui
2058 1243 2151 1276 circa
2182 1227 2288 1254 ”dmm

1190 1297 1301 1339 ipsum
1318 1301 1431 1336 erant,
1457 1297 1545 1341 quod
1559 1296 1718 1340 futurum
1734 1301 1824 1335 crat,
1842 1296 2002 1330 dixerunt
2024 1296 2069 1328 ei:
2089 1296 2151 1328 Do-

1190 1351 1294 1390 mine,
1311 1351 1343 1383 si
1361 1350 1570 1393 percutimus
1586 1350 1621 1383 in
1643 1349 1778 1393 yladio?
1795 1349 1944 1391 Discipuli
1969 1349 2067 1388 enim,
2085 1349 2151 1382 zelo

1190 1404 1306 1437 amoris
1330 1404 1444 1437 Christi
1470 1403 1605 1443 accensi,
1630 1403 1908 1436 inflammabantur
1936 1402 1975 1435 ad
1998 1402 2151 1436 defensio-

1190 1467 1279 1497 nem,
1304 1457 1358 1490 sed
1381 1456 1567 1490 dubitabant
1590 1460 1719 1498 propter
1744 1456 1775 1489 id
1798 1456 1883 1498 quod
1898 1456 1938 1489 ab
1962 1456 2029 1498 ipso
2049 1456 2151 1489 edocti

1191 1514 1298 1550 erant,
1322 1510 1476 1543 exhibere
1499 1518 1623 1542 omnem
1649 1509 1845 1551 patientiam,
1870 1509 2043 1542 secundum
2075 1508 2153 1541 illud

1191 1563 1337 1596 Matthaei
1368 1562 1479 1605 quinto
1499 1562 1533 1594 ⁹:
1572 1575 1588 1591 «τ
1612 1562 1671 1604 Qui
1700 1565 1731 1595 te
1761 1562 1953 1604 percusserit
1988 1562 2020 1594 10
2055 1570 2151 1595 unam

1191 1616 1369 1655 maxillam,
1393 1615 1510 1657 praebe
1537 1615 1565 1648 ei
1589 1618 1620 1648 et
1643 1615 1774 1648 alteram
1796 1628 1830 1655 n;
1856 1615 1910 1648 sed
1934 1615 2045 1648 Petrus
2075 1614 2153 1648 adeo

1191 1668 1347 1707 fervebat,
1371 1667 1456 1710 quod
1480 1676 1538 1700 nec
1568 1667 1724 1710 quaesivit
1747 1676 1804 1701 066
1836 1668 2071 1710 responsionem
2095 1676 2152 1701 ex-

1191 1720 1351 1763 spectavit.

1281 1773 1333 1806 63.
1358 1773 1459 1815 (Vers.
1478 1774 1555 1815 50).
1572 1773 1659 1807 Unde
1683 1774 1803 1807 subdit:
1823 1775 1861 1807 Et
1881 1774 2048 1817 percussit
2063 1783 2153 1806 unus
2167 1783 2243 1805 Petrus
2261 1788 2310 1809 per-

1191 1836 1231 1859 ex
1254 1826 1321 1859 illis
1343 1836 1478 1859 servum
1490 1826 1658 1869 principis
1681 1827 1892 1860 sacerdotum
1911 1831 1940 1860 et
1963 1827 2152 1869 amputavit
2165 1809 2259 1857 eumu‘m
2256 1814 2301 1830 ⁸⁰¹

1191 1879 1386 1912 auriculam
1414 1879 1486 1912 eius
1517 1879 1709 1919 deaeteram;
1733 1879 1785 1913 hic
1815 1883 1921 1913 autem
1942 1879 2002 1912 fuit
2029 1879 2149 1912 Petrus.

1191 1931 1278 1965 Unde
1301 1935 1366 1965 tres
1390 1932 1602 1974 Evangelistae
1618 1932 1721 1975 ipsum
1746 1942 1808 1965 non
1825 1932 2011 1975 exprimunt
2034 1940 2075 1964 ex
2096 1941 2152 1964 no-

1192 1985 1276 2018 mine
1300 1988 1430 2027 propter
1454 1985 1681 2024 reverentiam,
1706 1985 1760 2018 sed
1784 1985 1912 2018 Ioannes
1939 1984 2091 2026 exprimit
2113 1984 2152 2016 ad

1192 2038 1415 2071 insinuandum
1439 2039 1541 2071 zelum
1565 2038 1634 2071 eius
1656 2038 1830 2077 fervidum;
1855 2037 1938 2070 unde
1955 2037 2076 2069 loannis
2099 2036 2152 2070 06-

1192 2092 1274 2125 cimo
1308 2095 1418 2125 octavo
1436 2092 1483 2124 ¹⁰:
1512 2104 1528 2121 α
1545 2092 1649 2124 Simon
1679 2091 1806 2130 Petrus,
1839 2090 1958 2123 habens
1992 2090 2151 2132 gladium,

1192 2144 1305 2178 eduxit
1328 2154 1401 2178 eum
1432 2148 1463 2178 et
1490 2144 1646 2186 percussit
1669 2152 1797 2176 servum
1814 2143 1969 2185 pontificis
1985 2156 2015 2175 n.
2041 2143 2072 2175 In
2091 2143 2151 2175 hoc

1192 2201 1297 2231 autem
1311 2198 1392 2231 facto
1405 2197 1551 2230 laudatur
1567 2196 1649 2229 Petri
1670 2196 1769 2235 zelus;
1786 2195 1870 2228 unde
1885 2195 1992 2228 Glossa
2005 2196 2047 2227 ¹¹:
2069 2208 2085 2224 «
2098 2196 2153 2228 Ρ6-

1192 2254 1263 2285 trus
1279 2251 1388 2284 eodem
1406 2250 1519 2284 ardore
1543 2250 1656 2283 mentis
1673 2249 1792 2282 zelatus
1807 2252 1854 2282 est
1871 2249 1951 2282 sicut
1975 2249 2105 2282 Phinees
2119 2262 2149 2288 ι,

1193 2304 1233 2337 06
1260 2313 1324 2346 quo
1347 2303 1463 2336 dicitur
1491 2303 1701 2335 Numerorum
1730 2301 1879 2344 vigesimo
1907 2301 2033 2344 quinto,
2068 2301 2153 2343 quod

1194 2360 1324 2399 propter
1353 2356 1471 2396 zelum,
1499 2364 1564 2398 quo
1595 2354 1758 2388 transfodit
1781 2354 1984 2394 fornicantes,
2020 2354 2152 2397 adeptus

1194 2413 1242 2443 est
1272 2409 1483 2443 sacerdotium
1515 2408 1750 2450 sempiternum.
1783 2408 1837 2441 Hic
1867 2410 1972 2440 autem
2004 2407 2152 2440 laudatur
2172 2416 2303 2438 Notandum.

1194 2463 1295 2502 zelus,
1320 2471 1387 2495 non-
1414 2461 1562 2494 laudatur
1593 2469 1687 2503 opus,
1711 2460 1795 2494 unde
1826 2461 1971 2494 Matthaei
2003 2461 2152 2503 vigesimo

1194 2518 1285 2548 sexto
1298 2515 1340 2547 ¹²:
1362 2528 1377 2543 «ι
1394 2514 1552 2556 Converte,
1563 2513 1700 2556 gladium
1715 2516 1805 2546 tuum
1822 2513 1853 2546 in
1866 2513 2025 2556 vaginam3
2042 2522 2150 2546 omnes

1192 2568 1296 2607 enim,
1327 2567 1382 2610 qui
1413 2566 1567 2609 gladium'
1588 2566 1784 2609 acceperint,
1820 2565 1921 2608 gladio
1952 2565 2149 2608 peribunt».

1193 2751 1219 2770 n.
1238 2743 1286 2776 64;
1300 2742 1365 2769 ibid.
1385 2750 1409 2768 n.
1424 2742 1466 2768 63.
1485 2741 1632 2767 insinuatur
1650 2740 1727 2766 etiam
1741 2740 1832 2765 Glossa
1851 2737 2049 2765 interlinearis.-
2069 2736 2151 2769 Iuda,

1193 2787 1285 2815 osculo
1304 2790 1368 2818 616,
1389 2787 1560 2812 instrumento
1586 2785 1659 2818 pacis
1679 2787 1789 2810 mortem
1808 2784 1928 2816 irrogas?
1954 2784 2052 2808 Servus
2071 2782 2153 2808 dorni-

1193 2839 1271 2863 num,
1290 2831 1436 2863 discipulus
1455 2830 1610 2862 magistrum
1624 2828 1734 2861 prodis?

1264 2875 1276 2891 ⁸
1295 2876 1389 2901 Psalm.
1411 2875 1475 2905 119,
1494 2874 1520 2899 7.
1540 2877 1566 2899 et
1584 2873 1680 2899 deinde
1699 2873 1786 2898 lllatth
1806 2871 1853 2903 26,
1876 2871 1918 2896 50.

1265 2919 1275 2934 ⁷
1295 2920 1373 2951 Epist.
1395 2919 1454 2944 125.
1475 2918 1549 2951 (alias
1569 2916 1606 2950 4.)
1626 2923 1653 2942 n.
1676 2916 1700 2941 1.
1719 2916 1768 2941 Pro
1781 2916 1919 2941 tartarum
1939 2913 1998 2939 vat.
2017 2914 2061 2939 tat
2062 2914 2135 2939 tara

1264 2962 1275 2978 Β
1295 2964 1369 2989 Vers.
1390 2964 1414 2988 9.
1434 2966 1459 2988 et
1479 2962 1523 2994 10,
1542 2960 1640 2995 quibus
1658 2959 1825 2991 subiungitur
1838 2959 1915 2984 Prov.
1934 2957 1983 2988 27,
2005 2958 2029 2983 6.
2049 2971 2084 2976 —
2103 2957 2153 2983 Su-

1193 3008 1283 3041 perius
1302 3015 1350 3040 pro
1369 3007 1401 3033 In
1420 3005 1501 3032 huius
1518 2982 1639 3039 ’figuram
1657 3003 1708 3030 CD
1727 3003 1759 3029 In
1777 3001 1855 3029 cuius
1873 3001 2002 3036 figuram.

1265 3051 1277 3087 ¹?
1296 3052 1370 3077 Vers.
1393 3051 1439 3082 39;
1458 3050 1507 3075 clr.
1531 3055 1611 3080 supra
1630 3054 1692 3079 pag.
1710 3046 1760 3078 77,
1779 3049 1839 3072 nota
1859 3046 1885 3071 9.

1267 3094 1289 3109 ¹⁰
1310 3095 1383 3120 Vers.
1405 3094 1446 3119 10.

1265 3138 1287 3153 ¹¹
1308 3138 1410 3164 Scilicet
1428 3135 1610 3163 interlinearis
1624 3135 1664 3168 (ex
1683 3134 1766 3164 Beda,
1785 3133 1831 3166 qui
1844 3132 1962 3166 sequitur
1975 3132 2097 3163 Hieron„
2111 3132 2152 3158 lv.

1194 3182 1342 3210 Comment-
1361 3182 1388 3207 in
1407 3182 1494 3207 Matth.
1513 3180 1560 3212 26,
1581 3179 1624 3205 51.
1643 3182 1668 3204 61
1686 3177 1820 3208 Ambros„
1840 3177 1872 3202 Χ.
1892 3177 1920 3202 10
1939 3177 2001 3203 Luc.
2021 3183 2043 3203 c.
2065 3178 2108 3203 22.
2127 3184 2153 3203 n.

1194 3228 1238 3253 66.
1257 3227 1292 3253 de
1310 3226 1417 3259 Phineo)
1436 3225 1464 3250 10
1482 3225 1543 3250 Luc.
1564 3224 1610 3254 22,
1630 3223 1672 3249 50.
1686 3236 1721 3241 -
1740 3221 1862 3254 Sequitur
1882 3221 1958 3246 Num.
1978 3220 2025 3253 25,
2046 3221 2103 3246 ΗΛ
2111 3221 2136 3247 3.

1267 3269 1288 3285 ¹²
1309 3271 1383 3296 Vers.
1402 3270 1445 3295 52.
1464 3267 1516 3295 011.
1541 3267 1625 3298 Beda,
1644 3267 1685 3292 Vl.
1705 3267 1730 3292 in
1749 3267 1810 3291 Luc.
1830 3266 1876 3297 22,
1897 3266 1944 3297 51,
1971 3264 2016 3292 ubi
2035 3266 2154 3299 sequitur

1195 3314 1318 3346 August,
1338 3313 1374 3339 111.
1394 3312 1428 3338 de
1447 3311 1579 3338 consensu
1600 3309 1757 3342 Evangelist.
1781 3315 1804 3334 c.
1823 3308 1848 3334 5.
1867 3315 1893 3334 n.
1922 3308 1966 3334 17.Δ
1982 3308 2051 3335 Vide
2075 3308 2154 3334 etiam

1195 3361 1258 3384 tom.
1278 3357 1320 3383 Vl.
1340 3363 1402 3389 pag.
1426 3355 1489 3386 480,
1512 3357 1599 3380 notam
1622 3353 1648 3379 7.
