2476 3921
161 455 183 475 ln
201 453 279 474 iudicio

148 481 200 501 visio
210 479 295 506 duplex.

193 1804 281 1825 Divisio.

169 2521 200 2543 De
215 2522 283 2548 primo

201 2548 251 2569 duo.

312 304 376 337 358

400 391 452 425 76.
489 391 524 424 Et
560 392 650 427 nota,
676 388 779 430 quod,
811 387 984 422 secundum
1020 386 1104 429 quod
1138 386 1270 429 exponit

311 445 459 482 Glossa¹‚
491 443 632 484 loquitur
664 442 716 474 hic
745 441 784 474 de
807 440 933 474 visione
956 440 992 472 in
1015 440 1162 479 iudicio,
1193 440 1269 482 quia

309 500 379 538 post
402 496 551 528 visionem
574 494 689 528 Christi
715 493 745 527 in
771 493 947 527 humilitate
971 502 1033 526 non
1064 495 1270 534 exspectatur

308 549 366 582 nisi
380 548 458 581 visio
469 548 500 580 in
514 547 674 580 maiestate
684 572 692 585 ,
709 550 740 579 et
756 547 833 579 haec
846 546 907 579 erit
918 546 1055 587 duplex:
1076 545 1271 579 Divinitatis

308 605 339 634 et
362 600 600 634 humanitatis:
627 599 837 638 Divinitatis,
866 602 896 632 et
922 600 999 632 haec
1027 599 1088 632 erit
1111 598 1269 632 bonorum

308 655 452 693 omnino,
468 654 543 696 quia
559 653 687 686 habebit
706 653 855 695 gaudium
873 652 1057 686 adiunctum
1072 652 1268 691 maximum3

308 708 361 740 Iob
377 707 535 749 trigesimo
548 706 641 739 tertio
655 706 685 738 2:
708 719 723 735 «
742 706 864 739 Videbit
880 706 990 739 faciem
1006 706 1075 739 eius
1095 706 1128 738 in
1151 705 1268 745 iubilo,

307 764 338 794 et
362 760 470 793 reddet
494 759 611 792 homini
637 759 788 792 iustitiam
813 768 902 792 suam
921 772 952 798 ²³;
983 762 1015 792 et
1046 759 1141 792 Isaiae
1172 758 1268 801 trige-

307 814 385 846 simo
410 813 522 846 tertio:
551 825 567 841 a
585 813 698 854 Regem
722 813 753 846 in
777 812 890 846 decore
914 822 972 845 suo
995 812 1179 845 videbunt»
1206 816 1267 845 etc.

306 866 370 899 Alia
385 869 433 899 est
448 865 526 899 visio
542 864 781 904 humanitatis,
798 869 829 898 et
845 865 922 898 haec
939 865 999 898 erit
1014 865 1162 898 omnibus
1182 874 1267 898 com-

306 918 419 952 munis.
444 918 561 952 Omnes
583 919 667 951 enim
692 919 954 952 certitudinaliter
978 918 1131 952 videbunt
1157 922 1267 961 poten-

307 974 382 1005 tiam
396 975 426 1006 et
438 972 612 1005 dominium
626 972 760 1011 Christi;
779 972 977 1014 Apocalypsis
990 972 1132 1014 primoss:
1151 985 1166 1000 α
1180 972 1266 1011 Ecce,

307 1026 410 1058 veniet
434 1034 506 1058 cum
528 1025 693 1064 nubibus,
717 1029 748 1059 et
772 1026 890 1058 videbit
913 1034 987 1058 eum
1010 1025 1113 1058 omnis
1136 1025 1266 1064 oculus,

305 1082 336 1112 et
359 1079 412 1121 qui
438 1088 510 1112 eum
544 1083 797 1121 pupugerunt».
829 1079 904 1112 Vult
933 1087 1009 1121 ergo
1037 1078 1189 1111 Dominus
1219 1078 1267 1111 di-

897 298 1091 332 COMMENT.
1115 298 1153 331 IN
1177 297 1415 332 EVANGELIUM
1439 297 1556 331 LUCAE
1581 298 1613 332 C.
1637 298 1714 332 xlv.

1334 394 1423 426 cere,
1446 386 1531 428 quod
1562 386 1615 420 ille
1646 387 1782 429 populus
1810 387 1955 421 Iudaicus
1977 397 2040 422 non
2064 388 2181 423 videbit
2204 388 2294 423 Chri·
2314 397 2440 423 Notandum.
2451 390 2456 419 ,ἶ

1334 444 1419 474 stum
1441 439 1479 472 ad
1503 440 1770 479 suamsalutem,
1787 440 1846 474 nisi
1863 444 2067 476 convertatur
2090 441 2130 476 ad
2152 442 2247 477 fidem
2263 446 2294 476 et

1333 493 1433 536 ipsius
1464 493 1610 532 laudem;
1641 493 1726 535 quod
1758 493 1884 527 tandem
1908 498 2113 537 exspectatur
2143 494 2175 528 in
2207 495 2293 529 finali

1333 549 1474 588 tempore
1498 549 1568 588 post
1590 545 1731 588 gentium
1756 546 2004 588 plenitudinem;
2028 547 2112 581 unde
2127 547 2167 580 ad
2184 548 2294 582 Roma-

1333 608 1390 632 nos
1406 599 1573 633 undecimo
1583 599 1616 631 4:
1638 612 1654 627 <r
1669 599 1808 633 Caecitas
1824 608 1866 633 ex
1882 603 1972 642 parte
1988 600 2116 642 contigit
2132 601 2164 634 in
2181 601 2293 640 lsrael,

1332 652 1431 686 donec
1454 652 1617 695 plenitudo
1639 652 1780 695 gentium
1804 653 1955 692 intraret,
1971 656 2003 686 et
2018 654 2063 687 sic
2078 654 2179 687 omnis
2199 654 2294 688 lsrael

1333 705 1440 739 salvus
1464 706 1554 739 fieret
1571 718 1601 746 »;
1626 710 1657 739 et
1680 706 1718 739 ad
1742 707 1897 739 Romanos
1914 716 2017 739 nono:
2039 720 2055 735 α
2071 707 2164 741 Isaias
2181 707 2294 740 clamat

1333 768 1390 802 pro
1415 759 1530 793 lsrael:
1562 760 1593 792 Si
1625 760 1721 793 fuerit
1751 769 1905 794 numerus
1936 760 2074 794 tiliorum
2099 761 2194 794 Israel
2225 763 2293 794 tan-

1332 822 1427 855 quam
1452 822 1549 846 arena
1572 813 1687 852 maris⁷
1705 813 1856 855 reliquiae
1872 813 1976 846 salvae
1992 813 2068 846 fient
2083 826 2114 846 n.
2134 813 2170 846 Et
2185 813 2216 846 in
2233 814 2293 847 hoc

1334 865 1496 898 manifeste
1512 869 1643 908 apparet
1658 866 1791 899 altitudo
1806 866 2047 908 dispensationis
2069 866 2202 905 divinae,
2219 876 2292 908 pro—

1332 923 1403 961 pter
1412 928 1507 961 quam
1521 919 1679 953 exclamat
1686 919 1852 962 Apostolus
1864 919 1904 952 ad
1917 920 2071 953 Romanos
2086 919 2252 953 undecimo
2264 919 2292 952 ⁵:

1336 986 1351 1001 ιι
1368 972 1394 1004 Ο
1417 973 1550 1005 altitudo
1579 973 1763 1006 divitiarum
1790 973 1961 1015 sapientiae
1984 977 2016 1006 et
2039 973 2186 1006 scientiae
2218 973 2291 1006 Dei!

1331 1035 1428 1068 quam
1458 1026 1790 1068 incomprehensibilia
1820 1030 1894 1059 sunt
1923 1026 2038 1059 iudicia
2060 1026 2129 1059 eius
2152 1030 2184 1060 et
2206 1026 2292 1059 inve-

1330 1078 1489 1121 stigabiles
1512 1079 1580 1111 viae
1603 1079 1673 1112 eius
1687 1082 1718 1112 »l

1156 1236 1340 1269 Carlrumm
1364 1237 1440 1270 XlV.

344 1396 494 1424 Consultatio
514 1395 731 1423 calumniantium
749 1395 889 1431 miracula,
911 1403 975 1431 quae
993 1395 1024 1423 fit
1043 1395 1071 1422 in
1091 1394 1223 1431 convivio,

689 1440 718 1466 de
738 1448 788 1475 qua.
808 1439 872 1466 tria.

396 1532 422 1562 1.
442 1531 481 1562 Et
495 1530 624 1572 sactum
642 1533 705 1569 est,
722 1539 798 1562 eum
816 1529 959 1562 intraret
971 1529 983 1548 ⁶
1001 1529 1036 1562 iri
1053 1530 1188 1562 domam
1205 1532 1263 1562 etc.

303 1584 404 1626 Supra
435 1583 607 1616 confutavit
639 1583 866 1616 calumniantes
896 1582 1012 1615 Christi
1049 1582 1201 1615 miracula
1232 1582 1263 1615 in

304 1637 450 1675 concilio,
476 1637 525 1669 hic
550 1640 657 1678 aperte
681 1636 822 1668 confutat
845 1645 898 1668 eos
922 1636 958 1668 in
981 1635 1139 1668 convivio.
1165 1636 1197 1668 ln
1213 1636 1264 1669 his

303 1689 385 1722 enim
409 1689 533 1722 duobus
556 1689 632 1722 locis
656 1692 890 1722 consueverunt
913 1689 1073 1731 potissime
1096 1689 1264 1722 detractio-

304 1752 358 1775 nes
382 1742 449 1775 fieri
474 1746 504 1775 et
528 1742 780 1781 observationeS,
805 1742 923 1775 scilicet
947 1742 977 1775 in
1006 1742 1145 1776 conciliis
1176 1746 1207 1775 et
1231 1743 1262 1776 in

304 1795 453 1827 conviviis
466 1795 488 1826 ⁷.
514 1795 670 1827 Dividitur
689 1799 794 1827 autem
819 1804 893 1837 pars
917 1795 993 1834 ista,
1018 1804 1100 1838 quae
1124 1795 1263 1828 continet

303 1857 450 1890 praesens
474 1848 663 1890 capitulum,
687 1848 718 1880 in
744 1852 808 1881 tres
824 1852 939 1891 partes.
958 1849 989 1881 ln
1007 1858 1143 1892 quarum
1160 1848 1263 1892 prima

302 1900 454 1943 confutat
477 1900 681 1935 Pharisaeos
704 1901 935 1941 observantes;
952 1902 982 1935 in
1000 1902 1137 1936 secunda
1153 1901 1262 1945 infor-

301 1958 373 1987 mat
395 1955 551 1988 convivas
575 1955 832 1995 discumbentes,
865 1956 954 1989 ibiss:
992 1955 1128 1989 Dicebat
1150 1960 1262 1989 autem

301 2012 330 2040 et
353 2009 398 2040 ad
421 2008 600 2047 invitatos;
629 2009 661 2041 in
685 2010 778 2042 tertia
801 2019 877 2042 vero
901 2010 1013 2042 eradit
1036 2010 1154 2042 turbas
1184 2009 1262 2043 sub-

300 2066 483 2104 sequentes,
502 2062 561 2094 ibi:
578 2062 675 2095 Ibant
687 2067 798 2095 autem
811 2067 841 2095 et
853 2062 971 2095 turbae
987 2062 1110 2095 multae
1126 2072 1203 2095 cum
1216 2072 1260 2095 eo.

365 2157 451 2185 Primo
470 2158 641 2185 confutantur
660 2158 797 2186 Pharisaei
816 2159 996 2195 observantes,
1016 2159 1046 2186 de
1064 2167 1111 2194 quo
1130 2159 1194 2186 tria.

389 2247 479 2280 Circa
489 2251 596 2281 autem
608 2248 869 2291 confutationem
882 2249 1128 2282 observantium
1138 2249 1198 2282 hoc
1209 2258 1261 2282 or-

300 2300 372 2333 dine
396 2301 552 2342 procedit:
577 2302 652 2344 quia
671 2302 775 2344 primo
790 2302 919 2344 ponitur
936 2302 1119 2336 observatio
1135 2302 1261 2335 Phari-

299 2363 476 2393 saeorum5
493 2356 629 2388 secundo
645 2356 828 2398 adiungitur
843 2357 975 2389 detectio
990 2356 1260 2396 observatorum,

301 2407 342 2440 ibi
356 2407 386 2440 ⁹:
405 2409 444 2441 Et
458 2418 539 2447 eece,
556 2407 651 2441 lto-mo
668 2409 807 2452 quidam
823 2408 1047 2453 hydropicus;
1063 2410 1158 2443 tertio
1173 2419 1260 2449 vero,

301 2461 500 2494 detectorum
524 2461 726 2504 confutatio,
752 2463 793 2495 ibi
809 2475 815 2494 :
834 2463 907 2504 lpse
922 2473 998 2495 vero
1016 2462 1260 2505 apprehensura

301 2514 436 2546 sanavit
458 2524 542 2547 eam.
561 2534 603 2538 —-
624 2514 815 2547 Observatio
839 2519 946 2548 autem
971 2514 1259 2554 Pharisaeorum,

302 2575 366 2608 qua
379 2567 405 2586 ¹⁰
421 2567 629 2600 observabant
645 2568 826 2606 Christum,
843 2567 1033 2601 describitur
1050 2572 1204 2610 quantum
1221 2568 1260 2601 ad

301 2619 383 2658 duo,
417 2620 536 2653 scilicet
569 2625 724 2662 quantum
755 2621 794 2654 ad
819 2621 1051 2663 bertiynitatem
1076 2620 1201 2654 Christi
1229 2624 1261 2654 et

305 2671 570 2705 Pharisaeorum
595 2673 846 2716 maliyrzitatem.

376 2884 383 2898 ¹
406 2884 506 2910 Scilicet
525 2883 667 2911 ordinaria
687 2885 728 2912 (ex
746 2885 831 2917 Beda,
851 2886 895 2918 qui
916 2887 1034 2918 sequitur
1047 2887 1173 2919 August,
1188 2886 1214 2914 ll.
1228 2887 1261 2913 de

304 2929 435 2956 Consensu
456 2929 611 2960 Evangelist.
624 2937 647 2954 0.
660 2929 702 2954 75.
717 2936 741 2954 11.
757 2929 843 2962 445.):
864 2929 931 2956 Cum
950 2930 1059 2957 dicetis:
1080 2932 1134 2957 Hoc
1153 2931 1261 2964 quidem

304 2973 396 2998 turbae
414 2973 546 3003 dixerunt,
567 2973 677 2998 Domino
697 2973 817 2999 veniente
836 2975 861 2999 in
881 2975 1019 3000 Ierusalem
1038 2974 1100 3009 [cfr.
1124 2977 1186 3001 Luc.
1213 2976 1261 3007 119,

305 3018 355 3049 383
375 3018 460 3042 Matth.
481 3018 508 3042 ‘24
522 3037 529 3047 ,
548 3016 599 3050 9.];
618 3018 664 3043 sed
683 3018 744 3050 quia
764 3018 847 3044 Lucas
862 3026 912 3044 non
926 3019 1000 3050 dicit,
1014 3019 1154 3045 Dominum
1168 3020 1202 3045 ad
1215 3021 1261 3046 Ga-

304 3061 391 3086 lilaeos
411 3064 500 3092 postea
521 3068 672 3092 reversum,
692 3065 719 3087 ut
737 3061 771 3087 ab
791 3063 839 3088 illis
858 3063 908 3088 hoc
933 3063 955 3088 ei
975 3063 1171 3095 decantaretur,
1192 3064 1262 3096 cogit

303 3105 412 3136 mystice
431 3106 480 3130 1100
499 3105 533 3130 de
552 3105 666 3131 adventu
686 3106 808 3132 claritatis
824 3107 941 3138 intelligi.

374 3147 384 3163 ²
406 3150 478 3175 Vers.
499 3149 547 3181 26,
566 3152 626 3181 post
643 3157 724 3183 quem
744 3150 799 3176 lsai.
820 3151 868 3182 33,
889 3151 931 3176 ⁴7.

374 3191 384 3206 ³
407 3193 478 3218 Vei-s.
498 3193 523 3219 7.
542 3192 594 3220 Csr.
613 3194 656 3220 lV.
675 3194 744 3220 Sent.
763 3195 790 3221 d.
809 3195 851 3221 48.
871 3202 896 3221 a.
913 3196 938 3222 1.
960 3203 985 3229 q.
1006 3197 1029 3222 1.
1050 3204 1125 3230 seqq.

373 3236 384 3250 ‘¹
404 3237 478 3262 Vers.
498 3237 540 3263 25.
559 3241 584 3263 et
604 3238 651 3270 26,
670 3243 730 3270 post
750 3246 819 3272 quos
838 3240 868 3271 9,
889 3240 931 3265 27.

373 3279 384 3294 ⁶
404 3282 478 3307 Vers.
498 3282 542 3307 33.
564 3296 597 3301 -
618 3282 744 3314 Superius
768 3290 816 3316 pro
841 3283 955 3310 altitudo
977 3283 1183 3318 dispensationis
1204 3286 1260 3312 vat.

303 3325 462 3359 maestitudo
481 3325 696 3359 dispensationis.

373 3366 384 3382 ⁶
406 3369 515 3401 Vulgata
533 3369 607 3396 addit
634 3371 723 3403 lesus,
751 3371 824 3404 quod
852 3371 1050 3398 omittit=etiam
1080 3373 1149 3399 Beda
1178 3373 1261 3407 (apud

292 3411 380 3438 .Card.
398 3413 467 3444 ung.
485 3416 512 3439 et
528 3414 660 3446 Lyrauum
673 3418 775 3441 notatur
789 3415 813 3441 111
827 3416 959 3448 margine,
972 3417 1044 3449 quod
1058 3417 1120 3443 alias
1132 3418 1261 3444 omissum

303 3456 337 3482 sit
356 3457 456 3490 Iesus);
477 3457 547 3483 idem
566 3460 678 3485 recurrit
694 3459 762 3485 infra
781 3467 807 3486 n.
826 3461 851 3486 2.

1419 1397 1449 1429 2.
1475 1396 1582 1437 (Vers.
1605 1396 1658 1437 1.).
1683 1395 1844 1437 Quantum
1867 1405 1943 1438 ergo
1963 1396 2001 1429 ad
2019 1396 2134 1430 Christi
2152 1397 2292 1440 benigni-

2310 1404 2433 1435 8811301130

2305 1430 2383 1453 Christi
2397 1433 2433 1453 tri-

1330 1452 1425 1482 tatem
1440 1448 1529 1481 dicit:
1546 1450 1585 1482 Et
1595 1448 1726 1491 factum
1738 1453 1795 1488 est,
1809 1459 1887 1482 eum
1903 1449 2045 1482 intraret
2061 1451 2085 1469 ²¹
2103 1449 2139 1482 in
2155 1450 2290 1483 domum
2303 1458 2360 1485 plex-

1326 1502 1494 1545 principis
1524 1501 1792 1535 Pharisaeorum
1824 1502 1968 1536 Sabbata
1993 1503 2202 1536 manducare
2227 1513 2290 1546 pa-

1329 1566 1422 1595 nem,
1446 1557 1477 1589 in
1501 1566 1565 1598 quo
1588 1560 1718 1598 apparet
1753 1557 1834 1589 mira
1856 1556 1972 1590 Christi
1998 1557 2190 1600 benignitas:
2215 1568 2287 1592 ma-

1326 1619 1397 1652 yna
1428 1610 1459 1642 in
1491 1610 1569 1649 hoc,
1605 1610 1690 1652 quod
1724 1610 1972 1643 conversabatur
2004 1619 2076 1643 cum
2109 1611 2290 1645 hominibus

1327 1663 1531 1702 mortalibus,
1549 1672 1621 1696 cum
1639 1666 1722 1697 esset
1744 1663 1846 1702 Deus;
1871 1664 1995 1696 Baruch
2019 1664 2114 1697 tertio
2127 1665 2173 1697 ¹²:
2203 1678 2219 1694 «
2235 1665 2289 1698 Hic

1328 1720 1375 1749 est
1398 1717 1483 1750 Deus
1506 1721 1628 1756 noster,
1653 1720 1685 1749 et
1707 1726 1767 1749 non
1785 1716 2003 1750 aestimabitur
2019 1717 2101 1750 alius
2116 1717 2155 1750 ad
2171 1726 2244 1751 eum
2256 1731 2288 1750 n.

1332 1784 1348 1799 «
1365 1771 1436 1810 Post
1459 1770 1536 1803 haec
1561 1770 1593 1803 in
1626 1770 1720 1803 terris
1751 1770 1838 1803 visus
1869 1773 1916 1802 est
1944 1773 1976 1803 et
2006 1779 2079 1803 cum
2109 1770 2289 1804 hominibus

1327 1828 1532 1857 conversatus
1555 1827 1603 1857 est
1618 1837 1649 1856 2».
1667 1824 1777 1856 Maior
1792 1823 1935 1866 quidem,
1952 1823 2028 1866 quia
2043 1824 2289 1857 conversabatur

1327 1886 1399 1910 cum
1413 1877 1479 1910 suis
1492 1877 1762 1919 persecutoribus;
1780 1876 1864 1909 unde
1880 1876 2045 1918 impletum
2059 1880 2106 1909 ffit
2118 1877 2149 1910 in
2163 1885 2200 1910 eo
2211 1877 2289 1910 illud

1329 1930 1497 1964 Ezechielis
1512 1930 1650 1964 secundo
1660 1931 1704 1963 13;
1726 1943 1741 1959 ιι
1754 1930 1808 1963 Fili
1826 1930 1980 1968 hominis,
1997 1929 2151 1963 increduli
2167 1933 2198 1963 et
2214 1930 2289 1963 sub-

1327 1993 1472 2017 versores
1495 1987 1569 2017 sunt
1593 1987 1708 2023 tecum,
1732 1987 1764 2017 et
1787 1992 1861 2016 cum
1885 1983 2103 2025 scorpionibus
2118 1983 2241 2016 habitas
2256 1996 2287 2016 n.

1327 2037 1386 2070 Sed
1410 2037 1563 2070 maxima
1587 2037 1777 2079 benignitas,
1809 2036 1884 2079 quia
1914 2036 2162 2072 conversabatur
2185 2045 2288 2079 usque

1326 2090 1365 2123 ad
1388 2090 1540 2123 familiare
1563 2090 1824 2129 contubernium,
1848 2093 1885 2123 ut
1908 2089 2078 2132 impleatur
2108 2090 2187 2123 illud
2209 2090 2289 2133 Apo-

1327 2143 1461 2186 calypsis
1495 2144 1606 2177 tertio:
1647 2156 1663 2172 «
1681 2143 1744 2186 Ego
1766 2147 1815 2177 sto
1845 2143 1884 2176 ad
1910 2144 2026 2177 ostium
2058 2147 2090 2176 et
2121 2144 2230 2186 pulso;
2262 2143 2287 2177 si

1327 2197 1398 2239 quis
1428 2197 1590 2241 aperuerit
1621 2196 1717 2236 mihi,
1753 2197 1878 2230 intrabo
1908 2196 1948 2230 ad
1982 2197 2072 2230 illum
2095 2200 2127 2231 et
2150 2197 2288 2231 coenabo

1326 2250 1494 2290 cumrillo,
1517 2253 1548 2284 et
1571 2250 1638 2292 ipse
1661 2258 1784 2283 mecum
1803 2263 1833 2281 ν.
1858 2250 1890 2283 111
1915 2250 1976 2284 1100
1999 2250 2111 2293 igitur,
2136 2250 2221 2293 quod
2236 2251 2288 2284 in—

1326 2304 1429 2337 travit
1452 2303 1589 2336 domam
1612 2303 1775 2342 alienam,
1792 2303 2031 2337 commendatur
2047 2304 2163 2337 Christi
2179 2303 2288 2337 humi-

1326 2356 1425 2395 litas:
1448 2357 1480 2390 in
1504 2357 1583 2396 hoc,
1607 2356 1692 2399 quod
1716 2357 1748 2389 111
1772 2357 1908 2390 domum
1930 2355 2131 2396 Pharisaei,
2156 2357 2287 2397 caritas;

1325 2410 1356 2443 in
1390 2410 1467 2449 hoc,
1491 2409 1577 2452 quod
1607 2410 1825 2443 manducavit
1846 2419 1968 2453 panem
1999 2410 2164 2450 alienum,
2188 2411 2289 2453 ipsius

1325 2463 1441 2496 Christi
1463 2467 1649 2505 paupertas
1657 2475 1669 2501 ;
1693 2466 1724 2496 et
1747 2463 1778 2495 in
1802 2463 1852 2496 his
1879 2463 2056 2497 ostenditur
2078 2473 2214 2497 summa
2238 2464 2288 2497 be-

1325 2516 1493 2558 nignitas,
1518 2525 1582 2558 qua
1605 2515 1790 2549 altissimus
1814 2516 1913 2549 voluit
1933 2526 1992 2558 pro
2008 2516 2098 2550 nobis
2114 2517 2286 2557 humiliari,

1325 2569 1530 2608 iustissimas
1553 2578 1626 2603 cum
1650 2569 1755 2612 impiis
1778 2570 1977 2609 conversari,
1992 2570 2180 2603 ditissimus
2203 2570 2287 2604 inter

1325 2621 1467 2654 homines
1491 2631 1612 2664 pauper
1636 2622 1722 2662 fieri;
1747 2622 1831 2655 unde
1862 2623 2018 2656 secundae
2045 2623 2084 2656 ad
2108 2623 2286 2657 Corinthios

1323 2678 1434 2707 octavo
1448 2675 1491 2707 ¹⁴:
1514 2688 1529 2703 α
1542 2675 1632 2708 Scitis
1657 2676 1789 2718 gratiam
1812 2676 1934 2709 Domini
1952 2677 2051 2709 nostri
2068 2677 2137 2710 lesu
2154 2676 2285 2716 Christi,

1398 2885 1407 2900 ⁷
1427 2887 1464 2912 De
1489 2887 1625 2919 principali
1651 2887 1780 2913 divisione
1805 2888 1882 2913 huius
1907 2887 1989 2920 partis
2012 2886 2074 2912 vide
2099 2893 2179 2919 supra
2201 2894 2224 2913 c.
2244 2888 2286 2913 ⁴3.

1326 2938 1352 2957 11.
1375 2932 1417 2956 21.

1398 2973 1408 2988 ⁸
1427 2976 1500 3001 Vcrs.
1520 2976 1550 3006 7,
1571 2975 1616 3001 uhi
1635 2976 1724 3008 plures
1742 2976 1820 3002 codd.
1839 2979 1898 3008 post
1916 2976 2007 3002 autem
2026 2975 2148 3001 omittunt
2159 2977 2185 3002 et
2202 2975 2283 3010 (idem

1325 3019 1435 3045 recurrit
1463 3020 1528 3045 insra
1556 3027 1583 3045 n.
1614 3020 1653 3046 lt.
1679 3024 1704 3046 et
1730 3021 1798 3053 ⁴5.);
1818 3020 1922 3046 tertium
1942 3019 2053 3045 habetur
2072 3027 2097 3045 v.
2118 3019 2166 3052 25,
2185 3020 2211 3046 in
2230 3027 2284 3054 quo

1325 3064 1403 3090 codd.
1423 3064 1465 3090 1110
1483 3064 1607 3091 omittunt
1619 3064 1733 3097 multoe,
1750 3065 1823 3098 quod
1837 3068 1924 3090 tamen
1938 3064 2044 3090 inferius
2058 3071 2082 3090 n.
2097 3065 2139 3090 51.
2153 3064 2284 3091 exhibent.

1396 3105 1407 3121 ⁹
1428 3108 1500 3134 Vers.
1520 3109 1553 3139 25
1573 3109 1678 3135 tertium
1698 3108 1809 3134 habetur
1828 3115 1854 3134 v.
1875 3107 1905 3140 4,
1927 3107 1972 3133 ubi
1992 3108 2047 3140 hic,
2072 3108 2119 3134 sed
2143 3116 2194 3134 non
2220 3109 2285 3135 infra

1325 3159 1351 3177 n.
1369 3151 1394 3177 7.
1414 3152 1492 3178 codd.
1511 3153 1633 3179 omittunt
1650 3160 1722 3179 vero.
1736 3166 1770 3171 —
1784 3151 1910 3184 Superius
1929 3158 1977 3184 pro
1991 3150 2154 3179 detectorum
2169 3152 2227 3178 Vat.
2241 3151 2285 3179 de-

1325 3197 1476 3223 tractorum
1497 3197 1554 3231 (crr.
1572 3197 1638 3223 infra
1660 3205 1685 3223 n.
1705 3198 1753 3230 7.).

1397 3239 1419 3255 ¹⁰
1437 3240 1504 3267 Cod.
1521 3241 1542 3267 D
1563 3241 1588 3274 (a
1607 3241 1723 3267 secunda
1744 3240 1841 3272 manu),
1854 3241 1909 3278 qai.

1397 3283 1417 3299 ¹¹
1437 3284 1488 3312 Csr.
1507 3293 1587 3318 supra
1606 3288 1668 3311 nota
1687 3286 1712 3311 6.

1396 3328 1418 3343 ¹²
1439 3330 1513 3356 Vers.
1532 3330 1574 3356 36.
1593 3333 1619 3356 et
1638 3330 1686 3362 38,
1706 3328 1751 3355 ubi
1765 3336 1813 3361 pro
1825 3326 1863 3356 ad
1872 3336 1935 3357 eum
1949 3329 1994 3362 (ita
2008 3328 2085 3354 etiam
2101 3328 2282 3362 Septuaginta)

1328 3374 1382 3400 Vat.
1402 3381 1463 3400 cum
1482 3374 1595 3406 Vulgata
1614 3373 1745 3400 adversus
1764 3380 1834 3399 eum.

1396 3416 1418 3432 ¹⁸
1437 3418 1513 3444 Vers.
1532 3418 1557 3444 ὃ.
1577 3431 1611 3437 -
1630 3417 1746 3444 Subinde
1765 3417 1891 3449 allegatur
1909 3418 1990 3449 Apoc.
2010 3418 2024 3443 3
2036 3437 2042 3448 ,
2062 3418 2105 3443 20.

1397 3460 1419 3476 ²⁴
1439 3461 1514 3488 Vers.
1533 3463 1557 3487 9.

2307 2256 2436 2278 Notandum.

2454 486 2456 497 l

2454 501 2456 515 l
