2476 3921
58 1169 158 1192 Tertium.

10 1914 76 1936 *natio
85 1914 162 1942 prima.

49 2286 154 2309 Secunda.

74 2552 153 2574 Tertia.

755 272 950 306 COMMENT.
975 272 1012 305 IN
1035 271 1275 305 EVANGELIUM
1298 271 1416 305 LUCAE
1440 272 1472 305 C.
1496 272 1584 305 XVll.

181 369 230 406 te;
254 365 372 399 bonum
395 367 444 398 est
473 363 558 397 enim
589 371 662 396 cum
686 371 751 395 uno
773 361 865 395 oculo
888 361 984 393 vitam
1008 360 1143 400 intrare,

180 428 278 462 quam
289 418 370 451 duos
381 417 489 451 oculos
505 416 673 449 habentem
689 414 770 448 mitti
782 414 814 447 in
827 414 1002 457 gehennam
1019 413 1099 456 ignis
1111 426 1142 445 n.

179 473 243 505 Hoc
265 474 372 505 autem
395 479 457 503 non
481 469 667 512 intelligitur
683 468 722 501 de
737 467 956 510 corporalibus
980 466 1143 505 membris,

181 525 236 559 sed
265 524 304 557 de
334 524 461 563 amicis,
492 523 548 565 qui
579 525 729 564 tanquam
765 520 908 553 membra
943 523 1019 553 sunt
1053 518 1144 552 nobis

180 577 349 611 carnaliter
371 575 549 614 coniuncti,
572 584 592 607 a
619 574 754 617 quibus,
786 573 811 606 si
837 572 1066 611 scandalizant,
1089 571 1144 604 de-

179 631 293 665 bemus
315 630 470 673 separari,
494 628 668 662 secundum
697 627 775 660 illud
807 626 954 660 Matthaei
977 625 1099 659 decimo
1113 626 1142 657 ¹:

186 698 202 714 «
226 684 301 718 Veni
337 692 485 726 separare
517 681 676 715 hominem
708 681 862 714 adversus
893 683 1015 722 patrem
1047 687 1144 712 suum

179 741 211 771 et
233 745 352 771 nurum
375 736 528 769 adversus
551 743 679 768 socrum
695 743 801 774 suam;
819 737 849 767 et
866 732 983 766 inimici
1007 732 1143 765 hominis

177 790 340 824 domestici
364 789 433 822 eius
448 802 479 821 n.
505 788 576 822 Ideo
608 786 812 821 Ecclesiastici
843 789 953 820 sexto:
982 798 998 814 α
1016 785 1060 818 Ab
1083 785 1142 818 ini-

179 844 270 878 micis
281 852 428 886 separare
443 846 475 876 et
490 842 530 875 ab
545 841 654 875 amicis
666 840 791 874 attende
808 854 838 872 n.
855 839 1100 882 chrysostomus
1113 839 1141 872 ²:

184 911 201 927 «
216 897 299 931 Nihil
314 897 358 930 ita
373 896 520 929 nocivum
544 898 609 934 est,
635 895 717 928 sicut
740 893 920 927 conversari
945 902 1017 926 cum
1036 892 1142 935 perni-

179 949 271 982 ciosis
287 962 318 989 »;
341 952 373 982 et
400 948 470 981 ideo
486 948 552 990 ipse
568 947 661 980 dicit:
692 947 750 980 «Si
766 946 910 980 membra
933 945 1140 985 abscidimus,

178 1011 252 1036 cum
276 1001 492 1036 incurabiliter
516 1009 550 1034 se
566 1000 738 1034 habuerint
760 1003 792 1033 et
815 999 947 1042 reliquis
970 998 1141 1038 obfuerint,

177 1057 279 1090 multo
302 1055 401 1099 magis
423 1055 455 1088 in
479 1054 588 1088 amicis
611 1055 671 1089 hoc
694 1053 797 1087 facere
820 1053 1015 1086 debemus».

268 1110 297 1142 5.
323 1109 424 1151 (Vers.
449 1110 504 1150 2.).
529 1107 635 1141 Tertio
658 1110 812 1150 quantum
830 1106 869 1139 ad
885 1105 1141 1139 horribilitatem

176 1163 335 1206 supplicii
357 1162 477 1196 subdit:
508 1161 627 1194 Utilius
658 1164 706 1193 est
735 1160 800 1199 illi,
824 1159 857 1192 si
887 1159 975 1202 lapis
997 1158 1141 1192 molaris

177 1216 397 1260 ἱννιροηαιιιν8
428 1215 522 1248 circa
549 1214 669 1248 collum
699 1214 790 1253 etus,
819 1217 848 1246 el
873 1213 1081 1256 proiiciatur
1104 1212 1141 1245 in

176 1279 282 1303 mare.
306 1269 403 1302 Beda:
435 1282 451 1298 α
467 1268 648 1301 Secundum
673 1267 771 1300 ritum
789 1266 968 1309 provinciae
987 1266 1140 1308 loquitur,

175 1323 231 1356 ubi
255 1326 324 1355 erat
339 1322 399 1355 ista
422 1330 523 1364 poena
546 1320 734 1360 criminum,
751 1323 787 1352 ut
804 1319 898 1362 ligato
923 1328 1002 1352 saxo
1018 1319 1049 1352 in
1068 1328 1140 1361 pro-

175 1376 310 1409 fundum
333 1375 616 1417 demergeretur».
642 1374 722 1413 Hoc,
746 1373 894 1416 inquam,
918 1373 993 1406 dicit
1010 1373 1139 1412 utilius,

177 1439 281 1474 quam
315 1433 354 1462 ut
383 1428 639 1461 scandalizaret
671 1437 777 1460 unum
815 1427 854 1460 de
885 1426 1022 1469 pusilli-s·
1045 1426 1140 1465 isli-§3

175 1483 254 1526 quia
281 1483 373 1525 longe
402 1481 507 1514 minor
538 1490 639 1523 poena
661 1484 709 1514 est
733 1480 810 1519 ista,
835 1489 930 1523 quam
959 1480 1012 1513 illa
1042 1489 1139 1523 quam

175 1534 413 1569 scandalizando
425 1533 608 1576 proximum
624 1537 775 1566 meretur.
789 1533 876 1566 Unde
894 1533 972 1566 Beda
985 1535 1011 1565 ⁴:
1032 1546 1048 1562 «
1061 1533 1141 1566 Vere

174 1588 286 1621 utilius
309 1591 357 1621 est
379 1587 545 1620 innoxium
569 1586 754 1629 gravissima
777 1595 878 1628 poena
901 1586 996 1619 vitam
1029 1586 1139 1626 finire,

176 1650 272 1684 quam
297 1640 447 1674 laedendo
471 1640 601 1673 fratrem
625 1641 758 1673 mortem
776 1639 891 1673 mereri
909 1642 1139 1682 perpetuam».

175 1695 213 1727 Et
235 1695 351 1727 iterum
375 1693 456 1727 idem
470 1693 500 1725 ⁶:
530 1706 546 1722 «
563 1693 676 1726 Utilius
698 1696 746 1726 est
769 1693 852 1725 enim
877 1702 936 1735 pro
959 1693 1052 1735 culpa
1067 1692 1140 1725 bre-

174 1757 245 1781 vem
270 1747 411 1790 recipere
434 1755 567 1789 poenam
591 1755 687 1789 quam
710 1746 848 1779 aeternis
871 1745 1066 1779 cruciatibus
1089 1754 1139 1779 re-

175 1800 294 1833 servari
313 1813 343 1832 n.

265 1854 294 1886 6.
325 1853 412 1886 Ratio
447 1856 572 1893 autem,
604 1861 704 1896 quare
736 1855 823 1885 tanta
854 1861 954 1894 poena
985 1852 1139 1885 debeatur

174 1907 405 1946 scandalizanti,
430 1910 491 1946 est,
509 1907 584 1949 quia
599 1906 703 1939 aufert
726 1905 851 1939 Christo
868 1905 945 1938 illud
962 1906 1047 1948 quod
1072 1915 1139 1938 ma-

174 1960 262 1993 xime
285 1963 386 2000 amat,
411 1960 529 1993 scilicet
546 1959 698 1998 animam,
715 1958 890 1992 secundum
916 1958 994 1992 illud
1010 1959 1138 2001 Sapien-

174 2013 235 2046 tiae
263 2013 472 2046 undecim0⁶z
507 2026 523 2042 α
541 2013 607 2046 Tua
625 2016 727 2052 sunt,
757 2012 903 2051 Domine,
935 2012 1057 2051 omnia,
1082 2012 1137 2054 qui

173 2076 260 2100 amas
282 2067 445 2100 animas».
470 2066 557 2099 Unde
580 2069 612 2099 et
634 2066 800 2112 Apostolus
822 2066 944 2108 primae
966 2066 1005 2099 ad
1028 2066 1138 2099 Corin-

173 2120 257 2153 thios
279 2123 407 2153 octavo:
437 2120 586 2153 «Peribit
620 2120 766 2152 infirmus
797 2119 829 2152 in
860 2122 916 2152 tua
947 2119 1138 2155 conscientia

172 2173 288 2213 frater,
312 2176 443 2215 propter
467 2181 562 2215 quem
586 2172 733 2205 Christus
755 2175 902 2205 mortuus
927 2175 975 2205 est
992 2184 1022 2211 »;
1040 2175 1072 2205 et
1088 2181 1137 2205 se-

173 2225 301 2268 quitur:
331 2238 347 2255 «
363 2226 413 2259 Sic
435 2228 541 2258 autem
576 2228 742 2267 peccantes
773 2225 805 2257 in
836 2224 951 2257 fratres
982 2225 1014 2257 in
1045 2224 1136 2257 Chri-

172 2282 258 2311 stum
282 2278 418 2321 peccatis
434 2292 464 2310 ι».
490 2297 534 2302 -
557 2278 622 2310 Alia
644 2278 725 2310 ratio
748 2281 813 2316 est,
839 2278 930 2320 quia,
956 2277 1038 2310 sicut
1058 2286 1135 2319 *ope-

172 2332 264 2365 ribus
286 2331 510 2365 aedificationis
533 2340 646 2373 magna
668 2331 802 2364 debetur
827 2339 960 2369 corona,
978 2330 1021 2363 ita
1043 2329 1135 2363 deae-

172 2384 373 2417 dificantibus
396 2393 508 2426 magna
531 2383 665 2417 debetur
688 2392 806 2426 poena;
830 2383 869 2416 ad
905 2383 1058 2416 Romanos
1081 2383 1135 2416 de-

172 2437 254 2470 cimo
277 2437 431 2480 quarto⁷z
463 2437 574 2479 «Quae
598 2437 683 2480 pacis
706 2440 781 2470 sunt
797 2440 974 2475 sectemur,
998 2439 1030 2469 et
1052 2445 1135 2479 quae

172 2490 396 2524 aedificationis
419 2494 494 2524 sunt
517 2490 651 2523 invicem
676 2490 907 2529 custodiamus;
924 2489 986 2522 noli
1004 2492 1135 2532 propter

173 2553 278 2577 escam
312 2545 477 2578 destruere
511 2553 592 2587 opus
615 2544 713 2577 Dei».
747 2557 790 2568 -<-
821 2544 926 2577 Tertia
957 2543 1038 2576 ratio
1069 2546 1134 2583 est,

244 2778 253 2793 ¹
275 2778 348 2804 Vers.
368 2778 411 2804 35.
430 2785 500 2811 seq.;
519 2778 615 2804 deinde
642 2778 717 2805 Eccli.
747 2779 777 2810 6,
798 2779 838 2804 13.
864 2778 918 2805 Csr.
945 2786 1024 2811 supra
1045 2786 1068 2805 c.
1091 2779 1132 2805 Ιιί.

171 2831 198 2849 ῐι.
217 2823 259 2848 27.

243 2865 253 2880 ²
273 2866 366 2892 Homil.
385 2866 427 2891 59.
448 2865 521 2898 (alias
540 2866 596 2899 60.)
618 2866 642 2891 in
662 2866 750 2892 Matth.
762 2874 789 2892 n.
805 2866 834 2897 4,
849 2866 912 2893 ibid.
926 2866 1038 2893 habetur·
1052 2868 1131 2893 etiam

171 2917 228 2943 seq·
247 2910 382 2936 sententia.

243 2952 254 2967 ¹
273 2954 362 2979 Plures
389 2953 476 2985 codd„
504 2957 532 2979 ut
551 2954 643 2986 ΑΘΗ,
659 2956 796 2987 ponatur,
815 2957 841 2980 et
868 2962 917 2986 pro
936 2955 1010 2982 circa
1030 2955 1132 2982 cottam

171 2999 194 3023 Η
212 2997 241 3024 in
260 2997 347 3030 collo‚·
366 2999 413 3023 cfr.
434 2998 520 3024 Matth.
541 2998 589 3029 ¹¹8,
609 2999 634 3023 6.
652 3012 688 3018 -
707 2999 840 3025 Sententia
863 2999 949 3025 Bedae
968 2999 1080 3026 habetur
1101 3000 1130 3026 V.

171 3043 198 3068 in
216 3043 279 3068 Luc.
302 3041 350 3073 47,
369 3043 394 3067 2.
413 3045 439 3068 et
466 3042 594 3073 allegatur
620 3043 766 3068 secundum
795 3044 913 3069 Glossam
943 3043 1130 3076 ordinariam,

171 3093 241 3119 quae
259 3093 321 3112 cum
340 3086 410 3112 Beda
440 3085 661 3119 demerqerenlur
690 3094 738 3118 pro
766 3086 978 3121 demeryewtur.
1002 3089 1072 3114 Beda
1092 3096 1130 3114 se-

172 3130 262 3163 quitur
280 3130 393 3163 Hieron,
412 3131 450 3156 ΙΙΙ.
470 3129 618 3156 Commeat.
636 3130 660 3156 in
680 3131 766 3157 Matth.
790 3132 836 3164 18,
855 3133 880 3158 6.

243 3173 255 3189 ⁴
274 3174 344 3200 Libr.
364 3175 394 3200 V.
413 3175 440 3200 in
468 3174 529 3200 Luc.
560 3174 607 3205 ⁴7,
635 3175 665 3207 2;
690 3174 772 3200 verba
800 3175 955 3202 exhibentur
982 3177 1128 3203 secundum

171 3219 291 3245 Glossam
310 3218 481 3245 ordinariam
500 3219 527 3244 in
545 3218 662 3244 eundum
681 3219 778 3245 locum.

242 3261 254 3277 ⁰
273 3263 356 3289 Etiam
375 3254 453 3289 Card.
472 3263 548 3295 Hugo
568 3263 634 3288 hanc
661 3264 815 3289 sententiam
844 3263 934 3290 tribuit
952 3264 1040 3291 Bedae
1059 3265 1129 3298 (Vat-

172 3313 233 3332 cum
253 3307 384 3332 nonnullis
403 3307 481 3333 codd.
501 3307 595 3333 omittit
613 3305 713 3339 idem),·
733 3308 788 3339 ipsa
808 3307 945 3334 exhibetur
963 3308 998 3334 ab
1017 3309 1130 3342 Hieron„

172 3351 210 3376 ΙΙΙ.
229 3350 376 3377 comment.
404 3351 432 3377 in
458 3352 545 3377 Matth.
575 3352 622 3383 ⁴8,
642 3352 667 3377 6.
693 3355 718 3377 et
747 3351 857 3378 hahetur
877 3353 902 3378 in
921 3353 1010 3379 Glossa
1030 3353 1130 3380 interli-

171 3394 252 3421 neari
269 3396 294 3420 ln
313 3395 376 3421 Luc.
397 3396 443 3426 ⁴7,
463 3397 489 3421 2.

243 3437 255 3453 ⁶
276 3439 348 3465 Vers.
368 3440 417 3471 27,
437 3444 496 3473 post
514 3448 594 3474 quem
615 3441 637 3467 Ι.’
650 3440 708 3467 Cor.
727 3442 759 3472 8,
779 3442 822 3468 tl.
840 3445 866 3468 et
885 3442 928 3468 42.

2098 275 2162 307 427

1207 360 1299 402 quia,
1323 360 1405 393 sicut
1428 370 1540 402 magna
1556 361 1725 394 crudelitas
1740 364 1787 394 est
1802 362 1941 404 affligere
1957 366 2164 404 aegrotantes,

1207 413 1252 446 sic
1283 422 1396 455 magna
1428 414 1619 455 perversitas
1648 417 1696 447 est
1719 414 1870 447 seducere
1894 414 2067 456 simplices;
2093 425 2164 457 pro-

1208 470 1278 508 pter
1301 466 1386 509 quod
1411 466 1536 499 Levitici
1559 467 1680 500 decimo
1696 476 1777 500 nono
1790 467 1820 499 ⁸:
1843 481 1858 495 α
1876 468 1936 500 Nec
1952 477 2057 501 coram
2074 477 2166 501 caeco

1207 528 1305 561 pones
1327 519 1550 552 offendiculum
1566 531 1597 557 »;
1622 522 1653 552 et
1676 519 1745 552 ideo
1760 520 1920 562 signanter
1942 520 2033 553 dicit:
2057 521 2166 554 Unum

1207 571 1247 604 de
1267 571 1402 614 pusillis
1425 571 1501 604 illis.
1526 591 1569 595 —
1593 572 1712 613 Quarta
1743 573 1823 605 ratio
1854 577 1916 612 est,
1940 574 2015 615 quia
2038 575 2166 607 scanda-
2185 582 2272 609 Quana-

1207 624 1305 658 lizans
1327 625 1485 667 obligatur
1516 634 1578 657 non
1610 625 1712 658 solum
1743 626 1782 658 ad
1817 627 2007 660 reddendam
2030 629 2165 661 animam

1208 686 1316 718 suam,
1340 687 1451 711 verum
1477 678 1571 710 etiam
1595 681 1627 711 et
1649 678 1785 711 animam
1810 679 2065 719 scandalizatam;
2084 681 2166 713 unde

1207 731 1306 764 Exodi
1331 731 1482 773 vigesimo
1506 731 1651 773 primo⁹z
1680 745 1696 761 α
1713 732 1743 764 Si
1767 732 1840 774 quis
1874 734 2036 775 aperuerit
2059 735 2167 768 cister-

1206 793 1279 817 nam
1297 787 1328 817 et
1344 793 1405 817 non
1430 784 1592 826 operuerit
1616 794 1700 824 eam,
1724 785 1935 829 cecideritque
1959 787 2015 820 bos
2038 791 2093 820 aut
2108 789 2168 821 asi-

1206 847 1268 871 nus
1291 837 1322 871 in
1347 847 1433 877 eam;
1458 838 1567 871 reddet
1593 838 1740 872 dominus
1775 839 1928 873 cisternae
1960 841 2096 882 pretium
2120 841 2168 875 iu-

1206 895 1385 925 mentorum
1402 905 1432 924 ».
1459 910 1501 916 —
1526 892 1579 925 Est
1601 896 1706 925 autem
1732 893 1791 926 hoc
1822 897 1986 935 peccatum
2016 904 2112 937 grave
2136 896 2167 928 in

1205 945 1371 984 omnibus,
1395 945 1450 978 sed
1472 945 1612 979 maxime
1635 946 1666 978 in
1703 946 1751 979 bis
1775 956 1912 989 quorum
1938 948 2001 980 vita
2029 949 2167 982 trahitur

1206 998 1238 1031 in
1261 999 1463 1041 exemplum,
1487 999 1569 1032 sicut
1600 1003 1675 1032 sunt
1698 1000 1847 1042 praelati,
1872 1001 1953 1034 sicut
1977 1002 2080 1044 magni
2105 1003 2167 1036 cle-

1206 1052 1282 1092 rici,
1306 1052 1388 1085 sicut
1411 1052 1506 1085 etiam
1530 1052 1588 1085 viri
1614 1053 1749 1095 religiosi
1773 1057 1805 1087 et
1829 1053 1955 1094 samosi;
1973 1055 2057 1088 unde
2073 1056 2166 1088 Mala-

1206 1105 1295 1145 chiae
1319 1105 1457 1138 secundo
1472 1105 1512 1137 ¹⁰:
1543 1119 1558 1134 «ι
1575 1105 1668 1139 Labia
1684 1106 1854 1140 sacerdotis
1870 1107 2052 1140 custodiunt
2067 1108 2167 1142 scien-

1206 1158 1300 1198 tiam,
1325 1161 1356 1192 et
1380 1159 1479 1201 legem
1503 1159 1542 1192 de
1558 1168 1616 1206 ore.
1629 1160 1698 1192 eius
1715 1160 1884 1202 requirunt
1902 1175 1930 1193 ι».
1955 1174 1969 1190 «
1983 1161 2044 1195 Vos
2060 1166 2164 1195 autem

1205 1212 1380 1245 recessistis
1402 1212 1441 1245 de
1465 1213 1515 1245 via
1538 1216 1569 1245 et
1592 1213 1825 1246 scandalizastis
1849 1214 2013 1256 plurimos,
2039 1215 2164 1248 irritum

1204 1265 1322 1298 fecistis
1345 1269 1471 1307 pactum
1495 1266 1578 1299 Levi.
1604 1266 1734 1308 Propter
1757 1267 1841 1309 quod
1865 1267 1935 1300 dedi
1957 1277 2012 1301 vos
2028 1272 2166 1302 contem-

1205 1318 1330 1361 ptibiles
1353 1322 1384 1351 et
1408 1319 1544 1352 humiles
1560 1332 1576 1348 ι)
1605 1322 1670 1352 etc.

1295 1373 1325 1404 7.
1351 1371 1452 1413 (Vers.
1478 1371 1532 1413 3.).
1559 1373 1721 1405 Attendite
1736 1370 1827 1406 vobis
1842 1377 1900 1407 etc.
1919 1374 2086 1417 Postquam
2103 1376 2166 1408 dis-

1205 1424 1305 1458 suasit
1328 1425 1537 1467 impietatem,
1562 1435 1643 1468 quae
1667 1415 1808 1459 consistit
1831 1427 1862 1459 in
1887 1428 2032 1461 scandalo
2055 1430 2166 1471 proxi-

1205 1487 1350 1518 morum,
1376 1478 1427 1511 hic
1450 1482 1680 1521 consequenter
1694 1479 1813 1512 suadet
1833 1481 1986 1523 pietatem
2001 1482 2166 1524 spiritua-

1205 1531 1282 1571 lm,
1306 1540 1389 1574 quae
1413 1532 1555 1565 consistit
1578 1533 1610 1565 in
1634 1533 1827 1566 remissione
1842 1534 2055 1568 iniuriarum
2069 1537 2104 1568 ¹¹.
2131 1537 2166 1569 Et

1204 1584 1353 1627 quoniam
1378 1585 1478 1627 pietas
1500 1585 1593 1618 debet
1616 1586 1760 1619 exhiberi
1786 1587 1959 1620 secundum
1991 1588 2164 1622 ordinatam

1204 1638 1385 1678 caritatem,
1410 1647 1493 1680 quae
1520 1639 1661 1672 consistit
1692 1639 1723 1672 in
1756 1640 1908 1672 custodia
1938 1646 2087 1684 respectu
2110 1643 2168 1674 sui

1204 1695 1236 1725 et
1258 1692 1290 1725 in
1313 1692 1484 1725 clementia
1507 1697 1653 1735 respectu
1674 1693 1827 1735 proximi
1833 1705 1845 1732 ;
1868 1693 1937 1727 ideo
1954 1694 1984 1727 in
2003 1695 2061 1728 hac
2079 1700 2166 1738 parte

1204 1745 1352 1778 hortatur
1375 1746 1537 1788 Apostolos
1560 1746 1599 1778 ad
1623 1746 1808 1779 custodiam
1825 1757 1970 1780 suarum
1994 1749 2165 1788 mentium,

1203 1798 1243 1831 ad
1266 1798 1480 1841 disciplinam
1505 1803 1653 1841 respectu
1678 1799 1911 1833 aberrantium
1935 1805 1966 1834 et
1989 1801 2029 1834 ad
2053 1802 2163 1835 indul-

1201 1852 1349 1895 9e‘ntiam
1372 1857 1522 1895 respectu
1541 1852 1789 1895 poenitentium.

1293 1905 1396 1938 Primo
1418 1906 1516 1948 igitur
1547 1909 1701 1948 quantum
1732 1906 1771 1939 ad
1802 1907 1988 1940 custodiam
2017 1918 2164 1941 suarum

1202 1960 1363 1992 mentium
1386 1959 1478 1993 dicit:
1504 1960 1666 1993 Attendite
1688 1960 1799 1999 vobis;
1830 1961 1919 2003 quasi
1944 1962 2043 1995 dicat:
2074 1963 2163 2005 prius

1201 2011 1323 2044 debetis
1345 2012 1429 2059 circa
1452 2016 1589 2045 vestram
1614 2013 1845 2054 correptionem
1881 2013 2044 2056 invigilare
2068 2024 2162 2057 quam

1201 2064 1285 2098 circa
1302 2069 1426 2107 peccata
1445 2065 1600 2107 proximi;
1617 2065 1821 2099 Ecclesiastici
1840 2067 1999 2109 trigesimo
2013 2068 2057 2100 ¹⁹:
2084 2081 2101 2097 α
2113 2069 2164 2100 Mi-

1201 2126 1308 2150 serere
1330 2118 1452 2151 animae
1476 2121 1564 2157 tuae,
1588 2118 1714 2160 placens
1729 2119 1794 2152 Deo
1809 2132 1840 2152 ».
1859 2120 1921 2153 Hoc
1937 2121 2067 2154 docebat
2084 2122 2162 2163 Apo-

1200 2170 1301 2203 stolus
1324 2171 1444 2212 primae
1466 2171 1505 2203 ad
1529 2171 1727 2204 Timotheum
1759 2165 1892 2214 quarto:
1921 2186 1937 2202 α
1953 2174 2082 2207 Attende
2106 2175 2161 2207 tibi

1200 2225 1232 2255 et
1252 2223 1422 2256 doctrinae.
1447 2223 1508 2256 Hoc
1531 2224 1615 2257 enim
1639 2224 1768 2264 faciens,
1794 2229 1824 2258 te
1847 2226 1951 2267 ipsum
1976 2227 2097 2260 salvum
2116 2227 2161 2260 fa-

1199 2276 1263 2309 cies
1293 2279 1325 2309 et
1347 2285 1401 2309 eos
1420 2276 1478 2318 qui
1503 2280 1534 2309 te
1557 2277 1737 2310 audiunt».
1768 2278 1804 2310 Et
1834 2278 1919 2311 istud
1944 2280 2082 2313 maxime
2114 2285 2161 2313 est

1199 2329 1342 2372 ipsorum
1365 2330 1596 2372 praelatorum,
1621 2331 1675 2372 qui
1700 2331 1803 2373 primo
1826 2332 1941 2365 debent
1957 2333 2041 2366 circa
2063 2342 2097 2367 se
2113 2334 2161 2366 in-

1199 2383 1347 2426 vigilare;
1379 2384 1513 2416 Actuum
1537 2383 1745 2426 vigesim0¹⁸z
1784 2385 1971 2418 «Attendite
2007 2386 2094 2419 vobis
2128 2390 2160 2419 et

1199 2436 1349 2469 universo
1372 2436 1474 2478 gregi,
1499 2436 1530 2468 in
1554 2445 1618 2479 quo
1643 2445 1697 2470 vos
1728 2437 1864 2483 Spiritus
1893 2442 2020 2472 sanctus
2055 2440 2160 2481 posuit

1199 2489 1361 2532 episcopos
1385 2498 1495 2532 regere
1520 2490 1685 2523 Ecclesiam
1703 2490 1776 2530 Dei,
1793 2486 1889 2534 qua'm
1906 2492 2073 2534 acquisivit
2089 2502 2159 2526 san-

1199 2543 1294 2586 guine
1325 2552 1426 2578 suu».
1460 2543 1513 2576 Hic
1543 2547 1649 2577 autem
1684 2543 1762 2577 ordo
1796 2547 1844 2578 est
1879 2546 2092 2585 necessarius,
2121 2555 2160 2579 ne

1268 2777 1278 2792 '¹
1298 2779 1374 2804 Vers.
1395 2779 1437 2804 19.
1455 2781 1481 2804 et
1500 2778 1543 2803 20.
1571 2778 1635 2805 Voci
1664 2777 1777 2805 invicem
1798 2779 1908 2811 Vulgata
1936 2779 2057 2811 praefigit
2076 2779 2112 2811 in,
2133 2784 2160 2806 et

1197 2825 1257 2855 post
1275 2830 1366 2850 escam
1385 2822 1499 2849 CDGH
1519 2822 1618 2849 addunt
1637 2824 1722 2849 tuam.

1267 2865 1278 2880 ⁸
1299 2868 1372 2893 Vers.
1393 2866 1435 2892 tt.
1455 2867 1568 2898 Hieron„
1588 2867 1624 2892 ΙΙΙ.
1644 2866 1670 2892 in
1698 2867 1786 2893 Matth.
1809 2868 1854 2898 18,
1873 2867 1904 2893 6:
1924 2867 1996 2898 Nota,
2016 2868 2089 2900 quod
2107 2868 2154 2901 qui

1196 2911 1386 2937 scandalizatur
1395 2910 1533 2945 parvulus
1545 2914 1593 2941 est,
1606 2912 1719 2937 maiores
1731 2911 1801 2937 enim
1815 2911 1936 2937 scandala
1949 2919 2002 2937 non
2016 2912 2153 2944 recipiunt.

1195 2955 1248 2982 Cir.
1268 2955 1351 2986 Beda,
1372 2956 1410 2981 ΙΙΙ.
1431 2956 1458 2981 in
1477 2955 1554 2981 Mare.
1577 2955 1605 2986 9,
1626 2952 1669 2981 Η.
1688 2959 1713 2981 et
1733 2955 1764 2981 V.
1785 2956 1811 2981 in
1830 2956 1892 2981 Luc..
1914 2955 1961 2987 Π,
1975 2956 2006 2986 2,
2025 2955 2071 2981 ubi
2085 2957 2153 2981 hanc

1195 2999 1352 3026 sententiam
1371 3000 1523 3032 Hieronymi
1543 3000 1661 3032 explicat.

1266 3042 1277 3057 ⁹
1297 3045 1373 3070 Vers.
1391 3044 1433 3069 33.
1453 3047 1479 3070 et
1499 3043 1546 3075 34,
1572 3051 1686 3076 quorum
1712 3044 1901 3076 expositionem
1923 3045 1984 3070 vide
2004 3044 2075 3077 apud
2094 3045 2155 3070 Gre-

1195 3095 1261 3121 gor.‚
1280 3088 1357 3114 XVll.
1378 3089 1467 3114 llloral.
1485 3095 1507 3114 c.
1529 3089 1572 3114 26.
1592 3095 1615 3113 n.
1636 3089 1680 3114 38.

1266 3130 1289 3146 ¹⁰
1308 3133 1384 3159 Vers.
1402 3133 1428 3158 7.
1447 3135 1472 3158 et
1492 3133 1515 3158 8.
1544 3139 1609 3165 seq„
1637 3133 1662 3158 in
1690 3133 1765 3159 cuius
1793 3133 1845 3159 ssne
1870 3133 1929 3159 voci
1948 3132 2155 3166 contemptibiles

1194 3176 1277 3203 CDH
1295 3177 1445 3209 praefigunt
1462 3176 1558 3210 magis.

1267 3220 1287 3237 ¹¹
1308 3221 1375 3246 Vide
1393 3227 1474 3252 supra
1494 3228 1518 3246 n.
1541 3221 1563 3246 l.

1266 3262 1287 3278 ¹⁹
1309 3265 1383 3290 Vers.
1403 3264 1451 3295 24,
1471 3265 1512 3290 cui
1532 3264 1700 3296 subiungitur
1724 3266 1741 3291 l.
1760 3265 1827 3291 Tim.
1849 3265 1878 3295 4,
1901 3265 1948 3295 16,
1972 3264 2017 3290 ubi
2036 3271 2085 3296 pro
2106 3263 2155 3297 qui

1194 3310 1218 3335 te
1236 3308 1356 3335 audiunt
1373 3308 1450 3334 codd.
1470 3307 1518 3342 qui
1534 3310 1622 3335 tectim
1639 3310 1711 3335 sunt.
1730 3322 1766 3328 —
1785 3309 1911 3341 Superius
1931 3315 1978 3340 pro
2006 3307 2151 3341 correptio-

1193 3360 1255 3380 nem
1275 3354 1331 3386 (err.
1352 3353 1438 3378 Matth.
1454 3353 1500 3385 ⁴8,
1516 3352 1563 3378 ⁴5:
1576 3351 1684 3385 Corripe
1698 3354 1770 3385 eum>
1783 3353 1840 3378 Vat.
1854 3360 1914 3378 cum
1929 3352 2059 3378 nonnullis
2072 3351 2152 3377 codd.

1193 3397 1402 3429 correctionem
1422 3397 1493 3422 idem
1512 3397 1622 3423 recurrit
1641 3397 1773 3430 aliquanto
1793 3397 1908 3423 interius.

1265 3441 1287 3457 ¹¹
1308 3443 1382 3468 Vers.
1403 3442 1447 3467 28„

2189 899 2317 922 Notandum.

2186 1379 2217 1400 De
2231 1380 2330 1401 suasione

2185 1407 2272 1437 pietat-ie
2288 1407 2332 1437 upi—

2185 1433 2268 1454 ritu-³11³
2281 1435 2329 1454 tna.

2183 1911 2288 1933 Primum.
