2476 3921
307 267 372 299 394

306 358 353 388 est
370 367 403 393 »;
421 357 452 387 et
471 354 501 386 in
520 353 655 386 Psalmo:
679 366 694 382 «
711 353 863 386 Dominus
888 353 919 385 in
937 353 1052 395 templo
1068 355 1175 385 sancto
1191 361 1264 391 su0,

309 408 458 440 Dominus
482 407 513 439 in
538 406 623 439 caelo
647 406 736 439 sedes
758 406 827 439 eius
851 419 881 438 ».
899 424 943 430 -
958 405 1132 438 Confitetur
1155 405 1265 443 etiam,

307 469 340 493 se
364 468 508 502 peccasse
540 463 649 492 contra
672 459 822 492 divinam
852 459 1074 496 maiestatem
1106 457 1190 491 unde
1213 457 1267 490 ad-

290 514 369 546 dit:
396 514 436 545 Et
458 522 573 545 coram
598 517 644 551 te,
668 512 744 554 quia
766 512 809 544 illi
837 511 942 544 omnia
972 514 1046 544 sunt
1069 514 1195 552 aperta3
1228 510 1267 542 ad

165 893 276 924 Contessio

150 926 250 947 propriae
263 926 294 941 m-

162 947 279 973 dignitatis.

169 1370 290 1397 imploratio

181 1397 274 1424 pietatis.

160 1582 291 1603 Notandum.

148 2218 294 2240 Corollarium.

190 2642 295 2663 Tertium.

309 566 463 599 Hebraeos
478 570 592 608 quarto
606 567 632 597 ¹:
655 578 670 594 α
683 565 795 598 Omnia
820 564 904 597 nuda
919 567 950 597 et
973 568 1082 606 aperta
1098 568 1173 597 sunt
1192 572 1268 596 ocu-

309 620 345 652 lis
369 621 454 658 eius,
478 619 517 652 ad
533 628 631 661 quem
650 618 739 651 nobis
762 627 866 651 sermo
883 631 911 649 ι».
938 617 1068 659 Propter
1083 616 1168 659 quod
1192 616 1268 649 dici-

309 677 362 705 tur
386 672 627 705 proverbiorum
651 671 771 704 decimo
803 674 912 704 sexto:
942 683 957 699 «
972 670 1088 702 Omnes
1111 670 1180 702 viae
1212 669 1269 701 ho-

309 726 428 759 minum
450 728 558 768 patent
584 725 684 758 oculis
711 725 793 763 eius,
822 727 853 757 et
880 724 1050 766 spirituum
1078 723 1268 766 ponderator

307 783 355 812 cst
377 779 529 812 Dominus
546 793 575 810 ».

398 832 451 865 31.
476 831 576 873 (Vers.
606 831 679 872 19.).
706 832 741 863 Et
764 831 838 873 quia
861 831 977 863 offensa
1002 833 1105 862 tantae
1125 829 1269 861 maiesta-

310 887 348 919 tis
372 885 474 928 privat
497 894 554 917 nos
577 884 726 927 dignitate
749 884 872 917 divinae
896 883 1071 921 filiationis,
1096 883 1165 915 ideo
1195 891 1269 915 con-

310 939 417 971 fitetur
448 947 537 971 suam
570 937 802 980 indignitatem,
835 945 908 969 cum
941 936 1065 969 subdit:
1099 936 1174 968 lam
1203 944 1269 967 non

307 1001 384 1024 sam
404 991 527 1034 (lignus
542 990 660 1023 vocari
681 990 885 1032 filiustaus,·
909 993 940 1022 et
956 989 1015 1021 hoc
1035 988 1162 1030 quidem
1185 990 1269 1020 recte

308 1049 338 1077 ct
363 1054 436 1077 vere
464 1044 643 1082 confitetur,
667 1043 741 1086 quia
757 1052 825 1076 esse
848 1042 948 1075 filium
968 1042 1023 1074 Dei
1043 1044 1091 1074 est
1113 1040 1270 1073 maximae

308 1098 461 1136 caritatis,
481 1097 656 1130 secundum
672 1096 750 1129 illud
767 1096 886 1138 primae
904 1095 1024 1127 loannis
1042 1094 1133 1127 tertio
1146 1094 1173 1125 ²:
1192 1106 1207 1121 α
1221 1092 1270 1125 Vi-

307 1153 392 1191 dete,
416 1151 547 1190 fratres,
579 1151 705 1193 qualem
734 1150 896 1182 caritatem
927 1148 1011 1181 dedit
1039 1147 1129 1180 nobis
1161 1147 1266 1185 Pater,

309 1209 344 1237 ut
367 1204 422 1237 filii
447 1204 502 1236 Dei
526 1203 727 1236 nominemur
754 1205 785 1235 et
809 1202 907 1234 simus
923 1214 952 1233 n.
972 1201 1033 1233 Hoc
1057 1200 1182 1232 nomine
1197 1208 1269 1241 pec-

308 1263 395 1291 cator
419 1262 466 1291 est
497 1257 661 1299 indignus,
694 1256 769 1298 quia
792 1255 978 1296 contempsit
1011 1254 1132 1286 Patrem
1157 1262 1269 1291 suum,

308 1311 482 1344 secundum
518 1309 596 1342 illud
628 1309 723 1342 Isaiae
758 1309 877 1351 primo:
909 1307 1031 1340 «Filios
1065 1307 1202 1340 enutrivi
1239 1310 1270 1339 et

308 1363 463 1402 exaltavi,
488 1363 547 1404 ipsi
578 1367 685 1395 autem
714 1365 905 1404 spreverunt
935 1369 1032 1393 me».
1062 1379 1102 1383 —
1132 1360 1167 1392 Et
1190 1368 1270 1401 quo-

308 1417 391 1449 niam
428 1424 520 1449 verae
556 1415 758 1448 confessionis
792 1418 857 1453 est,
892 1423 953 1447 non
991 1413 1093 1445 solum
1127 1411 1269 1445 confiteri

310 1470 425 1512 peccati
451 1469 643 1511 impietatem
667 1472 698 1501 et
722 1468 878 1510 peccantis
902 1466 1133 1509 indignitatem,
1158 1474 1269 1498 verum

310 1524 403 1556 etiam
428 1523 608 1565 implorare
630 1522 800 1564 pietatem,-
824 1521 892 1554 ideo
916 1520 1016 1553 addit:
1042 1520 1112 1552 Fac
1135 1529 1185 1551 me
1207 1519 1270 1551 sic-

314 1581 348 1609 at
371 1586 477 1609 unum
494 1576 533 1608 de
545 1575 558 1594 ⁸
574 1574 791 1607 mercenariis
808 1574 884 1606 tuis.
904 1591 944 1597 —
963 1573 998 1605 Et
1014 1576 1102 1611 nota,
1119 1571 1203 1614 quod
1220 1571 1270 1604 hic

310 1630 515 1672 distinguitur
537 1628 629 1670 sitias
657 1632 688 1660 et
710 1637 827 1663 servus
856 1630 887 1659 et
915 1626 1163 1659 mercenarius:
1196 1624 1270 1667 quia

310 1683 401 1725 filius
424 1686 472 1716 est
495 1682 547 1724 qui
573 1681 671 1714 servit
694 1690 734 1714 ex
760 1690 890 1718 amore,-
914 1679 951 1712 ad
975 1679 1098 1711 Galatas
1114 1679 1269 1721 quarto4:

316 1750 331 1765 «
348 1736 499 1778 Quoniam
525 1735 600 1768 estis
622 1734 677 1767 tilii
709 1734 783 1772 Dei,
808 1733 892 1766 misit
916 1733 999 1765 Deus
1030 1732 1176 1774 spiritum
1204 1731 1268 1764 Filii

311 1790 358 1822 sui
376 1803 391 1818 n
421 1793 498 1827 etc.;
523 1798 658 1827 servas,
676 1788 729 1830 qui
755 1797 797 1820 ex
813 1787 946 1824 timore,·
970 1785 1137 1818 Malachiae
1154 1785 1269 1827 prime:

316 1857 331 1871 «
356 1843 450 1876 Filius
485 1843 619 1875 honorat
654 1845 790 1884 patrem,
827 1849 939 1873 servus
966 1843 1071 1883 autem
1107 1839 1270 1872 dominum

312 1905 405 1929 suum
430 1895 550 1928 timebit
566 1907 602 1934 »;
627 1895 681 1928 sed
705 1893 934 1927 mercenarius
958 1896 1006 1926 est
1029 1892 1082 1935 qui
1108 1892 1205 1925 servit
1228 1901 1270 1925 ex

310 1958 366 1990 spe
398 1947 589 1980 laeredtcatz‘s
620 1951 791 1985 aeternae,
823 1946 861 1979 de
893 1955 957 1988 quo
993 1945 1189 1979 mercenario
1218 1944 1271 1977 Iob

312 2003 462 2044 septimo:
492 2014 506 2029 α
524 2001 631 2033 Militia
654 2004 701 2033 est
726 2000 788 2032 vita
812 1999 948 2032 hominis
963 2008 1059 2041 super
1083 2002 1216 2036 terram,
1241 2002 1272 2030 et

312 2056 393 2088 sicut
415 2055 481 2088 dies
502 2053 687 2087 mercenarii
709 2053 775 2086 dies
798 2052 877 2085 eius.
902 2052 989 2085 Sicut
1016 2060 1128 2084 servus
1151 2051 1272 2084 deside-

312 2111 361 2139 rat
376 2107 537 2145 umbram,
562 2109 593 2138 et
609 2106 690 2138 sicut
707 2104 922 2137 mercenarius
942 2103 1152 2145 praestolatur
1176 2103 1271 2135 finem

312 2160 416 2201 operis
439 2159 506 2197 sui,
530 2159 574 2191 ita
596 2162 627 2190 et
651 2166 709 2199 ego
731 2165 855 2189 menses
878 2164 995 2189 vacuos
1018 2159 1049 2188 et
1065 2160 1172 2189 noctes
1188 2155 1273 2188 labo-

312 2213 411 2245 riosas
433 2211 615 2245 enumeravi
639 2210 717 2243 mihi
734 2223 763 2242 n.
782 2228 824 2234 —
841 2209 887 2242 Ex
904 2209 954 2242 his
977 2209 1074 2251 igitur
1097 2208 1274 2250 colligitur,

312 2265 396 2308 quod
420 2263 572 2297 consessio
594 2263 687 2296 debet
709 2271 777 2296 esse
809 2271 890 2294 vera
920 2265 951 2294 et
982 2260 1138 2300 humilis,
1170 2264 1207 2293 ut
1230 2260 1274 2294 sic

312 2322 570 2361 recoynoscatur
591 2316 747 2359 yravitas·
760 2314 904 2357 peccati,
929 2314 1114 2357 indiynitas
1136 2323 1274 2356 peccan-

314 2371 373 2409 tis,
398 2374 428 2404 et
452 2369 648 2412 imploretur
671 2368 904 2401 misericordia
924 2367 978 2410 pii
996 2366 1129 2409 patris,
1160 2366 1274 2399 all‘ectu

314 2424 430 2456 scilicet
460 2423 588 2461 humili,
624 2422 699 2464 quia
732 2421 849 2454 dicitur
884 2419 1088 2453 Ecclesiastici
1115 2418 1275 2462 trigesimo

314 2477 464 2519 quinto⁶z
487 2489 501 2505 α
519 2476 627 2508 Oratio
653 2474 847 2508 humiliantis
869 2483 902 2506 se
928 2473 1028 2506 nubes
1051 2472 1273 2515 penetrabit».

316 2530 413 2563 Huius
429 2530 611 2571 exemplum
628 2532 675 2561 est
691 2528 772 2561 infra
788 2527 908 2561 decimo
924 2530 1034 2559 octavo
1046 2526 1084 2559 de
1097 2525 1273 2568 publicano.

404 2583 456 2616 32.
481 2583 582 2623 (Vers.
612 2582 689 2623 ε.)().).
718 2581 824 2614 Tertio
851 2583 1006 2623 quantum
1037 2579 1075 2612 ad
1104 2578 1275 2612 humilita-

317 2640 378 2668 tem
402 2635 645 2678 satisfactionis
669 2634 847 2676 subiungit:
875 2635 915 2666 Et
940 2642 1083 2676 surgens
1113 2633 1200 2666 venit
1231 2632 1277 2665 ad

315 2693 445 2730 patrem
475 2698 585 2720 suum.
619 2688 676 2720 Per
699 2686 936 2719 surrectionem
965 2686 1056 2719 istam
1091 2685 1276 2728 intelligitur

389 2852 397 2867 ¹
419 2853 493 2878 Vers.
514 2853 561 2882 13,
581 2853 622 2878 cui
642 2852 805 2877 subnectitur
825 2853 900 2877 Prov.
927 2852 968 2883 16,
989 2853 1014 2877 2.

389 2895 399 2911 ²
420 2897 493 2922 Vers.
514 2897 544 2926 1,
564 2896 587 2921 in
612 2903 665 2928 quo
686 2903 733 2927 pro
760 2896 838 2921 Pater
863 2895 973 2921 CDFll
1000 2895 1079 2921 Deus.
1100 2909 1131 2913 —
1152 2895 1275 2927 Sequitur

319 2941 376 2966 lsai.
395 2941 422 2972 ⁴,
442 2941 467 2965 2.
486 2940 604 2970 Hieron„
625 2940 706 2971 Epist.
725 2940 768 2964 21.
783 2939 856 2971 (alias
877 2938 946 2971 166.)
966 2946 992 2964 n.
1013 2939 1060 2964 ⁴6:
1081 2938 1235 2964 peccaverat
1248 2938 1276 2964 in

319 2985 423 3011 caelum
441 2985 485 3017 qui
507 2984 643 3009 ierusalem
665 2984 800 3009 (melestem
824 2983 964 3016 reliquerat
982 2987 1100 3008 matrem.
1120 2984 1276 3009 Peccaverat

320 3036 413 3055 coram
431 3031 508 3062 patre
532 3028 592 3061 qui,
617 3027 757 3053 Conditore
782 3027 900 3058 deserto,
926 3029 1009 3053 suerat
1033 3028 1101 3059 ligna
1127 3031 1275 3053 veneratus.

320 3073 374 3098 Non
393 3076 448 3098 erat
472 3073 569 3103 dignus
593 3072 686 3098 vocari
707 3071 780 3106 filius
805 3071 853 3098 Dei
877 3071 921 3104 qui
948 3078 1041 3097 servus
1066 3078 1124 3097 esse
1150 3072 1276 3097 maluerat

320 3117 460 3143 idolorum.
479 3117 570 3142 Omnis
594 3117 673 3148 enim,
693 3116 741 3150 qui
762 3115 827 3149 facit
842 3117 998 3149 peccalum,
1024 3115 1055 3142 de
1075 3114 1180 3142 daubolo
1196 3117 1276 3149 patre

320 3163 400 3188 natus
419 3163 457 3188 est
476 3160 510 3195 [Ι.
529 3162 597 3187 loan.
616 3162 645 3192 3,
660 3160 707 3195 8.].

391 3204 402 3220 ⁸
421 3205 505 3232 Codd.
526 3207 547 3231 Α
557 3206 576 3232 C
589 3206 636 3231 DF
649 3213 693 3232 exc.
708 3219 743 3224 —
757 3205 865 3231 lnserius
891 3212 938 3236 pro
951 3207 1028 3235 nora,
1043 3204 1115 3239 quod
1127 3204 1169 3231 hic
1183 3204 1277 3231 distin-

321 3250 414 3283 quitur
434 3251 482 3276 DF
493 3251 515 3276 Η
533 3252 596 3276 nota
616 3249 658 3276 hic
678 3249 708 3283 [ll
729 3249 823 3275 omittit
842 3248 905 3283 hit-J,
929 3248 1001 3283 quod
1018 3248 1116 3283 differt.

391 3293 403 3308 ⁴
424 3295 496 3320 Vers.
523 3295 546 3320 6.
568 3308 604 3313 —
626 3294 744 3320 Subinde
766 3294 910 3325 alleguntur
929 3293 1035 3319 Malach.
1055 3294 1083 3324 1,
1097 3294 1120 3318 6.
1137 3293 1177 3326 (in
1202 3292 1277 3319 cuius

322 3338 374 3363 ssne
386 3339 445 3364 Vat.
458 3345 518 3364 cum
534 3339 643 3370 vulgata
657 3339 681 3364 et
693 3345 788 3364 servus
801 3337 941 3364 dominum
960 3339 1054 3368 suum)
1075 3340 1100 3363 et
1120 3336 1163 3362 lob
1181 3337 1207 3368 7,
1226 3337 1276 3363 l-3.

322 3382 420 3408 Eadem
439 3382 567 3408 distinctio
587 3382 732 3408 insinuatur
751 3389 764 3407 a
785 3382 874 3408 Glossu
895 3380 1036 3408 ordinaria
1055 3381 1126 3413 apud
1145 3382 1276 3413 Lyn-onum

324 3427 349 3452 in
368 3427 428 3453 Luc,
448 3427 490 3457 15,
510 3427 551 3459 19,
566 3427 598 3452 de
611 3434 662 3459 qua
678 3427 738 3452 vide
758 3426 890 3457 Ambros„
906 3427 956 3452 Vll.
971 3426 994 3451 in
1009 3426 1071 3451 Luc.
1084 3432 1106 3451 c.
1122 3425 1162 3450 15Α
1178 3433 1201 3451 n.
1216 3426 1277 3451 228.

895 263 1087 296 COMMENT.
1113 264 1149 296 IN
1173 263 1411 296 EVANGELIUM
1436 262 1552 296 LUCAE
1578 262 1610 294 C.
1636 261 1698 294 XV.

1330 350 1448 394 peccati
1473 350 1609 384 desertio
1632 353 1663 383 et
1685 350 1839 393 quaedam
1868 349 2023 392 elongatio
2046 350 2086 382 ab
2109 349 2180 389 illo,
2211 354 2440 392 quaeSauqrqcuouq

1331 407 1379 437 est
1402 403 1620 437 satisfactionis
1643 403 1788 436 initiam.
1814 403 1888 435 Nam
1917 415 1934 430 «ι
1951 402 2128 436 satisfacere
2149 405 2197 435 est
2219 411 2293 436 cau·
2329 386 2420 408 'mum‘
2439 431 2441 448 A

1332 466 1381 490 sas
1407 460 1605 498 peccatorum
1630 455 1776 489 excidere
1800 458 1831 488 et
1854 455 1899 488 eis
1922 454 2070 497 peccandi
2093 455 2214 487 aditum
2231 464 2293 488 non
2440 454 2441 457 ’

1332 510 1520 552 indulgere⁶
1538 521 1572 548 »;
1597 509 1681 542 unde
1705 513 1736 542 et
1759 509 1791 541 in
1815 509 1912 541 huius
1943 508 2077 550 figuram
2105 508 2292 541 adolescenti
2441 510 2442 552 1

1332 563 1435 596 adbuc
1459 567 1592 595 mortuo
1622 562 1742 595 dictum
1767 565 1814 595 est
1845 571 1942 604 supra
1974 561 2124 603 septimo:
2153 574 2169 590 α
2186 561 2294 594 Adole-

1333 624 1440 654 scens,
1465 615 1520 648 tibi
1541 615 1627 654 dico,
1648 623 1743 657 surge
1761 628 1791 653 »,
1808 617 1845 647 ut
1864 614 1908 647 sic
1929 614 2094 647 deseratur
2110 614 2219 656 culpa.
2237 614 2296 647 Ho—

1334 668 1410 701 mini
1434 668 1578 701 similiter
1601 671 1769 700 contracto
1796 668 1916 700 dictum
1941 670 1989 700 est
2015 667 2134 700 loannis
2165 667 2294 709 quinto:

1339 734 1354 750 «
1372 722 1488 764 Surge,
1514 721 1587 754 tolle
1610 721 1775 763 grabatum
1801 724 1893 753 tuum
1925 723 1957 753 et
1979 720 2106 753 ambula
2123 733 2158 759 n,
2182 724 2219 752 ut
2251 720 2295 753 sic

1334 774 1534 816 relinquatur
1548 777 1760 816 peccatorum
1776 773 1916 817 sequela.
1934 773 2082 806 Similiter
2103 768 2193 806 Petro
2209 776 2296 806 com-

1332 827 1441 869 pedito
1465 827 1583 859 dictum
1608 830 1655 859 est
1679 827 1811 859 Actuum
1828 826 2058 859 duodecim0⁷:
2087 839 2102 854 ιι
2120 826 2296 868 διπςθπεὲ

1334 880 1443 913 lociter
1461 892 1490 919 »;
1517 883 1552 912 ut
1568 879 1612 912 sic
1637 880 1836 922 relinquatur
1849 879 1979 921 peccati
1994 879 2124 912 occasio
2141 888 2198 912 seu
2215 871 2296 911 mala

1334 934 1466 966 societas
1489 936 1520 966 et
1543 932 1747 965 consuetudo.
1772 933 1903 974 Propter
1926 941 2009 974 quae
2040 931 2196 974 peccatori
2220 931 2296 964 dici-

1334 990 1388 1020 tur
1419 986 1457 1019 ad
1490 986 1638 1028 Ephesios
1669 986 1797 1028 quinto:
1827 998 1842 1014 a
1864 986 1978 1028 Surge,
2011 985 2066 1028 qui
2097 986 2234 1024 dormis,
2266 989 2298 1018 et

1334 1049 1473 1081 exsurge
1497 1049 1515 1072 a
1545 1039 1679 1072 mortuis
1700 1052 1715 1067 »
1745 1043 1803 1071 etc.
1831 1058 1877 1062 »-
1901 1039 1937 1071 Et
1960 1038 2056 1081 quia⁸
2086 1052 2102 1067 α
2117 1038 2222 1072 minus
2250 1042 2298 1071 est
2315 1045 2443 1076 lpsiusrer·

1334 1094 1417 1126 mala
1447 1102 1509 1126 non
1533 1101 1644 1134 agere,
1677 1092 1735 1125 nisi
1767 1092 1903 1134 quisque
1934 1092 2027 1124 etiam
2052 1091 2176 1125 studeat
2207 1091 2298 1125 honis
2343 1072 2414 1094 secam.

1334 1146 1483 1188 operibus
1499 1145 1648 1178 insudare
1663 1159 1695 1184 ν,
1714 1145 1858 1187 protinus
1881 1144 2046 1178 subditur:
2070 1144 2162 1177 Venit
2176 1144 2223 1177 ad
2234 1154 2297 1187 pa-

1335 1204 1417 1233 trem
1440 1209 1560 1237 saum,
1585 1208 1641 1240 per
1665 1198 1764 1240 ipsius
1788 1198 2010 1237 imitationem;
2036 1198 2157 1231 loannis
2177 1197 2298 1231 decimo

1334 1252 1492 1295 quarto⁹x
1521 1265 1537 1280 «
1554 1252 1650 1284 Nemo
1682 1251 1767 1284 venit
1798 1251 1835 1283 ad
1869 1251 1992 1284 Patrem
2016 1250 2076 1283 nisi
2105 1260 2162 1293 per
2189 1259 2240 1284 me
2265 1264 2296 1282 ».

1341 1305 1447 1344 Venit,
1465 1305 1609 1347 inquam,
1630 1307 1666 1337 ut
1681 1304 1735 1346 qui
1754 1304 1843 1346 prius
1860 1307 2034 1337 recesserat
2054 1303 2190 1346 superbe
2207 1312 2298 1346 prae-

1334 1358 1517 1397 varicando,
1542 1366 1627 1390 nunc
1650 1357 1689 1389 ad
1713 1361 1834 1398 patrem
1859 1356 1963 1389 veniat
1986 1356 2150 1389 humiliter
2177 1356 2299 1389 satisfa-

1334 1411 1457 1449 ciendo,
1490 1410 1664 1443 secundum
1697 1409 1774 1442 illud
1806 1409 1901 1442 Isaiae
1925 1409 2121 1451 sexagesimo
2136 1410 2175 1441 1⁰:
2205 1409 2297 1442 «Ve-

1334 1465 1421 1497 nient
1444 1463 1483 1496 ad
1515 1467 1545 1496 te
1569 1472 1695 1502 omnes,
1719 1463 1774 1505 qui
1799 1462 2006 1495 detrahebant
2030 1462 2101 1501 tibi,
2126 1465 2157 1495 et
2188 1462 2299 1495 adora-

1335 1518 1415 1550 bunt
1439 1516 1569 1559 vestigia
1600 1516 1709 1558 pedem
1743 1519 1872 1548 tuorum
1891 1529 1906 1544 ι)
1935 1519 1992 1548 etc.
2018 1515 2143 1553 Omnis,
2167 1515 2221 1557 qui
2254 1515 2298 1548 sic

1335 1571 1438 1609 venit,
1462 1579 1481 1603 a
1504 1570 1568 1603 Deo
1593 1568 1766 1607 traianum
1790 1568 1912 1601 loannis
1936 1571 2041 1601 sexto:
2070 1581 2086 1596 α
2103 1569 2198 1601 Nemo
2215 1568 2300 1601 venit

1335 1624 1373 1657 ad
1406 1633 1474 1662 me,
1511 1623 1569 1656 nisi
1606 1623 1695 1655 Pater
1729 1631 1820 1655 meus
1856 1621 1992 1655 traxerit
2022 1630 2095 1654 eum
2120 1633 2158 1660 »;
2194 1624 2225 1654 et
2254 1621 2299 1654 sic

1336 1681 1464 1710 tractus
1496 1676 1707 1714 adamatam
1743 1675 1795 1708 lob
1819 1675 1968 1717 vigesimo
1996 1673 2090 1707 tertio
2107 1675 2151 1706 ll:
2187 1687 2203 1702 α
2223 1674 2300 1715 Quis

1336 1731 1411 1763 mihi
1444 1730 1581 1769 tribuat,
1614 1732 1651 1762 ut
1685 1737 1869 1771 cognoscam
1901 1730 1933 1761 et
1964 1727 2120 1760 inveniam
2149 1727 2236 1759 illum
2269 1730 2300 1759 et

1335 1784 1457 1818 veniam
1481 1792 1583 1826 usque
1607 1782 1644 1815 ad
1669 1782 1783 1816 solium
1807 1782 1876 1815 eius
1892 1785 1935 1814 »?
1958 1785 1990 1814 et
2013 1781 2057 1814 sic
2081 1780 2220 1813 adiutas
2243 1789 2300 1812 su-

1334 1836 1632 1879 seipitur510annis
1648 1839 1753 1869 sexto:
1775 1848 1791 1864 α
1809 1835 1887 1868 Eum
1912 1834 1967 1877 qui
1983 1834 2069 1867 venit
2092 1833 2131 1866 ad
2155 1842 2220 1873 me,
2237 1842 2300 1866 non

1335 1891 1455 1923 eliciam
1479 1890 1564 1922 foras
1579 1902 1610 1921 ιο.

1426 1943 1478 1976 33.
1506 1942 1589 1975 Cam
1620 1946 1731 1975 autem
1763 1940 1875 1975 adhuc
1906 1941 1999 1984 lonye
2023 1944 2111 1974 esset.
2146 1941 2217 1974 Post
2247 1940 2302 1973 de·
2318 1946 2453 1996 2222&ss

1337 1996 1486 2038 scriptam
1512 1995 1723 2034 insolentiam,
1749 1995 1907 2027 miseriam
1940 1998 1971 2027 et
1995 1993 2218 2036 poenitentiam
2249 1993 2301 2027 hic
2360 2000 2411 2022 duo-

1337 2053 1453 2091 quarto
1475 2047 1667 2081 describitur
1687 2048 1740 2090 pii
1766 2048 1880 2091 patris
1902 2046 2140 2080 misericordia
2154 2047 2190 2080 ¹².
2215 2046 2301 2080 Divi-

1337 2102 1424 2135 ditur
1454 2105 1559 2134 autem
1586 2101 1663 2134 haec
1695 2110 1768 2143 pars
1791 2101 1823 2133 in
1854 2101 1943 2134 duas.
1969 2101 2001 2133 ln
2029 2110 2165 2143 quarum
2199 2100 2301 2143 prima
2319 2106 2410 2129 Divisio-

1338 2154 1529 2187 describitur
1560 2154 1793 2187 misericordia
1820 2153 1874 2197 pii
1894 2154 2006 2197 patris
2036 2153 2068 2186 in
2101 2152 2301 2196 acceptando

1339 2207 1581 2240 conversionem
1597 2207 1799 2249 peccatoris;
1815 2207 1968 2246 secundo,
1986 2207 2016 2239 in
2031 2206 2198 2249 placando
2214 2205 2302 2239 indi-

1337 2260 1528 2303 gnationem
1553 2259 1744 2299 obedientis,
1769 2260 1810 2293 ibi
1826 2261 1870 2292 ¹³:
1898 2262 1981 2294 Erat
1996 2265 2108 2293 autem
2122 2260 2215 2303 filius
2230 2260 2302 2292 eius

1338 2313 1450 2346 senior
1473 2317 1531 2346 etc.

1429 2366 1695 2399 Misericordiam
1719 2370 1824 2400 autem
1850 2370 2072 2409 acceptantern
2087 2366 2152 2409 filit
2163 2366 2303 2409 prodiyi
2316 2371 2460 2426 Pff335²ggj

1340 2419 1584 2452 conversionem
1607 2419 1785 2453 manifestat
1808 2420 2003 2462 Evangelista
2019 2423 2172 2462 quantum
2189 2419 2229 2452 ad
2245 2419 2302 2452 tri·
2334 2423 2462 2472 fersignisfig

1340 2472 1451 2515 plicem
1475 2476 1596 2512 actum,
1621 2473 1738 2506 scilicet
1769 2473 1889 2515 primo,
1913 2473 1944 2506 in
1976 2472 2186 2515 suscipiendo
2213 2471 2301 2505 indi-
2332 2456 2462 2525 ξξῑὶιὲιῐτιῗῗῗὶῖἷ·

1338 2536 1465 2569 ,anunm
1489 2526 1642 2565 secundo,
1667 2526 1702 2559 in
1725 2526 1888 2560 vestiendo
1912 2526 2061 2565 nudum,
2085 2525 2127 2559 ibi
2142 2526 2186 2558 ¹⁴¹:
2210 2524 2301 2558 Dixit
2388 2519 2394 2525 '

1318 2598 1320 2603 ·
1342 2583 1454 2612 autem
1476 2583 1572 2621 pater
1595 2578 1642 2611 ad
1663 2588 1775 2611 servos
1805 2588 1904 2617 saos;
1928 2579 2021 2612 tertio
2051 2587 2146 2617 vero,
2170 2577 2202 2610 in
2225 2575 2301 2618 refi-

1341 2631 1455 2664 ciendo
1478 2629 1687 2673 famelicum,
1712 2630 1773 2663 ibi:
1800 2631 1839 2663 Et
1861 2631 2016 2663 adducite
2039 2630 2184 2663 vitulum
2211 2628 2302 2672 ςαρί-

1341 2688 1469 2717 natam.
1503 2684 1579 2716 Nam
1611 2683 1637 2716 is
1668 2687 1714 2716 est
1746 2683 1824 2716 ordo
1855 2683 2062 2726 reparationis
2093 2682 2215 2715 animae
2245 2690 2303 2724 per

1411 2848 1422 2863 ⁵
1442 2850 1516 2875 Vers.
1535 2850 1579 2875 21.
1597 2852 1623 2874 et
1641 2848 1738 2874 deinde
1757 2848 1818 2874 Luc.
1841 2849 1887 2878 -18,
1911 2848 1950 2873 13.
1969 2855 2024 2880 seq.

1410 2892 1422 2907 ⁶
1441 2895 1478 2919 De
1498 2895 1545 2919 hac
1565 2893 1714 2919 definitione
1729 2893 1873 2924 Augustino
1887 2892 1981 2918 tributa
1998 2893 2047 2924 (est
2060 2895 2145 2918 tamen
2159 2892 2301 2925 Gennadii)

1340 2940 1387 2964 cfr.
1407 2939 1448 2964 lV.
1467 2940 1538 2964 Sent.
1556 2938 1639 2964 (1.15.
1660 2945 1684 2969 p.
1706 2938 1733 2963 ll.
1747 2944 1769 2962 a.
1791 2937 1814 2962 1.
1834 2944 1860 2969 q.
1884 2937 1904 2968 l;
1925 2937 1948 2962 in
1964 2936 2018 2969 ipsa
2039 2937 2058 2962 Α
2071 2937 2091 2962 D
2110 2937 2232 2963 omittunt
2241 2944 2303 2971 pec-

1340 2982 1428 3009 candi.
1447 2996 1482 3001 —
1501 2983 1559 3008 Duo
1578 2989 1653 3014 seqq.
1676 2981 1724 3007 loci
1750 2984 1811 3006 sunt
1830 2981 1891 3006 Luc.
1917 2981 1948 3013 7,
1972 2980 2011 3006 ¹4.
2031 2984 2056 3006 et
2080 2982 2148 3007 loun.
2175 2982 2203 3013 5,
2223 2982 2247 3007 8.
2268 2995 2303 3000 -

1340 3027 1430 3052 Glossn
1450 3025 1648 3053 interlinearis:
1669 3025 1704 3052 Et
1721 3031 1851 3058 surqens,
1872 3025 1938 3051 sicut
1957 3024 2129 3058 deliberavit,
2150 3025 2183 3051 ita
2204 3026 2301 3058 implet.

1411 3068 1421 3084 ⁷
1443 3071 1518 3096 vers.
1536 3070 1561 3095 7.
1581 3083 1616 3089 —
1636 3069 1760 3103 Sequitur
1786 3069 1849 3100 Eph.
1873 3069 1901 3099 5,
1930 3068 1972 3094 14.
1991 3083 2025 3087 -—-
2044 3069 2152 3095 lnrerius
2176 3076 2225 3102 pro
2241 3075 2303 3103 pec-

1340 3114 1394 3141 cati
1411 3114 1514 3141 occasio
1534 3114 1591 3140 Vat.
1611 3121 1672 3141 curn
1691 3113 1821 3139 nonnullis
1839 3113 1916 3138 codd.
1935 3112 2065 3146 peccandi
2081 3112 2194 3140 occasio.

1412 3157 1422 3172 θ
1442 3159 1473 3185 Ut
1491 3159 1554 3184 dicit
1572 3159 1695 3191 (ὶτοὲοικ1
1716 3159 1734 3184 l.
1752 3157 1846 3183 Homil.
1865 3157 1891 3183 in
1911 3158 2008 3190 Evung.
2027 3158 2115 3183 homil.
2135 3158 2176 3183 13,
2197 3165 2222 3183 n.
2245 3157 2266 3183 1.

1411 3201 1422 3216 ⁹
1444 3203 1518 3228 Vers.
1538 3203 1562 3228 6.
1587 3235 1591 3238 ⁴

1413 3245 1435 3261 ¹⁰
1455 3248 1529 3272 vers.
1549 3246 1590 3272 tt.
1610 3261 1644 3265 —
1664 3246 1781 3273 Subinde
1800 3246 2012 3278 allegaturjoan.
2032 3247 2062 3277 ὃ,
2084 3246 2125 3272 tt.

1414 3290 1435 3305 ¹²
1457 3292 1531 3317 vers.
1551 3292 1574 3317 3.
1595 3296 1620 3317 et
1639 3291 1734 3317 deiude
1755 3291 1821 3316 loon.
1842 3291 1871 3321 6,
1891 3290 1936 3316 37.

1414 3333 1435 3349 ¹²
1454 3335 1506 3362 Csr.
1526 3342 1605 3367 supra
1626 3343 1651 3361 n.
1670 3336 1714 3361 21.

1413 3378 1436 3394 ¹³
1458 3380 1531 3406 Vers.
1552 3381 1594 3406 25.

1413 3423 1435 3438 ¹⁴
1456 3424 1529 3450 Vers.
1553 3425 1603 3455 ‘225
1624 3424 1728 3450 tertium
1749 3423 1860 3449 habetur
1880 3431 1904 3450 v.
1925 3425 1968 3449 23.
