<?xml version="1.0" encoding="UTF-8"?>
<!DOCTYPE html PUBLIC "-//W3C//DTD XHTML 1.0 Transitional//EN"
    "http://www.w3.org/TR/xhtml1/DTD/xhtml1-transitional.dtd">
<html xmlns="http://www.w3.org/1999/xhtml" xml:lang="en" lang="en">
 <head>
  <title>
</title>
<meta http-equiv="Content-Type" content="text/html;charset=utf-8" />
  <meta name='ocr-system' content='tesseract 3.04.00' />
  <meta name='ocr-capabilities' content='ocr_page ocr_carea ocr_par ocr_line ocrx_word'/>
</head>
<body>
  <div class='ocr_page' id='page_1' title='image "./doctorisseraphic07bona_0693.png"; bbox 0 0 2427 3872; ppageno 0'>
   <div class='ocr_carea' id='block_1_1' title="bbox 88 267 733 1720">
    <p class='ocr_par' dir='ltr' id='par_1_1' title="bbox 383 267 436 294">
     <span class='ocr_line' id='line_1_1' title="bbox 383 267 436 294; baseline -0.019 0"><span class='ocrx_word' id='word_1_1' title='bbox 383 267 436 294; x_wconf 84' lang='grc' dir='ltr'>ΑΝΙ</span> 
     </span>
    </p>

    <p class='ocr_par' dir='ltr' id='par_1_2' title="bbox 91 309 733 560">
     <span class='ocr_line' id='line_1_2' title="bbox 146 309 733 345; baseline -0.012 -4"><span class='ocrx_word' id='word_1_2' title='bbox 146 330 181 334; x_wconf 95' lang='grc'><strong>-</strong></span> <span class='ocrx_word' id='word_1_3' title='bbox 201 316 240 340; x_wconf 89' lang='lat' dir='ltr'>est</span> <span class='ocrx_word' id='word_1_4' title='bbox 259 319 341 340; x_wconf 92' lang='lat' dir='ltr'>unum</span> <span class='ocrx_word' id='word_1_5' title='bbox 360 311 541 345; x_wconf 79' lang='lat' dir='ltr'><strong>quadriforme</strong></span> <span class='ocrx_word' id='word_1_6' title='bbox 559 312 585 335; x_wconf 92' lang='lat' dir='ltr'>et</span> <span class='ocrx_word' id='word_1_7' title='bbox 597 309 733 342; x_wconf 82' lang='lat' dir='ltr'><strong>quodlibet</strong></span> 
     </span>
     <span class='ocr_line' id='line_1_3' title="bbox 93 353 732 390; baseline -0.009 -5"><span class='ocrx_word' id='word_1_8' title='bbox 93 360 198 386; x_wconf 90' lang='lat' dir='ltr'>illorum</span> <span class='ocrx_word' id='word_1_9' title='bbox 217 360 257 384; x_wconf 85' lang='lat' dir='ltr'>est</span> <span class='ocrx_word' id='word_1_10' title='bbox 275 359 389 390; x_wconf 90' lang='lat' dir='ltr'>quatuor</span> <span class='ocrx_word' id='word_1_11' title='bbox 402 355 527 381; x_wconf 90' lang='lat' dir='ltr'>facierum</span> <span class='ocrx_word' id='word_1_12' title='bbox 536 373 543 385; x_wconf 92' lang='lat'><strong><em>,</em></strong></span> <span class='ocrx_word' id='word_1_13' title='bbox 556 353 634 380; x_wconf 91' lang='lat' dir='ltr'>unius</span> <span class='ocrx_word' id='word_1_14' title='bbox 646 356 732 379; x_wconf 85' lang='lat' dir='ltr'>tamen</span> 
     </span>
     <span class='ocr_line' id='line_1_4' title="bbox 92 398 733 435; baseline -0.008 -7"><span class='ocrx_word' id='word_1_15' title='bbox 92 402 271 435; x_wconf 80' lang='lat' dir='ltr'>principaliter</span> <span class='ocrx_word' id='word_1_16' title='bbox 296 400 339 426; x_wconf 88' lang='lat' dir='ltr'>Vll</span> <span class='ocrx_word' id='word_1_17' title='bbox 368 400 384 425; x_wconf 88' lang='grc'>6</span> <span class='ocrx_word' id='word_1_18' title='bbox 413 398 447 424; x_wconf 88' lang='grc'>24</span> <span class='ocrx_word' id='word_1_19' title='bbox 472 413 507 416; x_wconf 91' lang='grc'><strong>-</strong></span> <span class='ocrx_word' id='word_1_20' title='bbox 526 401 640 431; x_wconf 90' lang='lat' dir='ltr'>quatuor</span> <span class='ocrx_word' id='word_1_21' title='bbox 661 398 733 424; x_wconf 68' lang='lat' dir='ltr'>’desi-</span> 
     </span>
     <span class='ocr_line' id='line_1_5' title="bbox 93 442 732 478; baseline -0.005 -7"><span class='ocrx_word' id='word_1_22' title='bbox 93 448 174 478; x_wconf 83' lang='lat' dir='ltr'>gnant</span> <span class='ocrx_word' id='word_1_23' title='bbox 191 447 305 478; x_wconf 90' lang='lat' dir='ltr'>quatuor</span> <span class='ocrx_word' id='word_1_24' title='bbox 333 443 475 475; x_wconf 83' lang='lat' dir='ltr'>Evangelia</span> <span class='ocrx_word' id='word_1_25' title='bbox 501 443 534 469; x_wconf 97' lang='lat' dir='ltr'>Vl</span> <span class='ocrx_word' id='word_1_26' title='bbox 561 442 607 468; x_wconf 94' lang='grc'>241</span> <span class='ocrx_word' id='word_1_27' title='bbox 642 443 667 468; x_wconf 92' lang='grc'>6.</span> <span class='ocrx_word' id='word_1_28' title='bbox 690 442 732 468; x_wconf 91' lang='lat' dir='ltr'>Vll</span> 
     </span>
     <span class='ocr_line' id='line_1_6' title="bbox 92 487 733 520; baseline -0.005 -5"><span class='ocrx_word' id='word_1_29' title='bbox 92 490 108 515; x_wconf 97' lang='lat'><strong>6</strong></span> <span class='ocrx_word' id='word_1_30' title='bbox 129 489 162 515; x_wconf 88' lang='grc'>24</span> <span class='ocrx_word' id='word_1_31' title='bbox 181 503 217 507; x_wconf 92' lang='lat'>—-</span> <span class='ocrx_word' id='word_1_32' title='bbox 239 488 383 520; x_wconf 83' lang='lat' dir='ltr'>figuraliter</span> <span class='ocrx_word' id='word_1_33' title='bbox 406 487 556 519; x_wconf 84' lang='lat' dir='ltr'>exprimunt</span> <span class='ocrx_word' id='word_1_34' title='bbox 583 487 733 519; x_wconf 82' lang='lat' dir='ltr'>Evangelio-</span> 
     </span>
     <span class='ocr_line' id='line_1_7' title="bbox 91 530 637 560; baseline -0.007 0"><span class='ocrx_word' id='word_1_35' title='bbox 91 540 151 560; x_wconf 92' lang='lat' dir='ltr'>rum</span> <span class='ocrx_word' id='word_1_36' title='bbox 171 533 307 559; x_wconf 74' lang='lat' dir='ltr'>materiam</span> <span class='ocrx_word' id='word_1_37' title='bbox 327 534 353 558; x_wconf 93' lang='lat' dir='ltr'>et</span> <span class='ocrx_word' id='word_1_38' title='bbox 371 533 483 558; x_wconf 91' lang='lat' dir='ltr'>formam</span> <span class='ocrx_word' id='word_1_39' title='bbox 503 531 548 557; x_wconf 89' lang='lat' dir='ltr'>Vll</span> <span class='ocrx_word' id='word_1_40' title='bbox 567 531 583 556; x_wconf 88' lang='lat'><strong>6</strong></span> <span class='ocrx_word' id='word_1_41' title='bbox 603 530 637 557; x_wconf 86' lang='grc'>24</span> 
     </span>
    </p>

    <p class='ocr_par' dir='ltr' id='par_1_3' title="bbox 91 567 733 870">
     <span class='ocr_line' id='line_1_8' title="bbox 145 567 732 609; baseline -0.003 -6"><span class='ocrx_word' id='word_1_42' title='bbox 145 592 180 596; x_wconf 89' lang='grc'>-</span> <span class='ocrx_word' id='word_1_43' title='bbox 198 577 272 603; x_wconf 74' lang='lat' dir='ltr'>ibant</span> <span class='ocrx_word' id='word_1_44' title='bbox 290 567 397 609; x_wconf 80' lang='lat' dir='ltr'>propria</span> <span class='ocrx_word' id='word_1_45' title='bbox 417 576 515 601; x_wconf 74' lang='lat' dir='ltr'>virtute</span> <span class='ocrx_word' id='word_1_46' title='bbox 529 576 570 602; x_wconf 87' lang='lat' dir='ltr'>vu</span> <span class='ocrx_word' id='word_1_47' title='bbox 585 575 636 601; x_wconf 74' lang='lat' dir='ltr'>iot</span> <span class='ocrx_word' id='word_1_48' title='bbox 650 576 684 601; x_wconf 84' lang='lat'><strong>62</strong></span> <span class='ocrx_word' id='word_1_49' title='bbox 697 590 732 594; x_wconf 81' lang='lat'>-</span> 
     </span>
     <span class='ocr_line' id='line_1_9' title="bbox 91 619 732 655; baseline -0.005 -7"><span class='ocrx_word' id='word_1_50' title='bbox 91 628 161 655; x_wconf 87' lang='lat' dir='ltr'>quae</span> <span class='ocrx_word' id='word_1_51' title='bbox 178 619 390 653; x_wconf 75' lang='lat' dir='ltr'>revertebantur,</span> <span class='ocrx_word' id='word_1_52' title='bbox 403 622 465 646; x_wconf 85' lang='lat' dir='ltr'>sunt</span> <span class='ocrx_word' id='word_1_53' title='bbox 482 620 566 652; x_wconf 78' lang='lat' dir='ltr'>figura</span> <span class='ocrx_word' id='word_1_54' title='bbox 584 620 732 646; x_wconf 80' lang='lat' dir='ltr'>activorum</span> 
     </span>
     <span class='ocr_line' id='line_1_10' title="bbox 92 663 730 693; baseline -0.005 0"><span class='ocrx_word' id='word_1_55' title='bbox 92 667 126 693; x_wconf 86' lang='grc'>53</span> <span class='ocrx_word' id='word_1_56' title='bbox 146 666 174 692; x_wconf 91' lang='grc'>41</span> <span class='ocrx_word' id='word_1_57' title='bbox 198 681 234 684; x_wconf 92' lang='grc'><strong>-</strong></span> <span class='ocrx_word' id='word_1_58' title='bbox 252 668 341 691; x_wconf 81' lang='lat' dir='ltr'>sancta</span> <span class='ocrx_word' id='word_1_59' title='bbox 360 671 412 690; x_wconf 93' lang='lat' dir='ltr'>non</span> <span class='ocrx_word' id='word_1_60' title='bbox 439 663 641 690; x_wconf 83' lang='lat' dir='ltr'>revertebantur</span> <span class='ocrx_word' id='word_1_61' title='bbox 660 667 730 690; x_wconf 89' lang='lat' dir='ltr'>retro</span> 
     </span>
     <span class='ocr_line' id='line_1_11' title="bbox 91 709 733 744; baseline -0.005 -7"><span class='ocrx_word' id='word_1_62' title='bbox 91 710 243 744; x_wconf 89' lang='lat' dir='ltr'>aspiciendo</span> <span class='ocrx_word' id='word_1_63' title='bbox 269 710 301 736; x_wconf 92' lang='lat' dir='ltr'>Vl</span> <span class='ocrx_word' id='word_1_64' title='bbox 331 709 382 735; x_wconf 87' lang='grc'>569</span> <span class='ocrx_word' id='word_1_65' title='bbox 412 709 427 735; x_wconf 98' lang='grc'>4</span> <span class='ocrx_word' id='word_1_66' title='bbox 449 724 484 727; x_wconf 90' lang='grc'><strong>-</strong></span> <span class='ocrx_word' id='word_1_67' title='bbox 506 715 620 742; x_wconf 88' lang='lat' dir='ltr'>quorum</span> <span class='ocrx_word' id='word_1_68' title='bbox 650 709 733 741; x_wconf 89' lang='lat' dir='ltr'>pedes</span> 
     </span>
     <span class='ocr_line' id='line_1_12' title="bbox 91 753 732 787; baseline -0.005 -6"><span class='ocrx_word' id='word_1_69' title='bbox 91 758 165 782; x_wconf 89' lang='lat' dir='ltr'>erant</span> <span class='ocrx_word' id='word_1_70' title='bbox 183 755 255 787; x_wconf 86' lang='lat' dir='ltr'>recti,</span> <span class='ocrx_word' id='word_1_71' title='bbox 274 754 423 786; x_wconf 81' lang='lat' dir='ltr'>significant</span> <span class='ocrx_word' id='word_1_72' title='bbox 441 753 561 780; x_wconf 89' lang='lat' dir='ltr'>homines</span> <span class='ocrx_word' id='word_1_73' title='bbox 580 756 651 779; x_wconf 87' lang='lat' dir='ltr'>recte</span> <span class='ocrx_word' id='word_1_74' title='bbox 664 753 732 779; x_wconf 89' lang='lat' dir='ltr'>ince-</span> 
     </span>
     <span class='ocr_line' id='line_1_13' title="bbox 91 798 732 836; baseline -0.003 -10"><span class='ocrx_word' id='word_1_75' title='bbox 91 800 184 826; x_wconf 84' lang='lat' dir='ltr'>dentes</span> <span class='ocrx_word' id='word_1_76' title='bbox 203 800 245 826; x_wconf 93' lang='lat' dir='ltr'>Vll</span> <span class='ocrx_word' id='word_1_77' title='bbox 263 799 298 825; x_wconf 92' lang='grc'>73</span> <span class='ocrx_word' id='word_1_78' title='bbox 319 799 347 824; x_wconf 94' lang='grc'>14</span> <span class='ocrx_word' id='word_1_79' title='bbox 371 813 407 817; x_wconf 92' lang='lat'>—-</span> <span class='ocrx_word' id='word_1_80' title='bbox 424 801 539 836; x_wconf 79' lang='lat' dir='ltr'>quatuor</span> <span class='ocrx_word' id='word_1_81' title='bbox 552 798 732 831; x_wconf 80' lang='lat' dir='ltr'>praefigurant</span> 
     </span>
     <span class='ocr_line' id='line_1_14' title="bbox 92 843 493 870; baseline -0.005 0"><span class='ocrx_word' id='word_1_82' title='bbox 92 844 202 870; x_wconf 89' lang='lat' dir='ltr'>virtutes</span> <span class='ocrx_word' id='word_1_83' title='bbox 221 843 368 869; x_wconf 80' lang='lat' dir='ltr'>cardinales</span> <span class='ocrx_word' id='word_1_84' title='bbox 389 843 438 869; x_wconf 88' lang='grc'>143</span> <span class='ocrx_word' id='word_1_85' title='bbox 459 843 493 868; x_wconf 88' lang='grc'>36</span> 
     </span>
    </p>

    <p class='ocr_par' dir='ltr' id='par_1_4' title="bbox 90 887 731 959">
     <span class='ocr_line' id='line_1_15' title="bbox 143 887 731 920; baseline -0.002 -6"><span class='ocrx_word' id='word_1_86' title='bbox 143 903 179 907; x_wconf 88' lang='grc'><strong>-</strong></span> <span class='ocrx_word' id='word_1_87' title='bbox 197 888 251 914; x_wconf 92' lang='lat' dir='ltr'>duo</span> <span class='ocrx_word' id='word_1_88' title='bbox 270 887 449 920; x_wconf 82' lang='lat' dir='ltr'>intelliguntur</span> <span class='ocrx_word' id='word_1_89' title='bbox 462 887 517 914; x_wconf 90' lang='lat' dir='ltr'>duo</span> <span class='ocrx_word' id='word_1_90' title='bbox 531 890 684 914; x_wconf 83' lang='lat' dir='ltr'>testamenta</span> <span class='ocrx_word' id='word_1_91' title='bbox 698 887 731 913; x_wconf 95' lang='lat' dir='ltr'>Vl</span> 
     </span>
     <span class='ocr_line' id='line_1_16' title="bbox 90 932 178 959; baseline -0.011 0"><span class='ocrx_word' id='word_1_92' title='bbox 90 932 137 959; x_wconf 86' lang='grc'>541</span> <span class='ocrx_word' id='word_1_93' title='bbox 161 932 178 958; x_wconf 92' lang='grc'><strong>7</strong></span> 
     </span>
    </p>

    <p class='ocr_par' dir='ltr' id='par_1_5' title="bbox 88 976 732 1137">
     <span class='ocr_line' id='line_1_17' title="bbox 143 976 731 1009; baseline -0.002 -6"><span class='ocrx_word' id='word_1_94' title='bbox 143 977 239 1003; x_wconf 70' lang='lat' dir='ltr'>Annius</span> <span class='ocrx_word' id='word_1_95' title='bbox 255 991 291 995; x_wconf 97' lang='lat'><strong>—</strong></span> <span class='ocrx_word' id='word_1_96' title='bbox 321 977 421 1003; x_wconf 88' lang='lat' dir='ltr'>recedit</span> <span class='ocrx_word' id='word_1_97' title='bbox 439 984 454 1003; x_wconf 93' lang='lat' dir='ltr'>a</span> <span class='ocrx_word' id='word_1_98' title='bbox 479 976 557 1003; x_wconf 90' lang='lat' dir='ltr'>nobis</span> <span class='ocrx_word' id='word_1_99' title='bbox 580 976 731 1009; x_wconf 90' lang='lat' dir='ltr'>appetendo</span> 
     </span>
     <span class='ocr_line' id='line_1_18' title="bbox 91 1020 732 1055; baseline -0.003 -7"><span class='ocrx_word' id='word_1_100' title='bbox 91 1021 243 1054; x_wconf 89' lang='lat' dir='ltr'>temporalia</span> <span class='ocrx_word' id='word_1_101' title='bbox 261 1024 287 1047; x_wconf 94' lang='lat' dir='ltr'>et</span> <span class='ocrx_word' id='word_1_102' title='bbox 304 1022 452 1053; x_wconf 90' lang='lat' dir='ltr'>revertitur,</span> <span class='ocrx_word' id='word_1_103' title='bbox 465 1021 573 1055; x_wconf 91' lang='lat' dir='ltr'>quando</span> <span class='ocrx_word' id='word_1_104' title='bbox 592 1028 640 1054; x_wconf 92' lang='lat' dir='ltr'>per</span> <span class='ocrx_word' id='word_1_105' title='bbox 653 1020 732 1047; x_wconf 89' lang='lat' dir='ltr'>tribu-</span> 
     </span>
     <span class='ocr_line' id='line_1_19' title="bbox 88 1065 730 1093; baseline -0.005 -1"><span class='ocrx_word' id='word_1_106' title='bbox 88 1066 211 1092; x_wconf 91' lang='lat' dir='ltr'>lationem</span> <span class='ocrx_word' id='word_1_107' title='bbox 229 1066 354 1093; x_wconf 90' lang='lat' dir='ltr'>reductus</span> <span class='ocrx_word' id='word_1_108' title='bbox 372 1067 404 1093; x_wconf 92' lang='lat' dir='ltr'>ad</span> <span class='ocrx_word' id='word_1_109' title='bbox 425 1066 547 1092; x_wconf 88' lang='lat' dir='ltr'>interiora</span> <span class='ocrx_word' id='word_1_110' title='bbox 566 1065 677 1091; x_wconf 89' lang='lat' dir='ltr'>recurrit</span> <span class='ocrx_word' id='word_1_111' title='bbox 689 1065 730 1090; x_wconf 93' lang='lat' dir='ltr'>Vll</span> 
     </span>
     <span class='ocr_line' id='line_1_20' title="bbox 91 1110 196 1137; baseline 0.01 -1"><span class='ocrx_word' id='word_1_112' title='bbox 91 1110 141 1136; x_wconf 90' lang='grc'>284</span> <span class='ocrx_word' id='word_1_113' title='bbox 163 1111 196 1137; x_wconf 90' lang='grc'>23</span> 
     </span>
    </p>

    <p class='ocr_par' dir='ltr' id='par_1_6' title="bbox 90 1153 730 1225">
     <span class='ocr_line' id='line_1_21' title="bbox 143 1153 730 1188; baseline -0.007 -7"><span class='ocrx_word' id='word_1_114' title='bbox 143 1155 214 1182; x_wconf 67' lang='lat' dir='ltr'>Auni</span> <span class='ocrx_word' id='word_1_115' title='bbox 233 1169 269 1173; x_wconf 91' lang='lat'><em>—</em></span> <span class='ocrx_word' id='word_1_116' title='bbox 287 1155 472 1188; x_wconf 77' lang='lat' dir='ltr'>interpretatur</span> <span class='ocrx_word' id='word_1_117' title='bbox 485 1154 568 1187; x_wconf 84' lang='lat' dir='ltr'>gratia</span> <span class='ocrx_word' id='word_1_118' title='bbox 582 1153 624 1179; x_wconf 91' lang='lat' dir='ltr'>Vll</span> <span class='ocrx_word' id='word_1_119' title='bbox 639 1153 672 1178; x_wconf 83' lang='lat'><strong>62</strong></span> <span class='ocrx_word' id='word_1_120' title='bbox 687 1153 730 1178; x_wconf 91' lang='grc'>82.</span> 
     </span>
     <span class='ocr_line' id='line_1_22' title="bbox 90 1199 178 1225; baseline 0 0"><span class='ocrx_word' id='word_1_121' title='bbox 90 1199 123 1225; x_wconf 92' lang='grc'>64</span> <span class='ocrx_word' id='word_1_122' title='bbox 144 1200 178 1225; x_wconf 91' lang='grc'>89</span> 
     </span>
    </p>

    <p class='ocr_par' dir='ltr' id='par_1_7' title="bbox 88 1241 732 1678">
     <span class='ocr_line' id='line_1_23' title="bbox 142 1241 732 1277; baseline -0.008 -6"><span class='ocrx_word' id='word_1_123' title='bbox 142 1259 178 1263; x_wconf 85' lang='grc'><strong>-</strong></span> <span class='ocrx_word' id='word_1_124' title='bbox 187 1243 321 1277; x_wconf 89' lang='lat' dir='ltr'>perhibuit</span> <span class='ocrx_word' id='word_1_125' title='bbox 330 1243 432 1270; x_wconf 91' lang='lat' dir='ltr'>Christo</span> <span class='ocrx_word' id='word_1_126' title='bbox 443 1242 619 1269; x_wconf 89' lang='lat' dir='ltr'>testimonium</span> <span class='ocrx_word' id='word_1_127' title='bbox 630 1241 683 1266; x_wconf 84' lang='lat' dir='ltr'>fide</span> <span class='ocrx_word' id='word_1_128' title='bbox 695 1241 732 1267; x_wconf 92' lang='lat' dir='ltr'>di-</span> 
     </span>
     <span class='ocr_line' id='line_1_24' title="bbox 90 1285 732 1321; baseline -0.008 -6"><span class='ocrx_word' id='word_1_129' title='bbox 90 1296 172 1321; x_wconf 83' lang='lat' dir='ltr'>gnum</span> <span class='ocrx_word' id='word_1_130' title='bbox 183 1289 225 1314; x_wconf 96' lang='lat' dir='ltr'>Vll</span> <span class='ocrx_word' id='word_1_131' title='bbox 238 1289 270 1314; x_wconf 83' lang='lat'><strong>62</strong></span> <span class='ocrx_word' id='word_1_132' title='bbox 282 1289 310 1313; x_wconf 93' lang='grc'>81</span> <span class='ocrx_word' id='word_1_133' title='bbox 326 1302 361 1306; x_wconf 94' lang='grc'>-</span> <span class='ocrx_word' id='word_1_134' title='bbox 371 1288 450 1313; x_wconf 84' lang='lat' dir='ltr'>Recte</span> <span class='ocrx_word' id='word_1_135' title='bbox 457 1285 732 1318; x_wconf 88' lang='lat' dir='ltr'>decebatprophetare</span> 
     </span>
     <span class='ocr_line' id='line_1_25' title="bbox 89 1328 730 1366; baseline -0.008 -7"><span class='ocrx_word' id='word_1_136' title='bbox 89 1339 148 1359; x_wconf 90' lang='lat' dir='ltr'>eam</span> <span class='ocrx_word' id='word_1_137' title='bbox 166 1340 235 1366; x_wconf 89' lang='lat' dir='ltr'>quae</span> <span class='ocrx_word' id='word_1_138' title='bbox 253 1335 309 1358; x_wconf 89' lang='lat' dir='ltr'>erat</span> <span class='ocrx_word' id='word_1_139' title='bbox 327 1331 505 1358; x_wconf 87' lang='lat' dir='ltr'>habitaculum</span> <span class='ocrx_word' id='word_1_140' title='bbox 525 1330 624 1362; x_wconf 83' lang='lat' dir='ltr'>gratiae</span> <span class='ocrx_word' id='word_1_141' title='bbox 644 1328 676 1355; x_wconf 85' lang='lat' dir='ltr'>ib.</span> <span class='ocrx_word' id='word_1_142' title='bbox 698 1330 730 1354; x_wconf 82' lang='lat'>82</span> 
     </span>
     <span class='ocr_line' id='line_1_26' title="bbox 89 1374 731 1409; baseline -0.008 -5"><span class='ocrx_word' id='word_1_143' title='bbox 89 1392 124 1396; x_wconf 95' lang='lat'><em>-</em></span> <span class='ocrx_word' id='word_1_144' title='bbox 139 1384 257 1409; x_wconf 80' lang='lat' dir='ltr'>congrue</span> <span class='ocrx_word' id='word_1_145' title='bbox 269 1375 451 1409; x_wconf 81' lang='lat' dir='ltr'>prophetavit,</span> <span class='ocrx_word' id='word_1_146' title='bbox 465 1377 493 1400; x_wconf 91' lang='lat' dir='ltr'>ut</span> <span class='ocrx_word' id='word_1_147' title='bbox 505 1374 591 1400; x_wconf 89' lang='lat' dir='ltr'>omnis</span> <span class='ocrx_word' id='word_1_148' title='bbox 603 1374 731 1406; x_wconf 81' lang='lat' dir='ltr'>professio</span> 
     </span>
     <span class='ocr_line' id='line_1_27' title="bbox 89 1418 730 1452; baseline -0.009 -3"><span class='ocrx_word' id='word_1_149' title='bbox 89 1425 115 1448; x_wconf 88' lang='lat' dir='ltr'>et</span> <span class='ocrx_word' id='word_1_150' title='bbox 133 1429 210 1449; x_wconf 86' lang='lat' dir='ltr'>sexus</span> <span class='ocrx_word' id='word_1_151' title='bbox 228 1422 262 1447; x_wconf 92' lang='lat' dir='ltr'>de</span> <span class='ocrx_word' id='word_1_152' title='bbox 280 1420 383 1447; x_wconf 90' lang='lat' dir='ltr'>Christo</span> <span class='ocrx_word' id='word_1_153' title='bbox 401 1420 573 1452; x_wconf 85' lang='lat' dir='ltr'>prophetaret</span> <span class='ocrx_word' id='word_1_154' title='bbox 588 1418 621 1444; x_wconf 92' lang='grc'>64</span> <span class='ocrx_word' id='word_1_155' title='bbox 642 1419 676 1444; x_wconf 88' lang='grc'>87</span> <span class='ocrx_word' id='word_1_156' title='bbox 695 1433 730 1437; x_wconf 80' lang='lat'><em>-</em></span> 
     </span>
     <span class='ocr_line' id='line_1_28' title="bbox 89 1464 731 1498; baseline -0.006 -5"><span class='ocrx_word' id='word_1_157' title='bbox 89 1466 209 1492; x_wconf 90' lang='lat' dir='ltr'>obviavit</span> <span class='ocrx_word' id='word_1_158' title='bbox 222 1466 314 1498; x_wconf 91' lang='lat' dir='ltr'>loseph</span> <span class='ocrx_word' id='word_1_159' title='bbox 327 1467 353 1490; x_wconf 89' lang='lat' dir='ltr'>et</span> <span class='ocrx_word' id='word_1_160' title='bbox 362 1464 457 1490; x_wconf 89' lang='lat' dir='ltr'>Mariae</span> <span class='ocrx_word' id='word_1_161' title='bbox 466 1464 523 1489; x_wconf 87' lang='lat' dir='ltr'>sine</span> <span class='ocrx_word' id='word_1_162' title='bbox 536 1464 621 1497; x_wconf 89' lang='lat' dir='ltr'>aliqua</span> <span class='ocrx_word' id='word_1_163' title='bbox 635 1470 731 1490; x_wconf 90' lang='lat' dir='ltr'>convo-</span> 
     </span>
     <span class='ocr_line' id='line_1_29' title="bbox 89 1508 731 1542; baseline -0.003 -6"><span class='ocrx_word' id='word_1_164' title='bbox 89 1511 205 1542; x_wconf 88' lang='lat' dir='ltr'>catione,</span> <span class='ocrx_word' id='word_1_165' title='bbox 224 1509 272 1535; x_wconf 89' lang='lat' dir='ltr'>sed</span> <span class='ocrx_word' id='word_1_166' title='bbox 291 1509 382 1535; x_wconf 93' lang='lat' dir='ltr'>divino</span> <span class='ocrx_word' id='word_1_167' title='bbox 401 1508 524 1534; x_wconf 87' lang='lat' dir='ltr'>instinctu</span> <span class='ocrx_word' id='word_1_168' title='bbox 544 1509 577 1534; x_wconf 89' lang='lat'>63</span> <span class='ocrx_word' id='word_1_169' title='bbox 599 1508 631 1534; x_wconf 82' lang='lat'>87</span> <span class='ocrx_word' id='word_1_170' title='bbox 646 1523 680 1526; x_wconf 97' lang='lat'><strong>—</strong></span> <span class='ocrx_word' id='word_1_171' title='bbox 694 1508 731 1534; x_wconf 90' lang='lat' dir='ltr'>di-</span> 
     </span>
     <span class='ocr_line' id='line_1_30' title="bbox 88 1553 731 1586; baseline -0.002 -6"><span class='ocrx_word' id='word_1_172' title='bbox 88 1555 151 1580; x_wconf 88' lang='lat' dir='ltr'>vino</span> <span class='ocrx_word' id='word_1_173' title='bbox 176 1554 269 1586; x_wconf 91' lang='lat' dir='ltr'>spiritu</span> <span class='ocrx_word' id='word_1_174' title='bbox 295 1553 463 1585; x_wconf 83' lang='lat' dir='ltr'>prophetavit</span> <span class='ocrx_word' id='word_1_175' title='bbox 490 1553 525 1578; x_wconf 91' lang='grc'>64</span> <span class='ocrx_word' id='word_1_176' title='bbox 554 1553 587 1579; x_wconf 89' lang='grc'>87</span> <span class='ocrx_word' id='word_1_177' title='bbox 611 1568 646 1571; x_wconf 92' lang='grc'><strong>-</strong></span> <span class='ocrx_word' id='word_1_178' title='bbox 673 1553 731 1579; x_wconf 89' lang='lat' dir='ltr'>eius</span> 
     </span>
     <span class='ocr_line' id='line_1_31' title="bbox 89 1597 730 1630; baseline -0.003 -5"><span class='ocrx_word' id='word_1_179' title='bbox 89 1598 233 1625; x_wconf 81' lang='lat' dir='ltr'>testificatio</span> <span class='ocrx_word' id='word_1_180' title='bbox 253 1597 377 1630; x_wconf 86' lang='lat' dir='ltr'>implicite</span> <span class='ocrx_word' id='word_1_181' title='bbox 396 1597 554 1624; x_wconf 85' lang='lat' dir='ltr'>describitur</span> <span class='ocrx_word' id='word_1_182' title='bbox 573 1601 598 1624; x_wconf 92' lang='lat' dir='ltr'>et</span> <span class='ocrx_word' id='word_1_183' title='bbox 617 1605 665 1630; x_wconf 88' lang='lat' dir='ltr'>per</span> <span class='ocrx_word' id='word_1_184' title='bbox 678 1605 730 1623; x_wconf 92' lang='lat' dir='ltr'>mo-</span> 
     </span>
     <span class='ocr_line' id='line_1_32' title="bbox 90 1641 424 1678; baseline 0 -10"><span class='ocrx_word' id='word_1_185' title='bbox 90 1643 153 1669; x_wconf 85' lang='lat' dir='ltr'>dum</span> <span class='ocrx_word' id='word_1_186' title='bbox 172 1642 344 1678; x_wconf 85' lang='lat' dir='ltr'>confessionis</span> <span class='ocrx_word' id='word_1_187' title='bbox 362 1641 424 1669; x_wconf 73' lang='lat' dir='ltr'>ibid.</span> 
     </span>
    </p>

    <p class='ocr_par' dir='ltr' id='par_1_8' title="bbox 142 1687 731 1720">
     <span class='ocr_line' id='line_1_33' title="bbox 142 1687 731 1720; baseline 0.002 -8"><span class='ocrx_word' id='word_1_188' title='bbox 142 1702 177 1705; x_wconf 97' lang='lat'><strong>—</strong></span> <span class='ocrx_word' id='word_1_189' title='bbox 196 1689 252 1713; x_wconf 89' lang='lat' dir='ltr'>erat</span> <span class='ocrx_word' id='word_1_190' title='bbox 270 1687 304 1713; x_wconf 90' lang='lat' dir='ltr'>de</span> <span class='ocrx_word' id='word_1_191' title='bbox 329 1687 398 1713; x_wconf 86' lang='lat' dir='ltr'>tribu</span> <span class='ocrx_word' id='word_1_192' title='bbox 426 1687 491 1713; x_wconf 86' lang='lat' dir='ltr'>Aser</span> <span class='ocrx_word' id='word_1_193' title='bbox 518 1690 545 1713; x_wconf 92' lang='lat' dir='ltr'>et</span> <span class='ocrx_word' id='word_1_194' title='bbox 572 1687 606 1713; x_wconf 89' lang='lat' dir='ltr'>de</span> <span class='ocrx_word' id='word_1_195' title='bbox 634 1694 731 1720; x_wconf 83' lang='lat' dir='ltr'>genere</span> 
     </span>
    </p>
   </div>
   <div class='ocr_carea' id='block_1_2' title="bbox 51 1731 730 1765">
    <p class='ocr_par' dir='ltr' id='par_1_9' title="bbox 51 1731 730 1765">
     <span class='ocr_line' id='line_1_34' title="bbox 51 1731 730 1765; baseline -0.001 -8"><span class='ocrx_word' id='word_1_196' title='bbox 51 1758 54 1760; x_wconf 54' lang='lat'>.</span> <span class='ocrx_word' id='word_1_197' title='bbox 89 1731 165 1757; x_wconf 83' lang='lat' dir='ltr'>israel</span> <span class='ocrx_word' id='word_1_198' title='bbox 186 1732 225 1756; x_wconf 84' lang='lat' dir='ltr'>Vll</span> <span class='ocrx_word' id='word_1_199' title='bbox 247 1732 280 1757; x_wconf 89' lang='grc'><strong>63</strong></span> <span class='ocrx_word' id='word_1_200' title='bbox 301 1732 334 1757; x_wconf 91' lang='grc'>83</span> <span class='ocrx_word' id='word_1_201' title='bbox 348 1746 383 1750; x_wconf 82' lang='lat'><em>-</em></span> <span class='ocrx_word' id='word_1_202' title='bbox 397 1736 452 1758; x_wconf 87' lang='lat' dir='ltr'>erat</span> <span class='ocrx_word' id='word_1_203' title='bbox 465 1732 516 1757; x_wconf 88' lang='lat' dir='ltr'>fllia</span> <span class='ocrx_word' id='word_1_204' title='bbox 530 1732 643 1758; x_wconf 82' lang='lat' dir='ltr'>Phanuel</span> <span class='ocrx_word' id='word_1_205' title='bbox 655 1732 730 1765; x_wconf 88' lang='lat' dir='ltr'>quasi</span> 
     </span>
    </p>
   </div>
   <div class='ocr_carea' id='block_1_3' title="bbox 88 1776 732 3403">
    <p class='ocr_par' dir='ltr' id='par_1_10' title="bbox 88 1776 731 2244">
     <span class='ocr_line' id='line_1_35' title="bbox 89 1776 731 1809; baseline -0.002 -7"><span class='ocrx_word' id='word_1_206' title='bbox 89 1783 219 1809; x_wconf 88' lang='lat' dir='ltr'>quaerens</span> <span class='ocrx_word' id='word_1_207' title='bbox 239 1777 331 1802; x_wconf 90' lang='lat' dir='ltr'>facicm</span> <span class='ocrx_word' id='word_1_208' title='bbox 359 1777 406 1803; x_wconf 87' lang='lat' dir='ltr'>Dei</span> <span class='ocrx_word' id='word_1_209' title='bbox 426 1776 489 1804; x_wconf 83' lang='lat' dir='ltr'>ibid.</span> <span class='ocrx_word' id='word_1_210' title='bbox 508 1792 543 1795; x_wconf 97' lang='lat'><strong>—</strong></span> <span class='ocrx_word' id='word_1_211' title='bbox 562 1776 677 1802; x_wconf 89' lang='lat' dir='ltr'>habebat</span> <span class='ocrx_word' id='word_1_212' title='bbox 695 1776 731 1802; x_wconf 89' lang='lat' dir='ltr'>di-</span> 
     </span>
     <span class='ocr_line' id='line_1_36' title="bbox 90 1821 731 1853; baseline 0 -7"><span class='ocrx_word' id='word_1_213' title='bbox 90 1821 214 1853; x_wconf 82' lang='lat' dir='ltr'>gnitatem</span> <span class='ocrx_word' id='word_1_214' title='bbox 228 1824 254 1848; x_wconf 89' lang='lat' dir='ltr'>et</span> <span class='ocrx_word' id='word_1_215' title='bbox 267 1822 447 1848; x_wconf 87' lang='lat' dir='ltr'>auctoritatem</span> <span class='ocrx_word' id='word_1_216' title='bbox 461 1822 560 1847; x_wconf 88' lang='lat' dir='ltr'>ratione</span> <span class='ocrx_word' id='word_1_217' title='bbox 579 1821 688 1853; x_wconf 86' lang='lat' dir='ltr'>originis</span> <span class='ocrx_word' id='word_1_218' title='bbox 706 1824 731 1846; x_wconf 90' lang='lat' dir='ltr'>et</span> 
     </span>
     <span class='ocr_line' id='line_1_37' title="bbox 89 1865 730 1898; baseline -0.002 -6"><span class='ocrx_word' id='word_1_219' title='bbox 89 1866 228 1893; x_wconf 75' lang='lat' dir='ltr'>senectutis</span> <span class='ocrx_word' id='word_1_220' title='bbox 247 1865 309 1893; x_wconf 87' lang='lat' dir='ltr'>ibid.</span> <span class='ocrx_word' id='word_1_221' title='bbox 328 1881 363 1885; x_wconf 91' lang='lat'>—</span> <span class='ocrx_word' id='word_1_222' title='bbox 382 1865 474 1892; x_wconf 88' lang='lat' dir='ltr'>habuit</span> <span class='ocrx_word' id='word_1_223' title='bbox 487 1866 675 1898; x_wconf 78' lang='lat' dir='ltr'>perfectionem</span> <span class='ocrx_word' id='word_1_224' title='bbox 694 1865 730 1891; x_wconf 80' lang='lat' dir='ltr'>vi-</span> 
     </span>
     <span class='ocr_line' id='line_1_38' title="bbox 89 1910 730 1943; baseline 0 -7"><span class='ocrx_word' id='word_1_225' title='bbox 89 1914 131 1936; x_wconf 87' lang='lat' dir='ltr'>tae</span> <span class='ocrx_word' id='word_1_226' title='bbox 149 1911 251 1937; x_wconf 88' lang='lat' dir='ltr'>activae</span> <span class='ocrx_word' id='word_1_227' title='bbox 270 1911 296 1936; x_wconf 92' lang='lat' dir='ltr'>in</span> <span class='ocrx_word' id='word_1_228' title='bbox 316 1911 445 1943; x_wconf 86' lang='lat' dir='ltr'>regimine</span> <span class='ocrx_word' id='word_1_229' title='bbox 465 1911 561 1936; x_wconf 89' lang='lat' dir='ltr'>domus</span> <span class='ocrx_word' id='word_1_230' title='bbox 579 1913 605 1936; x_wconf 89' lang='lat' dir='ltr'>et</span> <span class='ocrx_word' id='word_1_231' title='bbox 625 1910 649 1936; x_wconf 89' lang='lat' dir='ltr'>in</span> <span class='ocrx_word' id='word_1_232' title='bbox 669 1917 730 1936; x_wconf 91' lang='lat' dir='ltr'>con-</span> 
     </span>
     <span class='ocr_line' id='line_1_39' title="bbox 89 1954 729 1987; baseline -0.003 -6"><span class='ocrx_word' id='word_1_233' title='bbox 89 1955 195 1981; x_wconf 81' lang='lat' dir='ltr'>tinentia</span> <span class='ocrx_word' id='word_1_234' title='bbox 215 1954 248 1981; x_wconf 89' lang='lat' dir='ltr'>ib.</span> <span class='ocrx_word' id='word_1_235' title='bbox 270 1955 311 1987; x_wconf 90' lang='grc'>84,</span> <span class='ocrx_word' id='word_1_236' title='bbox 332 1955 366 1980; x_wconf 91' lang='grc'>85</span> <span class='ocrx_word' id='word_1_237' title='bbox 384 1970 419 1973; x_wconf 91' lang='grc'>-</span> <span class='ocrx_word' id='word_1_238' title='bbox 439 1954 531 1981; x_wconf 88' lang='lat' dir='ltr'>habuit</span> <span class='ocrx_word' id='word_1_239' title='bbox 544 1954 729 1980; x_wconf 86' lang='lat' dir='ltr'>continentiam</span> 
     </span>
     <span class='ocr_line' id='line_1_40' title="bbox 89 1999 730 2031; baseline 0 -7"><span class='ocrx_word' id='word_1_240' title='bbox 89 1999 259 2030; x_wconf 75' lang='lat' dir='ltr'>virginalem,</span> <span class='ocrx_word' id='word_1_241' title='bbox 284 1999 417 2024; x_wconf 87' lang='lat' dir='ltr'>vidualem</span> <span class='ocrx_word' id='word_1_242' title='bbox 446 2002 472 2024; x_wconf 88' lang='lat' dir='ltr'>et</span> <span class='ocrx_word' id='word_1_243' title='bbox 498 1999 680 2031; x_wconf 85' lang='lat' dir='ltr'>coniugalem,</span> <span class='ocrx_word' id='word_1_244' title='bbox 704 2002 730 2024; x_wconf 89' lang='lat' dir='ltr'>et</span> 
     </span>
     <span class='ocr_line' id='line_1_41' title="bbox 89 2041 728 2068; baseline 0 -1"><span class='ocrx_word' id='word_1_245' title='bbox 89 2042 149 2067; x_wconf 91' lang='lat' dir='ltr'>ideo</span> <span class='ocrx_word' id='word_1_246' title='bbox 169 2042 322 2067; x_wconf 88' lang='lat' dir='ltr'>honoranda</span> <span class='ocrx_word' id='word_1_247' title='bbox 342 2041 377 2067; x_wconf 90' lang='lat' dir='ltr'>ib.</span> <span class='ocrx_word' id='word_1_248' title='bbox 392 2042 425 2066; x_wconf 85' lang='lat'>85</span> <span class='ocrx_word' id='word_1_249' title='bbox 438 2057 473 2060; x_wconf 87' lang='lat'>——</span> <span class='ocrx_word' id='word_1_250' title='bbox 486 2042 625 2067; x_wconf 79' lang='lat' dir='ltr'>laudabIlis</span> <span class='ocrx_word' id='word_1_251' title='bbox 645 2043 691 2068; x_wconf 92' lang='lat' dir='ltr'>fuit</span> <span class='ocrx_word' id='word_1_252' title='bbox 704 2042 728 2067; x_wconf 92' lang='lat' dir='ltr'>in</span> 
     </span>
     <span class='ocr_line' id='line_1_42' title="bbox 89 2084 730 2117; baseline 0.002 -7"><span class='ocrx_word' id='word_1_253' title='bbox 89 2085 208 2110; x_wconf 86' lang='lat' dir='ltr'>custodia</span> <span class='ocrx_word' id='word_1_254' title='bbox 227 2085 346 2117; x_wconf 89' lang='lat' dir='ltr'>corporis</span> <span class='ocrx_word' id='word_1_255' title='bbox 364 2084 427 2111; x_wconf 84' lang='lat' dir='ltr'>ibid.</span> <span class='ocrx_word' id='word_1_256' title='bbox 440 2100 475 2103; x_wconf 97' lang='lat'><strong>—</strong></span> <span class='ocrx_word' id='word_1_257' title='bbox 488 2085 600 2111; x_wconf 88' lang='lat' dir='ltr'>vacabat</span> <span class='ocrx_word' id='word_1_258' title='bbox 612 2089 730 2111; x_wconf 89' lang='lat' dir='ltr'>contem-</span> 
     </span>
     <span class='ocr_line' id='line_1_43' title="bbox 88 2125 728 2162; baseline 0 -8"><span class='ocrx_word' id='word_1_259' title='bbox 88 2125 195 2161; x_wconf 76' lang='lat' dir='ltr'>pl&#39;ationi</span> <span class='ocrx_word' id='word_1_260' title='bbox 215 2129 319 2162; x_wconf 85' lang='lat' dir='ltr'>devote,</span> <span class='ocrx_word' id='word_1_261' title='bbox 339 2130 455 2155; x_wconf 82' lang='lat' dir='ltr'>officiose</span> <span class='ocrx_word' id='word_1_262' title='bbox 468 2133 494 2154; x_wconf 86' lang='lat' dir='ltr'>ct</span> <span class='ocrx_word' id='word_1_263' title='bbox 506 2130 629 2155; x_wconf 84' lang='lat' dir='ltr'>continue</span> <span class='ocrx_word' id='word_1_264' title='bbox 646 2129 680 2155; x_wconf 87' lang='lat' dir='ltr'>ib.</span> <span class='ocrx_word' id='word_1_265' title='bbox 696 2130 728 2154; x_wconf 88' lang='grc'>86</span> 
     </span>
     <span class='ocr_line' id='line_1_44' title="bbox 88 2173 729 2206; baseline 0 -7"><span class='ocrx_word' id='word_1_266' title='bbox 88 2186 124 2191; x_wconf 86' lang='lat'><strong>—</strong></span> <span class='ocrx_word' id='word_1_267' title='bbox 142 2174 190 2199; x_wconf 84' lang='lat' dir='ltr'>Per</span> <span class='ocrx_word' id='word_1_268' title='bbox 215 2173 316 2199; x_wconf 85' lang='lat' dir='ltr'>Annam</span> <span class='ocrx_word' id='word_1_269' title='bbox 346 2174 496 2206; x_wconf 65' lang='lat' dir='ltr'>intelligimur</span> <span class='ocrx_word' id='word_1_270' title='bbox 525 2174 609 2199; x_wconf 85' lang='lat' dir='ltr'>virtus</span> <span class='ocrx_word' id='word_1_271' title='bbox 632 2177 729 2205; x_wconf 87' lang='lat' dir='ltr'>tempe-</span> 
     </span>
     <span class='ocr_line' id='line_1_45' title="bbox 89 2218 294 2244; baseline 0 -1"><span class='ocrx_word' id='word_1_272' title='bbox 89 2218 188 2244; x_wconf 89' lang='lat' dir='ltr'>rantiae</span> <span class='ocrx_word' id='word_1_273' title='bbox 207 2218 241 2244; x_wconf 88' lang='grc'>64</span> <span class='ocrx_word' id='word_1_274' title='bbox 261 2219 294 2243; x_wconf 90' lang='grc'>89</span> 
     </span>
    </p>

    <p class='ocr_par' dir='ltr' id='par_1_11' title="bbox 96 2262 729 2334">
     <span class='ocr_line' id='line_1_46' title="bbox 142 2262 729 2289; baseline -0.002 -1"><span class='ocrx_word' id='word_1_275' title='bbox 142 2277 177 2281; x_wconf 69' lang='lat'>—</span> <span class='ocrx_word' id='word_1_276' title='bbox 196 2262 291 2288; x_wconf 80' lang='lat' dir='ltr'>dicitur</span> <span class='ocrx_word' id='word_1_277' title='bbox 311 2262 435 2289; x_wconf 86' lang='lat' dir='ltr'>habuisse</span> <span class='ocrx_word' id='word_1_278' title='bbox 463 2266 515 2288; x_wconf 89' lang='lat' dir='ltr'>tres</span> <span class='ocrx_word' id='word_1_279' title='bbox 543 2262 615 2288; x_wconf 87' lang='lat' dir='ltr'>viros</span> <span class='ocrx_word' id='word_1_280' title='bbox 634 2264 659 2288; x_wconf 90' lang='lat' dir='ltr'>et</span> <span class='ocrx_word' id='word_1_281' title='bbox 677 2265 729 2287; x_wconf 90' lang='lat' dir='ltr'>trcs</span> 
     </span>
     <span class='ocr_line' id='line_1_47' title="bbox 96 2307 336 2334; baseline 0 -1"><span class='ocrx_word' id='word_1_282' title='bbox 96 2307 161 2334; x_wconf 84' lang='lat' dir='ltr'>filias</span> <span class='ocrx_word' id='word_1_283' title='bbox 179 2307 212 2334; x_wconf 87' lang='lat' dir='ltr'>Vl</span> <span class='ocrx_word' id='word_1_284' title='bbox 232 2307 283 2333; x_wconf 87' lang='grc'>498</span> <span class='ocrx_word' id='word_1_285' title='bbox 304 2307 336 2334; x_wconf 88' lang='grc'>37</span> 
     </span>
    </p>

    <p class='ocr_par' dir='ltr' id='par_1_12' title="bbox 89 2352 731 2557">
     <span class='ocr_line' id='line_1_48' title="bbox 143 2352 729 2385; baseline -0.002 -7"><span class='ocrx_word' id='word_1_286' title='bbox 143 2353 228 2378; x_wconf 67' lang='grc' dir='ltr'><strong>ΑΝΝΑΒ</strong></span> <span class='ocrx_word' id='word_1_287' title='bbox 246 2367 281 2370; x_wconf 91' lang='grc'><strong>-</strong></span> <span class='ocrx_word' id='word_1_288' title='bbox 301 2354 384 2378; x_wconf 89' lang='lat' dir='ltr'>fuerat</span> <span class='ocrx_word' id='word_1_289' title='bbox 412 2354 535 2385; x_wconf 84' lang='lat' dir='ltr'>princeps</span> <span class='ocrx_word' id='word_1_290' title='bbox 562 2352 729 2378; x_wconf 78' lang='lat' dir='ltr'>sacerdotum</span> 
     </span>
     <span class='ocr_line' id='line_1_49' title="bbox 90 2396 731 2423; baseline 0.002 -1"><span class='ocrx_word' id='word_1_291' title='bbox 90 2396 123 2422; x_wconf 93' lang='lat' dir='ltr'>Vl</span> <span class='ocrx_word' id='word_1_292' title='bbox 138 2396 189 2422; x_wconf 87' lang='grc'>484</span> <span class='ocrx_word' id='word_1_293' title='bbox 203 2397 235 2422; x_wconf 90' lang='grc'>38</span> <span class='ocrx_word' id='word_1_294' title='bbox 250 2397 323 2422; x_wconf 83' lang='grc'>2·-</span> <span class='ocrx_word' id='word_1_295' title='bbox 334 2404 386 2423; x_wconf 93' lang='lat' dir='ltr'>non</span> <span class='ocrx_word' id='word_1_296' title='bbox 401 2398 448 2423; x_wconf 88' lang='lat' dir='ltr'>fuit</span> <span class='ocrx_word' id='word_1_297' title='bbox 461 2398 594 2423; x_wconf 88' lang='lat' dir='ltr'>institutus</span> <span class='ocrx_word' id='word_1_298' title='bbox 606 2396 731 2423; x_wconf 85' lang='lat' dir='ltr'>sacerdos</span> 
     </span>
     <span class='ocr_line' id='line_1_50' title="bbox 89 2441 729 2475; baseline 0 -9"><span class='ocrx_word' id='word_1_299' title='bbox 89 2447 137 2472; x_wconf 91' lang='lat' dir='ltr'>per</span> <span class='ocrx_word' id='word_1_300' title='bbox 156 2441 316 2473; x_wconf 90' lang='lat' dir='ltr'>unctionem,</span> <span class='ocrx_word' id='word_1_301' title='bbox 336 2442 382 2468; x_wconf 88' lang='lat' dir='ltr'>sed</span> <span class='ocrx_word' id='word_1_302' title='bbox 402 2449 450 2475; x_wconf 91' lang='lat' dir='ltr'>per</span> <span class='ocrx_word' id='word_1_303' title='bbox 469 2445 600 2468; x_wconf 90' lang='lat' dir='ltr'>terrenam</span> <span class='ocrx_word' id='word_1_304' title='bbox 620 2441 729 2468; x_wconf 89' lang='lat' dir='ltr'>auctori-</span> 
     </span>
     <span class='ocr_line' id='line_1_51' title="bbox 89 2486 729 2513; baseline 0.003 -3"><span class='ocrx_word' id='word_1_305' title='bbox 89 2488 167 2511; x_wconf 90' lang='lat' dir='ltr'>tatem</span> <span class='ocrx_word' id='word_1_306' title='bbox 187 2486 231 2511; x_wconf 92' lang='lat' dir='ltr'>Vll</span> <span class='ocrx_word' id='word_1_307' title='bbox 249 2486 284 2512; x_wconf 90' lang='grc'>70</span> <span class='ocrx_word' id='word_1_308' title='bbox 304 2486 319 2512; x_wconf 87' lang='grc'><strong>4</strong></span> <span class='ocrx_word' id='word_1_309' title='bbox 335 2501 371 2505; x_wconf 85' lang='grc'>-</span> <span class='ocrx_word' id='word_1_310' title='bbox 389 2487 533 2513; x_wconf 87' lang='lat' dir='ltr'>ambitione</span> <span class='ocrx_word' id='word_1_311' title='bbox 551 2489 640 2512; x_wconf 90' lang='lat' dir='ltr'>motus</span> <span class='ocrx_word' id='word_1_312' title='bbox 659 2493 729 2512; x_wconf 87' lang='lat' dir='ltr'>sum-</span> 
     </span>
     <span class='ocr_line' id='line_1_52' title="bbox 89 2529 727 2557; baseline 0.003 -3"><span class='ocrx_word' id='word_1_313' title='bbox 89 2536 163 2555; x_wconf 90' lang='lat' dir='ltr'>mum</span> <span class='ocrx_word' id='word_1_314' title='bbox 183 2531 360 2557; x_wconf 86' lang='lat' dir='ltr'>sacerdotium</span> <span class='ocrx_word' id='word_1_315' title='bbox 380 2531 486 2557; x_wconf 87' lang='lat' dir='ltr'>emebat</span> <span class='ocrx_word' id='word_1_316' title='bbox 497 2539 512 2557; x_wconf 91' lang='lat' dir='ltr'>a</span> <span class='ocrx_word' id='word_1_317' title='bbox 524 2531 651 2557; x_wconf 87' lang='lat' dir='ltr'>Romanis</span> <span class='ocrx_word' id='word_1_318' title='bbox 665 2529 727 2557; x_wconf 89' lang='lat' dir='ltr'>ibid.</span> 
     </span>
    </p>

    <p class='ocr_par' dir='ltr' id='par_1_13' title="bbox 89 2575 732 3007">
     <span class='ocr_line' id='line_1_53' title="bbox 142 2575 731 2602; baseline 0.002 -2"><span class='ocrx_word' id='word_1_319' title='bbox 142 2588 177 2592; x_wconf 95' lang='lat'>—</span> <span class='ocrx_word' id='word_1_320' title='bbox 196 2578 251 2601; x_wconf 90' lang='lat' dir='ltr'>erat</span> <span class='ocrx_word' id='word_1_321' title='bbox 269 2576 357 2601; x_wconf 89' lang='lat' dir='ltr'>senior</span> <span class='ocrx_word' id='word_1_322' title='bbox 375 2579 401 2602; x_wconf 90' lang='lat' dir='ltr'>et</span> <span class='ocrx_word' id='word_1_323' title='bbox 428 2575 581 2601; x_wconf 77' lang='lat' dir='ltr'>iii-malitia</span> <span class='ocrx_word' id='word_1_324' title='bbox 604 2575 731 2601; x_wconf 88' lang='lat' dir='ltr'>invetera-</span> 
     </span>
     <span class='ocr_line' id='line_1_54' title="bbox 89 2618 730 2653; baseline 0.002 -9"><span class='ocrx_word' id='word_1_325' title='bbox 89 2618 140 2644; x_wconf 92' lang='lat' dir='ltr'>tior</span> <span class='ocrx_word' id='word_1_326' title='bbox 158 2619 191 2644; x_wconf 93' lang='lat' dir='ltr'>Vl</span> <span class='ocrx_word' id='word_1_327' title='bbox 212 2619 257 2645; x_wconf 89' lang='grc'>481</span> <span class='ocrx_word' id='word_1_328' title='bbox 283 2620 317 2646; x_wconf 91' lang='grc'>27</span> <span class='ocrx_word' id='word_1_329' title='bbox 336 2635 371 2638; x_wconf 92' lang='grc'>-</span> <span class='ocrx_word' id='word_1_330' title='bbox 389 2620 429 2647; x_wconf 87' lang='lat' dir='ltr'>Ad</span> <span class='ocrx_word' id='word_1_331' title='bbox 448 2620 537 2653; x_wconf 89' lang='lat' dir='ltr'>ipsum</span> <span class='ocrx_word' id='word_1_332' title='bbox 561 2622 590 2646; x_wconf 93' lang='lat' dir='ltr'>ut</span> <span class='ocrx_word' id='word_1_333' title='bbox 608 2626 730 2646; x_wconf 87' lang='lat' dir='ltr'>socerum</span> 
     </span>
     <span class='ocr_line' id='line_1_55' title="bbox 89 2660 731 2697; baseline 0.003 -9"><span class='ocrx_word' id='word_1_334' title='bbox 89 2663 222 2695; x_wconf 82' lang='lat' dir='ltr'>pontificis</span> <span class='ocrx_word' id='word_1_335' title='bbox 239 2664 356 2697; x_wconf 88' lang='lat' dir='ltr'>quodam</span> <span class='ocrx_word' id='word_1_336' title='bbox 377 2665 458 2690; x_wconf 91' lang='lat' dir='ltr'>modo</span> <span class='ocrx_word' id='word_1_337' title='bbox 477 2666 609 2696; x_wconf 88' lang='lat' dir='ltr'>pertinere</span> <span class='ocrx_word' id='word_1_338' title='bbox 622 2660 731 2690; x_wconf 73' lang='lat' dir='ltr'>videba-</span> 
     </span>
     <span class='ocr_line' id='line_1_56' title="bbox 89 2707 731 2735; baseline 0.002 -2"><span class='ocrx_word' id='word_1_339' title='bbox 89 2710 132 2733; x_wconf 88' lang='lat' dir='ltr'>tur</span> <span class='ocrx_word' id='word_1_340' title='bbox 151 2708 277 2734; x_wconf 88' lang='lat' dir='ltr'>iudicium</span> <span class='ocrx_word' id='word_1_341' title='bbox 298 2708 349 2734; x_wconf 90' lang='grc'>482</span> <span class='ocrx_word' id='word_1_342' title='bbox 370 2708 412 2734; x_wconf 88' lang='grc'>27.</span> <span class='ocrx_word' id='word_1_343' title='bbox 441 2707 492 2734; x_wconf 85' lang='grc'>484</span> <span class='ocrx_word' id='word_1_344' title='bbox 512 2709 546 2734; x_wconf 89' lang='grc'>38</span> <span class='ocrx_word' id='word_1_345' title='bbox 567 2708 596 2734; x_wconf 70' lang='grc'>2*</span> <span class='ocrx_word' id='word_1_346' title='bbox 615 2723 650 2727; x_wconf 82' lang='lat'>—-</span> <span class='ocrx_word' id='word_1_347' title='bbox 674 2708 731 2735; x_wconf 90' lang='lat' dir='ltr'>eius</span> 
     </span>
     <span class='ocr_line' id='line_1_57' title="bbox 91 2752 732 2786; baseline 0.003 -9"><span class='ocrx_word' id='word_1_348' title='bbox 91 2752 218 2778; x_wconf 89' lang='lat' dir='ltr'>iudicium</span> <span class='ocrx_word' id='word_1_349' title='bbox 237 2755 404 2785; x_wconf 84' lang='lat' dir='ltr'>suspectum,</span> <span class='ocrx_word' id='word_1_350' title='bbox 424 2753 486 2786; x_wconf 83' lang='lat' dir='ltr'>quia</span> <span class='ocrx_word' id='word_1_351' title='bbox 505 2760 587 2785; x_wconf 85' lang='lat' dir='ltr'>gener</span> <span class='ocrx_word' id='word_1_352' title='bbox 599 2753 657 2779; x_wconf 86' lang='lat' dir='ltr'>eius</span> <span class='ocrx_word' id='word_1_353' title='bbox 670 2760 732 2779; x_wconf 93' lang='lat' dir='ltr'>con-</span> 
     </span>
     <span class='ocr_line' id='line_1_58' title="bbox 90 2796 731 2828; baseline 0.002 -6"><span class='ocrx_word' id='word_1_354' title='bbox 90 2796 237 2828; x_wconf 85' lang='lat' dir='ltr'>spiraverat</span> <span class='ocrx_word' id='word_1_355' title='bbox 264 2796 289 2822; x_wconf 93' lang='lat' dir='ltr'>in</span> <span class='ocrx_word' id='word_1_356' title='bbox 318 2799 430 2822; x_wconf 88' lang='lat' dir='ltr'>mortem</span> <span class='ocrx_word' id='word_1_357' title='bbox 458 2796 552 2823; x_wconf 88' lang='lat' dir='ltr'>Christi</span> <span class='ocrx_word' id='word_1_358' title='bbox 572 2797 623 2823; x_wconf 89' lang='grc'>482</span> <span class='ocrx_word' id='word_1_359' title='bbox 643 2797 677 2823; x_wconf 93' lang='grc'>27</span> <span class='ocrx_word' id='word_1_360' title='bbox 696 2812 731 2816; x_wconf 87' lang='grc'>-</span> 
     </span>
     <span class='ocr_line' id='line_1_59' title="bbox 90 2840 732 2874; baseline 0.003 -8"><span class='ocrx_word' id='word_1_361' title='bbox 90 2840 263 2872; x_wconf 83' lang='lat' dir='ltr'>interrogavit</span> <span class='ocrx_word' id='word_1_362' title='bbox 281 2841 380 2871; x_wconf 89' lang='lat' dir='ltr'>lesum,</span> <span class='ocrx_word' id='word_1_363' title='bbox 400 2841 462 2874; x_wconf 90' lang='lat' dir='ltr'>quia</span> <span class='ocrx_word' id='word_1_364' title='bbox 490 2848 544 2867; x_wconf 94' lang='lat' dir='ltr'>non</span> <span class='ocrx_word' id='word_1_365' title='bbox 564 2844 666 2873; x_wconf 86' lang='lat' dir='ltr'>poterat</span> <span class='ocrx_word' id='word_1_366' title='bbox 684 2842 732 2868; x_wconf 91' lang='lat' dir='ltr'>cri·</span> 
     </span>
     <span class='ocr_line' id='line_1_60' title="bbox 91 2884 731 2918; baseline 0.003 -8"><span class='ocrx_word' id='word_1_367' title='bbox 91 2891 151 2910; x_wconf 89' lang='lat' dir='ltr'>men</span> <span class='ocrx_word' id='word_1_368' title='bbox 170 2884 293 2918; x_wconf 89' lang='lat' dir='ltr'>obiicere,</span> <span class='ocrx_word' id='word_1_369' title='bbox 313 2887 341 2911; x_wconf 93' lang='lat' dir='ltr'>ut</span> <span class='ocrx_word' id='word_1_370' title='bbox 359 2888 465 2917; x_wconf 86' lang='lat' dir='ltr'>caperet</span> <span class='ocrx_word' id='word_1_371' title='bbox 483 2892 544 2911; x_wconf 89' lang='lat' dir='ltr'>eum</span> <span class='ocrx_word' id='word_1_372' title='bbox 564 2886 590 2911; x_wconf 90' lang='lat' dir='ltr'>in</span> <span class='ocrx_word' id='word_1_373' title='bbox 609 2893 731 2912; x_wconf 87' lang='lat' dir='ltr'>sermone</span> 
     </span>
     <span class='ocr_line' id='line_1_61' title="bbox 92 2928 730 2956; baseline 0.002 -1"><span class='ocrx_word' id='word_1_374' title='bbox 92 2929 142 2955; x_wconf 88' lang='grc'>483</span> <span class='ocrx_word' id='word_1_375' title='bbox 163 2929 196 2955; x_wconf 98' lang='grc'>33</span> <span class='ocrx_word' id='word_1_376' title='bbox 216 2943 251 2947; x_wconf 92' lang='lat'>-—</span> <span class='ocrx_word' id='word_1_377' title='bbox 278 2928 385 2955; x_wconf 90' lang='lat' dir='ltr'>volebat</span> <span class='ocrx_word' id='word_1_378' title='bbox 408 2929 560 2955; x_wconf 86' lang='lat' dir='ltr'>examinare</span> <span class='ocrx_word' id='word_1_379' title='bbox 583 2930 730 2956; x_wconf 89' lang='lat' dir='ltr'>doctrinam</span> 
     </span>
     <span class='ocr_line' id='line_1_62' title="bbox 90 2972 605 3007; baseline 0 -7"><span class='ocrx_word' id='word_1_380' title='bbox 90 2972 184 3000; x_wconf 86' lang='lat' dir='ltr'>Christi</span> <span class='ocrx_word' id='word_1_381' title='bbox 203 2976 328 3007; x_wconf 83' lang='lat' dir='ltr'>tanquam</span> <span class='ocrx_word' id='word_1_382' title='bbox 348 2977 498 3006; x_wconf 87' lang='lat' dir='ltr'>suspectam</span> <span class='ocrx_word' id='word_1_383' title='bbox 518 2973 552 3000; x_wconf 84' lang='lat' dir='ltr'>ib.</span> <span class='ocrx_word' id='word_1_384' title='bbox 572 2974 605 3000; x_wconf 88' lang='grc'>34</span> 
     </span>
    </p>

    <p class='ocr_par' dir='ltr' id='par_1_14' title="bbox 91 3018 732 3088">
     <span class='ocr_line' id='line_1_63' title="bbox 145 3018 732 3052; baseline 0.002 -8"><span class='ocrx_word' id='word_1_385' title='bbox 145 3018 307 3044; x_wconf 62' lang='lat' dir='ltr'>Austrum-rio</span> <span class='ocrx_word' id='word_1_386' title='bbox 330 3033 365 3037; x_wconf 87' lang='lat'>-</span> <span class='ocrx_word' id='word_1_387' title='bbox 395 3018 458 3045; x_wconf 85' lang='lat' dir='ltr'>Vide</span> <span class='ocrx_word' id='word_1_388' title='bbox 484 3025 511 3045; x_wconf 87' lang='lat' dir='ltr'>v.</span> <span class='ocrx_word' id='word_1_389' title='bbox 536 3018 681 3052; x_wconf 83' lang='lat' dir='ltr'>Corruptio</span> <span class='ocrx_word' id='word_1_390' title='bbox 706 3022 732 3045; x_wconf 91' lang='lat' dir='ltr'>et</span> 
     </span>
     <span class='ocr_line' id='line_1_64' title="bbox 91 3060 218 3088; baseline 0.008 -2"><span class='ocrx_word' id='word_1_391' title='bbox 91 3067 116 3087; x_wconf 93' lang='lat' dir='ltr'>v.</span> <span class='ocrx_word' id='word_1_392' title='bbox 134 3060 218 3088; x_wconf 78' lang='lat' dir='ltr'>Nihil.</span> 
     </span>
    </p>

    <p class='ocr_par' dir='ltr' id='par_1_15' title="bbox 91 3105 731 3264">
     <span class='ocr_line' id='line_1_65' title="bbox 144 3105 730 3141; baseline 0.005 -11"><span class='ocrx_word' id='word_1_393' title='bbox 144 3105 309 3132; x_wconf 69' lang='grc' dir='ltr'>ΑΝΝυΝτιΑιιΕ</span> <span class='ocrx_word' id='word_1_394' title='bbox 327 3121 362 3125; x_wconf 90' lang='lat'>——</span> <span class='ocrx_word' id='word_1_395' title='bbox 381 3107 410 3133; x_wconf 86' lang='lat' dir='ltr'>fit</span> <span class='ocrx_word' id='word_1_396' title='bbox 428 3107 452 3133; x_wconf 91' lang='lat' dir='ltr'>ei</span> <span class='ocrx_word' id='word_1_397' title='bbox 480 3107 527 3141; x_wconf 88' lang='lat' dir='ltr'>qui</span> <span class='ocrx_word' id='word_1_398' title='bbox 546 3107 624 3133; x_wconf 86' lang='lat' dir='ltr'>distat</span> <span class='ocrx_word' id='word_1_399' title='bbox 643 3107 676 3133; x_wconf 92' lang='lat' dir='ltr'>Vl</span> <span class='ocrx_word' id='word_1_400' title='bbox 696 3108 730 3133; x_wconf 91' lang='grc'>87</span> 
     </span>
     <span class='ocr_line' id='line_1_66' title="bbox 92 3149 731 3185; baseline 0.006 -11"><span class='ocrx_word' id='word_1_401' title='bbox 92 3155 120 3182; x_wconf 89' lang='lat' dir='ltr'>q.</span> <span class='ocrx_word' id='word_1_402' title='bbox 138 3149 154 3174; x_wconf 84' lang='lat'><strong>2</strong></span> <span class='ocrx_word' id='word_1_403' title='bbox 173 3155 230 3182; x_wconf 78' lang='lat' dir='ltr'>arg.</span> <span class='ocrx_word' id='word_1_404' title='bbox 244 3150 254 3175; x_wconf 98' lang='grc'>4</span> <span class='ocrx_word' id='word_1_405' title='bbox 273 3165 307 3168; x_wconf 93' lang='grc'><strong>-</strong></span> <span class='ocrx_word' id='word_1_406' title='bbox 321 3152 390 3177; x_wconf 87' lang='lat' dir='ltr'>Bona</span> <span class='ocrx_word' id='word_1_407' title='bbox 404 3155 464 3177; x_wconf 91' lang='lat' dir='ltr'>sunt</span> <span class='ocrx_word' id='word_1_408' title='bbox 477 3151 669 3185; x_wconf 84' lang='lat' dir='ltr'>annuntianda,</span> <span class='ocrx_word' id='word_1_409' title='bbox 683 3152 731 3178; x_wconf 90' lang='lat' dir='ltr'>sed</span> 
     </span>
     <span class='ocr_line' id='line_1_67' title="bbox 92 3193 731 3229; baseline 0.006 -11"><span class='ocrx_word' id='word_1_410' title='bbox 92 3193 161 3219; x_wconf 87' lang='lat' dir='ltr'>mala</span> <span class='ocrx_word' id='word_1_411' title='bbox 179 3200 231 3219; x_wconf 94' lang='lat' dir='ltr'>non</span> <span class='ocrx_word' id='word_1_412' title='bbox 250 3194 292 3219; x_wconf 94' lang='lat' dir='ltr'>Vll</span> <span class='ocrx_word' id='word_1_413' title='bbox 312 3195 364 3220; x_wconf 90' lang='grc'>205</span> <span class='ocrx_word' id='word_1_414' title='bbox 383 3196 416 3220; x_wconf 91' lang='grc'><strong>60</strong></span> <span class='ocrx_word' id='word_1_415' title='bbox 429 3210 464 3214; x_wconf 83' lang='lat'>——</span> <span class='ocrx_word' id='word_1_416' title='bbox 477 3199 517 3222; x_wconf 86' lang='lat' dir='ltr'>est</span> <span class='ocrx_word' id='word_1_417' title='bbox 529 3196 644 3222; x_wconf 79' lang='lat' dir='ltr'>officium</span> <span class='ocrx_word' id='word_1_418' title='bbox 658 3203 731 3229; x_wconf 88' lang='lat' dir='ltr'>prae-</span> 
     </span>
     <span class='ocr_line' id='line_1_68' title="bbox 91 3236 320 3264; baseline 0.004 -1"><span class='ocrx_word' id='word_1_419' title='bbox 91 3236 240 3264; x_wconf 83' lang='lat' dir='ltr'>dicatorum</span> <span class='ocrx_word' id='word_1_420' title='bbox 259 3236 320 3264; x_wconf 81' lang='lat' dir='ltr'>ibid.</span> 
     </span>
    </p>

    <p class='ocr_par' dir='ltr' id='par_1_16' title="bbox 146 3282 625 3311">
     <span class='ocr_line' id='line_1_69' title="bbox 146 3282 625 3311; baseline 0.006 -4"><span class='ocrx_word' id='word_1_421' title='bbox 146 3296 181 3300; x_wconf 91' lang='lat'>—</span> <span class='ocrx_word' id='word_1_422' title='bbox 199 3282 367 3309; x_wconf 76' lang='lat' dir='ltr'>Annuntiatio</span> <span class='ocrx_word' id='word_1_423' title='bbox 385 3283 444 3310; x_wconf 78' lang='lat' dir='ltr'>vide</span> <span class='ocrx_word' id='word_1_424' title='bbox 462 3291 486 3310; x_wconf 90' lang='lat' dir='ltr'>v.</span> <span class='ocrx_word' id='word_1_425' title='bbox 507 3283 625 3311; x_wconf 79' lang='lat' dir='ltr'>Gabriel.</span> 
     </span>
    </p>

    <p class='ocr_par' dir='ltr' id='par_1_17' title="bbox 93 3327 730 3403">
     <span class='ocr_line' id='line_1_70' title="bbox 146 3327 730 3360; baseline 0.003 -8"><span class='ocrx_word' id='word_1_426' title='bbox 146 3327 231 3353; x_wconf 70' lang='lat' dir='ltr'>Annus</span> <span class='ocrx_word' id='word_1_427' title='bbox 249 3341 284 3345; x_wconf 90' lang='lat'><strong>—</strong></span> <span class='ocrx_word' id='word_1_428' title='bbox 302 3329 342 3353; x_wconf 90' lang='lat' dir='ltr'>est</span> <span class='ocrx_word' id='word_1_429' title='bbox 360 3330 466 3360; x_wconf 87' lang='lat' dir='ltr'>tempus</span> <span class='ocrx_word' id='word_1_430' title='bbox 479 3331 615 3355; x_wconf 87' lang='lat' dir='ltr'>causatum</span> <span class='ocrx_word' id='word_1_431' title='bbox 629 3335 642 3353; x_wconf 86' lang='lat' dir='ltr'>a</span> <span class='ocrx_word' id='word_1_432' title='bbox 657 3331 730 3354; x_wconf 94' lang='lat' dir='ltr'>motu</span> 
     </span>
     <span class='ocr_line' id='line_1_71' title="bbox 93 3370 730 3403; baseline 0.003 -7"><span class='ocrx_word' id='word_1_433' title='bbox 93 3370 154 3397; x_wconf 88' lang='lat' dir='ltr'>solis</span> <span class='ocrx_word' id='word_1_434' title='bbox 173 3377 220 3403; x_wconf 89' lang='lat' dir='ltr'>per</span> <span class='ocrx_word' id='word_1_435' title='bbox 248 3374 331 3398; x_wconf 91' lang='lat' dir='ltr'>totum</span> <span class='ocrx_word' id='word_1_436' title='bbox 356 3372 493 3399; x_wconf 81' lang='lat' dir='ltr'>zodiacum</span> <span class='ocrx_word' id='word_1_437' title='bbox 518 3373 550 3398; x_wconf 90' lang='lat' dir='ltr'>Vl</span> <span class='ocrx_word' id='word_1_438' title='bbox 572 3372 622 3399; x_wconf 79' lang='grc'>155</span> <span class='ocrx_word' id='word_1_439' title='bbox 640 3379 666 3398; x_wconf 90' lang='lat' dir='ltr'>v.</span> <span class='ocrx_word' id='word_1_440' title='bbox 697 3373 730 3399; x_wconf 89' lang='grc'>19</span> 
     </span>
    </p>
   </div>
   <div class='ocr_carea' id='block_1_4' title="bbox 762 221 1417 256">
    <p class='ocr_par' dir='ltr' id='par_1_18' title="bbox 762 221 1417 256">
     <span class='ocr_line' id='line_1_72' title="bbox 762 221 1417 256; baseline 0.002 -2"><span class='ocrx_word' id='word_1_441' title='bbox 762 221 797 255; x_wconf 85' lang='lat' dir='ltr'>lN</span> <span class='ocrx_word' id='word_1_442' title='bbox 821 221 1114 255; x_wconf 78' lang='lat' dir='ltr'>COMMENTARIOS</span> <span class='ocrx_word' id='word_1_443' title='bbox 1138 222 1166 254; x_wconf 91' lang='lat' dir='ltr'>S.</span> <span class='ocrx_word' id='word_1_444' title='bbox 1192 222 1417 256; x_wconf 75' lang='lat' dir='ltr'>SCRIPTURAE</span> 
     </span>
    </p>
   </div>
   <div class='ocr_carea' id='block_1_5' title="bbox 769 310 1410 431">
    <p class='ocr_par' dir='ltr' id='par_1_19' title="bbox 769 310 1410 431">
     <span class='ocr_line' id='line_1_73' title="bbox 769 310 1408 344; baseline 0.003 -9"><span class='ocrx_word' id='word_1_445' title='bbox 769 325 804 328; x_wconf 97' lang='lat'><strong>—</strong></span> <span class='ocrx_word' id='word_1_446' title='bbox 836 317 950 342; x_wconf 77' lang='lat' dir='ltr'>magnus</span> <span class='ocrx_word' id='word_1_447' title='bbox 978 310 1073 336; x_wconf 89' lang='lat' dir='ltr'>dicitur</span> <span class='ocrx_word' id='word_1_448' title='bbox 1098 311 1231 336; x_wconf 91' lang='lat' dir='ltr'>continere</span> <span class='ocrx_word' id='word_1_449' title='bbox 1258 311 1408 344; x_wconf 87' lang='lat' dir='ltr'>quindecim</span> 
     </span>
     <span class='ocr_line' id='line_1_74' title="bbox 771 354 1410 387; baseline 0.002 -7"><span class='ocrx_word' id='word_1_450' title='bbox 771 354 848 380; x_wconf 88' lang='lat' dir='ltr'>millia</span> <span class='ocrx_word' id='word_1_451' title='bbox 867 361 997 380; x_wconf 90' lang='lat' dir='ltr'>annorum</span> <span class='ocrx_word' id='word_1_452' title='bbox 1021 355 1052 380; x_wconf 90' lang='grc'>17</span> <span class='ocrx_word' id='word_1_453' title='bbox 1072 361 1086 380; x_wconf 91' lang='lat' dir='ltr'>a</span> <span class='ocrx_word' id='word_1_454' title='bbox 1105 361 1161 386; x_wconf 86' lang='lat' dir='ltr'>arg.</span> <span class='ocrx_word' id='word_1_455' title='bbox 1182 355 1196 380; x_wconf 97' lang='lat'><strong>3</strong></span> <span class='ocrx_word' id='word_1_456' title='bbox 1210 358 1310 381; x_wconf 82' lang='lat' dir='ltr'>—tres</span> <span class='ocrx_word' id='word_1_457' title='bbox 1329 355 1410 387; x_wconf 80' lang='lat' dir='ltr'>signi-</span> 
     </span>
     <span class='ocr_line' id='line_1_75' title="bbox 771 398 1410 431; baseline 0.002 -7"><span class='ocrx_word' id='word_1_458' title='bbox 771 398 849 424; x_wconf 88' lang='lat' dir='ltr'>ficant</span> <span class='ocrx_word' id='word_1_459' title='bbox 869 399 998 431; x_wconf 88' lang='lat' dir='ltr'>triplicem</span> <span class='ocrx_word' id='word_1_460' title='bbox 1017 401 1114 425; x_wconf 87' lang='lat' dir='ltr'>statum</span> <span class='ocrx_word' id='word_1_461' title='bbox 1135 399 1176 424; x_wconf 86' lang='lat' dir='ltr'>Vll</span> <span class='ocrx_word' id='word_1_462' title='bbox 1196 399 1247 425; x_wconf 90' lang='grc'>340</span> <span class='ocrx_word' id='word_1_463' title='bbox 1268 400 1300 425; x_wconf 91' lang='grc'>48</span> <span class='ocrx_word' id='word_1_464' title='bbox 1314 414 1349 418; x_wconf 80' lang='lat'>—</span> <span class='ocrx_word' id='word_1_465' title='bbox 1363 400 1410 425; x_wconf 88' lang='lat' dir='ltr'>Per</span> 
     </span>
    </p>
   </div>
   <div class='ocr_carea' id='block_1_6' title="bbox 1448 227 2087 435">
    <p class='ocr_par' dir='ltr' id='par_1_20' title="bbox 2023 227 2085 259">
     <span class='ocr_line' id='line_1_76' title="bbox 2023 227 2085 259; baseline 0 -1"><span class='ocrx_word' id='word_1_466' title='bbox 2023 227 2085 259; x_wconf 88' lang='grc'>667</span> 
     </span>
    </p>

    <p class='ocr_par' dir='ltr' id='par_1_21' title="bbox 1448 269 2087 435">
     <span class='ocr_line' id='line_1_77' title="bbox 1740 269 1802 295; baseline 0.016 -1"><span class='ocrx_word' id='word_1_467' title='bbox 1740 269 1802 295; x_wconf 79' lang='grc' dir='ltr'>ΑΡΟ</span> 
     </span>
     <span class='ocr_line' id='line_1_78' title="bbox 1501 312 2087 348; baseline 0.007 -11"><span class='ocrx_word' id='word_1_468' title='bbox 1501 312 1666 338; x_wconf 68' lang='grc' dir='ltr'>ΑΡοεΛιϊνειε</span> <span class='ocrx_word' id='word_1_469' title='bbox 1685 327 1719 331; x_wconf 85' lang='grc'><strong>-</strong></span> <span class='ocrx_word' id='word_1_470' title='bbox 1740 314 1848 339; x_wconf 88' lang='lat' dir='ltr'>loannes</span> <span class='ocrx_word' id='word_1_471' title='bbox 1867 315 1970 347; x_wconf 82' lang='lat' dir='ltr'>scripsit</span> <span class='ocrx_word' id='word_1_472' title='bbox 1989 317 2087 348; x_wconf 77' lang='lat' dir='ltr'>Apoca-</span> 
     </span>
     <span class='ocr_line' id='line_1_79' title="bbox 1448 356 2085 390; baseline 0.008 -9"><span class='ocrx_word' id='word_1_473' title='bbox 1448 356 1542 388; x_wconf 78' lang='lat' dir='ltr'>lypsim</span> <span class='ocrx_word' id='word_1_474' title='bbox 1563 360 1687 390; x_wconf 85' lang='lat' dir='ltr'>tanquam</span> <span class='ocrx_word' id='word_1_475' title='bbox 1708 358 1835 390; x_wconf 84' lang='lat' dir='ltr'>Propheta</span> <span class='ocrx_word' id='word_1_476' title='bbox 1857 359 1967 385; x_wconf 78' lang='lat' dir='ltr'>eximius</span> <span class='ocrx_word' id='word_1_477' title='bbox 1987 360 2019 386; x_wconf 78' lang='lat' dir='ltr'>Vl</span> <span class='ocrx_word' id='word_1_478' title='bbox 2034 360 2085 386; x_wconf 82' lang='grc'>240</span> 
     </span>
     <span class='ocr_line' id='line_1_80' title="bbox 1449 399 2085 435; baseline 0.008 -10"><span class='ocrx_word' id='word_1_479' title='bbox 1449 399 1463 425; x_wconf 98' lang='grc'>4</span> <span class='ocrx_word' id='word_1_480' title='bbox 1483 415 1517 418; x_wconf 91' lang='grc'><strong>-</strong></span> <span class='ocrx_word' id='word_1_481' title='bbox 1537 404 1575 427; x_wconf 67' lang='lat' dir='ltr'>oet</span> <span class='ocrx_word' id='word_1_482' title='bbox 1595 401 1700 427; x_wconf 85' lang='lat' dir='ltr'>ultimus</span> <span class='ocrx_word' id='word_1_483' title='bbox 1729 402 1794 428; x_wconf 85' lang='lat' dir='ltr'>liber</span> <span class='ocrx_word' id='word_1_484' title='bbox 1819 404 1938 435; x_wconf 80' lang='lat' dir='ltr'>canonis,</span> <span class='ocrx_word' id='word_1_485' title='bbox 1958 404 2016 430; x_wconf 86' lang='lat' dir='ltr'>licet</span> <span class='ocrx_word' id='word_1_486' title='bbox 2035 412 2085 430; x_wconf 92' lang='lat' dir='ltr'>non</span> 
     </span>
    </p>
   </div>
   <div class='ocr_carea' id='block_1_7' title="bbox 770 443 1779 477">
    <p class='ocr_par' dir='ltr' id='par_1_22' title="bbox 770 443 1779 477">
     <span class='ocr_line' id='line_1_81' title="bbox 770 443 1779 477; baseline 0.002 -8"><span class='ocrx_word' id='word_1_487' title='bbox 770 446 822 469; x_wconf 89' lang='lat' dir='ltr'>tres</span> <span class='ocrx_word' id='word_1_488' title='bbox 841 449 922 469; x_wconf 82' lang='lat' dir='ltr'>annos</span> <span class='ocrx_word' id='word_1_489' title='bbox 942 443 1091 475; x_wconf 82' lang='lat' dir='ltr'>intelligitur</span> <span class='ocrx_word' id='word_1_490' title='bbox 1118 444 1243 475; x_wconf 90' lang='lat' dir='ltr'>pueritia,</span> <span class='ocrx_word' id='word_1_491' title='bbox 1262 444 1410 470; x_wconf 84' lang='lat' dir='ltr'>adolescen-</span> <span class='ocrx_word' id='word_1_492' title='bbox 1448 444 1539 470; x_wconf 90' lang='lat' dir='ltr'>ultimo</span> <span class='ocrx_word' id='word_1_493' title='bbox 1558 445 1671 477; x_wconf 84' lang='lat' dir='ltr'>scriptus</span> <span class='ocrx_word' id='word_1_494' title='bbox 1691 446 1742 471; x_wconf 82' lang='grc'>245</span> <span class='ocrx_word' id='word_1_495' title='bbox 1762 446 1779 471; x_wconf 90' lang='lat' dir='ltr'>b</span> 
     </span>
    </p>
   </div>
   <div class='ocr_carea' id='block_1_8' title="bbox 771 487 1408 520">
    <p class='ocr_par' dir='ltr' id='par_1_23' title="bbox 771 487 1408 520">
     <span class='ocr_line' id='line_1_82' title="bbox 771 487 1408 520; baseline 0 -7"><span class='ocrx_word' id='word_1_496' title='bbox 771 488 804 513; x_wconf 92' lang='lat' dir='ltr'>tia</span> <span class='ocrx_word' id='word_1_497' title='bbox 818 490 844 513; x_wconf 91' lang='lat' dir='ltr'>et</span> <span class='ocrx_word' id='word_1_498' title='bbox 857 487 980 513; x_wconf 82' lang='lat' dir='ltr'>iuventus</span> <span class='ocrx_word' id='word_1_499' title='bbox 994 488 1045 513; x_wconf 88' lang='grc'>339</span> <span class='ocrx_word' id='word_1_500' title='bbox 1061 488 1093 513; x_wconf 87' lang='grc'>42</span> <span class='ocrx_word' id='word_1_501' title='bbox 1107 503 1141 506; x_wconf 90' lang='grc'>-</span> <span class='ocrx_word' id='word_1_502' title='bbox 1156 487 1260 514; x_wconf 87' lang='lat' dir='ltr'>iubilaei</span> <span class='ocrx_word' id='word_1_503' title='bbox 1273 492 1312 514; x_wconf 91' lang='lat' dir='ltr'>est</span> <span class='ocrx_word' id='word_1_504' title='bbox 1324 488 1408 520; x_wconf 80' lang='lat' dir='ltr'>figura</span> 
     </span>
    </p>
   </div>
   <div class='ocr_carea' id='block_1_9' title="bbox 1500 489 2085 519">
    <p class='ocr_par' dir='ltr' id='par_1_24' title="bbox 1500 489 2085 519">
     <span class='ocr_line' id='line_1_83' title="bbox 1500 489 2085 519; baseline 0.01 -6"><span class='ocrx_word' id='word_1_505' title='bbox 1500 489 1597 515; x_wconf 67' lang='lat' dir='ltr'>Motto</span> <span class='ocrx_word' id='word_1_506' title='bbox 1616 504 1650 508; x_wconf 92' lang='lat'><strong>—</strong></span> <span class='ocrx_word' id='word_1_507' title='bbox 1676 494 1730 516; x_wconf 88' lang='lat' dir='ltr'>erat</span> <span class='ocrx_word' id='word_1_508' title='bbox 1758 498 1852 517; x_wconf 87' lang='lat' dir='ltr'>nomen</span> <span class='ocrx_word' id='word_1_509' title='bbox 1882 493 1943 518; x_wconf 82' lang='lat' dir='ltr'>solis</span> <span class='ocrx_word' id='word_1_510' title='bbox 1973 494 2004 519; x_wconf 85' lang='lat' dir='ltr'>vt</span> <span class='ocrx_word' id='word_1_511' title='bbox 2038 494 2085 519; x_wconf 83' lang='grc'>192</span> 
     </span>
    </p>
   </div>
   <div class='ocr_carea' id='block_1_10' title="bbox 770 531 1508 558">
    <p class='ocr_par' dir='ltr' id='par_1_25' title="bbox 770 531 1508 558">
     <span class='ocr_line' id='line_1_84' title="bbox 770 531 1508 558; baseline 0.001 -1"><span class='ocrx_word' id='word_1_512' title='bbox 770 531 950 558; x_wconf 87' lang='lat' dir='ltr'>retributionis</span> <span class='ocrx_word' id='word_1_513' title='bbox 975 531 1107 558; x_wconf 88' lang='lat' dir='ltr'>bonorum</span> <span class='ocrx_word' id='word_1_514' title='bbox 1136 532 1169 557; x_wconf 86' lang='grc'>99</span> <span class='ocrx_word' id='word_1_515' title='bbox 1196 532 1228 558; x_wconf 92' lang='grc'>42</span> <span class='ocrx_word' id='word_1_516' title='bbox 1247 547 1282 551; x_wconf 95' lang='grc'>-</span> <span class='ocrx_word' id='word_1_517' title='bbox 1301 532 1410 558; x_wconf 86' lang='lat' dir='ltr'>retribu-</span> <span class='ocrx_word' id='word_1_518' title='bbox 1447 540 1472 558; x_wconf 91' lang='lat' dir='ltr'>v.</span> <span class='ocrx_word' id='word_1_519' title='bbox 1493 534 1508 558; x_wconf 90' lang='grc'><strong>2</strong></span> 
     </span>
    </p>
   </div>
   <div class='ocr_carea' id='block_1_11' title="bbox 767 576 1409 1625">
    <p class='ocr_par' dir='ltr' id='par_1_26' title="bbox 772 576 1280 609">
     <span class='ocr_line' id='line_1_85' title="bbox 772 576 1280 609; baseline 0.004 -7"><span class='ocrx_word' id='word_1_520' title='bbox 772 576 850 602; x_wconf 88' lang='lat' dir='ltr'>tionis</span> <span class='ocrx_word' id='word_1_521' title='bbox 868 579 975 609; x_wconf 90' lang='lat' dir='ltr'>superat</span> <span class='ocrx_word' id='word_1_522' title='bbox 994 584 1092 603; x_wconf 90' lang='lat' dir='ltr'>annum</span> <span class='ocrx_word' id='word_1_523' title='bbox 1113 578 1199 603; x_wconf 88' lang='lat' dir='ltr'>meriti</span> <span class='ocrx_word' id='word_1_524' title='bbox 1218 577 1280 604; x_wconf 70' lang='lat' dir='ltr'>ibid.</span> 
     </span>
    </p>

    <p class='ocr_par' dir='ltr' id='par_1_27' title="bbox 768 621 1409 964">
     <span class='ocr_line' id='line_1_86' title="bbox 823 621 1408 648; baseline 0.002 -1"><span class='ocrx_word' id='word_1_525' title='bbox 823 621 1003 647; x_wconf 76' lang='lat' dir='ltr'>ANTlCtlnlsTUS</span> <span class='ocrx_word' id='word_1_526' title='bbox 1021 636 1056 639; x_wconf 97' lang='lat'><strong>—</strong></span> <span class='ocrx_word' id='word_1_527' title='bbox 1074 622 1123 647; x_wconf 87' lang='lat' dir='ltr'>erit</span> <span class='ocrx_word' id='word_1_528' title='bbox 1135 622 1252 648; x_wconf 90' lang='lat' dir='ltr'>omnium</span> <span class='ocrx_word' id='word_1_529' title='bbox 1281 623 1408 648; x_wconf 87' lang='lat' dir='ltr'>malorum</span> 
     </span>
     <span class='ocr_line' id='line_1_87' title="bbox 770 662 1409 697; baseline 0.002 -6"><span class='ocrx_word' id='word_1_530' title='bbox 770 668 894 697; x_wconf 88' lang='lat' dir='ltr'>caputet</span> <span class='ocrx_word' id='word_1_531' title='bbox 922 666 1030 691; x_wconf 84' lang='lat' dir='ltr'>seducet</span> <span class='ocrx_word' id='word_1_532' title='bbox 1058 667 1154 692; x_wconf 86' lang='lat' dir='ltr'>multos</span> <span class='ocrx_word' id='word_1_533' title='bbox 1182 666 1225 692; x_wconf 75' lang='lat' dir='ltr'>Vll</span> <span class='ocrx_word' id='word_1_534' title='bbox 1250 662 1303 693; x_wconf 83' lang='grc'>525</span> <span class='ocrx_word' id='word_1_535' title='bbox 1324 667 1355 692; x_wconf 93' lang='grc'>14</span> <span class='ocrx_word' id='word_1_536' title='bbox 1375 681 1409 686; x_wconf 95' lang='lat'>—-</span> 
     </span>
     <span class='ocr_line' id='line_1_88' title="bbox 769 710 1409 737; baseline 0.003 -2"><span class='ocrx_word' id='word_1_537' title='bbox 769 716 830 735; x_wconf 89' lang='lat' dir='ltr'>cum</span> <span class='ocrx_word' id='word_1_538' title='bbox 855 710 911 736; x_wconf 88' lang='lat' dir='ltr'>suis</span> <span class='ocrx_word' id='word_1_539' title='bbox 940 710 1064 736; x_wconf 86' lang='lat' dir='ltr'>ministris</span> <span class='ocrx_word' id='word_1_540' title='bbox 1087 710 1223 737; x_wconf 86' lang='lat' dir='ltr'>suscitabit</span> <span class='ocrx_word' id='word_1_541' title='bbox 1246 711 1409 737; x_wconf 80' lang='lat' dir='ltr'>insurrectio-</span> 
     </span>
     <span class='ocr_line' id='line_1_89' title="bbox 769 755 1408 787; baseline 0.002 -7"><span class='ocrx_word' id='word_1_542' title='bbox 769 761 830 780; x_wconf 89' lang='lat' dir='ltr'>nem</span> <span class='ocrx_word' id='word_1_543' title='bbox 851 757 940 780; x_wconf 87' lang='lat' dir='ltr'>contra</span> <span class='ocrx_word' id='word_1_544' title='bbox 966 755 1166 780; x_wconf 80' lang='lat' dir='ltr'>ecclesiasticam</span> <span class='ocrx_word' id='word_1_545' title='bbox 1191 762 1283 787; x_wconf 84' lang='lat' dir='ltr'>pacem</span> <span class='ocrx_word' id='word_1_546' title='bbox 1304 755 1354 780; x_wconf 86' lang='grc'>530</span> <span class='ocrx_word' id='word_1_547' title='bbox 1375 756 1408 781; x_wconf 92' lang='grc'><strong>30</strong></span> 
     </span>
     <span class='ocr_line' id='line_1_90' title="bbox 768 798 1408 825; baseline 0.002 -1"><span class='ocrx_word' id='word_1_548' title='bbox 768 813 804 817; x_wconf 87' lang='lat'>—-</span> <span class='ocrx_word' id='word_1_549' title='bbox 823 798 988 825; x_wconf 89' lang='lat' dir='ltr'>conculcabit</span> <span class='ocrx_word' id='word_1_550' title='bbox 1007 799 1147 825; x_wconf 86' lang='lat' dir='ltr'>Ecclesiam</span> <span class='ocrx_word' id='word_1_551' title='bbox 1167 799 1218 825; x_wconf 84' lang='lat'>533</span> <span class='ocrx_word' id='word_1_552' title='bbox 1240 799 1272 824; x_wconf 89' lang='grc'>40</span> <span class='ocrx_word' id='word_1_553' title='bbox 1292 814 1326 817; x_wconf 92' lang='grc'><strong>-</strong></span> <span class='ocrx_word' id='word_1_554' title='bbox 1340 806 1408 825; x_wconf 89' lang='lat' dir='ltr'>com-</span> 
     </span>
     <span class='ocr_line' id='line_1_91' title="bbox 769 842 1408 876; baseline 0 -7"><span class='ocrx_word' id='word_1_555' title='bbox 769 842 887 869; x_wconf 90' lang='lat' dir='ltr'>movebit</span> <span class='ocrx_word' id='word_1_556' title='bbox 906 844 1033 876; x_wconf 86' lang='lat' dir='ltr'>populum</span> <span class='ocrx_word' id='word_1_557' title='bbox 1050 844 1083 869; x_wconf 91' lang='lat' dir='ltr'>ad</span> <span class='ocrx_word' id='word_1_558' title='bbox 1103 843 1337 875; x_wconf 85' lang='lat' dir='ltr'>transgressionem</span> <span class='ocrx_word' id='word_1_559' title='bbox 1356 844 1408 869; x_wconf 88' lang='grc'><strong>567</strong></span> 
     </span>
     <span class='ocr_line' id='line_1_92' title="bbox 769 888 1408 914; baseline 0.002 -1"><span class='ocrx_word' id='word_1_560' title='bbox 769 888 784 913; x_wconf 88' lang='grc'>6</span> <span class='ocrx_word' id='word_1_561' title='bbox 814 901 849 906; x_wconf 91' lang='grc'><strong>-</strong></span> <span class='ocrx_word' id='word_1_562' title='bbox 880 888 940 913; x_wconf 88' lang='lat' dir='ltr'>Post</span> <span class='ocrx_word' id='word_1_563' title='bbox 968 888 1148 914; x_wconf 88' lang='lat' dir='ltr'>antichristum</span> <span class='ocrx_word' id='word_1_564' title='bbox 1183 888 1284 913; x_wconf 88' lang='lat' dir='ltr'>vadunt</span> <span class='ocrx_word' id='word_1_565' title='bbox 1315 895 1408 914; x_wconf 89' lang='lat' dir='ltr'>omnes</span> 
     </span>
     <span class='ocr_line' id='line_1_93' title="bbox 769 931 1193 964; baseline -0.002 -6"><span class='ocrx_word' id='word_1_566' title='bbox 769 931 876 964; x_wconf 80' lang='lat' dir='ltr'>superbi</span> <span class='ocrx_word' id='word_1_567' title='bbox 895 935 921 957; x_wconf 88' lang='lat' dir='ltr'>et</span> <span class='ocrx_word' id='word_1_568' title='bbox 939 931 1069 957; x_wconf 81' lang='lat' dir='ltr'>ambitiosi</span> <span class='ocrx_word' id='word_1_569' title='bbox 1089 932 1141 957; x_wconf 85' lang='grc'>525</span> <span class='ocrx_word' id='word_1_570' title='bbox 1164 932 1193 957; x_wconf 91' lang='grc'>14</span> 
     </span>
    </p>

    <p class='ocr_par' dir='ltr' id='par_1_28' title="bbox 769 976 1407 1135">
     <span class='ocr_line' id='line_1_94' title="bbox 822 976 1407 1002; baseline 0.002 -1"><span class='ocrx_word' id='word_1_571' title='bbox 822 991 857 994; x_wconf 91' lang='grc'><strong>-</strong></span> <span class='ocrx_word' id='word_1_572' title='bbox 876 976 925 1001; x_wconf 90' lang='lat' dir='ltr'>erit</span> <span class='ocrx_word' id='word_1_573' title='bbox 946 976 970 1001; x_wconf 89' lang='lat' dir='ltr'>in</span> <span class='ocrx_word' id='word_1_574' title='bbox 996 977 1053 1001; x_wconf 93' lang='lat' dir='ltr'>loco</span> <span class='ocrx_word' id='word_1_575' title='bbox 1078 979 1167 1001; x_wconf 87' lang='lat' dir='ltr'>sancto</span> <span class='ocrx_word' id='word_1_576' title='bbox 1188 976 1218 1001; x_wconf 86' lang='lat' dir='ltr'>Vl</span> <span class='ocrx_word' id='word_1_577' title='bbox 1238 976 1271 1001; x_wconf 87' lang='grc'>68</span> <span class='ocrx_word' id='word_1_578' title='bbox 1292 984 1318 1002; x_wconf 91' lang='lat' dir='ltr'>v.</span> <span class='ocrx_word' id='word_1_579' title='bbox 1337 978 1353 1002; x_wconf 94' lang='grc'><strong>9</strong></span> <span class='ocrx_word' id='word_1_580' title='bbox 1372 992 1407 996; x_wconf 87' lang='grc'><strong>-</strong></span> 
     </span>
     <span class='ocr_line' id='line_1_95' title="bbox 769 1019 1407 1052; baseline 0.002 -6"><span class='ocrx_word' id='word_1_581' title='bbox 769 1021 832 1046; x_wconf 90' lang='lat' dir='ltr'>falso</span> <span class='ocrx_word' id='word_1_582' title='bbox 851 1023 876 1046; x_wconf 91' lang='lat' dir='ltr'>et</span> <span class='ocrx_word' id='word_1_583' title='bbox 895 1020 988 1046; x_wconf 90' lang='lat' dir='ltr'>iniuste</span> <span class='ocrx_word' id='word_1_584' title='bbox 1007 1019 1056 1045; x_wconf 89' lang='lat' dir='ltr'>sibi</span> <span class='ocrx_word' id='word_1_585' title='bbox 1070 1020 1208 1052; x_wconf 87' lang='lat' dir='ltr'>usurpabit</span> <span class='ocrx_word' id='word_1_586' title='bbox 1220 1022 1347 1046; x_wconf 89' lang='lat' dir='ltr'>honorem</span> <span class='ocrx_word' id='word_1_587' title='bbox 1361 1022 1407 1047; x_wconf 91' lang='lat' dir='ltr'>Dei</span> 
     </span>
     <span class='ocr_line' id='line_1_96' title="bbox 770 1064 1406 1091; baseline 0.002 -1"><span class='ocrx_word' id='word_1_588' title='bbox 770 1064 820 1090; x_wconf 88' lang='grc'>343</span> <span class='ocrx_word' id='word_1_589' title='bbox 841 1065 884 1090; x_wconf 91' lang='grc'>23.</span> <span class='ocrx_word' id='word_1_590' title='bbox 906 1064 957 1090; x_wconf 89' lang='grc'>344</span> <span class='ocrx_word' id='word_1_591' title='bbox 977 1064 1010 1090; x_wconf 87' lang='grc'>26</span> <span class='ocrx_word' id='word_1_592' title='bbox 1030 1079 1064 1082; x_wconf 93' lang='grc'>-</span> <span class='ocrx_word' id='word_1_593' title='bbox 1084 1071 1112 1090; x_wconf 87' lang='lat' dir='ltr'>se</span> <span class='ocrx_word' id='word_1_594' title='bbox 1130 1064 1200 1090; x_wconf 92' lang='lat' dir='ltr'>dicet</span> <span class='ocrx_word' id='word_1_595' title='bbox 1218 1064 1350 1091; x_wconf 90' lang='lat' dir='ltr'>Christum</span> <span class='ocrx_word' id='word_1_596' title='bbox 1365 1066 1406 1091; x_wconf 94' lang='lat' dir='ltr'>Vll</span> 
     </span>
     <span class='ocr_line' id='line_1_97' title="bbox 770 1109 874 1135; baseline -0.01 0"><span class='ocrx_word' id='word_1_597' title='bbox 770 1109 820 1135; x_wconf 91' lang='grc'>439</span> <span class='ocrx_word' id='word_1_598' title='bbox 841 1109 874 1134; x_wconf 91' lang='grc'>40</span> 
     </span>
    </p>

    <p class='ocr_par' dir='ltr' id='par_1_29' title="bbox 767 1153 1408 1581">
     <span class='ocr_line' id='line_1_98' title="bbox 821 1153 1408 1187; baseline 0.007 -10"><span class='ocrx_word' id='word_1_599' title='bbox 821 1168 856 1171; x_wconf 93' lang='grc'>-</span> <span class='ocrx_word' id='word_1_600' title='bbox 875 1156 914 1178; x_wconf 87' lang='lat' dir='ltr'>est</span> <span class='ocrx_word' id='word_1_601' title='bbox 932 1153 1058 1185; x_wconf 85' lang='lat' dir='ltr'>insipiens</span> <span class='ocrx_word' id='word_1_602' title='bbox 1078 1153 1102 1178; x_wconf 90' lang='lat' dir='ltr'>in</span> <span class='ocrx_word' id='word_1_603' title='bbox 1117 1154 1248 1180; x_wconf 89' lang='lat' dir='ltr'>locutione</span> <span class='ocrx_word' id='word_1_604' title='bbox 1261 1157 1286 1180; x_wconf 90' lang='lat' dir='ltr'>et</span> <span class='ocrx_word' id='word_1_605' title='bbox 1300 1158 1408 1187; x_wconf 86' lang='lat' dir='ltr'>propter</span> 
     </span>
     <span class='ocr_line' id='line_1_99' title="bbox 768 1197 1408 1232; baseline 0.005 -9"><span class='ocrx_word' id='word_1_606' title='bbox 768 1204 832 1223; x_wconf 87' lang='lat' dir='ltr'>suae</span> <span class='ocrx_word' id='word_1_607' title='bbox 850 1197 985 1223; x_wconf 86' lang='lat' dir='ltr'>doctrinae</span> <span class='ocrx_word' id='word_1_608' title='bbox 1004 1198 1128 1223; x_wconf 89' lang='lat' dir='ltr'>malitiam</span> <span class='ocrx_word' id='word_1_609' title='bbox 1148 1202 1283 1230; x_wconf 84' lang='lat' dir='ltr'>mergetur</span> <span class='ocrx_word' id='word_1_610' title='bbox 1301 1200 1408 1232; x_wconf 83' lang='lat' dir='ltr'>inpro-</span> 
     </span>
     <span class='ocr_line' id='line_1_100' title="bbox 769 1242 1406 1270; baseline 0.003 -2"><span class='ocrx_word' id='word_1_611' title='bbox 769 1243 878 1269; x_wconf 85' lang='lat' dir='ltr'>fundum</span> <span class='ocrx_word' id='word_1_612' title='bbox 899 1243 931 1268; x_wconf 94' lang='lat' dir='ltr'>Vl</span> <span class='ocrx_word' id='word_1_613' title='bbox 946 1243 979 1268; x_wconf 89' lang='lat'>85</span> <span class='ocrx_word' id='word_1_614' title='bbox 999 1242 1016 1268; x_wconf 93' lang='lat' dir='ltr'>b</span> <span class='ocrx_word' id='word_1_615' title='bbox 1029 1257 1063 1261; x_wconf 87' lang='lat'>—-</span> <span class='ocrx_word' id='word_1_616' title='bbox 1077 1242 1164 1269; x_wconf 88' lang='lat' dir='ltr'>Verba</span> <span class='ocrx_word' id='word_1_617' title='bbox 1177 1244 1318 1270; x_wconf 84' lang='lat' dir='ltr'>antichristi</span> <span class='ocrx_word' id='word_1_618' title='bbox 1332 1245 1406 1270; x_wconf 84' lang='lat' dir='ltr'>stulta</span> 
     </span>
     <span class='ocr_line' id='line_1_101' title="bbox 768 1286 1407 1320; baseline 0.005 -8"><span class='ocrx_word' id='word_1_619' title='bbox 768 1289 793 1312; x_wconf 90' lang='lat' dir='ltr'>et</span> <span class='ocrx_word' id='word_1_620' title='bbox 810 1293 928 1317; x_wconf 88' lang='lat' dir='ltr'>erronea,</span> <span class='ocrx_word' id='word_1_621' title='bbox 947 1286 1127 1319; x_wconf 85' lang='lat' dir='ltr'>blasphemiae</span> <span class='ocrx_word' id='word_1_622' title='bbox 1144 1290 1170 1313; x_wconf 89' lang='lat' dir='ltr'>et</span> <span class='ocrx_word' id='word_1_623' title='bbox 1188 1288 1327 1320; x_wconf 85' lang='lat' dir='ltr'>superbiae</span> <span class='ocrx_word' id='word_1_624' title='bbox 1346 1288 1407 1315; x_wconf 82' lang='lat' dir='ltr'>ibid.</span> 
     </span>
     <span class='ocr_line' id='line_1_102' title="bbox 767 1331 1406 1366; baseline 0.005 -10"><span class='ocrx_word' id='word_1_625' title='bbox 767 1346 803 1349; x_wconf 97' lang='lat'><strong>—</strong></span> <span class='ocrx_word' id='word_1_626' title='bbox 817 1338 869 1357; x_wconf 93' lang='lat' dir='ltr'>non</span> <span class='ocrx_word' id='word_1_627' title='bbox 882 1331 1059 1357; x_wconf 83' lang='lat' dir='ltr'>considerabit</span> <span class='ocrx_word' id='word_1_628' title='bbox 1071 1332 1174 1357; x_wconf 90' lang='lat' dir='ltr'>ruinam</span> <span class='ocrx_word' id='word_1_629' title='bbox 1183 1352 1190 1363; x_wconf 90' lang='lat'><em>,</em></span> <span class='ocrx_word' id='word_1_630' title='bbox 1203 1340 1272 1366; x_wconf 87' lang='lat' dir='ltr'>quae</span> <span class='ocrx_word' id='word_1_631' title='bbox 1285 1337 1406 1359; x_wconf 86' lang='lat' dir='ltr'>secutura</span> 
     </span>
     <span class='ocr_line' id='line_1_103' title="bbox 769 1374 1407 1408; baseline 0.005 -7"><span class='ocrx_word' id='word_1_632' title='bbox 769 1378 808 1401; x_wconf 89' lang='lat' dir='ltr'>est</span> <span class='ocrx_word' id='word_1_633' title='bbox 829 1382 890 1401; x_wconf 89' lang='lat' dir='ltr'>enm</span> <span class='ocrx_word' id='word_1_634' title='bbox 912 1374 973 1402; x_wconf 86' lang='lat' dir='ltr'>ibid.</span> <span class='ocrx_word' id='word_1_635' title='bbox 992 1391 1027 1394; x_wconf 97' lang='lat'><strong>—</strong></span> <span class='ocrx_word' id='word_1_636' title='bbox 1044 1376 1207 1408; x_wconf 88' lang='lat' dir='ltr'>praedicabit</span> <span class='ocrx_word' id='word_1_637' title='bbox 1226 1378 1362 1404; x_wconf 84' lang='lat' dir='ltr'>falsitatem</span> <span class='ocrx_word' id='word_1_638' title='bbox 1382 1378 1407 1404; x_wconf 95' lang='lat' dir='ltr'>in</span> 
     </span>
     <span class='ocr_line' id='line_1_104' title="bbox 768 1420 1407 1449; baseline 0.005 -4"><span class='ocrx_word' id='word_1_639' title='bbox 768 1423 844 1446; x_wconf 89' lang='lat' dir='ltr'>nocte</span> <span class='ocrx_word' id='word_1_640' title='bbox 872 1420 1031 1447; x_wconf 81' lang='lat' dir='ltr'>infidelitatis</span> <span class='ocrx_word' id='word_1_641' title='bbox 1059 1424 1083 1447; x_wconf 88' lang='lat' dir='ltr'>et</span> <span class='ocrx_word' id='word_1_642' title='bbox 1102 1422 1160 1448; x_wconf 92' lang='lat' dir='ltr'>voci</span> <span class='ocrx_word' id='word_1_643' title='bbox 1187 1422 1244 1448; x_wconf 92' lang='lat' dir='ltr'>eius</span> <span class='ocrx_word' id='word_1_644' title='bbox 1263 1422 1335 1448; x_wconf 86' lang='lat' dir='ltr'>multi</span> <span class='ocrx_word' id='word_1_645' title='bbox 1354 1429 1407 1449; x_wconf 92' lang='lat' dir='ltr'>cre-</span> 
     </span>
     <span class='ocr_line' id='line_1_105' title="bbox 768 1465 1406 1493; baseline 0.005 -3"><span class='ocrx_word' id='word_1_646' title='bbox 768 1465 830 1491; x_wconf 89' lang='lat' dir='ltr'>dent</span> <span class='ocrx_word' id='word_1_647' title='bbox 848 1465 883 1490; x_wconf 83' lang='lat'>95</span> <span class='ocrx_word' id='word_1_648' title='bbox 902 1465 920 1491; x_wconf 90' lang='lat' dir='ltr'>b</span> <span class='ocrx_word' id='word_1_649' title='bbox 939 1480 974 1483; x_wconf 97' lang='lat'><strong>—</strong></span> <span class='ocrx_word' id='word_1_650' title='bbox 992 1466 1171 1492; x_wconf 82' lang='lat' dir='ltr'>Adhaerentes</span> <span class='ocrx_word' id='word_1_651' title='bbox 1184 1467 1334 1493; x_wconf 89' lang='lat' dir='ltr'>antichristo</span> <span class='ocrx_word' id='word_1_652' title='bbox 1353 1474 1406 1493; x_wconf 93' lang='lat' dir='ltr'>non</span> 
     </span>
     <span class='ocr_line' id='line_1_106' title="bbox 767 1510 1405 1537; baseline 0.003 -2"><span class='ocrx_word' id='word_1_653' title='bbox 767 1510 875 1536; x_wconf 90' lang='lat' dir='ltr'>audient</span> <span class='ocrx_word' id='word_1_654' title='bbox 892 1517 985 1536; x_wconf 88' lang='lat' dir='ltr'>vocem</span> <span class='ocrx_word' id='word_1_655' title='bbox 1006 1511 1123 1536; x_wconf 74' lang='lat' dir='ltr'>veritatis</span> <span class='ocrx_word' id='word_1_656' title='bbox 1147 1510 1209 1537; x_wconf 80' lang='lat' dir='ltr'>ibid.</span> <span class='ocrx_word' id='word_1_657' title='bbox 1228 1526 1263 1529; x_wconf 97' lang='lat'><strong>—</strong></span> <span class='ocrx_word' id='word_1_658' title='bbox 1282 1512 1405 1537; x_wconf 83' lang='lat' dir='ltr'>Antichri-</span> 
     </span>
     <span class='ocr_line' id='line_1_107' title="bbox 768 1554 1142 1581; baseline 0.003 -1"><span class='ocrx_word' id='word_1_659' title='bbox 768 1557 807 1580; x_wconf 91' lang='lat' dir='ltr'>sto</span> <span class='ocrx_word' id='word_1_660' title='bbox 827 1561 879 1580; x_wconf 87' lang='lat' dir='ltr'>non</span> <span class='ocrx_word' id='word_1_661' title='bbox 898 1555 1060 1581; x_wconf 86' lang='lat' dir='ltr'>credendum</span> <span class='ocrx_word' id='word_1_662' title='bbox 1080 1554 1142 1581; x_wconf 86' lang='lat' dir='ltr'>ibid.</span> 
     </span>
    </p>

    <p class='ocr_par' dir='ltr' id='par_1_30' title="bbox 821 1599 1406 1625">
     <span class='ocr_line' id='line_1_108' title="bbox 821 1599 1406 1625; baseline 0.002 -1"><span class='ocrx_word' id='word_1_663' title='bbox 821 1614 856 1617; x_wconf 97' lang='lat'><strong>—</strong></span> <span class='ocrx_word' id='word_1_664' title='bbox 867 1601 891 1624; x_wconf 87' lang='lat' dir='ltr'>ln</span> <span class='ocrx_word' id='word_1_665' title='bbox 903 1599 1068 1625; x_wconf 85' lang='lat' dir='ltr'>tribulatione</span> <span class='ocrx_word' id='word_1_666' title='bbox 1077 1599 1219 1625; x_wconf 87' lang='lat' dir='ltr'>antichristi</span> <span class='ocrx_word' id='word_1_667' title='bbox 1229 1600 1278 1625; x_wconf 90' lang='lat' dir='ltr'>erit</span> <span class='ocrx_word' id='word_1_668' title='bbox 1287 1600 1406 1625; x_wconf 90' lang='lat' dir='ltr'>omnium</span> 
     </span>
    </p>
   </div>
   <div class='ocr_carea' id='block_1_12' title="bbox 741 1644 1407 1676">
    <p class='ocr_par' dir='ltr' id='par_1_31' title="bbox 741 1644 1407 1676">
     <span class='ocr_line' id='line_1_109' title="bbox 741 1644 1407 1676; baseline 0.002 -7"><span class='ocrx_word' id='word_1_669' title='bbox 741 1669 745 1673; x_wconf 84' lang='grc'><em>,</em></span> <span class='ocrx_word' id='word_1_670' title='bbox 767 1644 968 1676; x_wconf 80' lang='lat' dir='ltr'>perversitatum</span> <span class='ocrx_word' id='word_1_671' title='bbox 989 1651 1132 1670; x_wconf 87' lang='lat' dir='ltr'>concursus</span> <span class='ocrx_word' id='word_1_672' title='bbox 1152 1645 1193 1670; x_wconf 93' lang='lat' dir='ltr'>Vll</span> <span class='ocrx_word' id='word_1_673' title='bbox 1214 1644 1264 1670; x_wconf 88' lang='grc'>438</span> <span class='ocrx_word' id='word_1_674' title='bbox 1285 1645 1319 1670; x_wconf 91' lang='grc'>39</span> <span class='ocrx_word' id='word_1_675' title='bbox 1332 1645 1407 1670; x_wconf 94' lang='lat' dir='ltr'>—ln</span> 
     </span>
    </p>
   </div>
   <div class='ocr_carea' id='block_1_13' title="bbox 767 1688 1408 1943">
    <p class='ocr_par' dir='ltr' id='par_1_32' title="bbox 767 1688 1408 1943">
     <span class='ocr_line' id='line_1_110' title="bbox 767 1688 1407 1720; baseline 0.002 -7"><span class='ocrx_word' id='word_1_676' title='bbox 767 1688 882 1714; x_wconf 86' lang='lat' dir='ltr'>adventu</span> <span class='ocrx_word' id='word_1_677' title='bbox 902 1688 1044 1714; x_wconf 89' lang='lat' dir='ltr'>antichristi</span> <span class='ocrx_word' id='word_1_678' title='bbox 1064 1689 1112 1714; x_wconf 88' lang='lat' dir='ltr'>crit</span> <span class='ocrx_word' id='word_1_679' title='bbox 1136 1691 1242 1720; x_wconf 88' lang='lat' dir='ltr'>tempus</span> <span class='ocrx_word' id='word_1_680' title='bbox 1261 1688 1407 1715; x_wconf 90' lang='lat' dir='ltr'>tentationis</span> 
     </span>
     <span class='ocr_line' id='line_1_111' title="bbox 768 1733 1408 1765; baseline 0.002 -7"><span class='ocrx_word' id='word_1_681' title='bbox 768 1733 800 1758; x_wconf 90' lang='lat' dir='ltr'>Vl</span> <span class='ocrx_word' id='word_1_682' title='bbox 821 1733 854 1758; x_wconf 97' lang='grc'>96</span> <span class='ocrx_word' id='word_1_683' title='bbox 873 1740 887 1758; x_wconf 93' lang='lat' dir='ltr'>a</span> <span class='ocrx_word' id='word_1_684' title='bbox 907 1747 942 1751; x_wconf 90' lang='lat'>—</span> <span class='ocrx_word' id='word_1_685' title='bbox 962 1733 1058 1758; x_wconf 89' lang='lat' dir='ltr'>multos</span> <span class='ocrx_word' id='word_1_686' title='bbox 1076 1736 1176 1758; x_wconf 83' lang='lat' dir='ltr'>avertet</span> <span class='ocrx_word' id='word_1_687' title='bbox 1194 1740 1209 1758; x_wconf 91' lang='lat' dir='ltr'>a</span> <span class='ocrx_word' id='word_1_688' title='bbox 1229 1733 1280 1758; x_wconf 81' lang='lat' dir='ltr'>fide</span> <span class='ocrx_word' id='word_1_689' title='bbox 1299 1740 1347 1765; x_wconf 90' lang='lat' dir='ltr'>per</span> <span class='ocrx_word' id='word_1_690' title='bbox 1359 1733 1408 1759; x_wconf 85' lang='lat' dir='ltr'>do·</span> 
     </span>
     <span class='ocr_line' id='line_1_112' title="bbox 767 1776 1407 1803; baseline 0.002 -1"><span class='ocrx_word' id='word_1_691' title='bbox 767 1778 838 1802; x_wconf 89' lang='lat' dir='ltr'>naria</span> <span class='ocrx_word' id='word_1_692' title='bbox 859 1776 919 1803; x_wconf 84' lang='lat' dir='ltr'>ibid.</span> <span class='ocrx_word' id='word_1_693' title='bbox 939 1791 973 1795; x_wconf 97' lang='lat'><strong>—</strong></span> <span class='ocrx_word' id='word_1_694' title='bbox 994 1779 1078 1803; x_wconf 90' lang='lat' dir='ltr'>trahet</span> <span class='ocrx_word' id='word_1_695' title='bbox 1090 1778 1206 1803; x_wconf 88' lang='lat' dir='ltr'>carnales</span> <span class='ocrx_word' id='word_1_696' title='bbox 1219 1785 1234 1803; x_wconf 87' lang='lat' dir='ltr'>a</span> <span class='ocrx_word' id='word_1_697' title='bbox 1247 1778 1300 1803; x_wconf 88' lang='lat' dir='ltr'>fide</span> <span class='ocrx_word' id='word_1_698' title='bbox 1313 1778 1407 1803; x_wconf 88' lang='lat' dir='ltr'>timore</span> 
     </span>
     <span class='ocr_line' id='line_1_113' title="bbox 767 1821 1407 1854; baseline 0.002 -7"><span class='ocrx_word' id='word_1_699' title='bbox 767 1824 957 1847; x_wconf 86' lang='lat' dir='ltr'>tormentorum</span> <span class='ocrx_word' id='word_1_700' title='bbox 978 1821 1040 1848; x_wconf 77' lang='lat' dir='ltr'>ibid.</span> <span class='ocrx_word' id='word_1_701' title='bbox 1058 1837 1092 1840; x_wconf 97' lang='lat'><strong>—</strong></span> <span class='ocrx_word' id='word_1_702' title='bbox 1119 1822 1203 1854; x_wconf 83' lang='lat' dir='ltr'>Magni</span> <span class='ocrx_word' id='word_1_703' title='bbox 1223 1825 1248 1848; x_wconf 86' lang='lat' dir='ltr'>et</span> <span class='ocrx_word' id='word_1_704' title='bbox 1266 1822 1343 1854; x_wconf 90' lang='lat' dir='ltr'>parvi</span> <span class='ocrx_word' id='word_1_705' title='bbox 1362 1829 1407 1852; x_wconf 81' lang='lat' dir='ltr'>ve-</span> 
     </span>
     <span class='ocr_line' id='line_1_114' title="bbox 767 1865 1407 1899; baseline 0 -7"><span class='ocrx_word' id='word_1_706' title='bbox 767 1865 894 1892; x_wconf 86' lang='lat' dir='ltr'>rebuntur</span> <span class='ocrx_word' id='word_1_707' title='bbox 923 1866 1065 1898; x_wconf 87' lang='lat' dir='ltr'>potentiam</span> <span class='ocrx_word' id='word_1_708' title='bbox 1085 1867 1228 1892; x_wconf 86' lang='lat' dir='ltr'>antichristi</span> <span class='ocrx_word' id='word_1_709' title='bbox 1253 1870 1278 1892; x_wconf 89' lang='lat' dir='ltr'>et</span> <span class='ocrx_word' id='word_1_710' title='bbox 1297 1874 1360 1899; x_wconf 91' lang='lat' dir='ltr'>prae</span> <span class='ocrx_word' id='word_1_711' title='bbox 1379 1867 1407 1893; x_wconf 91' lang='lat' dir='ltr'>ti-</span> 
     </span>
     <span class='ocr_line' id='line_1_115' title="bbox 767 1910 1407 1943; baseline 0.002 -7"><span class='ocrx_word' id='word_1_712' title='bbox 767 1918 840 1936; x_wconf 91' lang='lat' dir='ltr'>more</span> <span class='ocrx_word' id='word_1_713' title='bbox 859 1910 1007 1936; x_wconf 91' lang='lat' dir='ltr'>adorabunt</span> <span class='ocrx_word' id='word_1_714' title='bbox 1025 1910 1086 1937; x_wconf 86' lang='lat' dir='ltr'>ibid.</span> <span class='ocrx_word' id='word_1_715' title='bbox 1104 1926 1140 1929; x_wconf 97' lang='lat'><strong>—</strong></span> <span class='ocrx_word' id='word_1_716' title='bbox 1158 1911 1230 1943; x_wconf 79' lang='lat' dir='ltr'>Fuga</span> <span class='ocrx_word' id='word_1_717' title='bbox 1253 1914 1279 1937; x_wconf 88' lang='lat' dir='ltr'>et</span> <span class='ocrx_word' id='word_1_718' title='bbox 1297 1911 1407 1937; x_wconf 85' lang='lat' dir='ltr'>occulta-</span> 
     </span>
    </p>
   </div>
   <div class='ocr_carea' id='block_1_14' title="bbox 756 1955 1407 1987">
    <p class='ocr_par' dir='ltr' id='par_1_33' title="bbox 756 1955 1407 1987">
     <span class='ocr_line' id='line_1_116' title="bbox 756 1955 1407 1987; baseline 0 -6"><span class='ocrx_word' id='word_1_719' title='bbox 756 1956 802 1982; x_wconf 84' lang='lat' dir='ltr'>.tio</span> <span class='ocrx_word' id='word_1_720' title='bbox 821 1956 869 1981; x_wconf 90' lang='lat' dir='ltr'>erit</span> <span class='ocrx_word' id='word_1_721' title='bbox 887 1955 1034 1981; x_wconf 87' lang='lat' dir='ltr'>remedium</span> <span class='ocrx_word' id='word_1_722' title='bbox 1056 1956 1165 1981; x_wconf 86' lang='lat' dir='ltr'>infirmis</span> <span class='ocrx_word' id='word_1_723' title='bbox 1185 1956 1211 1980; x_wconf 93' lang='lat' dir='ltr'>in</span> <span class='ocrx_word' id='word_1_724' title='bbox 1225 1956 1407 1987; x_wconf 87' lang='lat' dir='ltr'>persecutione</span> 
     </span>
    </p>
   </div>
   <div class='ocr_carea' id='block_1_15' title="bbox 765 1999 1409 3399">
    <p class='ocr_par' dir='ltr' id='par_1_34' title="bbox 766 1999 1407 2075">
     <span class='ocr_line' id='line_1_117' title="bbox 766 1999 1407 2031; baseline -0.002 -6"><span class='ocrx_word' id='word_1_725' title='bbox 766 1999 907 2025; x_wconf 88' lang='lat' dir='ltr'>antichristi</span> <span class='ocrx_word' id='word_1_726' title='bbox 922 2000 963 2025; x_wconf 83' lang='lat' dir='ltr'>Vll</span> <span class='ocrx_word' id='word_1_727' title='bbox 977 2000 1023 2025; x_wconf 88' lang='grc'>531</span> <span class='ocrx_word' id='word_1_728' title='bbox 1043 2000 1076 2024; x_wconf 92' lang='grc'>32</span> <span class='ocrx_word' id='word_1_729' title='bbox 1089 2014 1124 2018; x_wconf 87' lang='grc'><strong>-</strong></span> <span class='ocrx_word' id='word_1_730' title='bbox 1143 2000 1177 2024; x_wconf 91' lang='lat' dir='ltr'>ad</span> <span class='ocrx_word' id='word_1_731' title='bbox 1197 2002 1301 2031; x_wconf 87' lang='lat' dir='ltr'>tempus</span> <span class='ocrx_word' id='word_1_732' title='bbox 1319 2000 1407 2025; x_wconf 87' lang='lat' dir='ltr'>vincet</span> 
     </span>
     <span class='ocr_line' id='line_1_118' title="bbox 767 2043 1368 2075; baseline 0 -7"><span class='ocrx_word' id='word_1_733' title='bbox 767 2044 923 2075; x_wconf 79' lang='lat' dir='ltr'>Prophetas,</span> <span class='ocrx_word' id='word_1_734' title='bbox 942 2044 988 2069; x_wconf 87' lang='lat' dir='ltr'>sed</span> <span class='ocrx_word' id='word_1_735' title='bbox 1008 2043 1087 2069; x_wconf 87' lang='lat' dir='ltr'>occisi</span> <span class='ocrx_word' id='word_1_736' title='bbox 1107 2047 1245 2075; x_wconf 80' lang='lat' dir='ltr'>resurgent</span> <span class='ocrx_word' id='word_1_737' title='bbox 1264 2044 1315 2069; x_wconf 86' lang='grc'>528</span> <span class='ocrx_word' id='word_1_738' title='bbox 1336 2044 1368 2069; x_wconf 89' lang='grc'>23</span> 
     </span>
    </p>

    <p class='ocr_par' dir='ltr' id='par_1_35' title="bbox 765 2087 1406 2295">
     <span class='ocr_line' id='line_1_119' title="bbox 819 2087 1406 2119; baseline 0.002 -8"><span class='ocrx_word' id='word_1_739' title='bbox 819 2101 854 2106; x_wconf 89' lang='grc'>-</span> <span class='ocrx_word' id='word_1_740' title='bbox 883 2087 958 2112; x_wconf 88' lang='lat' dir='ltr'>faciet</span> <span class='ocrx_word' id='word_1_741' title='bbox 985 2088 1064 2112; x_wconf 81' lang='lat' dir='ltr'>multa</span> <span class='ocrx_word' id='word_1_742' title='bbox 1094 2087 1233 2117; x_wconf 87' lang='lat' dir='ltr'>miracula,</span> <span class='ocrx_word' id='word_1_743' title='bbox 1261 2094 1310 2119; x_wconf 92' lang='lat' dir='ltr'>per</span> <span class='ocrx_word' id='word_1_744' title='bbox 1337 2093 1406 2119; x_wconf 89' lang='lat' dir='ltr'>quae</span> 
     </span>
     <span class='ocr_line' id='line_1_120' title="bbox 766 2131 1406 2162; baseline 0.002 -7"><span class='ocrx_word' id='word_1_745' title='bbox 766 2131 834 2156; x_wconf 91' lang='lat' dir='ltr'>stulti</span> <span class='ocrx_word' id='word_1_746' title='bbox 859 2133 1044 2156; x_wconf 86' lang='lat' dir='ltr'>convertentur</span> <span class='ocrx_word' id='word_1_747' title='bbox 1067 2131 1100 2156; x_wconf 89' lang='lat' dir='ltr'>ad</span> <span class='ocrx_word' id='word_1_748' title='bbox 1130 2131 1226 2162; x_wconf 85' lang='lat' dir='ltr'>ipsum,</span> <span class='ocrx_word' id='word_1_749' title='bbox 1256 2134 1284 2156; x_wconf 92' lang='lat' dir='ltr'>ut</span> <span class='ocrx_word' id='word_1_750' title='bbox 1312 2131 1406 2156; x_wconf 89' lang='lat' dir='ltr'>florere</span> 
     </span>
     <span class='ocr_line' id='line_1_121' title="bbox 766 2175 1405 2207; baseline 0.002 -8"><span class='ocrx_word' id='word_1_751' title='bbox 766 2175 869 2206; x_wconf 83' lang='lat' dir='ltr'>virgam</span> <span class='ocrx_word' id='word_1_752' title='bbox 889 2177 914 2199; x_wconf 91' lang='lat' dir='ltr'>et</span> <span class='ocrx_word' id='word_1_753' title='bbox 939 2175 1067 2200; x_wconf 83' lang='lat' dir='ltr'>deflorere</span> <span class='ocrx_word' id='word_1_754' title='bbox 1087 2175 1118 2200; x_wconf 91' lang='lat' dir='ltr'>Vl</span> <span class='ocrx_word' id='word_1_755' title='bbox 1139 2175 1172 2199; x_wconf 87' lang='grc'>96</span> <span class='ocrx_word' id='word_1_756' title='bbox 1192 2181 1206 2200; x_wconf 92' lang='lat' dir='ltr'>a</span> <span class='ocrx_word' id='word_1_757' title='bbox 1225 2190 1259 2193; x_wconf 85' lang='lat'><strong>—</strong></span> <span class='ocrx_word' id='word_1_758' title='bbox 1278 2182 1330 2200; x_wconf 90' lang='lat' dir='ltr'>non</span> <span class='ocrx_word' id='word_1_759' title='bbox 1350 2177 1405 2207; x_wconf 91' lang='lat' dir='ltr'>pot-</span> 
     </span>
     <span class='ocr_line' id='line_1_122' title="bbox 765 2219 1406 2245; baseline 0 -1"><span class='ocrx_word' id='word_1_760' title='bbox 765 2219 814 2244; x_wconf 88' lang='lat' dir='ltr'>erit</span> <span class='ocrx_word' id='word_1_761' title='bbox 834 2226 861 2244; x_wconf 88' lang='lat' dir='ltr'>sc</span> <span class='ocrx_word' id='word_1_762' title='bbox 881 2219 980 2244; x_wconf 87' lang='lat' dir='ltr'>cunctis</span> <span class='ocrx_word' id='word_1_763' title='bbox 1000 2219 1112 2245; x_wconf 85' lang='lat' dir='ltr'>reddere</span> <span class='ocrx_word' id='word_1_764' title='bbox 1134 2219 1300 2245; x_wconf 85' lang='lat' dir='ltr'>manifestum</span> <span class='ocrx_word' id='word_1_765' title='bbox 1313 2219 1339 2244; x_wconf 91' lang='lat' dir='ltr'>in</span> <span class='ocrx_word' id='word_1_766' title='bbox 1352 2226 1406 2245; x_wconf 89' lang='lat' dir='ltr'>mo-</span> 
     </span>
     <span class='ocr_line' id='line_1_123' title="bbox 766 2262 1405 2295; baseline 0.002 -7"><span class='ocrx_word' id='word_1_767' title='bbox 766 2266 855 2289; x_wconf 86' lang='lat' dir='ltr'>mento</span> <span class='ocrx_word' id='word_1_768' title='bbox 875 2264 1000 2295; x_wconf 86' lang='lat' dir='ltr'>temporis</span> <span class='ocrx_word' id='word_1_769' title='bbox 1020 2263 1087 2289; x_wconf 91' lang='lat' dir='ltr'>sicut</span> <span class='ocrx_word' id='word_1_770' title='bbox 1105 2262 1223 2289; x_wconf 84' lang='lat' dir='ltr'>Christus</span> <span class='ocrx_word' id='word_1_771' title='bbox 1244 2264 1286 2289; x_wconf 91' lang='lat' dir='ltr'>Vll</span> <span class='ocrx_word' id='word_1_772' title='bbox 1306 2263 1357 2289; x_wconf 88' lang='grc'>439</span> <span class='ocrx_word' id='word_1_773' title='bbox 1372 2263 1405 2289; x_wconf 90' lang='grc'>42</span> 
     </span>
    </p>

    <p class='ocr_par' dir='ltr' id='par_1_36' title="bbox 767 2308 1405 2385">
     <span class='ocr_line' id='line_1_124' title="bbox 820 2308 1405 2341; baseline 0 -7"><span class='ocrx_word' id='word_1_774' title='bbox 820 2309 961 2334; x_wconf 75' lang='grc' dir='ltr'>ΑΝτιοοιιυε</span> <span class='ocrx_word' id='word_1_775' title='bbox 991 2323 1026 2327; x_wconf 95' lang='grc'>-</span> <span class='ocrx_word' id='word_1_776' title='bbox 1056 2309 1241 2341; x_wconf 89' lang='lat' dir='ltr'>interpretatur</span> <span class='ocrx_word' id='word_1_777' title='bbox 1274 2308 1405 2334; x_wconf 91' lang='lat' dir='ltr'>silentium</span> 
     </span>
     <span class='ocr_line' id='line_1_125' title="bbox 767 2353 1116 2385; baseline -0.003 -6"><span class='ocrx_word' id='word_1_778' title='bbox 767 2353 929 2385; x_wconf 83' lang='lat' dir='ltr'>paupertatis</span> <span class='ocrx_word' id='word_1_779' title='bbox 949 2353 991 2379; x_wconf 71' lang='grc' dir='ltr'>ΥΙΙ</span> <span class='ocrx_word' id='word_1_780' title='bbox 1012 2354 1062 2379; x_wconf 91' lang='grc'>380</span> <span class='ocrx_word' id='word_1_781' title='bbox 1082 2353 1116 2378; x_wconf 92' lang='grc'>66</span> 
     </span>
    </p>

    <p class='ocr_par' dir='ltr' id='par_1_37' title="bbox 768 2396 1406 2468">
     <span class='ocr_line' id='line_1_126' title="bbox 820 2396 1406 2424; baseline 0.002 -1"><span class='ocrx_word' id='word_1_782' title='bbox 820 2399 966 2424; x_wconf 62' lang='grc' dir='ltr'>Ακτιιηοειε</span> <span class='ocrx_word' id='word_1_783' title='bbox 984 2411 1019 2417; x_wconf 87' lang='lat'>-·</span> <span class='ocrx_word' id='word_1_784' title='bbox 1038 2398 1072 2424; x_wconf 84' lang='lat' dir='ltr'>Vi</span> <span class='ocrx_word' id='word_1_785' title='bbox 1098 2397 1148 2423; x_wconf 87' lang='grc'>442</span> <span class='ocrx_word' id='word_1_786' title='bbox 1179 2398 1212 2424; x_wconf 85' lang='grc'>33</span> <span class='ocrx_word' id='word_1_787' title='bbox 1239 2397 1298 2424; x_wconf 75' lang='lat' dir='ltr'>vide</span> <span class='ocrx_word' id='word_1_788' title='bbox 1326 2396 1406 2424; x_wconf 78' lang='lat' dir='ltr'>etiam</span> 
     </span>
     <span class='ocr_line' id='line_1_127' title="bbox 768 2442 873 2468; baseline 0 0"><span class='ocrx_word' id='word_1_789' title='bbox 768 2442 819 2468; x_wconf 88' lang='grc'>294</span> <span class='ocrx_word' id='word_1_790' title='bbox 839 2443 873 2468; x_wconf 86' lang='grc'>32</span> 
     </span>
    </p>

    <p class='ocr_par' dir='ltr' id='par_1_38' title="bbox 821 2486 1265 2519">
     <span class='ocr_line' id='line_1_128' title="bbox 821 2486 1265 2519; baseline -0.002 -6"><span class='ocrx_word' id='word_1_791' title='bbox 821 2487 985 2519; x_wconf 65' lang='lat' dir='ltr'>Anriranffls</span> <span class='ocrx_word' id='word_1_792' title='bbox 1002 2502 1038 2505; x_wconf 97' lang='lat'><strong>—</strong></span> <span class='ocrx_word' id='word_1_793' title='bbox 1058 2487 1090 2513; x_wconf 91' lang='lat' dir='ltr'>Vl</span> <span class='ocrx_word' id='word_1_794' title='bbox 1113 2487 1162 2512; x_wconf 85' lang='lat' dir='ltr'>tt7</span> <span class='ocrx_word' id='word_1_795' title='bbox 1181 2494 1207 2512; x_wconf 87' lang='lat' dir='ltr'>v.</span> <span class='ocrx_word' id='word_1_796' title='bbox 1231 2486 1265 2512; x_wconf 94' lang='grc'>14</span> 
     </span>
    </p>

    <p class='ocr_par' dir='ltr' id='par_1_39' title="bbox 767 2531 1409 2964">
     <span class='ocr_line' id='line_1_129' title="bbox 821 2531 1405 2564; baseline -0.002 -7"><span class='ocrx_word' id='word_1_797' title='bbox 821 2532 921 2558; x_wconf 66' lang='lat' dir='ltr'>Annios</span> <span class='ocrx_word' id='word_1_798' title='bbox 938 2546 974 2550; x_wconf 92' lang='lat'>—-</span> <span class='ocrx_word' id='word_1_799' title='bbox 992 2534 1032 2558; x_wconf 90' lang='lat' dir='ltr'>est</span> <span class='ocrx_word' id='word_1_800' title='bbox 1058 2531 1119 2558; x_wconf 88' lang='lat' dir='ltr'>fldei</span> <span class='ocrx_word' id='word_1_801' title='bbox 1147 2531 1323 2564; x_wconf 82' lang='lat' dir='ltr'>signaculum,</span> <span class='ocrx_word' id='word_1_802' title='bbox 1351 2537 1405 2564; x_wconf 91' lang='lat' dir='ltr'>quo</span> 
     </span>
     <span class='ocr_line' id='line_1_130' title="bbox 767 2575 1407 2608; baseline -0.003 -6"><span class='ocrx_word' id='word_1_803' title='bbox 767 2576 856 2602; x_wconf 90' lang='lat' dir='ltr'>anima</span> <span class='ocrx_word' id='word_1_804' title='bbox 875 2575 1061 2607; x_wconf 88' lang='lat' dir='ltr'>subarrhatur,</span> <span class='ocrx_word' id='word_1_805' title='bbox 1081 2578 1109 2602; x_wconf 87' lang='lat' dir='ltr'>ut</span> <span class='ocrx_word' id='word_1_806' title='bbox 1122 2582 1203 2608; x_wconf 84' lang='lat' dir='ltr'>opera</span> <span class='ocrx_word' id='word_1_807' title='bbox 1217 2575 1274 2601; x_wconf 88' lang='lat' dir='ltr'>eius</span> <span class='ocrx_word' id='word_1_808' title='bbox 1286 2575 1407 2607; x_wconf 80' lang='lat' dir='ltr'>placeant</span> 
     </span>
     <span class='ocr_line' id='line_1_131' title="bbox 767 2619 1406 2653; baseline -0.002 -7"><span class='ocrx_word' id='word_1_809' title='bbox 767 2620 870 2647; x_wconf 89' lang='lat' dir='ltr'>Christo</span> <span class='ocrx_word' id='word_1_810' title='bbox 889 2620 931 2646; x_wconf 93' lang='lat' dir='ltr'>Vll</span> <span class='ocrx_word' id='word_1_811' title='bbox 945 2619 996 2646; x_wconf 88' lang='grc'>397</span> <span class='ocrx_word' id='word_1_812' title='bbox 1011 2620 1044 2646; x_wconf 90' lang='grc'>38</span> <span class='ocrx_word' id='word_1_813' title='bbox 1057 2633 1093 2639; x_wconf 86' lang='grc'>-</span> <span class='ocrx_word' id='word_1_814' title='bbox 1105 2622 1145 2646; x_wconf 88' lang='lat' dir='ltr'>est</span> <span class='ocrx_word' id='word_1_815' title='bbox 1156 2619 1183 2645; x_wconf 94' lang='lat' dir='ltr'>in</span> <span class='ocrx_word' id='word_1_816' title='bbox 1196 2626 1285 2651; x_wconf 80' lang='lat' dir='ltr'>manu,</span> <span class='ocrx_word' id='word_1_817' title='bbox 1298 2619 1406 2653; x_wconf 86' lang='lat' dir='ltr'>quando</span> 
     </span>
     <span class='ocr_line' id='line_1_132' title="bbox 767 2662 1409 2697; baseline -0.003 -6"><span class='ocrx_word' id='word_1_818' title='bbox 767 2665 834 2691; x_wconf 87' lang='lat' dir='ltr'>fides</span> <span class='ocrx_word' id='word_1_819' title='bbox 852 2665 950 2691; x_wconf 87' lang='lat' dir='ltr'>relucet</span> <span class='ocrx_word' id='word_1_820' title='bbox 969 2664 994 2690; x_wconf 93' lang='lat' dir='ltr'>in</span> <span class='ocrx_word' id='word_1_821' title='bbox 1013 2664 1165 2697; x_wconf 83' lang='lat' dir='ltr'>operatione</span> <span class='ocrx_word' id='word_1_822' title='bbox 1183 2662 1247 2690; x_wconf 85' lang='lat' dir='ltr'>ibid.</span> <span class='ocrx_word' id='word_1_823' title='bbox 1265 2677 1300 2683; x_wconf 96' lang='lat'><strong>—</strong></span> <span class='ocrx_word' id='word_1_824' title='bbox 1313 2663 1340 2689; x_wconf 88' lang='lat' dir='ltr'>in</span> <span class='ocrx_word' id='word_1_825' title='bbox 1353 2669 1409 2689; x_wconf 88' lang='lat' dir='ltr'>ma-</span> 
     </span>
     <span class='ocr_line' id='line_1_133' title="bbox 768 2708 1407 2742; baseline -0.002 -7"><span class='ocrx_word' id='word_1_826' title='bbox 768 2709 847 2735; x_wconf 92' lang='lat' dir='ltr'>nibus</span> <span class='ocrx_word' id='word_1_827' title='bbox 859 2709 987 2742; x_wconf 78' lang='lat' dir='ltr'>significat</span> <span class='ocrx_word' id='word_1_828' title='bbox 1001 2708 1230 2741; x_wconf 82' lang='lat' dir='ltr'>desponsationem</span> <span class='ocrx_word' id='word_1_829' title='bbox 1244 2715 1293 2741; x_wconf 87' lang='lat' dir='ltr'>per</span> <span class='ocrx_word' id='word_1_830' title='bbox 1305 2710 1407 2734; x_wconf 82' lang='lat' dir='ltr'>castum</span> 
     </span>
     <span class='ocr_line' id='line_1_134' title="bbox 768 2752 1407 2785; baseline -0.003 -5"><span class='ocrx_word' id='word_1_831' title='bbox 768 2760 886 2780; x_wconf 88' lang='lat' dir='ltr'>amorem</span> <span class='ocrx_word' id='word_1_832' title='bbox 914 2754 966 2779; x_wconf 90' lang='grc'>396</span> <span class='ocrx_word' id='word_1_833' title='bbox 996 2753 1029 2779; x_wconf 87' lang='grc'>38</span> <span class='ocrx_word' id='word_1_834' title='bbox 1058 2767 1093 2772; x_wconf 91' lang='grc'>--</span> <span class='ocrx_word' id='word_1_835' title='bbox 1120 2753 1234 2779; x_wconf 81' lang='lat' dir='ltr'>Anulum</span> <span class='ocrx_word' id='word_1_836' title='bbox 1264 2755 1352 2785; x_wconf 89' lang='lat' dir='ltr'>portat</span> <span class='ocrx_word' id='word_1_837' title='bbox 1381 2752 1407 2778; x_wconf 90' lang='lat' dir='ltr'>in</span> 
     </span>
     <span class='ocr_line' id='line_1_135' title="bbox 768 2796 1408 2831; baseline -0.003 -7"><span class='ocrx_word' id='word_1_838' title='bbox 768 2805 848 2824; x_wconf 90' lang='lat' dir='ltr'>manu</span> <span class='ocrx_word' id='word_1_839' title='bbox 866 2798 913 2831; x_wconf 91' lang='lat' dir='ltr'>qui</span> <span class='ocrx_word' id='word_1_840' title='bbox 931 2797 1086 2830; x_wconf 81' lang='lat' dir='ltr'>pudicitiam</span> <span class='ocrx_word' id='word_1_841' title='bbox 1105 2797 1132 2823; x_wconf 94' lang='lat' dir='ltr'>in</span> <span class='ocrx_word' id='word_1_842' title='bbox 1151 2796 1278 2829; x_wconf 87' lang='lat' dir='ltr'>operibus</span> <span class='ocrx_word' id='word_1_843' title='bbox 1290 2797 1345 2823; x_wconf 91' lang='lat' dir='ltr'>suis</span> <span class='ocrx_word' id='word_1_844' title='bbox 1357 2803 1408 2822; x_wconf 90' lang='lat' dir='ltr'>ser-</span> 
     </span>
     <span class='ocr_line' id='line_1_136' title="bbox 767 2841 1408 2874; baseline -0.006 -5"><span class='ocrx_word' id='word_1_845' title='bbox 767 2845 813 2869; x_wconf 88' lang='lat' dir='ltr'>vat</span> <span class='ocrx_word' id='word_1_846' title='bbox 830 2841 894 2869; x_wconf 82' lang='lat' dir='ltr'>ibid.</span> <span class='ocrx_word' id='word_1_847' title='bbox 913 2856 947 2861; x_wconf 93' lang='lat'>—-</span> <span class='ocrx_word' id='word_1_848' title='bbox 966 2849 981 2868; x_wconf 90' lang='lat' dir='ltr'>a</span> <span class='ocrx_word' id='word_1_849' title='bbox 1000 2849 1095 2874; x_wconf 86' lang='lat' dir='ltr'>sponsa</span> <span class='ocrx_word' id='word_1_850' title='bbox 1123 2841 1241 2874; x_wconf 82' lang='lat' dir='ltr'>diligitur</span> <span class='ocrx_word' id='word_1_851' title='bbox 1259 2848 1349 2866; x_wconf 86' lang='lat' dir='ltr'>amore</span> <span class='ocrx_word' id='word_1_852' title='bbox 1368 2847 1408 2866; x_wconf 79' lang='lat' dir='ltr'>ca-</span> 
     </span>
     <span class='ocr_line' id='line_1_137' title="bbox 768 2885 1403 2917; baseline -0.006 -4"><span class='ocrx_word' id='word_1_853' title='bbox 768 2890 808 2913; x_wconf 91' lang='lat' dir='ltr'>sto</span> <span class='ocrx_word' id='word_1_854' title='bbox 827 2886 869 2913; x_wconf 86' lang='lat' dir='ltr'>vel</span> <span class='ocrx_word' id='word_1_855' title='bbox 887 2886 1041 2917; x_wconf 89' lang='lat' dir='ltr'>adulterino,</span> <span class='ocrx_word' id='word_1_856' title='bbox 1060 2889 1086 2912; x_wconf 92' lang='lat' dir='ltr'>et</span> <span class='ocrx_word' id='word_1_857' title='bbox 1103 2885 1278 2912; x_wconf 89' lang='lat' dir='ltr'>contemnitur</span> <span class='ocrx_word' id='word_1_858' title='bbox 1297 2885 1359 2910; x_wconf 91' lang='lat' dir='ltr'>odio</span> <span class='ocrx_word' id='word_1_859' title='bbox 1378 2887 1403 2909; x_wconf 90' lang='lat' dir='ltr'>et</span> 
     </span>
     <span class='ocr_line' id='line_1_138' title="bbox 768 2929 1320 2964; baseline -0.009 -6"><span class='ocrx_word' id='word_1_860' title='bbox 768 2934 920 2964; x_wconf 90' lang='lat' dir='ltr'>contemptu</span> <span class='ocrx_word' id='word_1_861' title='bbox 940 2930 1010 2956; x_wconf 91' lang='lat' dir='ltr'>bono</span> <span class='ocrx_word' id='word_1_862' title='bbox 1028 2930 1070 2956; x_wconf 86' lang='lat' dir='ltr'>vel</span> <span class='ocrx_word' id='word_1_863' title='bbox 1089 2930 1157 2955; x_wconf 90' lang='lat' dir='ltr'>malo</span> <span class='ocrx_word' id='word_1_864' title='bbox 1177 2929 1209 2955; x_wconf 92' lang='lat' dir='ltr'>Vl</span> <span class='ocrx_word' id='word_1_865' title='bbox 1229 2929 1244 2954; x_wconf 84' lang='lat'><strong>6</strong></span> <span class='ocrx_word' id='word_1_866' title='bbox 1264 2936 1290 2962; x_wconf 89' lang='lat' dir='ltr'>q.</span> <span class='ocrx_word' id='word_1_867' title='bbox 1311 2929 1320 2953; x_wconf 93' lang='grc'>1</span> 
     </span>
    </p>

    <p class='ocr_par' dir='ltr' id='par_1_40' title="bbox 767 2971 1406 3090">
     <span class='ocr_line' id='line_1_139' title="bbox 821 2971 1406 3006; baseline -0.007 -5"><span class='ocrx_word' id='word_1_868' title='bbox 821 2976 929 3001; x_wconf 72' lang='grc' dir='ltr'>ΑοιιΛειΛ</span> <span class='ocrx_word' id='word_1_869' title='bbox 949 2989 983 2993; x_wconf 85' lang='lat'>-</span> <span class='ocrx_word' id='word_1_870' title='bbox 1005 2974 1078 3005; x_wconf 84' lang='lat' dir='ltr'>facit,</span> <span class='ocrx_word' id='word_1_871' title='bbox 1098 2977 1126 2999; x_wconf 94' lang='lat' dir='ltr'>ut</span> <span class='ocrx_word' id='word_1_872' title='bbox 1144 2980 1186 2999; x_wconf 90' lang='lat' dir='ltr'>res</span> <span class='ocrx_word' id='word_1_873' title='bbox 1209 2973 1297 3006; x_wconf 89' lang='lat' dir='ltr'>aliquo</span> <span class='ocrx_word' id='word_1_874' title='bbox 1326 2971 1406 2997; x_wconf 89' lang='lat' dir='ltr'>modo</span> 
     </span>
     <span class='ocr_line' id='line_1_140' title="bbox 767 3016 1405 3052; baseline -0.006 -8"><span class='ocrx_word' id='word_1_875' title='bbox 767 3019 889 3046; x_wconf 89' lang='lat' dir='ltr'>videatur</span> <span class='ocrx_word' id='word_1_876' title='bbox 922 3022 948 3045; x_wconf 92' lang='lat' dir='ltr'>et</span> <span class='ocrx_word' id='word_1_877' title='bbox 975 3019 1063 3052; x_wconf 87' lang='lat' dir='ltr'>aliquo</span> <span class='ocrx_word' id='word_1_878' title='bbox 1092 3017 1171 3044; x_wconf 91' lang='lat' dir='ltr'>modo</span> <span class='ocrx_word' id='word_1_879' title='bbox 1200 3017 1344 3043; x_wconf 86' lang='lat' dir='ltr'>occultetur</span> <span class='ocrx_word' id='word_1_880' title='bbox 1373 3016 1405 3041; x_wconf 68' lang='lat' dir='ltr'>Vl</span> 
     </span>
     <span class='ocr_line' id='line_1_141' title="bbox 769 3063 1111 3090; baseline -0.003 -1"><span class='ocrx_word' id='word_1_881' title='bbox 769 3064 820 3089; x_wconf 85' lang='grc'>232</span> <span class='ocrx_word' id='word_1_882' title='bbox 840 3071 866 3089; x_wconf 82' lang='grc' dir='ltr'>ν.</span> <span class='ocrx_word' id='word_1_883' title='bbox 889 3064 928 3089; x_wconf 93' lang='grc'>16.</span> <span class='ocrx_word' id='word_1_884' title='bbox 950 3063 991 3090; x_wconf 85' lang='lat' dir='ltr'>vu</span> <span class='ocrx_word' id='word_1_885' title='bbox 1012 3064 1062 3089; x_wconf 83' lang='grc'>593</span> <span class='ocrx_word' id='word_1_886' title='bbox 1083 3063 1111 3089; x_wconf 91' lang='grc'>21</span> 
     </span>
    </p>

    <p class='ocr_par' dir='ltr' id='par_1_41' title="bbox 769 3105 1405 3178">
     <span class='ocr_line' id='line_1_142' title="bbox 821 3105 1405 3139; baseline -0.009 -5"><span class='ocrx_word' id='word_1_887' title='bbox 821 3108 931 3134; x_wconf 76' lang='grc' dir='ltr'>ΑΡειιτιο</span> <span class='ocrx_word' id='word_1_888' title='bbox 950 3122 985 3126; x_wconf 89' lang='grc'>-</span> <span class='ocrx_word' id='word_1_889' title='bbox 1005 3109 1030 3133; x_wconf 92' lang='lat' dir='ltr'>ln</span> <span class='ocrx_word' id='word_1_890' title='bbox 1050 3107 1171 3139; x_wconf 85' lang='lat' dir='ltr'>passione</span> <span class='ocrx_word' id='word_1_891' title='bbox 1195 3105 1287 3132; x_wconf 85' lang='lat' dir='ltr'>Christi</span> <span class='ocrx_word' id='word_1_892' title='bbox 1316 3107 1405 3137; x_wconf 83' lang='lat' dir='ltr'>aperta</span> 
     </span>
     <span class='ocr_line' id='line_1_143' title="bbox 769 3150 1337 3178; baseline -0.005 -1"><span class='ocrx_word' id='word_1_893' title='bbox 769 3154 808 3177; x_wconf 87' lang='lat' dir='ltr'>est</span> <span class='ocrx_word' id='word_1_894' title='bbox 826 3151 903 3177; x_wconf 86' lang='lat' dir='ltr'>ianua</span> <span class='ocrx_word' id='word_1_895' title='bbox 923 3152 966 3178; x_wconf 92' lang='lat' dir='ltr'>Vll</span> <span class='ocrx_word' id='word_1_896' title='bbox 987 3151 1037 3177; x_wconf 90' lang='grc'>546</span> <span class='ocrx_word' id='word_1_897' title='bbox 1059 3151 1092 3176; x_wconf 92' lang='grc'>24</span> <span class='ocrx_word' id='word_1_898' title='bbox 1116 3150 1178 3176; x_wconf 79' lang='lat' dir='ltr'>Vide</span> <span class='ocrx_word' id='word_1_899' title='bbox 1198 3157 1221 3176; x_wconf 84' lang='lat' dir='ltr'>v.</span> <span class='ocrx_word' id='word_1_900' title='bbox 1241 3150 1337 3175; x_wconf 74' lang='lat' dir='ltr'>lanua.</span> 
     </span>
    </p>

    <p class='ocr_par' dir='ltr' id='par_1_42' title="bbox 768 3192 1407 3310">
     <span class='ocr_line' id='line_1_144' title="bbox 821 3192 1407 3228; baseline -0.007 -6"><span class='ocrx_word' id='word_1_901' title='bbox 821 3197 891 3222; x_wconf 74' lang='lat' dir='ltr'>Arsx</span> <span class='ocrx_word' id='word_1_902' title='bbox 911 3210 945 3214; x_wconf 91' lang='lat'>—</span> <span class='ocrx_word' id='word_1_903' title='bbox 964 3196 1071 3228; x_wconf 89' lang='lat' dir='ltr'>proprie</span> <span class='ocrx_word' id='word_1_904' title='bbox 1090 3195 1184 3221; x_wconf 90' lang='lat' dir='ltr'>dicitur</span> <span class='ocrx_word' id='word_1_905' title='bbox 1203 3193 1341 3220; x_wconf 83' lang='lat' dir='ltr'>summitas</span> <span class='ocrx_word' id='word_1_906' title='bbox 1368 3192 1407 3218; x_wconf 91' lang='lat' dir='ltr'>lit-</span> 
     </span>
     <span class='ocr_line' id='line_1_145' title="bbox 768 3236 1407 3273; baseline -0.006 -7"><span class='ocrx_word' id='word_1_907' title='bbox 768 3242 854 3271; x_wconf 86' lang='lat' dir='ltr'>terae,</span> <span class='ocrx_word' id='word_1_908' title='bbox 872 3246 942 3273; x_wconf 84' lang='lat' dir='ltr'>quae</span> <span class='ocrx_word' id='word_1_909' title='bbox 960 3239 1067 3272; x_wconf 85' lang='lat' dir='ltr'>ponitur</span> <span class='ocrx_word' id='word_1_910' title='bbox 1085 3239 1118 3264; x_wconf 92' lang='lat' dir='ltr'>ad</span> <span class='ocrx_word' id='word_1_911' title='bbox 1148 3238 1228 3271; x_wconf 89' lang='lat' dir='ltr'>ipsius</span> <span class='ocrx_word' id='word_1_912' title='bbox 1246 3238 1345 3263; x_wconf 85' lang='lat' dir='ltr'>litterae</span> <span class='ocrx_word' id='word_1_913' title='bbox 1365 3236 1407 3262; x_wconf 87' lang='lat' dir='ltr'>de-</span> 
     </span>
     <span class='ocr_line' id='line_1_146' title="bbox 768 3283 1042 3310; baseline 0 0"><span class='ocrx_word' id='word_1_914' title='bbox 768 3290 857 3310; x_wconf 85' lang='lat' dir='ltr'>corem</span> <span class='ocrx_word' id='word_1_915' title='bbox 876 3284 919 3310; x_wconf 91' lang='lat' dir='ltr'>Vll</span> <span class='ocrx_word' id='word_1_916' title='bbox 939 3283 989 3310; x_wconf 89' lang='grc'>414</span> <span class='ocrx_word' id='word_1_917' title='bbox 1010 3284 1042 3310; x_wconf 88' lang='grc'>33</span> 
     </span>
    </p>

    <p class='ocr_par' dir='ltr' id='par_1_43' title="bbox 768 3325 1406 3399">
     <span class='ocr_line' id='line_1_147' title="bbox 821 3325 1406 3360; baseline -0.007 -6"><span class='ocrx_word' id='word_1_918' title='bbox 821 3330 881 3354; x_wconf 73' lang='lat' dir='ltr'>Aris</span> <span class='ocrx_word' id='word_1_919' title='bbox 898 3342 933 3347; x_wconf 92' lang='lat'><strong>—</strong></span> <span class='ocrx_word' id='word_1_920' title='bbox 952 3328 1006 3354; x_wconf 79' lang='lat' dir='ltr'>Rex</span> <span class='ocrx_word' id='word_1_921' title='bbox 1024 3334 1104 3360; x_wconf 84' lang='lat' dir='ltr'>apum</span> <span class='ocrx_word' id='word_1_922' title='bbox 1118 3333 1170 3353; x_wconf 93' lang='lat' dir='ltr'>non</span> <span class='ocrx_word' id='word_1_923' title='bbox 1190 3325 1268 3352; x_wconf 86' lang='lat' dir='ltr'>habet</span> <span class='ocrx_word' id='word_1_924' title='bbox 1286 3326 1406 3351; x_wconf 89' lang='lat' dir='ltr'>aculeum</span> 
     </span>
     <span class='ocr_line' id='line_1_148' title="bbox 768 3372 951 3399; baseline -0.005 -1"><span class='ocrx_word' id='word_1_925' title='bbox 768 3372 813 3399; x_wconf 90' lang='lat' dir='ltr'>Vll</span> <span class='ocrx_word' id='word_1_926' title='bbox 832 3372 884 3399; x_wconf 83' lang='grc'>248</span> <span class='ocrx_word' id='word_1_927' title='bbox 905 3372 951 3398; x_wconf 89' lang='grc'>404</span> 
     </span>
    </p>
   </div>
   <div class='ocr_carea' id='block_1_16' title="bbox 1442 578 2087 3401">
    <p class='ocr_par' dir='ltr' id='par_1_44' title="bbox 1447 578 2086 740">
     <span class='ocr_line' id='line_1_149' title="bbox 1500 578 2086 612; baseline 0.01 -10"><span class='ocrx_word' id='word_1_928' title='bbox 1500 578 1634 604; x_wconf 67' lang='grc' dir='ltr'>ΑροετΑςιΛ</span> <span class='ocrx_word' id='word_1_929' title='bbox 1667 593 1701 598; x_wconf 82' lang='lat'><strong>—</strong></span> <span class='ocrx_word' id='word_1_930' title='bbox 1732 584 1791 612; x_wconf 84' lang='lat' dir='ltr'>post</span> <span class='ocrx_word' id='word_1_931' title='bbox 1822 582 2022 608; x_wconf 78' lang='lat' dir='ltr'>conversionem</span> <span class='ocrx_word' id='word_1_932' title='bbox 2048 588 2086 609; x_wconf 83' lang='lat' dir='ltr'>est</span> 
     </span>
     <span class='ocr_line' id='line_1_150' title="bbox 1448 622 2086 654; baseline 0.011 -8"><span class='ocrx_word' id='word_1_933' title='bbox 1448 622 1590 647; x_wconf 87' lang='lat' dir='ltr'>maximum</span> <span class='ocrx_word' id='word_1_934' title='bbox 1620 624 1764 654; x_wconf 89' lang='lat' dir='ltr'>periculum</span> <span class='ocrx_word' id='word_1_935' title='bbox 1794 626 1884 651; x_wconf 86' lang='lat' dir='ltr'>salutis</span> <span class='ocrx_word' id='word_1_936' title='bbox 1913 627 1955 652; x_wconf 88' lang='lat' dir='ltr'>Vll</span> <span class='ocrx_word' id='word_1_937' title='bbox 1981 626 2031 652; x_wconf 81' lang='grc'>444</span> <span class='ocrx_word' id='word_1_938' title='bbox 2052 628 2086 652; x_wconf 75' lang='lat'>55</span> 
     </span>
     <span class='ocr_line' id='line_1_151' title="bbox 1452 665 2084 703; baseline 0.009 -12"><span class='ocrx_word' id='word_1_939' title='bbox 1452 665 1514 691; x_wconf 82' lang='lat' dir='ltr'>Vide</span> <span class='ocrx_word' id='word_1_940' title='bbox 1541 673 1565 692; x_wconf 85' lang='lat' dir='ltr'>v.</span> <span class='ocrx_word' id='word_1_941' title='bbox 1586 667 1763 695; x_wconf 74' lang='lat' dir='ltr'>Retrocertere.</span> <span class='ocrx_word' id='word_1_942' title='bbox 1783 683 1819 688; x_wconf 89' lang='lat'>—-</span> <span class='ocrx_word' id='word_1_943' title='bbox 1838 671 1923 695; x_wconf 76' lang='lat' dir='ltr'>statim</span> <span class='ocrx_word' id='word_1_944' title='bbox 1952 672 2039 703; x_wconf 80' lang='lat' dir='ltr'>punita</span> <span class='ocrx_word' id='word_1_945' title='bbox 2061 672 2084 697; x_wconf 90' lang='lat' dir='ltr'>in</span> 
     </span>
     <span class='ocr_line' id='line_1_152' title="bbox 1447 710 1969 740; baseline 0.01 -5"><span class='ocrx_word' id='word_1_946' title='bbox 1447 710 1645 737; x_wconf 87' lang='lat' dir='ltr'>detestationem</span> <span class='ocrx_word' id='word_1_947' title='bbox 1665 713 1782 739; x_wconf 82' lang='lat' dir='ltr'>criminis</span> <span class='ocrx_word' id='word_1_948' title='bbox 1802 714 1843 740; x_wconf 64' lang='lat' dir='ltr'>Vll</span> <span class='ocrx_word' id='word_1_949' title='bbox 1864 715 1915 740; x_wconf 86' lang='grc'>339</span> <span class='ocrx_word' id='word_1_950' title='bbox 1940 716 1969 740; x_wconf 88' lang='grc'><strong>10</strong></span> 
     </span>
    </p>

    <p class='ocr_par' dir='ltr' id='par_1_45' title="bbox 1444 755 2086 1359">
     <span class='ocr_line' id='line_1_153' title="bbox 1500 755 2086 793; baseline 0.01 -13"><span class='ocrx_word' id='word_1_951' title='bbox 1500 755 1639 781; x_wconf 70' lang='grc' dir='ltr'>ΑΡοετοιυε</span> <span class='ocrx_word' id='word_1_952' title='bbox 1657 771 1691 774; x_wconf 92' lang='grc'><strong>-</strong></span> <span class='ocrx_word' id='word_1_953' title='bbox 1708 758 1803 783; x_wconf 86' lang='lat' dir='ltr'>missus</span> <span class='ocrx_word' id='word_1_954' title='bbox 1822 759 2019 792; x_wconf 77' lang='lat' dir='ltr'>interpretatur,</span> <span class='ocrx_word' id='word_1_955' title='bbox 2031 767 2086 793; x_wconf 88' lang='lat' dir='ltr'>quo</span> 
     </span>
     <span class='ocr_line' id='line_1_154' title="bbox 1446 799 2086 830; baseline 0.011 -7"><span class='ocrx_word' id='word_1_956' title='bbox 1446 799 1552 825; x_wconf 87' lang='lat' dir='ltr'>nomine</span> <span class='ocrx_word' id='word_1_957' title='bbox 1571 806 1662 825; x_wconf 89' lang='lat' dir='ltr'>eorum</span> <span class='ocrx_word' id='word_1_958' title='bbox 1677 802 1817 828; x_wconf 83' lang='lat' dir='ltr'>auctoritas</span> <span class='ocrx_word' id='word_1_959' title='bbox 1831 804 2030 830; x_wconf 85' lang='lat' dir='ltr'>commendatur</span> <span class='ocrx_word' id='word_1_960' title='bbox 2045 805 2086 830; x_wconf 74' lang='lat' dir='ltr'>Vll</span> 
     </span>
     <span class='ocr_line' id='line_1_155' title="bbox 1447 842 2085 874; baseline 0.013 -7"><span class='ocrx_word' id='word_1_961' title='bbox 1447 842 1497 868; x_wconf 90' lang='grc'>142</span> <span class='ocrx_word' id='word_1_962' title='bbox 1517 843 1558 868; x_wconf 93' lang='grc'>30.</span> <span class='ocrx_word' id='word_1_963' title='bbox 1580 844 1631 869; x_wconf 89' lang='grc'>217</span> <span class='ocrx_word' id='word_1_964' title='bbox 1651 844 1666 870; x_wconf 88' lang='grc'>3</span> <span class='ocrx_word' id='word_1_965' title='bbox 1680 859 1713 863; x_wconf 90' lang='lat'>—</span> <span class='ocrx_word' id='word_1_966' title='bbox 1727 850 1787 871; x_wconf 87' lang='lat' dir='ltr'>sunt</span> <span class='ocrx_word' id='word_1_967' title='bbox 1806 846 1840 872; x_wconf 91' lang='lat' dir='ltr'>ab</span> <span class='ocrx_word' id='word_1_968' title='bbox 1859 848 1916 873; x_wconf 87' lang='lat' dir='ltr'>aliis</span> <span class='ocrx_word' id='word_1_969' title='bbox 1934 849 2020 874; x_wconf 86' lang='lat' dir='ltr'>selecti</span> <span class='ocrx_word' id='word_1_970' title='bbox 2035 850 2085 874; x_wconf 88' lang='grc'>226</span> 
     </span>
     <span class='ocr_line' id='line_1_156' title="bbox 1445 887 2084 920; baseline 0.011 -8"><span class='ocrx_word' id='word_1_971' title='bbox 1445 887 1478 912; x_wconf 90' lang='grc'>33</span> <span class='ocrx_word' id='word_1_972' title='bbox 1498 902 1533 905; x_wconf 93' lang='grc'><strong>-</strong></span> <span class='ocrx_word' id='word_1_973' title='bbox 1553 891 1626 914; x_wconf 88' lang='lat' dir='ltr'>erant</span> <span class='ocrx_word' id='word_1_974' title='bbox 1639 890 1786 920; x_wconf 87' lang='lat' dir='ltr'>specialiter</span> <span class='ocrx_word' id='word_1_975' title='bbox 1804 892 1878 917; x_wconf 78' lang='lat' dir='ltr'>electi</span> <span class='ocrx_word' id='word_1_976' title='bbox 1899 892 1931 918; x_wconf 80' lang='lat' dir='ltr'>vt</span> <span class='ocrx_word' id='word_1_977' title='bbox 1952 893 2002 918; x_wconf 86' lang='lat'>337</span> <span class='ocrx_word' id='word_1_978' title='bbox 2026 894 2084 919; x_wconf 86' lang='lat' dir='ltr'>lo7.</span> 
     </span>
     <span class='ocr_line' id='line_1_157' title="bbox 1445 932 2085 968; baseline 0.011 -12"><span class='ocrx_word' id='word_1_979' title='bbox 1445 932 1496 957; x_wconf 87' lang='grc'>513</span> <span class='ocrx_word' id='word_1_980' title='bbox 1517 932 1550 957; x_wconf 87' lang='grc'>46</span> <span class='ocrx_word' id='word_1_981' title='bbox 1563 946 1598 950; x_wconf 85' lang='grc'><strong>-</strong></span> <span class='ocrx_word' id='word_1_982' title='bbox 1611 937 1671 959; x_wconf 88' lang='lat' dir='ltr'>sunt</span> <span class='ocrx_word' id='word_1_983' title='bbox 1689 935 1762 960; x_wconf 87' lang='lat' dir='ltr'>electi</span> <span class='ocrx_word' id='word_1_984' title='bbox 1782 942 1795 960; x_wconf 90' lang='lat' dir='ltr'>a</span> <span class='ocrx_word' id='word_1_985' title='bbox 1821 936 1894 961; x_wconf 89' lang='lat' dir='ltr'>Patre</span> <span class='ocrx_word' id='word_1_986' title='bbox 1915 937 1965 962; x_wconf 88' lang='grc'>470</span> <span class='ocrx_word' id='word_1_987' title='bbox 1987 938 2028 968; x_wconf 86' lang='grc'>13,</span> <span class='ocrx_word' id='word_1_988' title='bbox 2046 939 2085 963; x_wconf 87' lang='grc'>16.</span> 
     </span>
     <span class='ocr_line' id='line_1_158' title="bbox 1446 975 2085 1014; baseline 0.013 -14"><span class='ocrx_word' id='word_1_989' title='bbox 1446 975 1492 1001; x_wconf 89' lang='grc'>471</span> <span class='ocrx_word' id='word_1_990' title='bbox 1518 976 1551 1001; x_wconf 93' lang='grc'><strong>17</strong></span> <span class='ocrx_word' id='word_1_991' title='bbox 1564 991 1598 995; x_wconf 88' lang='lat'><em>-</em></span> <span class='ocrx_word' id='word_1_992' title='bbox 1612 978 1686 1003; x_wconf 92' lang='lat' dir='ltr'>electi</span> <span class='ocrx_word' id='word_1_993' title='bbox 1706 982 1765 1004; x_wconf 91' lang='lat' dir='ltr'>sunt</span> <span class='ocrx_word' id='word_1_994' title='bbox 1785 980 1810 1004; x_wconf 93' lang='lat' dir='ltr'>in</span> <span class='ocrx_word' id='word_1_995' title='bbox 1831 981 1931 1012; x_wconf 77' lang='lat' dir='ltr'>gratiae</span> <span class='ocrx_word' id='word_1_996' title='bbox 1944 989 2085 1014; x_wconf 80' lang='lat' dir='ltr'>praeroga-</span> 
     </span>
     <span class='ocr_line' id='line_1_159' title="bbox 1445 1020 2086 1056; baseline 0.012 -12"><span class='ocrx_word' id='word_1_997' title='bbox 1445 1020 1525 1045; x_wconf 91' lang='lat' dir='ltr'>tivam</span> <span class='ocrx_word' id='word_1_998' title='bbox 1546 1021 1598 1046; x_wconf 85' lang='grc'>605</span> <span class='ocrx_word' id='word_1_999' title='bbox 1618 1028 1644 1047; x_wconf 88' lang='grc' dir='ltr'>ν.</span> <span class='ocrx_word' id='word_1_1000' title='bbox 1668 1022 1700 1047; x_wconf 88' lang='grc'>16</span> <span class='ocrx_word' id='word_1_1001' title='bbox 1719 1037 1754 1041; x_wconf 91' lang='grc'><strong>-</strong></span> <span class='ocrx_word' id='word_1_1002' title='bbox 1773 1024 1903 1056; x_wconf 84' lang='lat' dir='ltr'>eliguntur</span> <span class='ocrx_word' id='word_1_1003' title='bbox 1929 1026 2086 1052; x_wconf 86' lang='lat' dir='ltr'>insinuando</span> 
     </span>
     <span class='ocr_line' id='line_1_160' title="bbox 1446 1065 2084 1099; baseline 0.011 -10"><span class='ocrx_word' id='word_1_1004' title='bbox 1446 1065 1582 1096; x_wconf 90' lang='lat' dir='ltr'>meritum,</span> <span class='ocrx_word' id='word_1_1005' title='bbox 1606 1066 1667 1099; x_wconf 87' lang='lat' dir='ltr'>quia</span> <span class='ocrx_word' id='word_1_1006' title='bbox 1697 1067 1771 1099; x_wconf 80' lang='lat' dir='ltr'>digni</span> <span class='ocrx_word' id='word_1_1007' title='bbox 1799 1072 1872 1094; x_wconf 88' lang='lat' dir='ltr'>erant</span> <span class='ocrx_word' id='word_1_1008' title='bbox 1901 1070 2021 1095; x_wconf 84' lang='lat' dir='ltr'>honorari</span> <span class='ocrx_word' id='word_1_1009' title='bbox 2044 1071 2084 1096; x_wconf 75' lang='lat' dir='ltr'>vll</span> 
     </span>
     <span class='ocr_line' id='line_1_161' title="bbox 1447 1109 2086 1147; baseline 0.011 -13"><span class='ocrx_word' id='word_1_1010' title='bbox 1447 1109 1492 1134; x_wconf 89' lang='grc'>141</span> <span class='ocrx_word' id='word_1_1011' title='bbox 1517 1110 1551 1136; x_wconf 89' lang='grc'>29</span> <span class='ocrx_word' id='word_1_1012' title='bbox 1570 1124 1606 1128; x_wconf 84' lang='grc'><strong>-</strong></span> <span class='ocrx_word' id='word_1_1013' title='bbox 1624 1114 1686 1137; x_wconf 90' lang='lat' dir='ltr'>sunt</span> <span class='ocrx_word' id='word_1_1014' title='bbox 1702 1114 1825 1145; x_wconf 85' lang='lat' dir='ltr'>tanquam</span> <span class='ocrx_word' id='word_1_1015' title='bbox 1840 1114 1997 1146; x_wconf 82' lang='lat' dir='ltr'>principales</span> <span class='ocrx_word' id='word_1_1016' title='bbox 2011 1122 2086 1147; x_wconf 89' lang='lat' dir='ltr'>prae-</span> 
     </span>
     <span class='ocr_line' id='line_1_162' title="bbox 1446 1153 2085 1185; baseline 0.011 -7"><span class='ocrx_word' id='word_1_1017' title='bbox 1446 1153 1501 1185; x_wconf 88' lang='lat' dir='ltr'>lati,</span> <span class='ocrx_word' id='word_1_1018' title='bbox 1520 1154 1594 1180; x_wconf 89' lang='lat' dir='ltr'>electi</span> <span class='ocrx_word' id='word_1_1019' title='bbox 1613 1162 1644 1180; x_wconf 89' lang='lat' dir='ltr'>ex</span> <span class='ocrx_word' id='word_1_1020' title='bbox 1662 1156 1786 1182; x_wconf 89' lang='lat' dir='ltr'>omnibus</span> <span class='ocrx_word' id='word_1_1021' title='bbox 1805 1158 1861 1183; x_wconf 89' lang='lat' dir='ltr'>aliis</span> <span class='ocrx_word' id='word_1_1022' title='bbox 1880 1159 1931 1184; x_wconf 89' lang='grc'>217</span> <span class='ocrx_word' id='word_1_1023' title='bbox 1950 1160 1965 1184; x_wconf 90' lang='grc'>2</span> <span class='ocrx_word' id='word_1_1024' title='bbox 1985 1173 2019 1177; x_wconf 89' lang='lat'><em>—</em></span> <span class='ocrx_word' id='word_1_1025' title='bbox 2038 1159 2085 1185; x_wconf 86' lang='lat' dir='ltr'>Do·</span> 
     </span>
     <span class='ocr_line' id='line_1_163' title="bbox 1446 1198 2086 1234; baseline 0.009 -11"><span class='ocrx_word' id='word_1_1026' title='bbox 1446 1198 1534 1224; x_wconf 90' lang='lat' dir='ltr'>minus</span> <span class='ocrx_word' id='word_1_1027' title='bbox 1552 1198 1696 1231; x_wconf 87' lang='lat' dir='ltr'>discipulos</span> <span class='ocrx_word' id='word_1_1028' title='bbox 1718 1207 1781 1227; x_wconf 81' lang='lat' dir='ltr'>suos</span> <span class='ocrx_word' id='word_1_1029' title='bbox 1806 1203 1936 1234; x_wconf 88' lang='lat' dir='ltr'>praelatos</span> <span class='ocrx_word' id='word_1_1030' title='bbox 1954 1203 2086 1229; x_wconf 87' lang='lat' dir='ltr'>ordinavit</span> 
     </span>
     <span class='ocr_line' id='line_1_164' title="bbox 1446 1242 2085 1274; baseline 0.011 -7"><span class='ocrx_word' id='word_1_1031' title='bbox 1446 1243 1479 1268; x_wconf 92' lang='lat' dir='ltr'>Vl</span> <span class='ocrx_word' id='word_1_1032' title='bbox 1499 1242 1549 1268; x_wconf 90' lang='grc'>400</span> <span class='ocrx_word' id='word_1_1033' title='bbox 1564 1244 1597 1269; x_wconf 90' lang='grc'>30</span> <span class='ocrx_word' id='word_1_1034' title='bbox 1611 1258 1646 1263; x_wconf 90' lang='grc'><strong>-</strong></span> <span class='ocrx_word' id='word_1_1035' title='bbox 1658 1245 1731 1271; x_wconf 89' lang='lat' dir='ltr'>electi</span> <span class='ocrx_word' id='word_1_1036' title='bbox 1751 1249 1811 1272; x_wconf 90' lang='lat' dir='ltr'>sunt</span> <span class='ocrx_word' id='word_1_1037' title='bbox 1829 1247 1863 1272; x_wconf 92' lang='lat' dir='ltr'>de</span> <span class='ocrx_word' id='word_1_1038' title='bbox 1881 1254 1991 1273; x_wconf 90' lang='lat' dir='ltr'>numero</span> <span class='ocrx_word' id='word_1_1039' title='bbox 2011 1248 2085 1274; x_wconf 85' lang='lat' dir='ltr'>disci-</span> 
     </span>
     <span class='ocr_line' id='line_1_165' title="bbox 1445 1288 2085 1324; baseline 0.011 -12"><span class='ocrx_word' id='word_1_1040' title='bbox 1445 1288 1568 1320; x_wconf 86' lang='lat' dir='ltr'>pulorum</span> <span class='ocrx_word' id='word_1_1041' title='bbox 1593 1289 1704 1315; x_wconf 88' lang='lat' dir='ltr'>aliorum</span> <span class='ocrx_word' id='word_1_1042' title='bbox 1723 1290 1756 1315; x_wconf 89' lang='lat' dir='ltr'>ad</span> <span class='ocrx_word' id='word_1_1043' title='bbox 1776 1290 1929 1323; x_wconf 77' lang='lat' dir='ltr'>dignitatem</span> <span class='ocrx_word' id='word_1_1044' title='bbox 1953 1292 2085 1324; x_wconf 83' lang='lat' dir='ltr'>pontifica-</span> 
     </span>
     <span class='ocr_line' id='line_1_166' title="bbox 1444 1332 1665 1359; baseline 0.005 -1"><span class='ocrx_word' id='word_1_1045' title='bbox 1444 1332 1495 1358; x_wconf 91' lang='lat' dir='ltr'>lem</span> <span class='ocrx_word' id='word_1_1046' title='bbox 1516 1332 1558 1358; x_wconf 88' lang='lat' dir='ltr'>Vll</span> <span class='ocrx_word' id='word_1_1047' title='bbox 1578 1332 1625 1358; x_wconf 87' lang='grc'>541</span> <span class='ocrx_word' id='word_1_1048' title='bbox 1650 1333 1665 1359; x_wconf 89' lang='grc'>4</span> 
     </span>
    </p>

    <p class='ocr_par' dir='ltr' id='par_1_46' title="bbox 1443 1377 2087 1765">
     <span class='ocr_line' id='line_1_167' title="bbox 1498 1377 2086 1413; baseline 0.009 -11"><span class='ocrx_word' id='word_1_1049' title='bbox 1498 1391 1533 1395; x_wconf 90' lang='lat'><em>-</em></span> <span class='ocrx_word' id='word_1_1050' title='bbox 1552 1381 1612 1403; x_wconf 90' lang='lat' dir='ltr'>sunt</span> <span class='ocrx_word' id='word_1_1051' title='bbox 1630 1377 1752 1410; x_wconf 89' lang='lat' dir='ltr'>discipuli</span> <span class='ocrx_word' id='word_1_1052' title='bbox 1767 1379 1908 1412; x_wconf 68' lang='lat' dir='ltr'>speciales,</span> <span class='ocrx_word' id='word_1_1053' title='bbox 1927 1380 2025 1413; x_wconf 90' lang='lat' dir='ltr'>quibus</span> <span class='ocrx_word' id='word_1_1054' title='bbox 2043 1389 2086 1407; x_wconf 81' lang='lat' dir='ltr'>ex-</span> 
     </span>
     <span class='ocr_line' id='line_1_168' title="bbox 1445 1421 2084 1454; baseline 0.008 -8"><span class='ocrx_word' id='word_1_1055' title='bbox 1445 1421 1574 1453; x_wconf 86' lang='lat' dir='ltr'>plicantur</span> <span class='ocrx_word' id='word_1_1056' title='bbox 1592 1423 1715 1454; x_wconf 78' lang='lat' dir='ltr'>mysteria</span> <span class='ocrx_word' id='word_1_1057' title='bbox 1735 1423 1777 1449; x_wconf 91' lang='lat' dir='ltr'>Vll</span> <span class='ocrx_word' id='word_1_1058' title='bbox 1798 1424 1848 1449; x_wconf 90' lang='grc'>226</span> <span class='ocrx_word' id='word_1_1059' title='bbox 1869 1425 1902 1450; x_wconf 91' lang='grc'>33</span> <span class='ocrx_word' id='word_1_1060' title='bbox 1915 1439 1950 1443; x_wconf 89' lang='lat'><em>-</em></span> <span class='ocrx_word' id='word_1_1061' title='bbox 1964 1429 2024 1451; x_wconf 89' lang='lat' dir='ltr'>sunt</span> <span class='ocrx_word' id='word_1_1062' title='bbox 2041 1425 2084 1451; x_wconf 81' lang='lat' dir='ltr'>filii</span> 
     </span>
     <span class='ocr_line' id='line_1_169' title="bbox 1446 1465 2086 1502; baseline 0.006 -11"><span class='ocrx_word' id='word_1_1063' title='bbox 1446 1465 1604 1498; x_wconf 78' lang='lat' dir='ltr'>sapientiae,</span> <span class='ocrx_word' id='word_1_1064' title='bbox 1618 1473 1666 1498; x_wconf 91' lang='lat' dir='ltr'>per</span> <span class='ocrx_word' id='word_1_1065' title='bbox 1679 1466 1792 1493; x_wconf 86' lang='lat' dir='ltr'>verbum</span> <span class='ocrx_word' id='word_1_1066' title='bbox 1805 1467 1897 1494; x_wconf 85' lang='lat' dir='ltr'>Christi</span> <span class='ocrx_word' id='word_1_1067' title='bbox 1910 1469 1989 1500; x_wconf 82' lang='lat' dir='ltr'>geniti</span> <span class='ocrx_word' id='word_1_1068' title='bbox 2003 1473 2028 1495; x_wconf 89' lang='lat' dir='ltr'>et</span> <span class='ocrx_word' id='word_1_1069' title='bbox 2038 1477 2086 1502; x_wconf 88' lang='lat' dir='ltr'>per</span> 
     </span>
     <span class='ocr_line' id='line_1_170' title="bbox 1445 1510 2087 1542; baseline 0.006 -7"><span class='ocrx_word' id='word_1_1070' title='bbox 1445 1510 1571 1542; x_wconf 82' lang='lat' dir='ltr'>Spiritum</span> <span class='ocrx_word' id='word_1_1071' title='bbox 1584 1514 1704 1536; x_wconf 89' lang='lat' dir='ltr'>sanctum</span> <span class='ocrx_word' id='word_1_1072' title='bbox 1718 1511 1842 1537; x_wconf 85' lang='lat' dir='ltr'>vivificati</span> <span class='ocrx_word' id='word_1_1073' title='bbox 1857 1513 1906 1538; x_wconf 89' lang='grc'>182</span> <span class='ocrx_word' id='word_1_1074' title='bbox 1924 1513 1952 1538; x_wconf 89' lang='grc'>61</span> <span class='ocrx_word' id='word_1_1075' title='bbox 1968 1528 2002 1531; x_wconf 92' lang='grc'><strong>-</strong></span> <span class='ocrx_word' id='word_1_1076' title='bbox 2013 1518 2087 1539; x_wconf 90' lang='lat' dir='ltr'>erant</span> 
     </span>
     <span class='ocr_line' id='line_1_171' title="bbox 1443 1554 2086 1592; baseline 0.006 -13"><span class='ocrx_word' id='word_1_1077' title='bbox 1443 1554 1544 1580; x_wconf 87' lang='lat' dir='ltr'>nobiles</span> <span class='ocrx_word' id='word_1_1078' title='bbox 1563 1554 1657 1581; x_wconf 89' lang='lat' dir='ltr'>Christi</span> <span class='ocrx_word' id='word_1_1079' title='bbox 1677 1555 1788 1592; x_wconf 79' lang='lat' dir='ltr'>ministri</span> <span class='ocrx_word' id='word_1_1080' title='bbox 1808 1560 1833 1582; x_wconf 88' lang='lat' dir='ltr'>et</span> <span class='ocrx_word' id='word_1_1081' title='bbox 1852 1557 2047 1589; x_wconf 83' lang='lat' dir='ltr'>dispensatores</span> <span class='ocrx_word' id='word_1_1082' title='bbox 2061 1563 2086 1583; x_wconf 87' lang='lat' dir='ltr'>et</span> 
     </span>
     <span class='ocr_line' id='line_1_172' title="bbox 1444 1599 2086 1631; baseline 0.008 -8"><span class='ocrx_word' id='word_1_1083' title='bbox 1444 1599 1560 1631; x_wconf 89' lang='lat' dir='ltr'>prompti</span> <span class='ocrx_word' id='word_1_1084' title='bbox 1585 1599 1619 1625; x_wconf 92' lang='lat' dir='ltr'>ad</span> <span class='ocrx_word' id='word_1_1085' title='bbox 1647 1600 1818 1626; x_wconf 88' lang='lat' dir='ltr'>serviendum</span> <span class='ocrx_word' id='word_1_1086' title='bbox 1843 1602 1893 1626; x_wconf 90' lang='grc'>223</span> <span class='ocrx_word' id='word_1_1087' title='bbox 1920 1602 1952 1627; x_wconf 89' lang='grc'>26</span> <span class='ocrx_word' id='word_1_1088' title='bbox 1971 1616 2006 1620; x_wconf 85' lang='grc'><strong>-</strong></span> <span class='ocrx_word' id='word_1_1089' title='bbox 2026 1607 2086 1628; x_wconf 90' lang='lat' dir='ltr'>sunt</span> 
     </span>
     <span class='ocr_line' id='line_1_173' title="bbox 1444 1642 2085 1672; baseline 0.008 -5"><span class='ocrx_word' id='word_1_1090' title='bbox 1444 1642 1614 1668; x_wconf 86' lang='lat' dir='ltr'>fundamenta</span> <span class='ocrx_word' id='word_1_1091' title='bbox 1634 1644 1763 1670; x_wconf 85' lang='lat' dir='ltr'>Ecclesiae</span> <span class='ocrx_word' id='word_1_1092' title='bbox 1783 1644 1833 1670; x_wconf 84' lang='grc'>142</span> <span class='ocrx_word' id='word_1_1093' title='bbox 1853 1645 1887 1670; x_wconf 92' lang='grc'>30</span> <span class='ocrx_word' id='word_1_1094' title='bbox 1901 1660 1935 1663; x_wconf 93' lang='grc'>-</span> <span class='ocrx_word' id='word_1_1095' title='bbox 1955 1646 2045 1672; x_wconf 84' lang='lat' dir='ltr'>sedent</span> <span class='ocrx_word' id='word_1_1096' title='bbox 2058 1646 2085 1672; x_wconf 92' lang='lat' dir='ltr'>in</span> 
     </span>
     <span class='ocr_line' id='line_1_174' title="bbox 1443 1687 2086 1722; baseline 0.006 -10"><span class='ocrx_word' id='word_1_1097' title='bbox 1443 1687 1567 1713; x_wconf 87' lang='lat' dir='ltr'>cathedra</span> <span class='ocrx_word' id='word_1_1098' title='bbox 1587 1687 1719 1720; x_wconf 83' lang='lat' dir='ltr'>seniorum</span> <span class='ocrx_word' id='word_1_1099' title='bbox 1734 1688 1766 1714; x_wconf 94' lang='lat' dir='ltr'>Vl</span> <span class='ocrx_word' id='word_1_1100' title='bbox 1786 1688 1838 1714; x_wconf 90' lang='grc'>240</span> <span class='ocrx_word' id='word_1_1101' title='bbox 1852 1688 1868 1715; x_wconf 80' lang='grc'>4</span> <span class='ocrx_word' id='word_1_1102' title='bbox 1880 1703 1915 1709; x_wconf 90' lang='grc'>-</span> <span class='ocrx_word' id='word_1_1103' title='bbox 1928 1690 1955 1715; x_wconf 92' lang='lat' dir='ltr'>ln</span> <span class='ocrx_word' id='word_1_1104' title='bbox 1975 1691 2086 1722; x_wconf 81' lang='lat' dir='ltr'>Aposto-</span> 
     </span>
     <span class='ocr_line' id='line_1_175' title="bbox 1443 1731 2007 1765; baseline 0.005 -8"><span class='ocrx_word' id='word_1_1105' title='bbox 1443 1731 1474 1757; x_wconf 91' lang='lat' dir='ltr'>lis</span> <span class='ocrx_word' id='word_1_1106' title='bbox 1491 1734 1531 1757; x_wconf 88' lang='lat' dir='ltr'>est</span> <span class='ocrx_word' id='word_1_1107' title='bbox 1549 1733 1632 1757; x_wconf 91' lang='lat' dir='ltr'>forma</span> <span class='ocrx_word' id='word_1_1108' title='bbox 1651 1733 1837 1765; x_wconf 83' lang='lat' dir='ltr'>episcoporum</span> <span class='ocrx_word' id='word_1_1109' title='bbox 1857 1734 1900 1759; x_wconf 93' lang='lat' dir='ltr'>Vll</span> <span class='ocrx_word' id='word_1_1110' title='bbox 1921 1734 1972 1760; x_wconf 89' lang='grc'>252</span> <span class='ocrx_word' id='word_1_1111' title='bbox 1992 1735 2007 1760; x_wconf 87' lang='grc'>2</span> 
     </span>
    </p>

    <p class='ocr_par' dir='ltr' id='par_1_47' title="bbox 1443 1777 2086 1891">
     <span class='ocr_line' id='line_1_176' title="bbox 1497 1777 2086 1809; baseline 0.007 -8"><span class='ocrx_word' id='word_1_1112' title='bbox 1497 1791 1532 1794; x_wconf 91' lang='grc'>-</span> <span class='ocrx_word' id='word_1_1113' title='bbox 1551 1777 1748 1802; x_wconf 88' lang='lat' dir='ltr'>erant.Galilaei</span> <span class='ocrx_word' id='word_1_1114' title='bbox 1760 1780 1786 1803; x_wconf 87' lang='lat' dir='ltr'>et</span> <span class='ocrx_word' id='word_1_1115' title='bbox 1798 1777 1941 1809; x_wconf 85' lang='lat' dir='ltr'>piscatores</span> <span class='ocrx_word' id='word_1_1116' title='bbox 1953 1781 1978 1804; x_wconf 94' lang='lat' dir='ltr'>et</span> <span class='ocrx_word' id='word_1_1117' title='bbox 1996 1779 2086 1805; x_wconf 81' lang='lat' dir='ltr'>rustici</span> 
     </span>
     <span class='ocr_line' id='line_1_177' title="bbox 1443 1820 2085 1853; baseline 0.005 -7"><span class='ocrx_word' id='word_1_1118' title='bbox 1443 1820 1576 1853; x_wconf 84' lang='lat' dir='ltr'>simplices</span> <span class='ocrx_word' id='word_1_1119' title='bbox 1590 1821 1622 1846; x_wconf 89' lang='lat' dir='ltr'>Vl</span> <span class='ocrx_word' id='word_1_1120' title='bbox 1642 1821 1692 1846; x_wconf 90' lang='grc'>268</span> <span class='ocrx_word' id='word_1_1121' title='bbox 1715 1821 1759 1847; x_wconf 86' lang='grc'>101</span> <span class='ocrx_word' id='word_1_1122' title='bbox 1784 1836 1819 1840; x_wconf 93' lang='grc'>-</span> <span class='ocrx_word' id='word_1_1123' title='bbox 1838 1826 1911 1848; x_wconf 88' lang='lat' dir='ltr'>erant</span> <span class='ocrx_word' id='word_1_1124' title='bbox 1930 1829 1961 1849; x_wconf 79' lang='lat' dir='ltr'>ex</span> <span class='ocrx_word' id='word_1_1125' title='bbox 1973 1823 2085 1849; x_wconf 84' lang='lat' dir='ltr'>Galilaea</span> 
     </span>
     <span class='ocr_line' id='line_1_178' title="bbox 1444 1865 1612 1891; baseline 0.006 -1"><span class='ocrx_word' id='word_1_1126' title='bbox 1444 1865 1487 1891; x_wconf 94' lang='lat' dir='ltr'>Vll</span> <span class='ocrx_word' id='word_1_1127' title='bbox 1511 1866 1558 1891; x_wconf 87' lang='grc'>123</span> <span class='ocrx_word' id='word_1_1128' title='bbox 1580 1865 1612 1891; x_wconf 89' lang='grc'>42</span> 
     </span>
    </p>

    <p class='ocr_par' dir='ltr' id='par_1_48' title="bbox 1442 1909 2086 2243">
     <span class='ocr_line' id='line_1_179' title="bbox 1496 1909 2085 1938; baseline 0.005 -3"><span class='ocrx_word' id='word_1_1129' title='bbox 1496 1924 1531 1928; x_wconf 87' lang='grc'>-</span> <span class='ocrx_word' id='word_1_1130' title='bbox 1550 1912 1612 1935; x_wconf 88' lang='lat' dir='ltr'>sunt</span> <span class='ocrx_word' id='word_1_1131' title='bbox 1630 1910 1707 1936; x_wconf 91' lang='lat' dir='ltr'>amici</span> <span class='ocrx_word' id='word_1_1132' title='bbox 1731 1909 1826 1936; x_wconf 91' lang='lat' dir='ltr'>Christi</span> <span class='ocrx_word' id='word_1_1133' title='bbox 1847 1911 1889 1937; x_wconf 81' lang='lat' dir='ltr'>vll</span> <span class='ocrx_word' id='word_1_1134' title='bbox 1917 1912 1968 1937; x_wconf 86' lang='grc'>226</span> <span class='ocrx_word' id='word_1_1135' title='bbox 1998 1913 2030 1938; x_wconf 87' lang='grc'>33</span> <span class='ocrx_word' id='word_1_1136' title='bbox 2050 1927 2085 1931; x_wconf 95' lang='lat'>—</span> 
     </span>
     <span class='ocr_line' id='line_1_180' title="bbox 1443 1953 2083 1982; baseline 0.005 -3"><span class='ocrx_word' id='word_1_1137' title='bbox 1443 1956 1504 1979; x_wconf 90' lang='lat' dir='ltr'>sunt</span> <span class='ocrx_word' id='word_1_1138' title='bbox 1522 1954 1600 1979; x_wconf 92' lang='lat' dir='ltr'>amici</span> <span class='ocrx_word' id='word_1_1139' title='bbox 1613 1953 1708 1980; x_wconf 84' lang='lat' dir='ltr'>Christi</span> <span class='ocrx_word' id='word_1_1140' title='bbox 1727 1958 1846 1980; x_wconf 89' lang='lat' dir='ltr'>amantes</span> <span class='ocrx_word' id='word_1_1141' title='bbox 1859 1958 1883 1980; x_wconf 89' lang='lat' dir='ltr'>et</span> <span class='ocrx_word' id='word_1_1142' title='bbox 1903 1956 1982 1981; x_wconf 87' lang='lat' dir='ltr'>amati</span> <span class='ocrx_word' id='word_1_1143' title='bbox 2002 1956 2054 1982; x_wconf 87' lang='grc'>312</span> <span class='ocrx_word' id='word_1_1144' title='bbox 2069 1957 2083 1981; x_wconf 85' lang='lat'><em>8</em></span> 
     </span>
     <span class='ocr_line' id='line_1_181' title="bbox 1442 1997 2086 2031; baseline 0.005 -8"><span class='ocrx_word' id='word_1_1145' title='bbox 1442 2012 1478 2016; x_wconf 89' lang='lat'><strong>—</strong></span> <span class='ocrx_word' id='word_1_1146' title='bbox 1496 2000 1556 2023; x_wconf 90' lang='lat' dir='ltr'>suut</span> <span class='ocrx_word' id='word_1_1147' title='bbox 1574 1998 1665 2030; x_wconf 86' lang='lat' dir='ltr'>amici,</span> <span class='ocrx_word' id='word_1_1148' title='bbox 1685 1997 1783 2031; x_wconf 86' lang='lat' dir='ltr'>quibus</span> <span class='ocrx_word' id='word_1_1149' title='bbox 1796 1998 1914 2024; x_wconf 84' lang='lat' dir='ltr'>Christus</span> <span class='ocrx_word' id='word_1_1150' title='bbox 1926 2000 2025 2025; x_wconf 85' lang='lat' dir='ltr'>revelat</span> <span class='ocrx_word' id='word_1_1151' title='bbox 2044 2007 2086 2026; x_wconf 89' lang='lat' dir='ltr'>se-</span> 
     </span>
     <span class='ocr_line' id='line_1_182' title="bbox 1442 2041 2084 2070; baseline 0.006 -4"><span class='ocrx_word' id='word_1_1152' title='bbox 1442 2044 1512 2067; x_wconf 88' lang='lat' dir='ltr'>creta</span> <span class='ocrx_word' id='word_1_1153' title='bbox 1533 2042 1565 2067; x_wconf 93' lang='lat' dir='ltr'>Vl</span> <span class='ocrx_word' id='word_1_1154' title='bbox 1590 2041 1635 2066; x_wconf 90' lang='grc'>451</span> <span class='ocrx_word' id='word_1_1155' title='bbox 1666 2043 1708 2067; x_wconf 89' lang='grc'>22.</span> <span class='ocrx_word' id='word_1_1156' title='bbox 1735 2042 1777 2067; x_wconf 76' lang='lat' dir='ltr'>Vll</span> <span class='ocrx_word' id='word_1_1157' title='bbox 1798 2042 1849 2068; x_wconf 83' lang='grc'>214</span> <span class='ocrx_word' id='word_1_1158' title='bbox 1875 2043 1916 2068; x_wconf 88' lang='grc'><strong>90.</strong></span> <span class='ocrx_word' id='word_1_1159' title='bbox 1938 2043 1988 2069; x_wconf 89' lang='grc'>403</span> <span class='ocrx_word' id='word_1_1160' title='bbox 2015 2045 2030 2070; x_wconf 89' lang='grc'>2</span> <span class='ocrx_word' id='word_1_1161' title='bbox 2049 2059 2084 2063; x_wconf 87' lang='grc'><strong>-</strong></span> 
     </span>
     <span class='ocr_line' id='line_1_183' title="bbox 1442 2085 2084 2117; baseline 0.005 -7"><span class='ocrx_word' id='word_1_1162' title='bbox 1442 2087 1503 2110; x_wconf 88' lang='lat' dir='ltr'>sunt</span> <span class='ocrx_word' id='word_1_1163' title='bbox 1522 2085 1566 2110; x_wconf 85' lang='lat' dir='ltr'>fflii</span> <span class='ocrx_word' id='word_1_1164' title='bbox 1590 2085 1681 2117; x_wconf 84' lang='lat' dir='ltr'>sponsi</span> <span class='ocrx_word' id='word_1_1165' title='bbox 1706 2085 1749 2111; x_wconf 93' lang='lat' dir='ltr'>Vll</span> <span class='ocrx_word' id='word_1_1166' title='bbox 1774 2086 1824 2111; x_wconf 87' lang='grc'>133</span> <span class='ocrx_word' id='word_1_1167' title='bbox 1850 2087 1878 2111; x_wconf 89' lang='grc'>81</span> <span class='ocrx_word' id='word_1_1168' title='bbox 1903 2101 1937 2105; x_wconf 89' lang='lat'>——</span> <span class='ocrx_word' id='word_1_1169' title='bbox 1956 2091 2084 2113; x_wconf 76' lang='lat' dir='ltr'>vocantur</span> 
     </span>
     <span class='ocr_line' id='line_1_184' title="bbox 1443 2128 2084 2162; baseline 0.006 -9"><span class='ocrx_word' id='word_1_1170' title='bbox 1443 2129 1534 2154; x_wconf 87' lang='lat' dir='ltr'>fratres</span> <span class='ocrx_word' id='word_1_1171' title='bbox 1552 2128 1646 2154; x_wconf 89' lang='lat' dir='ltr'>Christi</span> <span class='ocrx_word' id='word_1_1172' title='bbox 1665 2129 1697 2154; x_wconf 91' lang='lat' dir='ltr'>Vl</span> <span class='ocrx_word' id='word_1_1173' title='bbox 1717 2129 1768 2155; x_wconf 88' lang='grc'>509</span> <span class='ocrx_word' id='word_1_1174' title='bbox 1789 2130 1822 2154; x_wconf 88' lang='grc'>26</span> <span class='ocrx_word' id='word_1_1175' title='bbox 1836 2144 1870 2148; x_wconf 89' lang='lat'>—</span> <span class='ocrx_word' id='word_1_1176' title='bbox 1888 2135 2084 2162; x_wconf 82' lang='lat' dir='ltr'>cognoscuntur</span> 
     </span>
     <span class='ocr_line' id='line_1_185' title="bbox 1442 2172 2082 2205; baseline 0.005 -7"><span class='ocrx_word' id='word_1_1177' title='bbox 1442 2179 1456 2197; x_wconf 91' lang='lat' dir='ltr'>a</span> <span class='ocrx_word' id='word_1_1178' title='bbox 1477 2172 1532 2198; x_wconf 90' lang='lat' dir='ltr'>Deo</span> <span class='ocrx_word' id='word_1_1179' title='bbox 1550 2173 1638 2198; x_wconf 88' lang='lat' dir='ltr'>dilecti</span> <span class='ocrx_word' id='word_1_1180' title='bbox 1658 2179 1705 2205; x_wconf 90' lang='lat' dir='ltr'>per</span> <span class='ocrx_word' id='word_1_1181' title='bbox 1724 2173 1849 2199; x_wconf 86' lang='lat' dir='ltr'>unitatem</span> <span class='ocrx_word' id='word_1_1182' title='bbox 1869 2178 1894 2200; x_wconf 89' lang='lat' dir='ltr'>et</span> <span class='ocrx_word' id='word_1_1183' title='bbox 1912 2175 2082 2201; x_wconf 83' lang='lat' dir='ltr'>concordiam</span> 
     </span>
     <span class='ocr_line' id='line_1_186' title="bbox 1445 2216 1548 2243; baseline 0 -1"><span class='ocrx_word' id='word_1_1184' title='bbox 1445 2216 1495 2243; x_wconf 89' lang='grc'>475</span> <span class='ocrx_word' id='word_1_1185' title='bbox 1515 2217 1548 2242; x_wconf 89' lang='grc'>39</span> 
     </span>
    </p>

    <p class='ocr_par' dir='ltr' id='par_1_49' title="bbox 1443 2260 2083 2421">
     <span class='ocr_line' id='line_1_187' title="bbox 1495 2260 2082 2295; baseline 0.005 -8"><span class='ocrx_word' id='word_1_1186' title='bbox 1495 2276 1530 2280; x_wconf 91' lang='grc'><strong>-</strong></span> <span class='ocrx_word' id='word_1_1187' title='bbox 1549 2260 1680 2287; x_wconf 70' lang='lat' dir='ltr'>duodecim</span> <span class='ocrx_word' id='word_1_1188' title='bbox 1696 2262 1829 2294; x_wconf 82' lang='lat' dir='ltr'>eliguntur</span> <span class='ocrx_word' id='word_1_1189' title='bbox 1842 2262 1875 2288; x_wconf 91' lang='lat' dir='ltr'>ad</span> <span class='ocrx_word' id='word_1_1190' title='bbox 1889 2263 2082 2295; x_wconf 81' lang='lat' dir='ltr'>designandam</span> 
     </span>
     <span class='ocr_line' id='line_1_188' title="bbox 1443 2305 2082 2338; baseline 0.003 -7"><span class='ocrx_word' id='word_1_1191' title='bbox 1443 2305 1621 2332; x_wconf 85' lang='lat' dir='ltr'>abundantem</span> <span class='ocrx_word' id='word_1_1192' title='bbox 1636 2307 1821 2338; x_wconf 87' lang='lat' dir='ltr'>perfectionem</span> <span class='ocrx_word' id='word_1_1193' title='bbox 1835 2307 1919 2332; x_wconf 88' lang='lat' dir='ltr'>meriti</span> <span class='ocrx_word' id='word_1_1194' title='bbox 1932 2307 1972 2333; x_wconf 78' lang='lat' dir='ltr'>Vll</span> <span class='ocrx_word' id='word_1_1195' title='bbox 1987 2307 2030 2333; x_wconf 82' lang='grc'>141</span> <span class='ocrx_word' id='word_1_1196' title='bbox 2049 2309 2082 2333; x_wconf 89' lang='grc'>29</span> 
     </span>
     <span class='ocr_line' id='line_1_189' title="bbox 1443 2351 2083 2383; baseline 0.003 -7"><span class='ocrx_word' id='word_1_1197' title='bbox 1443 2365 1478 2369; x_wconf 92' lang='grc'>-</span> <span class='ocrx_word' id='word_1_1198' title='bbox 1498 2352 1602 2376; x_wconf 89' lang='lat' dir='ltr'>fuerunt</span> <span class='ocrx_word' id='word_1_1199' title='bbox 1620 2351 1760 2377; x_wconf 89' lang='lat' dir='ltr'>duodecim</span> <span class='ocrx_word' id='word_1_1200' title='bbox 1781 2351 1962 2383; x_wconf 81' lang='lat' dir='ltr'>praedicantes</span> <span class='ocrx_word' id='word_1_1201' title='bbox 1986 2352 2083 2378; x_wconf 81' lang='lat' dir='ltr'>duode-</span> 
     </span>
     <span class='ocr_line' id='line_1_190' title="bbox 1443 2389 1834 2421; baseline -0.003 0"><span class='ocrx_word' id='word_1_1202' title='bbox 1443 2395 1494 2421; x_wconf 90' lang='lat' dir='ltr'>cim</span> <span class='ocrx_word' id='word_1_1203' title='bbox 1514 2394 1636 2421; x_wconf 86' lang='lat' dir='ltr'>tribubus</span> <span class='ocrx_word' id='word_1_1204' title='bbox 1654 2389 1730 2421; x_wconf 82' lang='lat' dir='ltr'>lsrael</span> <span class='ocrx_word' id='word_1_1205' title='bbox 1748 2395 1798 2421; x_wconf 87' lang='grc'>253</span> <span class='ocrx_word' id='word_1_1206' title='bbox 1819 2396 1834 2421; x_wconf 88' lang='grc'>2</span> 
     </span>
    </p>

    <p class='ocr_par' dir='ltr' id='par_1_50' title="bbox 1443 2440 2085 3046">
     <span class='ocr_line' id='line_1_191' title="bbox 1496 2440 2083 2472; baseline 0.003 -8"><span class='ocrx_word' id='word_1_1207' title='bbox 1496 2454 1531 2458; x_wconf 93' lang='grc'>--</span> <span class='ocrx_word' id='word_1_1208' title='bbox 1546 2440 1722 2471; x_wconf 82' lang='lat' dir='ltr'>intelliguntur</span> <span class='ocrx_word' id='word_1_1209' title='bbox 1734 2446 1782 2472; x_wconf 90' lang='lat' dir='ltr'>per</span> <span class='ocrx_word' id='word_1_1210' title='bbox 1794 2440 1910 2466; x_wconf 84' lang='lat' dir='ltr'>seniores</span> <span class='ocrx_word' id='word_1_1211' title='bbox 1928 2441 2083 2466; x_wconf 88' lang='lat' dir='ltr'>ludaeorum</span> 
     </span>
     <span class='ocr_line' id='line_1_192' title="bbox 1444 2484 2085 2517; baseline 0.003 -8"><span class='ocrx_word' id='word_1_1212' title='bbox 1444 2484 1486 2510; x_wconf 88' lang='lat' dir='ltr'>Vll</span> <span class='ocrx_word' id='word_1_1213' title='bbox 1508 2484 1559 2509; x_wconf 93' lang='grc'>469</span> <span class='ocrx_word' id='word_1_1214' title='bbox 1581 2484 1612 2509; x_wconf 92' lang='grc'>17</span> <span class='ocrx_word' id='word_1_1215' title='bbox 1632 2498 1666 2502; x_wconf 91' lang='grc'>-</span> <span class='ocrx_word' id='word_1_1216' title='bbox 1686 2484 1823 2516; x_wconf 80' lang='lat' dir='ltr'>significati</span> <span class='ocrx_word' id='word_1_1217' title='bbox 1842 2488 1901 2510; x_wconf 89' lang='lat' dir='ltr'>sunt</span> <span class='ocrx_word' id='word_1_1218' title='bbox 1921 2492 1968 2517; x_wconf 85' lang='lat' dir='ltr'>per</span> <span class='ocrx_word' id='word_1_1219' title='bbox 1987 2485 2085 2512; x_wconf 90' lang='lat' dir='ltr'>duode-</span> 
     </span>
     <span class='ocr_line' id='line_1_193' title="bbox 1443 2528 2083 2561; baseline 0.002 -7"><span class='ocrx_word' id='word_1_1220' title='bbox 1443 2528 1496 2554; x_wconf 92' lang='lat' dir='ltr'>cim</span> <span class='ocrx_word' id='word_1_1221' title='bbox 1510 2528 1622 2560; x_wconf 87' lang='lat' dir='ltr'>lapides,</span> <span class='ocrx_word' id='word_1_1222' title='bbox 1636 2535 1683 2560; x_wconf 88' lang='lat' dir='ltr'>per</span> <span class='ocrx_word' id='word_1_1223' title='bbox 1696 2528 1836 2554; x_wconf 89' lang='lat' dir='ltr'>duodecim</span> <span class='ocrx_word' id='word_1_1224' title='bbox 1848 2529 1945 2559; x_wconf 70' lang='lat' dir='ltr'>fontes,</span> <span class='ocrx_word' id='word_1_1225' title='bbox 1960 2537 2008 2561; x_wconf 83' lang='lat' dir='ltr'>per</span> <span class='ocrx_word' id='word_1_1226' title='bbox 2021 2530 2083 2555; x_wconf 90' lang='lat' dir='ltr'>duo-</span> 
     </span>
     <span class='ocr_line' id='line_1_194' title="bbox 1444 2571 2084 2605; baseline 0.002 -7"><span class='ocrx_word' id='word_1_1227' title='bbox 1444 2572 1529 2598; x_wconf 88' lang='lat' dir='ltr'>decim</span> <span class='ocrx_word' id='word_1_1228' title='bbox 1551 2571 1647 2603; x_wconf 89' lang='lat' dir='ltr'>boves,</span> <span class='ocrx_word' id='word_1_1229' title='bbox 1668 2579 1715 2604; x_wconf 89' lang='lat' dir='ltr'>per</span> <span class='ocrx_word' id='word_1_1230' title='bbox 1739 2572 1880 2598; x_wconf 84' lang='lat' dir='ltr'>duodecim</span> <span class='ocrx_word' id='word_1_1231' title='bbox 1905 2573 2005 2604; x_wconf 83' lang='lat' dir='ltr'>lapides</span> <span class='ocrx_word' id='word_1_1232' title='bbox 2024 2581 2084 2605; x_wconf 89' lang='lat' dir='ltr'>pre-</span> 
     </span>
     <span class='ocr_line' id='line_1_195' title="bbox 1444 2616 2083 2648; baseline 0 -6"><span class='ocrx_word' id='word_1_1233' title='bbox 1444 2617 1525 2643; x_wconf 88' lang='lat' dir='ltr'>tiosos</span> <span class='ocrx_word' id='word_1_1234' title='bbox 1543 2620 1569 2642; x_wconf 92' lang='lat' dir='ltr'>et</span> <span class='ocrx_word' id='word_1_1235' title='bbox 1587 2623 1635 2648; x_wconf 86' lang='lat' dir='ltr'>per</span> <span class='ocrx_word' id='word_1_1236' title='bbox 1655 2616 1795 2642; x_wconf 89' lang='lat' dir='ltr'>duodecim</span> <span class='ocrx_word' id='word_1_1237' title='bbox 1810 2617 1888 2642; x_wconf 85' lang='lat' dir='ltr'>horas</span> <span class='ocrx_word' id='word_1_1238' title='bbox 1907 2617 1958 2642; x_wconf 83' lang='lat' dir='ltr'>diei</span> <span class='ocrx_word' id='word_1_1239' title='bbox 1979 2617 2010 2642; x_wconf 76' lang='lat' dir='ltr'>Vl</span> <span class='ocrx_word' id='word_1_1240' title='bbox 2033 2617 2083 2643; x_wconf 84' lang='grc'>400</span> 
     </span>
     <span class='ocr_line' id='line_1_196' title="bbox 1446 2661 2084 2693; baseline 0 -6"><span class='ocrx_word' id='word_1_1241' title='bbox 1446 2661 1479 2687; x_wconf 90' lang='grc'>30</span> <span class='ocrx_word' id='word_1_1242' title='bbox 1503 2675 1538 2680; x_wconf 93' lang='lat'>--</span> <span class='ocrx_word' id='word_1_1243' title='bbox 1561 2661 1690 2693; x_wconf 78' lang='lat' dir='ltr'>designati</span> <span class='ocrx_word' id='word_1_1244' title='bbox 1717 2662 1821 2686; x_wconf 88' lang='lat' dir='ltr'>fuerunt</span> <span class='ocrx_word' id='word_1_1245' title='bbox 1845 2661 1871 2686; x_wconf 92' lang='lat' dir='ltr'>in</span> <span class='ocrx_word' id='word_1_1246' title='bbox 1901 2662 1981 2687; x_wconf 81' lang='lat' dir='ltr'>veteri</span> <span class='ocrx_word' id='word_1_1247' title='bbox 2010 2666 2084 2687; x_wconf 79' lang='lat' dir='ltr'>testa-</span> 
     </span>
     <span class='ocr_line' id='line_1_197' title="bbox 1444 2705 2083 2737; baseline -0.003 -5"><span class='ocrx_word' id='word_1_1248' title='bbox 1444 2708 1534 2732; x_wconf 86' lang='lat' dir='ltr'>mento</span> <span class='ocrx_word' id='word_1_1249' title='bbox 1552 2712 1600 2737; x_wconf 91' lang='lat' dir='ltr'>per</span> <span class='ocrx_word' id='word_1_1250' title='bbox 1618 2705 1757 2731; x_wconf 88' lang='lat' dir='ltr'>duodecim</span> <span class='ocrx_word' id='word_1_1251' title='bbox 1786 2705 1867 2730; x_wconf 85' lang='lat' dir='ltr'>fontes</span> <span class='ocrx_word' id='word_1_1252' title='bbox 1891 2711 2020 2737; x_wconf 81' lang='lat' dir='ltr'>aquarum</span> <span class='ocrx_word' id='word_1_1253' title='bbox 2042 2706 2083 2731; x_wconf 69' lang='lat' dir='ltr'>Vll</span> 
     </span>
     <span class='ocr_line' id='line_1_198' title="bbox 1445 2748 2083 2780; baseline -0.003 -4"><span class='ocrx_word' id='word_1_1254' title='bbox 1445 2750 1496 2776; x_wconf 78' lang='grc'>252</span> <span class='ocrx_word' id='word_1_1255' title='bbox 1522 2750 1538 2776; x_wconf 81' lang='grc'>2</span> <span class='ocrx_word' id='word_1_1256' title='bbox 1559 2763 1593 2768; x_wconf 87' lang='grc'><strong>-</strong></span> <span class='ocrx_word' id='word_1_1257' title='bbox 1616 2749 1787 2780; x_wconf 82' lang='lat' dir='ltr'>designantur</span> <span class='ocrx_word' id='word_1_1258' title='bbox 1813 2749 1836 2773; x_wconf 95' lang='lat' dir='ltr'>in</span> <span class='ocrx_word' id='word_1_1259' title='bbox 1859 2748 1999 2774; x_wconf 86' lang='lat' dir='ltr'>duodecim</span> <span class='ocrx_word' id='word_1_1260' title='bbox 2026 2750 2083 2775; x_wconf 74' lang='lat' dir='ltr'>filiis</span> 
     </span>
     <span class='ocr_line' id='line_1_199' title="bbox 1444 2791 2083 2825; baseline -0.002 -5"><span class='ocrx_word' id='word_1_1261' title='bbox 1444 2793 1534 2824; x_wconf 89' lang='lat' dir='ltr'>Iacob,</span> <span class='ocrx_word' id='word_1_1262' title='bbox 1546 2792 1678 2825; x_wconf 81' lang='lat' dir='ltr'>lapidibus</span> <span class='ocrx_word' id='word_1_1263' title='bbox 1691 2792 1790 2823; x_wconf 81' lang='lat' dir='ltr'>altaris,</span> <span class='ocrx_word' id='word_1_1264' title='bbox 1804 2791 1981 2824; x_wconf 85' lang='lat' dir='ltr'>principibus,</span> <span class='ocrx_word' id='word_1_1265' title='bbox 1995 2794 2083 2825; x_wconf 76' lang='lat' dir='ltr'>explo-</span> 
     </span>
     <span class='ocr_line' id='line_1_200' title="bbox 1444 2836 2082 2868; baseline -0.005 -4"><span class='ocrx_word' id='word_1_1266' title='bbox 1444 2836 1587 2867; x_wconf 82' lang='lat' dir='ltr'>ratoribus,</span> <span class='ocrx_word' id='word_1_1267' title='bbox 1607 2836 1733 2867; x_wconf 86' lang='lat' dir='ltr'>fontibus,</span> <span class='ocrx_word' id='word_1_1268' title='bbox 1751 2836 1882 2868; x_wconf 84' lang='lat' dir='ltr'>lapidibus</span> <span class='ocrx_word' id='word_1_1269' title='bbox 1895 2837 2023 2866; x_wconf 79' lang='lat' dir='ltr'>iordanis,</span> <span class='ocrx_word' id='word_1_1270' title='bbox 2039 2837 2082 2862; x_wconf 76' lang='lat' dir='ltr'>bo-</span> 
     </span>
     <span class='ocr_line' id='line_1_201' title="bbox 1445 2880 2085 2911; baseline -0.002 -4"><span class='ocrx_word' id='word_1_1271' title='bbox 1445 2881 1495 2907; x_wconf 90' lang='lat' dir='ltr'>bus</span> <span class='ocrx_word' id='word_1_1272' title='bbox 1507 2881 1587 2907; x_wconf 73' lang='lat' dir='ltr'>maris</span> <span class='ocrx_word' id='word_1_1273' title='bbox 1599 2881 1683 2911; x_wconf 86' lang='lat' dir='ltr'>aenei,</span> <span class='ocrx_word' id='word_1_1274' title='bbox 1696 2881 1767 2906; x_wconf 91' lang='lat' dir='ltr'>horis</span> <span class='ocrx_word' id='word_1_1275' title='bbox 1779 2881 1844 2911; x_wconf 78' lang='lat' dir='ltr'>dici,</span> <span class='ocrx_word' id='word_1_1276' title='bbox 1862 2880 2037 2906; x_wconf 81' lang='lat' dir='ltr'>fundamentis</span> <span class='ocrx_word' id='word_1_1277' title='bbox 2049 2882 2085 2907; x_wconf 76' lang='lat' dir='ltr'>ci-</span> 
     </span>
     <span class='ocr_line' id='line_1_202' title="bbox 1444 2925 2076 2958; baseline -0.002 -7"><span class='ocrx_word' id='word_1_1278' title='bbox 1444 2926 1542 2958; x_wconf 77' lang='lat' dir='ltr'>vitatis,</span> <span class='ocrx_word' id='word_1_1279' title='bbox 1555 2928 1663 2958; x_wconf 86' lang='lat' dir='ltr'>propter</span> <span class='ocrx_word' id='word_1_1280' title='bbox 1675 2925 1846 2957; x_wconf 84' lang='lat' dir='ltr'>multiplicem</span> <span class='ocrx_word' id='word_1_1281' title='bbox 1861 2925 2015 2957; x_wconf 75' lang='lat' dir='ltr'>dignitatem</span> <span class='ocrx_word' id='word_1_1282' title='bbox 2035 2926 2076 2950; x_wconf 73' lang='grc'>141</span> 
     </span>
     <span class='ocr_line' id='line_1_203' title="bbox 1444 2969 2083 3002; baseline 0 -7"><span class='ocrx_word' id='word_1_1283' title='bbox 1444 2970 1477 2995; x_wconf 89' lang='grc'>29</span> <span class='ocrx_word' id='word_1_1284' title='bbox 1490 2984 1525 2988; x_wconf 87' lang='lat'>—</span> <span class='ocrx_word' id='word_1_1285' title='bbox 1537 2969 1716 3002; x_wconf 81' lang='lat' dir='ltr'>significantur</span> <span class='ocrx_word' id='word_1_1286' title='bbox 1735 2976 1783 3002; x_wconf 89' lang='lat' dir='ltr'>per</span> <span class='ocrx_word' id='word_1_1287' title='bbox 1795 2969 1936 2995; x_wconf 83' lang='lat' dir='ltr'>duodecim</span> <span class='ocrx_word' id='word_1_1288' title='bbox 1955 2971 2083 3001; x_wconf 80' lang='lat' dir='ltr'>cophinos</span> 
     </span>
     <span class='ocr_line' id='line_1_204' title="bbox 1443 3013 1911 3046; baseline -0.004 -6"><span class='ocrx_word' id='word_1_1289' title='bbox 1443 3014 1556 3046; x_wconf 90' lang='lat' dir='ltr'>repletos</span> <span class='ocrx_word' id='word_1_1290' title='bbox 1574 3013 1692 3039; x_wconf 88' lang='lat' dir='ltr'>doctrina</span> <span class='ocrx_word' id='word_1_1291' title='bbox 1712 3014 1788 3046; x_wconf 81' lang='lat' dir='ltr'>Legis</span> <span class='ocrx_word' id='word_1_1292' title='bbox 1808 3014 1859 3039; x_wconf 85' lang='grc'>224</span> <span class='ocrx_word' id='word_1_1293' title='bbox 1880 3014 1911 3039; x_wconf 82' lang='grc'>27</span> 
     </span>
    </p>

    <p class='ocr_par' dir='ltr' id='par_1_51' title="bbox 1443 3058 2084 3401">
     <span class='ocr_line' id='line_1_205' title="bbox 1496 3058 2082 3084; baseline -0.003 0"><span class='ocrx_word' id='word_1_1294' title='bbox 1496 3073 1530 3077; x_wconf 91' lang='lat'>—-</span> <span class='ocrx_word' id='word_1_1295' title='bbox 1550 3059 1673 3084; x_wconf 83' lang='lat' dir='ltr'>nominati</span> <span class='ocrx_word' id='word_1_1296' title='bbox 1693 3062 1752 3084; x_wconf 87' lang='lat' dir='ltr'>sunt</span> <span class='ocrx_word' id='word_1_1297' title='bbox 1772 3058 1825 3084; x_wconf 89' lang='lat' dir='ltr'>bini</span> <span class='ocrx_word' id='word_1_1298' title='bbox 1845 3063 1869 3084; x_wconf 87' lang='lat' dir='ltr'>et</span> <span class='ocrx_word' id='word_1_1299' title='bbox 1893 3058 1946 3083; x_wconf 90' lang='lat' dir='ltr'>bini</span> <span class='ocrx_word' id='word_1_1300' title='bbox 1967 3063 1991 3083; x_wconf 89' lang='lat' dir='ltr'>et</span> <span class='ocrx_word' id='word_1_1301' title='bbox 2014 3065 2082 3083; x_wconf 62' lang='lat' dir='ltr'>asso</span> 
     </span>
     <span class='ocr_line' id='line_1_206' title="bbox 1444 3102 2082 3128; baseline -0.002 0"><span class='ocrx_word' id='word_1_1302' title='bbox 1444 3103 1502 3128; x_wconf 88' lang='lat' dir='ltr'>ciati</span> <span class='ocrx_word' id='word_1_1303' title='bbox 1523 3103 1565 3128; x_wconf 94' lang='lat' dir='ltr'>Vll</span> <span class='ocrx_word' id='word_1_1304' title='bbox 1590 3103 1637 3128; x_wconf 87' lang='grc'>142</span> <span class='ocrx_word' id='word_1_1305' title='bbox 1657 3103 1685 3128; x_wconf 92' lang='grc'>31</span> <span class='ocrx_word' id='word_1_1306' title='bbox 1711 3117 1744 3121; x_wconf 90' lang='grc'><strong>-</strong></span> <span class='ocrx_word' id='word_1_1307' title='bbox 1764 3109 1857 3128; x_wconf 86' lang='lat' dir='ltr'>omnes</span> <span class='ocrx_word' id='word_1_1308' title='bbox 1875 3106 1935 3127; x_wconf 90' lang='lat' dir='ltr'>sunt</span> <span class='ocrx_word' id='word_1_1309' title='bbox 1957 3102 2082 3127; x_wconf 87' lang='lat' dir='ltr'>nominati</span> 
     </span>
     <span class='ocr_line' id='line_1_207' title="bbox 1443 3146 2082 3180; baseline -0.003 -7"><span class='ocrx_word' id='word_1_1310' title='bbox 1443 3155 1491 3179; x_wconf 84' lang='lat' dir='ltr'>per</span> <span class='ocrx_word' id='word_1_1311' title='bbox 1504 3148 1608 3173; x_wconf 89' lang='lat' dir='ltr'>nomina</span> <span class='ocrx_word' id='word_1_1312' title='bbox 1623 3151 1647 3172; x_wconf 80' lang='lat' dir='ltr'>ct</span> <span class='ocrx_word' id='word_1_1313' title='bbox 1661 3147 1812 3180; x_wconf 75' lang='lat' dir='ltr'>aequivocis</span> <span class='ocrx_word' id='word_1_1314' title='bbox 1825 3146 1912 3172; x_wconf 86' lang='lat' dir='ltr'>addita</span> <span class='ocrx_word' id='word_1_1315' title='bbox 1925 3146 2082 3178; x_wconf 78' lang='lat' dir='ltr'>cognomina</span> 
     </span>
     <span class='ocr_line' id='line_1_208' title="bbox 1444 3189 2083 3222; baseline -0.005 -4"><span class='ocrx_word' id='word_1_1316' title='bbox 1444 3191 1476 3218; x_wconf 84' lang='lat' dir='ltr'>ib.</span> <span class='ocrx_word' id='word_1_1317' title='bbox 1491 3192 1523 3217; x_wconf 87' lang='grc'>32</span> <span class='ocrx_word' id='word_1_1318' title='bbox 1538 3206 1572 3210; x_wconf 89' lang='grc'><strong>-</strong></span> <span class='ocrx_word' id='word_1_1319' title='bbox 1586 3192 1634 3217; x_wconf 83' lang='lat' dir='ltr'>Sex</span> <span class='ocrx_word' id='word_1_1320' title='bbox 1648 3191 1854 3217; x_wconf 86' lang='lat' dir='ltr'>combinationes</span> <span class='ocrx_word' id='word_1_1321' title='bbox 1865 3189 2005 3216; x_wconf 86' lang='lat' dir='ltr'>duodecim</span> <span class='ocrx_word' id='word_1_1322' title='bbox 2017 3192 2083 3222; x_wconf 74' lang='lat' dir='ltr'>Apo-</span> 
     </span>
     <span class='ocr_line' id='line_1_209' title="bbox 1443 3233 2083 3268; baseline -0.003 -6"><span class='ocrx_word' id='word_1_1323' title='bbox 1443 3236 1569 3262; x_wconf 87' lang='lat' dir='ltr'>stolorum</span> <span class='ocrx_word' id='word_1_1324' title='bbox 1583 3236 1732 3268; x_wconf 80' lang='lat' dir='ltr'>signiflcant</span> <span class='ocrx_word' id='word_1_1325' title='bbox 1742 3242 1786 3261; x_wconf 79' lang='lat' dir='ltr'>sex</span> <span class='ocrx_word' id='word_1_1326' title='bbox 1797 3235 1895 3267; x_wconf 80' lang='lat' dir='ltr'>gradus</span> <span class='ocrx_word' id='word_1_1327' title='bbox 1909 3235 2035 3260; x_wconf 80' lang='lat' dir='ltr'>virtutum</span> <span class='ocrx_word' id='word_1_1328' title='bbox 2049 3233 2083 3260; x_wconf 87' lang='lat' dir='ltr'>ib.</span> 
     </span>
     <span class='ocr_line' id='line_1_210' title="bbox 1444 3279 2084 3311; baseline -0.003 -5"><span class='ocrx_word' id='word_1_1329' title='bbox 1444 3280 1477 3306; x_wconf 86' lang='grc'>34</span> <span class='ocrx_word' id='word_1_1330' title='bbox 1496 3295 1530 3299; x_wconf 93' lang='grc'>-</span> <span class='ocrx_word' id='word_1_1331' title='bbox 1550 3280 1658 3306; x_wconf 83' lang='lat' dir='ltr'>Nomina</span> <span class='ocrx_word' id='word_1_1332' title='bbox 1679 3280 1864 3311; x_wconf 82' lang='lat' dir='ltr'>Apostolorum</span> <span class='ocrx_word' id='word_1_1333' title='bbox 1891 3279 2022 3304; x_wconf 86' lang='lat' dir='ltr'>moraliter</span> <span class='ocrx_word' id='word_1_1334' title='bbox 2041 3279 2084 3304; x_wconf 84' lang='lat' dir='ltr'>de-</span> 
     </span>
     <span class='ocr_line' id='line_1_211' title="bbox 1444 3323 2082 3357; baseline -0.006 -6"><span class='ocrx_word' id='word_1_1335' title='bbox 1444 3325 1548 3357; x_wconf 75' lang='lat' dir='ltr'>signant</span> <span class='ocrx_word' id='word_1_1336' title='bbox 1573 3324 1757 3356; x_wconf 85' lang='lat' dir='ltr'>perfectionem</span> <span class='ocrx_word' id='word_1_1337' title='bbox 1786 3324 1866 3353; x_wconf 71' lang='lat' dir='ltr'>vitae,</span> <span class='ocrx_word' id='word_1_1338' title='bbox 1896 3323 2030 3349; x_wconf 88' lang='lat' dir='ltr'>doctrinae</span> <span class='ocrx_word' id='word_1_1339' title='bbox 2058 3327 2082 3348; x_wconf 89' lang='lat' dir='ltr'>et</span> 
     </span>
     <span class='ocr_line' id='line_1_212' title="bbox 1444 3368 2081 3401; baseline -0.006 -6"><span class='ocrx_word' id='word_1_1340' title='bbox 1444 3369 1555 3401; x_wconf 83' lang='lat' dir='ltr'>exempli</span> <span class='ocrx_word' id='word_1_1341' title='bbox 1582 3368 1632 3394; x_wconf 86' lang='grc'>143</span> <span class='ocrx_word' id='word_1_1342' title='bbox 1661 3369 1693 3394; x_wconf 89' lang='grc'>35</span> <span class='ocrx_word' id='word_1_1343' title='bbox 1713 3382 1747 3386; x_wconf 95' lang='grc'>-</span> <span class='ocrx_word' id='word_1_1344' title='bbox 1767 3368 1951 3400; x_wconf 76' lang='lat' dir='ltr'>Apostolorum</span> <span class='ocrx_word' id='word_1_1345' title='bbox 1978 3374 2081 3392; x_wconf 68' lang='lat' dir='ltr'>nomina</span> 
     </span>
    </p>
   </div>
  </div>
 </body>
</html>
