2476 3921
75 911 165 934 Divisio.

23 1126 52 1148 Ex
67 1124 166 1147 assertio-

29 1158 56 1175 ne
65 1152 158 1174 testium.

27 1871 170 1894 (lantrat-ictas

27 1898 169 1947 Bran-{ignien-

80 2138 170 2160 Solutio.

756 224 951 258 COMMENT.
978 225 1015 258 IN
1038 225 1279 259 EVANGELIUM
1302 226 1421 259 LUCAE
1445 227 1477 259 C.
1501 227 1604 259 xxiv.

183 317 346 350 Christum
369 315 544 352 secundum
568 323 715 354 carnem,
739 313 794 347 sed
818 322 903 347 nunc
926 313 989 346 iam
1013 323 1075 346 non
1092 323 1148 347 no—

183 370 287 404 vimus
303 382 334 410 »3
359 379 422 402 non
446 368 530 412 quod
555 377 682 402 carnem
706 367 823 401 Christi
847 376 910 400 non
935 367 1069 407 noverit,
1094 366 1148 400 sed

182 432 244 456 non
269 423 442 456 carnalem
464 421 619 466 affectum
642 421 692 454 vel
725 421 994 464 intelligentiam;
1019 424 1148 463 propter

183 476 268 519 quod
291 477 413 510 loannis
436 479 545 510 sexto:
567 488 583 505 (ι
600 475 737 518 Spiritus
752 477 815 514 est,
831 474 886 517 qui
904 474 1059 513 vivificat,
1076 483 1149 507 caro

183 539 246 563 non
265 524 398 573 ‘prodest
421 529 613 572 quidquam3
631 528 746 568 verba,
763 536 844 571 quae
861 536 919 570 ego
935 528 1061 561 locutus
1077 536 1148 561 sum

184 583 292 624 vobis,
316 583 449 626 spiritus
471 585 504 616 et
527 582 591 616 vita
614 585 689 615 sunt
705 595 736 614 n.

273 688 435 724 certitudo
458 686 660 723 revelationis
683 686 847 731 colligitur
870 696 906 722 ex
929 686 1058 722 duobus.

274 797 304 829 7.
329 796 431 839 (Vers.
456 796 512 837 4.).
539 796 579 827 Et
600 794 731 838 factum
755 798 817 834 cst,
842 795 932 828 dum·
948 798 1060 828 mente.
1079 795 1151 828 Post

183 850 373 892 descriptam
396 848 582 882 revelandae
606 848 850 882 resurrectionis
876 848 1071 882 occasionem
1096 848 1150 881 de-

185 903 295 937 scribit
318 903 370 936 hic
394 902 606 936 revelationis
629 902 862 935 certitudinem
876 903 900 942 1,
926 911 1008 945 quae
1031 902 1149 944 colligi-

185 961 239 991 tur
271 966 313 990 ex
347 956 490 996 duobus,
523 955 643 989 scilicet
678 965 720 989 ex
756 956 940 989 assertione
964 956 1095 989 testium
1118 958 1150 988 et

184 1009 453 1053 comprobatione
476 1009 751 1043 testimoniorum.

274 1063 378 1097 Primo
401 1063 499 1106 igitur
522 1066 678 1106 quantum
702 1063 741 1096 ad
777 1063 993 1096 assertionem
1017 1062 1149 1096 testium

183 1117 276 1152 dicit:
294 1118 336 1151 Et
349 1115 480 1160 factum
495 1120 561 1156 est,
578 1116 659 1149 dum
676 1120 779 1150 mente
795 1120 1025 1150 consternatae
1045 1120 1150 1149 essent

184 1171 224 1205 de
246 1171 329 1211 isto,
353 1180 441 1210 ecce,
473 1170 541 1203 duo
576 1169 646 1203 viri
678 1174 839 1203 steterunt
862 1170 961 1202 iuxta
976 1170 988 1189 2
1013 1169 1089 1202 illas
1113 1169 1148 1201 in

185 1229 269 1258 veste
292 1223 442 1268 fulqe'nti.
467 1223 520 1257 Isti
544 1224 611 1256 duo
633 1223 703 1256 viri
725 1223 857 1256 fuerunt
874 1223 977 1265 Angeli
996 1223 1028 1256 in
1045 1222 1149 1265 specie

186 1278 289 1318 virili,
314 1278 370 1321 qui
394 1280 485 1311 erant
509 1277 545 1310 in
578 1281 663 1310 veste
693 1276 837 1320 fulqenti
858 1276 896 1309 ad
920 1276 1149 1319 designandum

186 1331 354 1365 eandorem
379 1334 506 1364 nostrae
529 1330 754 1370 solemnitatis;
787 1330 871 1363 unde
894 1334 925 1366 et
950 1329 1148 1372 Apocalypsis

185 1384 361 1427 septimo³:
391 1396 407 1413 α
424 1384 457 1416 ln
481 1387 652 1425 conspectu
676 1383 771 1426 Agni,
795 1383 900 1416 amicti
933 1383 1021 1416 stolis
1052 1382 1147 1421 albis,

187 1442 219 1472 et
242 1439 364 1481 palmae
387 1437 420 1470 in
443 1437 591 1470 manibus
614 1445 726 1469 eorum
743 1449 774 1468 n.
800 1436 964 1478 Signanter
980 1439 1086 1468 autem
1103 1435 1150 1467 di-

187 1493 230 1525 cit
253 1492 290 1525 in
312 1495 397 1524 veste
419 1490 581 1533 fulyenti,
605 1490 637 1522 in
661 1499 725 1532 qua
748 1499 811 1522 non
836 1489 938 1522 solum
962 1492 1030 1522 erat
1054 1489 1148 1522 vehe-

189 1545 306 1578 mentia
329 1544 491 1583 candoris‚
515 1552 628 1576 verum
654 1543 748 1575 etiam
783 1542 971 1575 excellentia
995 1541 1090 1580 lucis,
1113 1544 1150 1573 ut

186 1598 405 1632 demulcerent
429 1597 497 1639 pios
519 1599 551 1629 et
575 1599 733 1629 terrerent
756 1595 886 1637 impios;
903 1594 987 1628 unde
1004 1594 1149 1627 Matthaei

187 1652 301 1685 ultimo
317 1654 353 1684 ⁴:
390 1664 407 1680 α
423 1650 559 1693 Angelus
593 1649 717 1682 Domini
749 1648 909 1682 descendit
944 1648 982 1681 de
1017 1648 1103 1681 caelo
1119 1660 1149 1679 ».

192 1718 209 1735 «ι
225 1705 299 1738 Erat
322 1708 428 1738 autem
460 1707 607 1747 aspectus
638 1703 707 1736 eius
731 1703 813 1736 sicut
844 1702 969 1744 fulgur,
1001 1705 1033 1735 et
1056 1701 1150 1734 vestia

187 1761 331 1793 mentum
355 1758 424 1792 eius
447 1758 530 1791 sicut
553 1757 611 1790 nix
627 1770 658 1789 ι).

277 1813 308 1845 8.
334 1811 393 1846 Sed
417 1815 493 1845 tunc
516 1811 642 1845 videtur
666 1809 872 1844 contrarietas
888 1809 970 1842 inter
988 1808 1149 1851 Evangeli-

189 1869 262 1899 stas.
286 1866 362 1899 Nam
380 1866 479 1898 Lucas
502 1864 587 1904 dicit,
604 1863 689 1907 quod
712 1863 843 1896 fuerunt
866 1862 953 1901 ctum·
977 1862 1152 1894 Matthaeus

188 1922 313 1959 autem,
338 1918 423 1962 quod
447 1928 547 1951 unus.
565 1936 608 1942 —
625 1918 717 1955 item,
742 1916 942 1949 Matthaeus⁵
959 1915 1044 1955 dicit,
1068 1915 1152 1957 quod

189 1972 320 2006 sedebat
341 1982 444 2014 super
475 1971 619 2014 lapidem
647 1970 853 2008 revolutum,-
880 1970 1004 2003 Marcus
1027 1972 1151 2008 autem,

190 2026 276 2069 quod
292 2025 423 2059 sedebat
437 2025 473 2058 in
496 2025 634 2058 dextris.
653 2041 695 2048 -—
712 2024 804 2063 Item,
822 2024 951 2056 loannes
966 2022 1051 2061 dicit,
1069 2021 1154 2064 quod

190 2089 282 2112 unu-s
297 2078 427 2112 sedebat
443 2078 490 2111 ad
505 2081 622 2120 eaput,
640 2080 671 2110 et
687 2077 771 2110 alter
788 2077 834 2109 ad
847 2076 964 2119 pedes;
981 2076 1080 2108 Lucas
1101 2084 1154 2107 au-

191 2136 254 2167 tem
278 2133 367 2172 dicit,
384 2132 469 2175 quod
492 2134 652 2164 steterunt
675 2130 774 2163 iuxta
797 2129 883 2162 ilias.
901 2147 945 2153 —
961 2128 1020 2161 Sed
1041 2127 1154 2161 intelli-

193 2186 348 2230 gendum,
372 2185 458 2229 quod
482 2184 656 2218 secundum
688 2182 910 2225 expositores⁶
943 2190 1033 2214 unus
1064 2180 1153 2223 prius

192 2240 340 2283 apparuit
363 2243 395 2273 et
419 2242 489 2282 post
505 2238 602 2277 alter;
620 2240 651 2270 et
666 2236 770 2279 primo
785 2235 914 2278 quidem
930 2237 1020 2267 erant
1043 2233 1155 2266 seden-

193 2297 258 2333 tes,
283 2292 482 2336 postmodum
507 2295 612 2324 autem
644 2292 868 2323 sur-rexerunt
890 2292 921 2321 et
945 2296 1017 2320 cum
1042 2286 1154 2319 mulie-

193 2347 283 2381 ribus
306 2347 402 2380 locuti
427 2349 519 2385 sunt,
544 2349 576 2379 et
599 2345 643 2378 sie
675 2344 706 2377 in
741 2342 874 2376 diversis
897 2340 1155 2383 dispositionibus

192 2401 233 2434 ab
256 2401 460 2443 Evangelistis
494 2399 729 2433 describuntur.
765 2396 881 2429 Omnes
913 2398 1016 2428 tamen
1040 2394 1072 2426 in
1096 2394 1156 2426 hoc

194 2454 402 2494 concordant,
427 2453 513 2497 quod
536 2455 627 2487 erant
650 2451 809 2485 terribiles
832 2453 863 2483 et
887 2448 1098 2482 testificantes.

269 2736 278 2751 ²
298 2737 348 2763 Ctr.
368 2743 447 2769 supra
467 2743 492 2762 n.
515 2737 538 2762 ’1.

269 2780 279 2796 ⁹
299 2782 332 2807 lta
352 2780 464 2807 ACDll
487 2787 548 2805 cum
568 2780 645 2806 Card.
664 2781 732 2812 Hug.
753 2783 779 2805 et
797 2780 825 2805 B.
846 2779 966 2810 Alberto,
995 2778 1107 2810 Vulgata
1135 2781 1160 2803 et

198 2826 258 2852 Vat.
276 2832 360 2852 secus.
381 2839 415 2843 —
434 2824 553 2850 Subinde
572 2827 632 2856 post
651 2823 699 2850 Isti
717 2823 771 2850 duo
789 2823 844 2850 viri
856 2825 914 2850 Vat.
929 2823 1099 2857 prosequitur
1112 2823 1160 2849 ste·

197 2871 290 2898 terunt
307 2869 387 2896 inccta
406 2868 469 2896 illas
488 2868 516 2895 in
535 2870 605 2895 veste
623 2867 741 2903 fulqenti
758 2871 808 2894 etc.

270 2912 281 2927 ⁸
301 2914 376 2939 Vers.
393 2914 419 2938 9.
440 2926 474 2931 --
494 2913 617 2945 (aegon,
632 2913 658 2938 11.
672 2912 766 2937 llomil.
780 2912 805 2937 in
819 2913 919 2944 Evang.
933 2912 1023 2938 homil.
1037 2912 1078 2937 2⁴.
1092 2918 1118 2937 n.
1132 2912 1160 2936 2:

199 2958 303 2985 Candor
322 2958 417 2985 etenim
433 2958 514 2984 vestis
527 2957 695 2989 splendorem
715 2960 821 2982 nostrae
835 2956 969 2982 denuntiat
982 2956 1160 2982 solemnitatis.

271 3003 282 3017 ⁴
303 3003 376 3029 Vers.
403 3003 429 3028 2.
451 3005 476 3028 et
495 3002 520 3027 3.
539 3002 663 3034 (ἶνες-5οη,
682 3001 732 3026 loc.
751 3000 794 3026 cit.
813 3007 838 3025 n.
858 3001 891 3026 3⁰:
912 3000 978 3032 Quia
997 3007 1062 3025 vero
1081 2999 1162 3025 omni·

200 3051 294 3080 potens
312 3048 382 3074 Deus
399 3050 425 3073 et
444 3045 566 3073 terribilis
585 3044 769 3078 peccatoribus
787 3047 812 3070 et
826 3043 937 3070 blandus
956 3047 997 3070 est
1015 3044 1102 3074 iustis,
1124 3050 1162 3068 re-

201 3095 242 3117 cte
261 3092 333 3118 testis
351 3091 548 3118 resurrectionis
566 3091 623 3116 eius
643 3090 756 3122 Angelus
775 3091 801 3114 et
819 3089 844 3114 in
865 3089 967 3120 fulgore
985 3088 1074 3113 vultus
1093 3091 1118 3113 ct
1136 3088 1162 3113 in

201 3136 318 3162 candore
336 3135 441 3162 habitus
459 3136 669 3167 demonstratur,
689 3138 717 3161 ut
736 3134 770 3160 de
788 3134 845 3166 ipsa
864 3140 911 3159 sua
932 3132 1020 3164 specie
1039 3135 1064 3157 et
1083 3135 1163 3157 terre-

202 3183 242 3206 ret
260 3180 389 3212 reprobos
407 3183 433 3206 et
452 3181 578 3206 mulceret
596 3180 663 3212 pios.

275 3223 285 3238 ⁶
304 3224 367 3256 Cap.
387 3225 436 3256 28,
455 3225 489 3257 23
509 3225 586 3250 Marc.
607 3225 655 3255 16,
674 3224 699 3250 5.
719 3227 745 3249 et
763 3224 833 3249 ioan.
852 3222 901 3253 20,
922 3221 964 3247 Η.

275 3267 286 3283 ³
304 3268 356 3295 Ct'r.
376 3269 501 3300 August,
521 3269 559 3295 111.
577 3269 611 3295 de
629 3268 763 3295 Consensu
787 3266 944 3299 Evangelist.
964 3272 986 3291 c.
1006 3264 1049 3290 24.
1068 3271 1095 3289 n.
1115 3263 1162 3295 69,

204 3313 280 3340 cuius
298 3312 380 3339 verba
400 3313 474 3338 affert
491 3314 518 3339 S.
538 3313 651 3344 Bonav.,
670 3312 818 3339 Comment.
836 3311 864 3337 in
884 3311 951 3336 toan.
971 3316 993 3335 c.
1014 3309 1057 3334 20.
1075 3315 1102 3333 n.
1115 3308 1162 3339 32;

206 3358 288 3389 Beda,
310 3357 350 3383 tv.
370 3357 397 3383 in
418 3358 494 3383 Marc.
516 3357 563 3388 16,
584 3357 617 3390 5;
637 3358 756 3383 Paschas.
776 3355 915 3386 Radbert„
936 3354 961 3379 in
981 3353 1068 3379 Matth.
1082 3352 1124 3383 28,
1138 3352 1164 3377 2.

206 3416 239 3421 —
258 3402 307 3427 Pro
326 3408 399 3428 unus
415 3400 496 3435 prius
515 3400 598 3427 ACD
616 3408 689 3427 unus
704 3399 830 3435 primus,
850 3400 871 3425 H
891 3405 963 3425 unus
980 3396 1080 3432 primo.

1187 388 1189 391 -
1213 367 1362 400 timerent
1385 372 1496 401 autem
1527 373 1556 401 et
1586 369 1791 402 declinarent
1812 369 1939 402 vultum
1965 369 2000 402 in
2025 374 2171 408 terram,

2109 229 2172 261 589

1303 316 1332 347 9.
1358 316 1458 356 (Vers.
1493 317 1522 348 5.
1549 317 1603 358 6.).
1641 317 1676 349 Et
1712 316 1780 349 ideo
1804 317 1903 350 Lucas
1938 316 2062 350 subdit:
2090 317 2173 350 Cum
2193 325 2328 378 Ἢὲίιιῗιῶι

2214 381 2304 400 §tanm-

1212 429 1288 462 prae
1313 421 1425 454 timore
1448 422 1566 455 scilicet
1589 425 1620 455 et
1644 422 1838 461 reverentia,
1863 423 1945 455 sieut
1961 423 2087 462 Daniel,
2113 423 2171 455 Da-

1211 474 1302 507 nielis
1325 474 1486 507 decim0⁷:
1517 475 1625 508 «Cum
1651 476 1836 518 loqueretur
1862 476 1956 515 mihi,
1981 476 2076 509 deieci
2102 476 2173 508 vul—

1212 530 1281 560 tum
1305 537 1411 561 meum
1435 528 1473 561 ad
1498 532 1615 562 terram
1639 533 1670 562 et
1695 530 1776 562 tacui
1792 542 1821 569 »;
1846 534 1877 562 et
1901 530 1978 562 tales
2003 534 2076 562 sunt
2107 529 2172 562 ido-

1212 581 1262 613 nei
1287 581 1325 613 ad
1350 581 1513 615 veritatem
1538 582 1733 615 audiendam.
1759 601 1802 605 ——
1827 583 1912 615 Unde
1941 582 2040 615 addit:
2076 583 2172 615 Dioee-

1212 637 1294 665 runt
1317 634 1363 666 ad
1386 634 1480 666 illas:
1507 635 1595 675 Quid
1618 634 1781 678 quaeritis
1796 635 1954 667 viventem
1979 644 2056 667 cum
2084 644 2172 667 mor-

1213 686 1304 719 tuis?
1329 686 1403 719 Non
1437 691 1483 720 est
1506 687 1577 727 liic,
1600 689 1657 720 scd
1690 688 1887 726 surrexit⁸;
1919 688 1950 720 in
1983 698 2047 730 quo
2079 688 2173 721 simul

1212 744 1352 782 arguunt
1377 741 1626 774 incredulitatem
1651 745 1681 774 et
1706 746 1888 774 asseverant
1913 742 2086 774 veritatem.
2113 742 2173 774 Hoc
2194 751 2324 773 Notandum.

1213 794 1345 827 verbum
1371 794 1430 827 suit
1454 795 1568 827 summi
1592 795 1714 837 gaudii3
1740 798 1770 827 et
1794 795 1838 828 sic
1863 798 1930 827 erat
1966 795 2171 834 conveniens,

1213 852 1264 887 ut,
1289 848 1554 890 quemadmodum
1579 849 1714 890 Angelus
1739 849 1939 881 nuntiaverat
1963 858 2034 881 eum
2060 848 2174 891 gaudio

1213 901 1327 935 Christi
1353 902 1565 941 nativitatem,
1590 911 1688 944 supra
1711 902 1891 935 secundo&
1915 915 1930 931 α
1948 903 2104 935 Annuntio
2120 911 2174 935 vo-

1213 955 1261 988 bis
1282 955 1432 997 gaudium
1457 964 1649 998 magnum»;
1675 956 1718 989 sic
1742 956 1835 989 etiam
1860 956 1964 998 Angeli
1991 965 2075 988 nunc
2092 965 2173 988 nun-

1212 1009 1326 1042 tiarent
1351 1017 1423 1042 cum
1447 1009 1561 1051 gaudio
1577 1010 1852 1042 resurrectionem.
1879 1010 1914 1041 Et
1938 1009 2102 1051 impletum
2126 1012 2174 1041 est

1212 1062 1290 1095 illud
1315 1061 1425 1095 Psalmi
1441 1062 1483 1094 ¹⁰:
1513 1075 1527 1090 «
1546 1062 1608 1105 Ego
1632 1062 1765 1095 dormivi
1791 1066 1821 1095 et
1846 1066 2012 1104 soporatus
2029 1071 2117 1100 sum,
2143 1066 2174 1094 et

1212 1116 1385 1149 exsurrexi
1408 1119 1439 1149 et
1461 1116 1565 1149 adhuc
1590 1119 1695 1148 tecum
1719 1125 1835 1155 sum»;
1853 1117 2033 1149 etiterum:
2064 1116 2173 1157 «Quo-

1211 1169 1295 1202 niam
1320 1178 1382 1202 non
1414 1169 1614 1212 derelinques
1646 1169 1781 1202 animam
1813 1178 1914 1202 meam
1947 1170 1977 1202 in
2003 1169 2171 1202 inferno».

1212 1222 1282 1255 ldeo
1305 1223 1438 1255 Actuum
1463 1222 1618 1255 secundo:
1648 1235 1663 1251 α
1681 1223 1769 1255 Hunc
1801 1222 1884 1255 Deus
1916 1222 2093 1260 suscitavit,
2125 1230 2174 1254 so—

1212 1276 1287 1308 lutis
1310 1275 1472 1308 doloribus
1496 1275 1627 1314 inferni3
1653 1275 1744 1308 iuxta
1768 1275 1852 1317 quod
1874 1275 2064 1317 impossibile
2088 1278 2172 1313 erat,

1212 1327 1312 1360 teneri
1336 1328 1425 1360 illum
1449 1328 1488 1360 ab
1512 1336 1557 1361 eo.
1583 1328 1680 1361 David
1712 1328 1794 1361 enim
1826 1328 1901 1361 dicit
1932 1328 1963 1360 in
1987 1336 2076 1360 eum:
2102 1327 2174 1360 Pro-

1212 1380 1355 1413 videbam
1380 1381 1548 1413 Dominum
1574 1385 1645 1420 etc,
1670 1390 1771 1423 usque
1796 1381 1855 1414 ibi:
1881 1381 1946 1413 Non
1981 1381 2069 1413 dabis
2105 1389 2175 1413 san-

1213 1437 1298 1466 ctum
1313 1437 1403 1466 tuum
1418 1434 1524 1467 videre
1537 1434 1781 1476 corruptionem.
1796 1435 1888 1467 Notas
1905 1434 1981 1466 mihi
1998 1434 2095 1467 fecisti
2111 1434 2175 1466 vias

1214 1487 1323 1520 vitae»
1352 1491 1410 1520 etc.

1306 1541 1355 1572 10.
1382 1540 1483 1578 (Vers.
1510 1540 1539 1571 6.
1565 1541 1619 1579 7.).
1646 1539 1788 1572 Secundo
1812 1544 1966 1581 quantum
1992 1540 2029 1571 ad
2054 1539 2174 1581 proba·
2189 1548 2331 1578 ειροωρω-

1214 1595 1333 1626 tioncm
1365 1593 1629 1625 testimoniorum
1665 1596 1832 1625 certorum
1861 1592 1984 1625 subdit:
2010 1575 2338 1625 Recorda-sffiffissrss.

1213 1647 1317 1685 mini,
1342 1646 1486 1690 qualiter
1510 1646 1638 1678 locutus
1673 1650 1719 1678 est
1753 1645 1859 1685 vobis,
1885 1656 1960 1678 cum
1997 1644 2108 1678 adhuc
2140 1646 2175 1678 in

1219 1700 1372 1733 Galilaea
1388 1704 1486 1739 esset,
1511 1700 1641 1732 dicens:
1669 1699 1797 1740 Quia11
1822 1704 1945 1742 oportet
1970 1699 2095 1731 Filium
2120 1697 2175 1731 Ιιο-

1214 1754 1316 1787 minis
1349 1753 1442 1786 tradi
1476 1753 1512 1785 in
1546 1763 1670 1785 manus
1702 1751 1874 1785 leontinum
1905 1757 2120 1795 peccatorum
2148 1756 2176 1784 ct

1216 1806 1372 1849 crucisiyi
1402 1811 1430 1838 et
1453 1806 1505 1839 die
1529 1806 1627 1838 tertia
1651 1815 1834 1848 resuryere.
1860 1806 1935 1838 Nam
1958 1805 2103 1838 Matthaei
2132 1805 2177 1837 vi·
2201 1814 2321 1849 pta—efflato

1216 1860 1334 1903 gesimo
1347 1860 1393 1891 ¹²:
1423 1872 1438 1887 «
1454 1859 1547 1898 Ecce,
1564 1858 1762 1891 ascendimus
1780 1858 1996 1899 lerosolymam
2008 1883 2015 1896 ‚
2033 1862 2063 1890 et
2083 1858 2177 1890 Filius
2192 1843 2332 1898 ῗέζέἕῖἓὲῗιέἷ

1217 1914 1353 1947 hominis
1376 1913 1519 1946 tradetur
1544 1912 1739 1954 principibus
1763 1911 1961 1944 sacerdotum
1987 1915 2018 1944 et
2046 1911 2175 1949 scribis,
2242 1900 2282 1915 ¹¹¹³*

1216 1971 1248 2000 et
1271 1966 1525 1999 condemnabunt
1549 1974 1621 1998 eum
1646 1968 1747 1997 morte
1771 1968 1803 1997 et
1834 1964 1958 1997 tradent
1981 1973 2054 1996 eum
2078 1964 2177 2005 genti-

1217 2021 1278 2054 bus
1302 2020 1341 2053 ad
1365 2018 1559 2052 illudendum
1584 2022 1614 2051 et
1631 2018 1851 2060 flagellandum
1869 2021 1900 2050 et
1916 2016 2176 2059 crucifigendum,

1217 2078 1249 2108 et
1273 2073 1366 2107 tertia
1395 2073 1446 2106 die
1481 2075 1626 2114 resurget
1648 2085 1677 2103 ».
1711 2071 1858 2104 Similiter
1883 2070 1976 2102 Marci
2009 2069 2175 2102 octav0¹⁸z

1224 2140 1239 2156 «ι
1256 2127 1387 2169 Oportet
1410 2126 1521 2158 Filium
1546 2125 1680 2158 hominis
1704 2125 1802 2157 multa
1826 2124 1889 2165 pati
1914 2126 1944 2156 et
1973 2123 2135 2164 reprobari
2160 2132 2177 2155 a

1219 2180 1351 2214 summis
1375 2179 1590 2213 sacerdotibus
1614 2182 1645 2211 et
1668 2178 1785 2217 occidi,
1809 2181 1840 2210 et
1864 2180 1934 2219 post
1959 2180 2022 2209 tres
2045 2177 2111 2209 dies
2129 2186 2179 2209 re-

1219 2242 1350 2275 surgere
1366 2246 1397 2265 ».
1423 2233 1571 2265 Similiter
1595 2241 1692 2274 supra
1714 2231 1833 2264 decimo
1851 2234 1976 2263 octavo:
2000 2243 2015 2258 «
2029 2230 2180 2263 Consum-

1218 2286 1392 2319 mabuntur
1415 2285 1536 2324 omnia,
1561 2294 1642 2327 quae
1667 2285 1783 2327 scripta
1814 2287 1888 2317 sunt
1920 2292 1975 2325 per
2008 2283 2178 2325 Prophetas

1219 2339 1257 2372 de
1281 2338 1355 2371 Filio
1379 2338 1523 2370 hominis.
1549 2337 1704 2370 Tradetur
1729 2338 1811 2370 enim
1840 2337 1985 2379 gentibus
2002 2350 2016 2365 »
2046 2340 2120 2374 etc.;
2146 2339 2177 2368 et

1220 2395 1290 2434 post
1314 2391 1437 2424 subdit:
1467 2403 1482 2418 α
1501 2390 1536 2422 Et
1560 2390 1652 2423 tertia
1674 2390 1724 2423 die
1749 2394 1938 2432 resurget».
1971 2390 2048 2422 Haec
2073 2393 2178 2421 autem

1220 2445 1265 2479 eis
1288 2444 1490 2487 praedixerat
1511 2443 1549 2475 ad
1574 2443 1666 2476 fidem
1699 2443 1918 2481 astruendam
1944 2442 2027 2475 unde
2059 2442 2181 2474 Ioannis

1295 2730 1305 2745 ⁷
1326 2731 1401 2756 Vers,
1425 2730 1462 2755 15.
1482 2742 1517 2747 -
1536 2727 1586 2753 Csr.
1606 2726 1689 2758 Beda,
1710 2726 1751 2751 vt.
1772 2725 1797 2750 in
1818 2725 1880 2750 Luc.
1901 2724 1947 2754 ΞΗ,
1968 2724 1999 2754 5,
2019 2723 2064 2749 ubi
2086 2727 2182 2749 monet.

1224 2782 1273 2801 nos
1291 2774 1411 2805 exemplo
1431 2774 1523 2798 harum
1545 2771 1698 2796 seminarum
1718 2769 1815 2795 debere
1836 2768 1937 2800 ingredi
1957 2768 2094 2793 ecclesiam
2122 2774 2182 2793 cum

1224 2820 1295 2845 omni
1316 2818 1461 2844 humilitate
1480 2820 1505 2842 et
1525 2816 1626 2841 timore.

1297 2861 1307 2876 ⁸
1327 2862 1411 2888 Codd.
1430 2861 1448 2887 C
1461 2862 1480 2886 D
1499 2867 1559 2886 cuni
1580 2859 1648 2884 Beda
1668 2856 1831 2884 resurrexit.

1296 2906 1307 2921 ⁹
1328 2908 1401 2932 Yers.
1423 2906 1465 2930 iO.
1484 2918 1518 2923 —
1537 2903 1620 2929 Codd.
1640 2902 1721 2928 ACD
1741 2902 1829 2933 legunt
1848 2901 1878 2926 ut
1898 2899 2029 2933 Anyelus,
2053 2898 2100 2932 qui
2119 2906 2185 2924 nuu-

1225 2952 1365 2978 tiavetwtt...
1384 2949 1422 2975 sic
1441 2947 1468 2974 ct
1483 2946 1555 2981 qnod
1573 2945 1670 2979 Anyeli
1697 2951 1769 2970 nunc
1787 2948 1850 2974 etc.;
1871 2944 1909 2968 li:
1931 2945 1961 2968 ut
1978 2942 2097 2975 Anyelus
2118 2948 2184 2967 nun-

1225 2996 1304 3023 tiaret
1323 2993 1454 3028 gaudium
1473 2989 1694 3019 resurrectionis,
1715 2988 1762 3022 qui
1779 2986 1952 3013 artnnnti'urit
1971 2986 2102 3019 caudium
2118 2986 2184 3012 nati-

1225 3039 1324 3067 vitatis.
1344 3039 1413 3064 idem
1434 3037 1548 3062 insinuat
1566 3034 1652 3066 Cyrill.
1674 3032 1822 3063 Alexandr„
1843 3032 1867 3056 in
1888 3032 1948 3056 Luc.
1970 3031 2018 3061 24,
2039 3030 2062 3055 i.

1298 3083 1320 3098 ¹⁰
1340 3083 1432 3110 Psalm.
1452 3082 1482 3111 3,
1503 3081 1533 3111 6,
1554 3079 1598 3105 ubi
1612 3077 1694 3104 verbo
1708 3075 1858 3104 exsurrexi
1875 3075 1955 3101 CDG
1976 3075 2123 3107 praefigunt
2142 3073 2185 3100 itc-

1226 3136 1299 3156 rum.
1319 3141 1353 3147 —
1373 3125 1491 3151 Subinde
1518 3125 1662 3155 allegantur
1681 3122 1721 3147 t‘s.
1743 3121 1789 3151 ¹5,
1813 3122 1852 3146 to.
1871 3124 1896 3145 et.
1915 3121 1970 3145 Act.
1990 3119 2017 3146 ΕΞ,
2039 3118 2133 3148 25--23,
2159 3118 2184 3142 in

1227 3172 1324 3206 quibus
1343 3170 1457 3197 occurrit
1475 3169 1515 3194 Ps.
1540 3168 1582 3198 15,
1603 3167 1673 3191 s-tt.
1694 3166 1753 3191 Post
1772 3165 1850 3191 Hunc-
1870 3164 1939 3190 Deus
1959 3162 2010 3189 CD
2029 3162 2119 3193 tegunt
2141 3168 2184 3187 su-

1227 3215 1333 3243 scitabit
1350 3214 1428 3241 tertia
1447 3213 1502 3245 die,
1522 3211 1616 3239 solutis
1635 3214 1683 3236 etc.

1300 3259 1320 3274 ¹¹
1341 3259 1423 3285 Codd.
1444 3257 1524 3283 ACD
1546 3255 1631 3288 Quod,
1648 3258 1672 3281 et
1692 3253 1804 3280 subinde
1824 3253 1841 3279 C
1854 3254 1874 3278 D
1894 3252 2016 3278 omittunt
2035 3250 2184 3277 hominum.

1300 3303 1415 3329 ¹⁹.Vers.
1441 3303 1478 3327 18.
1498 3305 1523 3327 et
1543 3302 1584 3326 19.

1302 3347 1324 3362 ¹³
1344 3348 1418 3373 Vers.
1439 3347 1481 3372 31.
1500 3359 1534 3365 ——
1553 3346 1703 3378 Sequuntur
1730 3344 1791 3369 Luc.
1822 3342 1866 3372 48,
1897 3341 1939 3367 31.
1958 3348 2014 3373 seq.
2034 3344 2059 3366 et
2079 3340 2130 3365 33:
2151 3339 2183 3365 Et

1229 3391 1308 3419 tertia
1327 3391 1368 3418 die
1386 3391 1510 3424 resurqet
1530 3389 1559 3423 (C
1572 3390 1592 3414 D
1603 3389 1623 3414 G
1643 3388 1678 3414 Et
1692 3389 1755 3422 post
1773 3389 1827 3413 tres
1847 3385 1902 3413 dies
1922 3386 2069 3419 resumet).
