2427 3872
257 275 321 307 856

550 316 605 341 vir

259 362 302 394 48,
323 362 364 388 49.
393 362 443 387 328
464 361 505 386 61,
526 361 571 386 391
598 360 631 385 39
651 373 683 377 ——
704 359 791 383 Vitam
816 360 898 382 aeter-

260 413 320 432 nam
345 408 477 431 merentur
496 407 631 430 servantes
650 403 772 428 mandata
794 401 844 426 423
865 401 898 425 69

262 465 295 469 -
314 452 416 475 30101113
436 448 542 474 dabitur
561 447 678 479 parvulis
702 447 728 471 in
754 445 900 471 humilitate

261 498 286 520 et
305 494 399 520 sanctis
418 494 443 518 in
462 492 574 525 puritate
595 492 636 516 Vll
663 491 713 516 460
734 491 766 515 33
785 504 821 508 -
840 489 898 515 Vita

261 541 365 564 aeterna
384 537 450 562 vivit
474 537 580 568 sapiens
608 535 640 560 Vl
670 535 703 560 26
723 542 748 567 q.
771 535 786 559 2
805 549 840 552 -
860 540 899 558 ae-

261 586 330 608 terni
354 586 392 607 est
411 581 556 613 praemium
586 580 747 612 promissum
772 578 899 610 sequenti-

262 626 313 653 bus
331 627 461 653 Christum
483 625 534 650 585
555 625 586 649 10

314 685 350 690 -
368 670 427 696 10511
447 672 580 695 transeunt
599 675 613 693 a
633 668 685 693 vita
710 667 840 699 praesenti
865 666 898 692 ad

262 718 393 741 aeternam
407 706 445 738 'Vl
466 714 493 739 31
506 714 511 737 l
537 713 569 738 48
585 726 617 731 —
630 715 734 738 aeterna
748 714 786 737 est
799 713 898 736 tantum

264 759 394 784 bonorum
421 758 529 783 finaliter
548 759 573 782 et
591 756 792 786 salvandorum,
812 758 838 780 et
857 754 900 779 bo-

264 810 328 828 num
348 801 536 827 interminabile
556 804 581 826 et
600 799 729 826 infallibile
742 799 784 825 Vll
800 799 850 824 263
865 798 899 823 34

265 861 299 866 -
319 847 355 872 Ι)0
375 847 416 871 via
438 846 517 871 eundi
545 846 578 871 ad
607 845 687 870 vitam
716 843 899 877 quaerendum

265 894 304 917 est
322 890 451 921 studiose,
469 897 526 919 11011
542 889 644 915 0011050
664 889 715 914 266
736 887 769 913 44

318 949 353 954 -
383 938 485 960 3010103
514 934 591 959 datur
619 934 643 958 in
675 932 818 958 novissimo
844 932 900 963 die,

265 980 395 1005 destructa
415 981 498 1004 morte
523 978 555 1003 Vl
579 978 629 1003 328
651 977 679 1002 61
704 991 738 995 --
758 976 902 1008 corporalis

266 1026 369 1049 aeterna
380 1023 457 1048 datur
467 1025 585 1054 tempore
595 1020 791 1047 resurrectionis
805 1020 855 1045 333
868 1020 901 1045 84

318 1068 388 1092 Viris
406 1080 441 1085 —
461 1073 522 1091 vera
542 1069 596 1096 est,
610 1072 679 1098 quae
693 1065 786 1090 vinum
806 1064 901 1096 produ-

265 1112 299 1137 cit
318 1112 349 1137 Vl
370 1111 420 1136 448
442 1111 473 1135 43
492 1124 529 1129 —
546 1111 579 1135 Ex
594 1110 646 1135 vite
660 1109 688 1135 111
700 1109 790 1135 vinum
804 1109 902 1140 optime

266 1159 358 1188 potans
379 1155 428 1180 449
450 1154 481 1179 14

320 1213 353 1217 ——
372 1206 434 1224 vera
454 1201 493 1224 est
511 1198 628 1223 Christus
656 1197 689 1222 Vl
717 1197 767 1223 448
789 1197 832 1222 43.
851 1197 901 1222 449

267 1243 299 1269 14
321 1258 353 1262 —
372 1243 489 1269 Christus
508 1246 536 1268 ut
554 1242 614 1268 vitis
633 1242 718 1267 influit
737 1241 762 1267 in
783 1242 903 1274 palmites

266 1290 403 1314 humorem
425 1287 524 1319 gratiae
543 1286 594 1312 449
616 1286 649 1311 15
663 1293 719 1318 arg.
735 1287 744 1311 4
763 1300 797 1304 —
810 1289 836 1311 et
849 1287 903 1318 pal-

267 1332 343 1358 mites
370 1335 430 1357 sunt
456 1331 574 1357 eiusdem
603 1335 711 1356 naturae
739 1329 772 1357 ib.
793 1337 848 1362 arg.
868 1345 903 1348 —

266 1376 383 1402 Christus
403 1376 449 1401 fuit
468 1376 527 1401 vitis
540 1376 565 1400 in
578 1382 657 1400 cruce
670 1375 715 1400 491
735 1375 768 1400 52
783 1389 817 1393 -
830 1374 903 1400 Chri-

266 1424 321 1446 stus
340 1421 387 1446 suit
407 1420 466 1445 vitis
486 1420 511 1445 in
532 1423 624 1445 trunco
643 1418 859 1451 contemptibilis,
879 1419 902 1444 in

266 1464 416 1497 palmitibus
436 1465 582 1497 multIplex,
602 1464 627 1489 in
647 1465 731 1490 fructu
752 1464 835 1489 dulcis
848 1464 904 1490 slve

266 1509 355 1535 suavis
374 1509 426 1534 604
446 1516 470 1534 v.
493 1510 502 1533 4

318 1567 353 1572 —
372 1556 411 1579 est
429 1553 540 1578 Ecclesia
561 1553 592 1578 Vl
613 1553 664 1578 604
686 1553 695 1578 1

321 1598 413 1623 Vrnuu
431 1611 466 1615 ——
485 1600 524 1622 est
544 1597 656 1628 privatio
684 1596 747 1622 boni
771 1597 803 1622 Vl
824 1597 857 1622 80
877 1604 902 1630 q.

267 1655 300 1659 —
320 1648 398 1666 omne
416 1644 455 1666 est
474 1644 561 1667 contra
590 1644 708 1666 naturam
737 1641 768 1666 49
789 1648 816 1674 q.
835 1642 850 1666 2
869 1654 903 1660 —-

267 1686 292 1711 ln
313 1685 381 1711 vitiis
400 1688 439 1710 est
457 1685 582 1711 connexio
601 1686 635 1710 80
654 1693 680 1718 q.
700 1699 735 1704 -
754 1686 841 1718 aliqua
855 1685 902 1711 sibi

267 1733 328 1754 sunt
356 1729 484 1754 contraria
512 1728 573 1755 ibid.
592 1742 628 1747 ——
646 1736 698 1754 non
723 1732 783 1755 sunt
802 1737 816 1755 a
837 1730 904 1761 Deo,

268 1773 315 1799 sed
335 1772 460 1805 aequisita
480 1779 560 1804 opere
578 1775 667 1798 nostro
687 1772 750 1799 ibid.
769 1787 804 1792 —
822 1774 905 1799 evelli-

268 1819 309 1842 tur
328 1817 354 1842 in
374 1816 510 1848 baptizatis
528 1817 557 1841 31
582 1824 608 1842 v.
623 1817 637 1841 8
651 1830 686 1835 —
700 1817 829 1842 Vitiorum
848 1824 905 1849 pro-

268 1861 336 1886 nitas
364 1861 388 1886 in
417 1861 538 1886 velamen
566 1861 738 1886 excusationis
763 1861 905 1886 assumitur

267 1905 310 1931 Vll
330 1905 376 1930 371
410 1905 443 1930 40
464 1919 497 1923 --
516 1905 645 1930 Vitiorum
674 1911 767 1930 servus
795 1905 905 1930 efficitur

266 1950 311 1983 qui
332 1950 387 1975 vult
405 1956 462 1975 esse
481 1949 604 1975 dominus
623 1949 761 1974 hominum
782 1948 815 1975 ib.
836 1948 864 1974 44

319 2007 354 2013 —-
375 1994 490 2020 vitiosus
500 1993 578 2019 habet
591 1993 707 2026 aliquod,
720 1993 794 2026 quod
807 1993 904 2019 iustum

266 2039 359 2065 excitet
377 2038 409 2064 ad
429 2037 528 2064 bonum
558 2038 600 2064 Vll
630 2038 681 2064 407
711 2038 743 2063 12
763 2053 799 2056 -
817 2038 904 2064 omnia

266 2083 380 2115 effigiem
400 2083 515 2115 aliquam
535 2081 632 2108 habent
648 2083 752 2108 virtutis
765 2086 790 2108 et
802 2083 906 2115 pietatis

266 2126 328 2153 ibid.
342 2141 377 2146 —
390 2127 477 2159 palliat
490 2134 518 2153 se
531 2127 581 2152 sub
595 2127 672 2159 pallio
688 2127 792 2153 virtutis
805 2127 851 2152 374
871 2127 899 2152 41

320 2185 353 2190 —-
372 2171 491 2203 capitalia
511 2171 656 2203 figurantur
675 2172 701 2197 in
721 2175 821 2203 septem
842 2172 905 2197 viris

266 2215 322 2241 sine
341 2215 399 2241 filiis
428 2216 470 2241 Vll
500 2215 552 2241 514
573 2216 604 2241 38
626 2229 659 2234 —
679 2216 796 2248 capitalia
820 2223 905 2250 corre-

265 2260 396 2291 spondent
423 2259 457 2285 ad
484 2262 585 2291 septem
615 2260 788 2292 proprietates
809 2260 903 2292 hydro-

266 2304 330 2335 pisis
349 2304 395 2329 361
420 2304 448 2329 11

319 2363 354 2366 -
373 2349 504 2374 0000111110
519 2355 571 2373 000
584 2351 623 2373 051
643 2348 749 2374 faciliter
769 2348 904 2381 publican-

267 2392 331 2418 dum
354 2393 393 2418 Vll
414 2392 464 2418 549
485 2393 518 2417 33
538 2405 573 2411 -
591 2399 643 2418 000
667 2396 802 2424 reputatur
821 2392 905 2425 publi-

266 2443 342 2468 cum,
362 2437 435 2469 quod
454 2444 484 2462 ex
504 2437 611 2461 caritate
630 2436 663 2462 ad
683 2437 811 2462 cautelam
831 2444 904 2469 prae-

267 2481 317 2506 lato
337 2481 467 2512 detegitur
481 2484 588 2512 propter
602 2481 748 2512 periculum
764 2481 903 2507 vitandum

268 2523 330 2550 ibid.
350 2538 382 2543 —-
403 2525 567 2550 manifestum
598 2525 624 2550 in
653 2526 790 2551 manifesto
818 2526 905 2551 redar-

269 2569 404 2600 guendum
425 2569 476 2595 518
496 2569 529 2594 53

322 2613 402 2639 VnTA
423 2628 457 2631 —
476 2613 523 2638 l‘er
543 2613 650 2644 vittam,
669 2620 737 2646 quae
756 2613 905 2645 ponebatur

268 2657 295 2682 in
315 2657 400 2689 capite
419 2657 574 2688 sacerdotis,
594 2657 832 2689 intelligitur.ordo
858 2664 904 2689 po-

269 2701 362 2726 tentiae
381 2704 405 2726 et
424 2701 590 2732 praelationis
610 2702 641 2726 Vl
662 2701 695 2726 96
715 2708 741 2726 v.
759 2700 775 2725 7

322 2746 471 2771 Virunum
491 2759 525 2764 —
553 2748 591 2771 est
619 2746 705 2776 planta
731 2746 904 2778 infructuosa,

270 2796 338 2821 quae
357 2789 471 2814 nascitur
489 2789 557 2814 iuxta
578 2792 701 2815 truncum
720 2790 780 2815 vitis
800 2791 831 2815 Vl
854 2791 903 2816 133

268 2840 293 2858 v.
315 2833 329 2858 3
349 2847 383 2851 —
403 2833 547 2858 secundum
568 2834 697 2866 quosdam
723 2834 816 2860 dicitur
835 2842 849 2860 a
869 2835 905 2860 vi-

270 2877 336 2908 tulo,
355 2877 415 2909 quia
437 2877 491 2902 talis
512 2878 596 2909 planta
616 2878 730 2904 nascitur
748 2879 774 2904 in
789 2882 856 2904 terra
869 2880 904 2905 vi-

271 2921 329 2946 tulis
347 2921 403 2946 sive
423 2920 508 2947 bobus
528 2926 597 2947 arata
617 2921 678 2948 ibid.

323 2965 430 2990 viratus
448 2980 481 2983 —
495 2966 629 2997 saginatus
641 2967 760 2998 designat
773 2966 904 2993 Christum

269 3008 312 3034 Vll
333 3008 382 3034 397
404 3008 435 3034 40
460 3008 521 3035 Vide
540 3016 564 3035 v.
586 3008 708 3036 Christus
729 3008 772 3037 45⁴.

324 3052 434 3079 Vocmo
455 3068 487 3071 —
508 3054 577 3079 Deus
596 3055 715 3080 vocando
734 3062 764 3080 ex
784 3055 839 3080 aliis
863 3055 904 3080 eli-

269 3096 306 3127 git
333 3097 538 3128 praedestinatos
557 3097 589 3123 Vl
610 3097 660 3123 453
681 3098 714 3123 30
733 3112 768 3116 -
787 3098 904 3124 Christus

269 3143 344 3165 vocat
375 3141 581 3171 praedestinatos
610 3142 722 3168 exterius
750 3143 904 3168 attrahendo

269 3183 312 3209 Vll
332 3184 382 3209 343
403 3184 435 3209 27
462 3198 497 3203 -
525 3185 572 3211 Ρο1
600 3187 770 3218 temporalem
791 3187 904 3212 voeatlo-

269 3234 328 3253 nem
349 3232 455 3254 vocatos
474 3229 547 3254 Pater
560 3230 604 3255 dat
616 3230 679 3255 Pilio
697 3230 729 3255 Vl
750 3230 801 3255 328
822 3230 854 3256 58
869 3244 903 3249 -

269 3271 359 3296 Vocati
388 3279 434 3303 per
463 3276 624 3304 praesentem
651 3274 774 3299 iustitiam
796 3274 904 3300 veniunt

269 3315 302 3340 ad
316 3315 445 3341 Christum
461 3316 511 3342 470
526 3317 557 3341 13
572 3331 605 3335 -
620 3318 666 3343 Per
679 3317 810 3343 Christum
829 3318 904 3343 intra—

268 3361 310 3384 tur
329 3360 457 3385 vocationi
476 3360 533 3386 eius
552 3361 700 3386 obediendo
714 3361 760 3386 581
781 3361 795 3387 4
808 3375 843 3381 -
857 3362 903 3387 Vir

1122 265 1236 298 INDEX
1262 265 1390 298 RERUM

990 369 1025 374 -
1045 355 1126 380 Nemo
1146 354 1225 380 debet
1253 354 1374 386 gloriari'
1387 354 1421 379 de
1445 354 1575 385 praesenti

936 399 1073 424 vocatione
1101 399 1134 424 Vl
1164 399 1215 423 338
1245 399 1295 423 112
1316 412 1350 417 -
1371 398 1461 423 Vocati
1482 405 1576 423 secun-

936 443 1000 469 dum
1021 445 1186 474 praesentem
1207 441 1330 468 iustitiam
1345 445 1445 468 tantum
1459 449 1512 467 non
1525 449 1578 467 cre-

936 487 1017 518 dunt,
1037 487 1083 513 sed
1102 487 1229 512 recedunt
1247 487 1298 511 336
1321 487 1371 511 100

989 546 1024 549 -
1044 531 1200 556 ludaeorum
1224 531 1374 562 intelligitur
1394 530 1419 555 in
1439 530 1578 556 vocatione

936 576 970 602 de
990 576 1055 601 vicis
1074 578 1099 601 et
1118 575 1218 607 plateis,
1238 578 1264 600 et
1293 575 1428 606 gentilium
1456 575 1482 600 in
1502 581 1578 600 voca-

936 620 1007 645 tione
1026 620 1060 645 de
1079 619 1128 645 viis
1156 622 1181 645 et
1210 618 1320 651 sepibus
1348 619 1509 651 significatur
1536 618 1576 644 Vll

937 664 988 689 374
1009 664 1042 689 49
1063 678 1096 682 -
1116 663 1249 695 publicani
1270 663 1316 688 fuit
1332 664 1446 695 perfecta
1460 670 1490 688 ex
1504 665 1579 694 parte

937 708 1019 734 divini
1051 707 1113 733 doni
1144 707 1352 739 praevenientis,
1381 706 1454 732 liberi
1479 706 1577 732 arbitrii

938 752 1124 778 consentientis
1136 755 1162 777 et
1175 751 1263 777 devoti
1276 751 1399 784 obsequii
1418 758 1578 784 consequen-

938 797 970 822 tis
992 797 1040 821 128
1061 796 1111 827 63,
1124 796 1157 821 64
1177 809 1212 815 -
1233 796 1339 821 iteratur
1357 796 1391 821 ad
1411 796 1576 821 excitandam

938 840 1084 872 peccatoris
1102 840 1270 865 attentionem
1291 840 1342 865 274
1361 840 1391 866 71

991 898 1027 903 -
1046 884 1228 910 sanctuarium
1242 885 1288 910 Dei
1302 883 1365 910 ve're
1384 884 1533 916 possidetur
1552 884 1579 910 ti-

938 929 991 954 tulo
1011 931 1115 954 sanetae
1134 928 1278 954 vocationis
1298 929 1328 954 Vl
1349 928 1395 954 581
1421 929 1435 954 3

994 973 1126 998 Votucaas
1144 986 1179 991 —
1198 973 1261 998 caeli
1282 976 1343 998 sunt
1362 973 1413 998 viri
1431 972 1580 1005 spirituales

940 1016 982 1042 Vll
1002 1016 1054 1042 347
1076 1016 1103 1042 41

995 1061 1128 1086 Voturins
1147 1075 1180 1079 —
1199 1064 1288 1086 nostra
1307 1060 1385 1087 nobis
1404 1064 1464 1087 nota
1484 1065 1524 1087 est
1537 1062 1579 1087 Vll

942 1107 991 1132 456
1011 1107 1044 1132 76
1058 1121 1094 1126 -
1108 1107 1252 1133 Voluntatis
1265 1108 1397 1133 humanae
1416 1108 1540 1140 perfectio
1554 1108 1580 1133 in

940 1154 1053 1184 quatuor
1067 1151 1183 1177 consistit
1197 1151 1247 1177 448
1263 1152 1296 1177 49
1309 1166 1344 1170 —-
1357 1153 1515 1178 reformatur
1533 1159 1580 1184 per

940 1195 1104 1221 dilectionem
1125 1196 1267 1227 sapientiae
1287 1196 1319 1221 Vl
1341 1196 1391 1221 107
1413 1197 1422 1220 1
1446 1211 1482 1214 -
1501 1203 1581 1228 agere

940 1239 1019 1265 debet
1038 1240 1161 1270 viriliter,
1186 1240 1294 1272 utiliter,
1314 1240 1454 1266 efficaciter
1478 1243 1503 1266 et
1523 1247 1579 1272 per-

940 1287 1090 1309 severanter
1111 1284 1152 1310 Vll
1173 1284 1223 1309 377
1243 1284 1277 1309 58

993 1342 1029 1347 -
1047 1331 1086 1354 051
1103 1328 1223 1361 13110015,
1243 1328 1285 1354 vel
1304 1332 1412 1354 naturae
1431 1332 1457 1354 et
1478 1336 1581 1355 sensua-

941 1373 1018 1398 litatis
1037 1373 1069 1398 Vl
1090 1373 1140 1398 528
1161 1372 1194 1398 48
1215 1387 1249 1391 -
1268 1373 1345 1405 Quod
1364 1376 1403 1399 est
1428 1377 1517 1399 contra
1537 1380 1581 1398 vo-

941 1418 1065 1443 luntatem
1085 1420 1193 1443 naturae
1212 1421 1298 1449 potest
1325 1424 1383 1443 esse
1403 1418 1579 1443 voluntarium

941 1462 1074 1487 voluntate
1092 1462 1199 1487 rat'10nis
1218 1461 1279 1488 ibid.
1301 1477 1334 1480 —-
1354 1463 1457 1494 pietatis
1473 1466 1511 1488 est
1530 1463 1581 1488 vel-

941 1507 1013 1532 101135
1033 1506 1083 1532 404
1104 1506 1137 1532 57
1151 1521 1185 1526 -
1198 1507 1269 1533 Licet
1284 1506 1361 1533 nobis
1380 1507 1513 1533 voluntate
1526 1514 1582 1533 sen·

941 1551 1065 1577 sualitatis
1087 1551 1183 1584 aliquid
1212 1552 1350 1583 proprium
1380 1552 1447 1577 velle
1467 1551 1516 1577 419
1547 1551 1580 1577 42

943 1595 970 1620 t·
997 1609 1032 1615 ——-
1060 1596 1233 1621 sensualitatis
1256 1595 1393 1622 subdenda
1425 1600 1464 1622 est
1493 1597 1582 1622 volun-

942 1640 985 1665 tati
1006 1640 1110 1666 divinae
1129 1639 1189 1666 ibid.
1204 1654 1239 1659 —
1252 1641 1425 1666 sensualitatis
1441 1641 1465 1666 in
1479 1640 1581 1667 Christo

942 1684 968 1709 in
987 1684 1066 1710 volito
1096 1684 1228 1710 discordat
1246 1692 1260 1710 a
1289 1685 1424 1710 voluntate
1447 1685 1507 1715 Dei,
1534 1686 1579 1711 sed

941 1735 993 1753 non
1013 1729 1038 1753 in
1059 1729 1138 1754 modo
1154 1729 1261 1754 volendi
1274 1728 1338 1755 ibid.
1357 1743 1390 1747 —
1409 1730 1582 1756 sensualitatis

942 1772 967 1797 in
986 1772 1089 1798 Christo
1108 1780 1160 1798 non
1180 1776 1219 1798 est
1244 1780 1349 1805 semper
1369 1777 1486 1799 assecuta
1508 1774 1580 1807 quod

943 1816 1039 1848 voluit,
1058 1817 1120 1849 quia
1141 1817 1209 1842 Deus
1229 1817 1310 1842 noluit
1329 1817 1391 1843 ibid.

995 1873 1030 1879 --
1049 1860 1098 1892 Qui
1128 1864 1197 1886 recte
1221 1861 1290 1892 sapit
1318 1861 1397 1887 debet
1425 1862 1491 1887 velle
1509 1863 1583 1895 quod

943 1905 999 1929 vult
1018 1905 1086 1929 Deus
1111 1905 1143 1930 Vl
1169 1904 1221 1930 480
1244 1905 1274 1929 19
1292 1918 1328 1924 -
1348 1906 1395 1931 Per
1420 1907 1583 1932 conformita-

943 1952 994 1973 tem
1015 1948 1155 1974 voluntatis
1173 1948 1268 1981 aliquis
1287 1949 1383 1975 dicitur
1402 1956 1459 1975 esse
1479 1957 1509 1975 ex
1529 1950 1582 1976 Deo

943 1992 994 2017 369
1023 1992 1057 2018 72
1078 2006 1112 2011 -
1132 1993 1237 2025 propria
1259 1991 1406 2019 abiicienda
1434 1997 1474 2019 est
1492 1998 1582 2020 contra

942 2036 1094 2069 superbiam
1115 2037 1184 2062 vitae
1203 2037 1255 2063 584
1275 2037 1290 2062 3
1305 2052 1340 2055 -
1353 2038 1458 2069 propria
1482 2045 1533 2064 non
1547 2046 1583 2064 se-

941 2081 1046 2114 quenda
1068 2081 1100 2107 27
1121 2081 1153 2107 42
1173 2096 1208 2100 —-
1227 2082 1340 2115 Quidam
1360 2081 1457 2108 abeunt
1476 2090 1489 2108 a
1510 2082 1583 2109 Chri-

941 2129 982 2151 sto
1000 2133 1091 2151 amore
1114 2126 1238 2158 propriae
1263 2126 1403 2152 voluntatis
1429 2127 1479 2153 568
1507 2128 1522 2152 2
1548 2141 1584 2146 -

942 2171 1055 2196 Potentia
1076 2171 1211 2203 praecedit
1228 2171 1390 2197 voluntatem
1410 2171 1436 2196 in
1456 2172 1583 2203 essendo,

942 2215 988 2241 sed
1001 2216 1123 2241 voluntas
1135 2216 1278 2248 potentiam
1293 2215 1317 2241 in
1331 2216 1436 2247 agendo
1451 2216 1500 2241 188
1512 2223 1538 2242 v.
1550 2217 1582 2242 18

994 2273 1030 2279 —-
1049 2261 1090 2285 vel
1103 2260 1171 2286 bona
1186 2261 1227 2286 vel
1242 2261 1308 2286 mala
1324 2260 1451 2292 liguratur
1464 2268 1511 2292 per
1529 2268 1584 2287 001-

942 2304 983 2330 dis
993 2305 1144 2330 thesaurum
1156 2305 1199 2330 Vll
1211 2305 1261 2330 463
1274 2305 1333 2335 403,
1345 2303 1396 2330 104
1406 2318 1441 2323 -
1452 2304 1519 2330 bona
1532 2312 1584 2331 ma-

942 2352 986 2374 net
1005 2348 1029 2374 in
1049 2352 1186 2374 aeternum
1205 2349 1397 2375 remuneranda
1415 2349 1447 2374 Vl
1469 2349 1501 2374 44
1521 2357 1546 2382 q.
1568 2351 1577 2375 4

995 2406 1030 2412 —
1050 2393 1108 2418 Sola
1127 2393 1259 2418 voluntate
1285 2389 1427 2425 possumus
1452 2393 1582 2425 deficere,

942 2437 989 2462 sed
1014 2444 1067 2462 non
1095 2444 1250 2469 permanere
1270 2437 1295 2463 in
1324 2437 1395 2463 bono
1416 2438 1446 2463 Vl
1478 2437 1528 2463 474
1549 2438 1582 2464 34

941 2494 977 2500 —-·
996 2481 1035 2506 Ab
1055 2481 1203 2507 infirmitate
1229 2482 1369 2507 voluntatis
1389 2481 1510 2507 liberavit
1534 2489 1581 2508 nos

942 2524 1060 2551 Christus
1079 2525 1122 2551 Vll
1141 2526 1175 2550 98
1196 2525 1223 2551 41
1250 2540 1283 2544 --
1303 2526 1379 2558 Quod
1394 2526 1520 2552 voluntati
1540 2526 1590 2552 de-.

943 2573 982 2595 est
1000 2569 1128 2595 Dominus
1142 2570 1245 2602 supplet
1264 2570 1316 2595 377
1336 2570 1368 2596 58

996 2627 1030 2633 -
1049 2620 1097 2645 per
1115 2617 1251 2645 peccatum
1266 2614 1414 2640 infirmatur
1432 2615 1466 2641 ad
1481 2614 1579 2641 bonum

943 2660 968 2683 et
988 2658 1115 2690 frangitur
1141 2658 1184 2684 Vll
1203 2659 1237 2683 98
1265 2658 1292 2683 41
1316 2672 1350 2677 --
1373 2658 1518 2685 Confractio
1538 2667 1582 2685 vo·

942 2702 1045 2727 luntatis
1065 2705 1103 2727 est
1121 2701 1276 2734 reparabilis
1296 2702 1320 2727 in
1339 2702 1405 2733 vita,
1425 2703 1584 2735 5011111003-

944 2745 1032 2772 rabilis
1051 2746 1161 2771 eflicitur
1180 2746 1205 2771 in
1226 2749 1310 2771 morte
1329 2745 1389 2772 ibid.
1403 2761 1437 2765 —
1453 2747 1478 2772 in
1499 2750 1582 2772 morte

943 2797 994 2816 non
1013 2791 1061 2816 erit
1074 2789 1249 2822 susceptibilis
1269 2790 1367 2821 gratiae
1380 2789 1441 2816 ibid.
1463 2805 1495 2808 —
1516 2792 1583 2816 mala

942 2842 1047 2867 semper
1066 2838 1183 2860 remanet
1203 2835 1228 2860 in
1247 2835 1358 2860 mortuis
1379 2835 1410 2860 Vl
1431 2835 1465 2860 75
1484 2842 1511 2868 q.
1532 2836 1546 2860 3

995 2894 1029 2897 —
1043 2879 1188 2905 Voluntatis
1200 2880 1331 2904 humanae
1344 2878 1491 2911 pervicacia
1501 2882 1583 2904 osten-

942 2924 1012 2950 ditur
1031 2923 1244 2955 reprehensibilis
1268 2923 1310 2948 Vll
1333 2923 1382 2948 108
1408 2923 1440 2948 83
1460 2936 1495 2942 -
1515 2924 1581 2949 mala

942 2970 981 2994 est
1000 2975 1046 2999 per
1066 2974 1184 2992 amorem
1204 2971 1229 2992 et
1248 2967 1339 2992 odium
1360 2967 1392 2992 Vl
1412 2966 1447 2992 75
1466 2974 1491 2999 q.
1513 2968 1527 2992 3
1547 2981 1583 2986 —

942 3013 1010 3037 Mors
1029 3015 1068 3037 est
1086 3010 1120 3036 ab
1139 3011 1262 3036 iniustitia
1282 3017 1423 3042 perversae
1442 3011 1581 3037 voluntatis

944 3055 994 3080 407
1013 3062 1040 3080 v.
1062 3055 1094 3080 45

996 3112 1031 3118 -
1050 3099 1097 3124 Dei
1115 3098 1170 3124 sine
1189 3098 1316 3130 sapientIa
1342 3098 1402 3123 sciri
1427 3105 1478 3123 non
1493 3093 1583 3130 potest

943 3142 974 3167 Vl
997 3143 1047 3168 169
1067 3149 1094 3167 ν.
1115 3143 1157 3168 13.
1177 3142 1227 3167 170
1246 3149 1270 3167 v.
1292 3141 1324 3167 17
1346 3155 1379 3159 -
1399 3142 1479 3167 Νο100
1499 3145 1583 3174 potest

942 3186 1008 3212 scire
1027 3187 1188 3212 voluntatem
1209 3186 1268 3217 Dei,
1293 3185 1340 3211 nisi
1361 3185 1418 3217 ipse
1436 3186 1506 3212 Deus
1527 3186 1582 3211 illu-

942 3230 1022 3256 minet
1041 3230 1197 3255 intellectum
1218 3229 1268 3254 470
1289 3237 1314 3254 ν.
1336 3229 1368 3254 17
1382 3243 1415 3248 —
1435 3229 1480 3255 Dei
1499 3230 1583 3256 consi-

942 3275 985 3300 stit
1003 3274 1027 3300 in
1047 3274 1116 3299 fideli
1131 3281 1179 3299 usu
1199 3276 1225 3299 et
1243 3273 1437 3305 dispensatione
1451 3273 1582 3300 bonorum

941 3318 1116 3350 spiritualium
1136 3317 1338 3343 commissorum
1360 3317 1400 3342 vll
1421 3317 1470 3343 478
1493 3317 1524 3342 17

997 3362 1127 3387 Voturus
1139 3375 1174 3380 —
1188 3360 1266 3386 habet
1284 3364 1371 3387 ortum
1385 3361 1427 3386 vel
1443 3360 1477 3386 ab
1490 3362 1580 3387 extrin-

265 3409 283 3427 a
302 3402 413 3429 Domino
431 3407 539 3430 vocatus
551 3404 629 3430 debet
642 3405 787 3431 accelerare
806 3405 851 3431 401
871 3405 899 3431 41
922 3407 925 3428 Ι
945 3412 1014 3438 seco,
1035 3406 1076 3431 vel
1095 3404 1130 3431 ab
1149 3405 1270 3431 interiore
1297 3404 1468 3437 conceptione
1498 3406 1529 3431 Vl
1549 3406 1582 3431 23

1903 308 1969 334 VUL

1614 360 1641 378 v.
1661 353 1693 378 10
1713 366 1748 371 -
1768 352 1923 384 Voluptates
1942 351 2060 384 corporis
2078 352 2196 386 sequitur
2214 360 2255 379 er-

1614 404 1658 422 ror
1677 396 1772 422 mentis
1791 397 1842 422 588
1863 397 1878 421 2
1899 410 1933 414 -
1951 394 2153 422 'commendatur
2171 397 2198 422 in
2211 398 2255 423 Ec-

1614 441 1731 467 clesiaste
1751 441 1776 466 in
1802 440 1999 466 detestationem
2026 441 2148 467 vanitatis
2166 441 2201 466 70
2226 448 2254 467 v.

1616 485 1648 510 45
1667 499 1702 504 —
1723 485 1799 510 Varia
1819 485 1937 516 acceptio
1957 485 2193 511 commendationis
2212 492 2256 511 vo·

1615 529 1720 561 luptatis
1740 529 1764 554 in
1793 528 1861 555 libro
1889 529 2058 555 Ecclesiastae
2087 529 2120 554 49
2139 537 2165 562 q.
2187 530 2196 554 4
2220 544 2256 548 —

1616 574 1739 599 Salomon
1758 574 1928 599 commendat
1947 576 2111 605 praesentem
2136 574 2257 606 volupta-

1616 621 1667 643 tem
1688 618 1721 643 ad
1741 618 1908 650 arguendum
1928 618 2105 643 curiositatem
2126 618 2159 643 33
2175 625 2199 643 v.
2220 618 2253 643 12

1668 677 1704 680 -
1723 669 1791 687 vana
1811 664 1850 687 est
1864 662 1896 687 Vl
1915 663 1945 687 91
1964 669 1990 688 ν.
2005 663 2036 687 10
2049 675 2085 681 -
2098 662 2149 688 0110
2165 662 2257 688 transit

1616 706 1679 733 ibid.
1691 720 1726 726 -
1739 707 1761 732 A
1778 707 1914 738 voluptate
1933 707 2123 732 transeundum
2138 706 2171 732 20
2191 714 2217 732 v.
2232 706 2258 732 3.

1617 750 1651 777 24
1670 758 1697 776 v.
1718 752 1750 776 12
1769 764 1806 770 —
1824 750 1910 776 carnis
1928 753 1968 776 est
1986 750 2110 782 fugienda
2124 750 2158 776 20
2177 758 2203 776 ν.
2224 751 2239 776 3

1671 795 1815 821 Volumus
1833 810 1868 813 —
1886 797 1916 820 ut
1931 794 2075 827 plurimum
2096 794 2175 820 habet
2187 795 2258 821 luxu-

1617 839 1682 865 riam
1702 839 1851 865 adiunctam
1873 839 1915 865 Vll
1937 839 1987 864 446
2009 839 2041 864 39

1672 884 1762 909 Vowu
1779 897 1815 902 —
1834 883 1890 909 Non
1909 886 1948 909 est
1966 883 2121 909 vovendum
2141 883 2188 909 nisi
2208 883 2255 909 soli

1617 928 1671 953 Deo
1686 928 1718 953 Vl
1734 928 1785 953 495
1798 935 1824 953 V.
1840 928 1872 953 17
1885 941 1921 947 -
1934 927 2018 953 Μ1005
2037 928 2135 953 malum
2155 930 2259 953 estnon

1617 978 1716 997 vovere
1734 978 1815 1004 quam
1835 974 1926 997 votum
1946 979 1998 997 non
2019 972 2131 997 reddere
2151 971 2183 997 43
2202 979 2229 997 v.
2243 971 2258 997 4

1617 1029 1653 1035 -
1666 1016 1716 1048 Qui
1735 1016 1809 1041 vovit
1822 1016 1963 1042 indiscrete
1981 1023 2033 1042 non
2051 1019 2153 1042 tenetur
2165 1019 2259 1041 votum

1619 1060 1742 1092 implere,
1764 1060 1847 1086 immo
1875 1061 1896 1086 si
1917 1060 1992 1091 facit,
2020 1060 2093 1086 addit
2121 1063 2259 1092 peccatum

1617 1112 1698 1137 super
1718 1108 1856 1137 peccatum
1886 1104 1920 1130 44
1948 1112 1975 1138 q.
1997 1105 2006 1130 1
2036 1119 2072 1124 -
2098 1105 2205 1130 Vovens
2223 1105 2260 1130 in-

1618 1150 1731 1175 discrete
1759 1149 1845 1175 statim
1877 1149 1903 1174 in
1933 1149 1990 1181 ipso
2018 1152 2081 1175 voto
2113 1152 2205 1181 peccat
2235 1152 2261 1176 et

1618 1194 1716 1225 dignus
1734 1197 1773 1219 est
1792 1194 1868 1225 culpa
1889 1193 1923 1219 45
1941 1201 1968 1226 q.
1998 1194 2007 1219 1
2037 1207 2074 1212 -
2098 1193 2260 1226 promissum

1618 1238 1721 1269 impleri
1742 1237 1821 1263 dehet
1847 1238 1879 1263 43
1899 1245 1925 1263 v.
1951 1238 1966 1263 3
1985 1251 2021 1257 —
2040 1245 2092 1264 non
2117 1237 2198 1264 debet
2215 1245 2258 1263 va-

1618 1282 1678 1307 riari
1698 1281 1731 1308 ib.
1761 1289 1788 1308 v.
1808 1282 1823 1307 4
1842 1296 1878 1301 -
1897 1285 1982 1314 potest
2010 1282 2105 1308 mutari
2133 1282 2159 1307 in
2184 1283 2260 1314 peius

1619 1327 1726 1352 omnino
1745 1330 1771 1352 et
1789 1326 1815 1352 in
1836 1327 1930 1352 melius
1943 1327 2059 1358 primum
2080 1327 2217 1353 includens
2236 1329 2262 1353 et

1619 1370 1644 1395 in
1664 1371 1757 1396 melius
1784 1378 1838 1396 non
1866 1371 2002 1397 includens
2027 1370 2061 1396 45
2089 1378 2115 1404 q.
2145 1372 2160 1396 2
2180 1385 2215 1391 -
2235 1371 2262 1397 in

1620 1415 1695 1447 peius
1713 1415 1821 1440 omnino
1848 1415 1941 1441 mutari
1967 1422 2020 1441 non
2049 1414 2128 1441 debet
2146 1414 2208 1442 ibid.
2225 1429 2262 1435 —

1619 1460 1646 1485 in
1665 1460 1758 1485 melius
1777 1460 1893 1491 primum
1908 1460 2042 1485 includens
2059 1460 2155 1486 mutari
2175 1467 2221 1492 per
2234 1467 2262 1486 se

1620 1507 1704 1536 potest
1728 1503 1789 1530 ibid.
1815 1519 1850 1522 —
1875 1504 1902 1529 in
1931 1504 2024 1530 melius
2048 1511 2101 1530 non
2127 1504 2263 1530 includens

1619 1552 1705 1581 potest
1724 1548 1833 1581 mutari,
1852 1555 1903 1574 non
1924 1551 2012 1574 tamen
2035 1548 2091 1574 sine
2110 1549 2263 1575 auctoritate

1620 1593 1726 1619 maioris
1746 1592 1808 1619 ibid.

1672 1651 1708 1657 -
1720 1637 1887 1664 obedientiae
1904 1638 2022 1664 consistit
2035 1638 2060 1663 in
2073 1637 2261 1670 abnegatione,

1620 1683 1743 1708 castitatis
1763 1682 1787 1708 in
1807 1689 1885 1708 cruce
1898 1686 1924 1708 et
1942 1682 2105 1714 paupertatis
2125 1682 2149 1708 in
2169 1681 2262 1708 subse·

1620 1728 1723 1753 cutione
1743 1727 1786 1752 Vll
1806 1728 1858 1752 228
1878 1727 1912 1753 38

1674 1772 1730 1797 Vox
1744 1786 1778 1789 —
1789 1774 1859 1797 reete
1872 1771 1966 1796 dicitur
1977 1771 2076 1796 ratione
2086 1770 2174 1802 verbi,
2190 1770 2263 1804 quod

1620 1816 1716 1848 praeit,
1738 1815 1811 1848 quod
1836 1813 2003 1845 manifestat,'
2022 1815 2096 1848 quod
2121 1814 2259 1847 relinquit,

1620 1860 1684 1886 dum
1705 1861 1761 1891 ipsa
1787 1860 1878 1885 transit
1896 1862 1922 1885 et
1946 1860 2002 1885 sine
2020 1866 2074 1892 quo
2099 1862 2138 1885 est
2162 1859 2259 1885 inutilis

1621 1904 1653 1929 Vl
1674 1904 1727 1930 257
1746 1904 1834 1930 52.-·
1859 1904 1943 1936 praeit
1969 1903 2083 1929 verbum
2103 1903 2146 1929 Vll
2171 1903 2205 1929 72
2226 1903 2259 1929 10

1621 1962 1655 1966 -
1673 1951 1712 1974 051
1731 1948 1837 1979 signum
1851 1948 2033 1980 expressivum
2053 1947 2128 1974 verbi
2147 1946 2210 1974 ibid.
2225 1961 2260 1966 --

1621 1992 1700 2017 Vocis
1718 1995 1757 2017 est
1776 1999 1899 2024 promere
1917 1991 2030 2018 verbum
2051 1992 2084 2017 Vl
2104 1991 2156 2018 544
2180 1992 2207 2018 νῖ
2226 1992 2260 2017 23

1622 2050 1655 2054 -
1683 2035 1803 2062 Verbum
1831 2037 1978 2062 humanum
2010 2039 2049 2062 est
2077 2043 2128 2062 vox
2162 2036 2261 2068 prolata

1623 2081 1654 2106 16
1674 2088 1700 2113 q.
1721 2081 1736 2106 2

1674 2139 1709 2143 -
1728 2124 1832 2151 Clamor
1856 2125 1882 2150 in
1908 2132 1973 2151 voce
1997 2125 2117 2151 exteriori
2141 2124 2261 2156 designat

1622 2169 1821 2195 immensitatem
1833 2170 1858 2195 in
1872 2170 1967 2195 virtute
1977 2169 2092 2195 interiori
2106 2169 2147 2195 Vll
2161 2168 2213 2194 215
2226 2168 2260 2194 94

1621 2228 1656 2233 -
1675 2209 1826 2246 Magnitudo
1854 2214 1927 2240 vocis
1952 2214 2057 2246 signum
2082 2216 2121 2239 est
2148 2220 2260 2245 magnae

1620 2258 1764 2284 affectionis
1784 2259 1817 2283 29
1836 2258 1870 2284 77
1889 2273 1924 2277 -
1943 2261 2003 2284 5001
2029 2261 2106 2284 00130
2131 2258 2259 2290 passionis
2289 2267 2294 2273 ‘

1621 2301 1682 2328 ibid.
1696 2316 1731 2320 —
1744 2302 1864 2334 patefacit
1877 2301 2025 2334 praesentia
2044 2302 2087 2327 Vll
2102 2301 2152 2327 478
2167 2301 2201 2326 50

1675 2360 1708 2365 —-
1737 2353 1877 2378 personam
1905 2345 1988 2371 Patris
2015 2345 2206 2377 designat-vll
2226 2344 2260 2371 84

1621 2390 1670 2422 55,
1690 2390 1722 2416 56
1744 2405 1777 2409 —
1796 2390 1878 2416 Patris
1898 2390 2076 2416 testimonium
2101 2392 2141 2415 est
2164 2389 2259 2416 Christi

1621 2434 1653 2461 ib.
1674 2435 1707 2461 56
1728 2448 1762 2454 —
1781 2435 1862 2460 Patris
1881 2435 2024 2467 significat,
2044 2434 2116 2468 quod
2143 2433 2260 2460 Christus

1621 2483 1660 2505 est
1680 2479 1796 2505 Verbum
1826 2479 1907 2504 Patris
1933 2479 2093 2504 simillimum
2114 2481 2139 2504 et
2157 2485 2260 2513 expres-

1621 2524 1709 2549 sivum
1729 2526 1754 2549 et
1773 2523 1972 2555 placitissimum
1993 2522 2053 2549 ibid.
2073 2536 2107 2542 —
2127 2522 2209 2548 Patris
2223 2525 2260 2548 ter

1621 2568 1693 2594 dedit
1712 2567 1888 2593 testimonium
1916 2567 2017 2593 Christo
2038 2566 2088 2592 418
2115 2566 2148 2592 40
2167 2580 2202 2586 -
2222 2567 2259 2592 De
2275 2569 2282 2573 ·

1621 2619 1686 2638 voce
1704 2612 1792 2638 andita
1813 2611 1887 2637 turba
1902 2611 2082 2637 admirabatur
2102 2611 2152 2636 419
2173 2610 2205 2636 43
2226 2624 2260 2629 -

1621 2656 1693 2681 venit
1711 2655 1743 2681 ad
1765 2656 1961 2681 instructionem
1980 2655 2074 2681 turbae
2098 2655 2148 2680 420
2169 2654 2202 2680 44
2225 2668 2260 2674 -

1622 2701 1684 2727 facta
1705 2700 1739 2726 de
1761 2700 1832 2725 caelo
1851 2699 2017 2725 confirmavit
2041 2699 2122 2725 corda
2147 2699 2261 2731 discipu·

1620 2745 1704 2770 lorum
1735 2744 1784 2769 238
1805 2744 1838 2769 66
1859 2759 1893 2762 -
1913 2744 1960 2769 Per
1986 2750 2078 2769 vocem
2108 2744 2201 2769 factam
2226 2743 2260 2769 de

1620 2788 1692 2813 caelo
1705 2788 1822 2814 doctrina
1837 2788 2026 2820 discipulorum
2040 2788 2198 2820 proclamata
2214 2787 2261 2813 fuit

1620 2832 1767 2858 authentica
1788 2831 1850 2858 ibid.

1674 2890 1708 2896 —
1726 2877 1781 2902 Filii
1810 2877 1855 2902 Dei
1884 2880 1923 2902 est
1951 2876 2085 2908 imperans
2112 2879 2137 2902 01
2165 2879 2259 2908 potens

1621 2924 1738 2947 mortuos
1754 2921 1879 2947 suscitare
1898 2921 1999 2946 ratione
2018 2927 2081 2945 suae
2094 2920 2197 2945 virtutis
2216 2920 2259 2946 Vll

1625 2965 1666 2990 171
1700 2965 1734 2990 25
1762 2978 1797 2984 -
1824 2965 1879 2990 Filii
1908 2968 1947 2990 est
1977 2971 2029 2990 non
2058 2964 2142 2990 solum
2169 2964 2260 2989 excita·

1620 3010 1682 3041 tiva,
1701 3009 1748 3035 sed
1768 3012 1792 3035 et
1811 3009 1916 3035 auditus
1930 3008 2079 3040 reparativa
2099 3007 2159 3034 ibid.
2172 3021 2208 3027 ·-
2221 3008 2255 3033 in-

1621 3053 1758 3085 telligibilis
1787 3060 1839 3079 non
1867 3053 1972 3079 auditur
2003 3059 2018 3078 a
2047 3051 2196 3078 carnalibus
2224 3052 2257 3077 Vl

1621 3097 1671 3122 314
1692 3098 1725 3123 65

1674 3142 1770 3167 Vums
1788 3155 1824 3161 —
1843 3148 1890 3174 per
1904 3141 1996 3172 vulpes
2010 3141 2185 3172 intelliguntur
2199 3141 2259 3166 hae-

1620 3186 1691 3211 retici
1712 3185 1754 3211 Vll
1775 3185 1825 3211 248
1847 3185 1906 3210 104.
1927 3184 1978 3210 355
2003 3184 2036 3210 67
2056 3198 2092 3202 -—-
2111 3184 2259 3216 samsonis,

1619 3236 1688 3262 quae
1708 3228 1804 3255 habent
1822 3229 1920 3254 caudas
1946 3228 2087 3260 colligatas,
2112 3227 2259 3259 significant

1620 3274 1702 3299 malos
1721 3274 1772 3299 569
1795 3274 1826 3299 15
1846 3287 1881 3291 -
1901 3272 1995 3298 dicitur
2020 3279 2034 3298 a
2059 3272 2161 3298 Christo
2179 3271 2260 3297 11010-

1619 3317 1666 3343 des
1686 3318 1737 3343 355
1756 3317 1791 3343 67

1674 3362 1776 3387 Vanus
1798 3375 1828 3380 —
1848 3360 1989 3393 spiritualis
2002 3364 2041 3387 est
2053 3359 2212 3387 conscientia
2227 3359 2260 3385 Vl

1621 3405 1671 3431 583
1692 3405 1707 3430 9
