2476 3921
328 239 378 271 XII
1126 225 1402 260 PROLEGOMENA
1425 225 1457 257 C.
1482 225 1516 257 ΙΙ.

329 329 376 353 cfr.
395 325 517 352 Sbaralea
537 323 766 356 (supplementum
786 320 820 345 ad
840 319 933 351 Script.
953 318 1017 344 Ord.
1036 316 1106 349 Min.)
1127 319 1152 341 et
1171 316 1205 341 de
1224 315 1288 341 mul·

330 381 361 406 tis
380 378 528 410 codicibus,
549 377 596 410 qui
615 377 726 405 exstant,
745 374 770 399 in
792 372 889 407 quibus
908 371 1038 398 habentur
1053 370 1094 396 illa
1113 376 1207 401 opera,
1226 368 1289 394 vide

330 436 448 459 nostrum
467 431 623 464 oposculum
644 430 680 455 De
699 430 830 454 humanae
843 425 998 458 cognitionis
1014 424 1121 454 ratione,
1141 423 1289 454 Prolegom.

330 494 391 519 pag.
412 487 479 512 XVl.
505 487 530 510 et
554 483 616 509 ibid.
642 490 705 515 pag.
730 482 781 507 ⁴79
805 479 940 514 quandam
965 477 1084 504 eiusdem
1109 476 1289 510 quaestionem

331 540 500 572 disputatam.

403 585 419 625 g
438 593 461 618 1.
481 589 657 617 Recensentur
676 587 801 614 editiones
820 585 899 612 huius
919 582 1110 611 Commenta-tii.

403 645 488 671 Prima
507 643 626 669 eiusdem
645 641 725 667 editio
745 641 814 672 typis
833 645 955 671 expressa
974 637 1073 670 prodiit
1092 635 1208 662 venetiis
1222 634 1289 660 1574

333 699 405 731 apud
424 699 528 723 Petrum
547 696 714 722 Franciscum
734 694 897 719 Salvionum.
917 692 944 717 ln
969 691 1042 717 titulo
1061 690 1169 722 legitur:
1191 698 1205 712 «ι
1218 689 1292 714 Nunc

333 752 448 784 primum
468 751 493 776 in
512 750 597 775 lucem
617 748 712 774 emissa
732 750 758 773 et
776 746 810 772 ab
836 745 980 771 innumeris
1005 743 1102 777 quibus
1121 741 1237 768 scatebat
1255 748 1292 766 er-

333 804 438 831 roribus
457 810 562 830 summo
581 802 669 828 studio
688 806 847 832 summaque
865 806 928 825 cura
948 799 1091 830 expurgata
1105 806 1131 821 n.
1150 796 1222 821 Hanc
1241 794 1293 820 edi-

334 859 430 885 tionem
444 863 507 890 prae
519 855 642 882 manibus
661 853 802 884 hahemus;
815 853 858 879 cui
875 852 901 877 in
915 851 1008 877 eodem
1023 853 1094 876 tomo
1107 847 1293 875 Commentarii

335 912 362 937 S.
380 911 581 936 Bonaventurae
600 909 626 933 in
646 909 743 933 Lucam
763 909 788 931 et
802 906 826 931 in
847 905 1015 937 Sapientiam,
1034 905 1074 929 ast
1093 909 1153 928 cum
1167 900 1295 927 distinctis

334 965 414 990 titulis
438 966 464 989 et
493 963 614 988 soliorum
643 958 869 986 numerationibus
894 957 1003 990 praefixi
1027 959 1102 987 sunt,
1128 955 1175 981 sed
1194 954 1294 979 eisdem

336 1018 404 1050 typis
423 1016 554 1048 impressi.
573 1016 601 1040 ln
620 1014 693 1040 titulo
712 1013 800 1045 operis
820 1012 844 1037 in
864 1010 1046 1045 Sapientiam,
1070 1009 1115 1034 ubi
1134 1008 1254 1034 additur:
1272 1007 1297 1032 et

335 1069 550 1098 Lamentationes
569 1067 712 1099 ter-emm,
732 1067 811 1098 paulo
830 1065 903 1091 aliter
931 1064 1039 1096 legitur:
1063 1063 1160 1088 «Nune
1178 1062 1296 1094 primum

336 1126 396 1156 post
414 1123 543 1148 diutinam
562 1120 784 1153 exspectationem
812 1119 839 1143 in
867 1118 953 1143 lucem
977 1116 1046 1142 edita
1075 1118 1101 1141 et
1122 1115 1156 1141 ad
1176 1118 1297 1140 veterum

336 1177 524 1209 exemplarium
550 1174 630 1200 fidem
658 1181 706 1206 per
731 1174 757 1199 F.
777 1174 901 1198 loannem
920 1170 1065 1196 Balainium
1085 1169 1214 1195 Andrium
1233 1168 1298 1194 Con-

337 1230 487 1257 ventualem
506 1228 709 1254 Franciscanum
738 1225 934 1251 accuratissime
962 1223 1095 1255 recognita
1107 1232 1132 1247 ».
1152 1222 1246 1254 Quoad
1265 1222 1299 1247 lo-

337 1289 398 1319 cum
417 1285 442 1308 et
461 1285 566 1313 tempus
579 1280 699 1306 editionis
721 1279 806 1305 solum
820 1278 928 1310 legitur:
945 1287 958 1300 ιι
969 1276 1084 1302 Venetiis
1103 1275 1262 1301 MDLXXllll
1273 1283 1299 1298 n.

338 1337 390 1363 Sed
408 1336 435 1361 in
455 1335 600 1361 Prodromo
621 1334 681 1365 (col.
702 1332 753 1358 344
773 1332 859 1365 seqq.)
879 1332 908 1358 P.
936 1330 1033 1356 Bonelli
1063 1327 1187 1356 describit
1215 1328 1301 1354 Vene-

339 1391 434 1416 tianam
453 1382 594 1415 editionem
614 1387 734 1413 eiusdem
754 1393 864 1418 prorsus
892 1384 972 1415 tituli,
992 1383 1108 1415 exceptis
1128 1382 1225 1408 ultimis
1244 1388 1300 1407 ver-

339 1443 392 1476 bis,
411 1450 480 1476 quae
499 1445 572 1468 sunt:
595 1451 607 1464 a
622 1440 738 1467 Venetiis
758 1439 918 1465 MDLXXllll
937 1437 1012 1471 apud
1030 1437 1142 1463 Petrum
1162 1435 1193 1461 de
1211 1435 1302 1461 Fran-

339 1496 416 1523 ciscss
435 1498 460 1522 et
478 1496 591 1529 Nepotes
610 1494 638 1520 in
658 1492 677 1521 8
690 1504 716 1519 n.
735 1507 770 1512 —
783 1493 810 1518 ln
824 1495 937 1524 utroque
956 1491 1036 1523 igItur
1058 1490 1132 1516 titulo
1145 1491 1206 1514 sunt
1219 1487 1301 1514 verba

339 1556 413 1576 mme-
429 1548 553 1583 primum
572 1546 656 1579 edita,
686 1547 713 1571 in
742 1549 854 1578 utroque
882 1544 992 1570 eaedem
1020 1546 1081 1569 sunt
1106 1542 1302 1572 dedicationes,

341 1602 420 1628 iidem
440 1601 494 1634 typi
514 1604 540 1626 et
558 1601 629 1626 idem
643 1607 737 1625 annus.
756 1599 821 1624 Hinc
840 1600 940 1624 certum
954 1604 1013 1623 esse
1028 1597 1146 1627 videtur,
1165 1602 1219 1624 non
1237 1594 1303 1620 duas
1321 1600 1326 1607 ⁸

341 1656 469 1682 editiones
484 1656 508 1680 in
522 1655 561 1680 his
575 1653 678 1685 haberi,
692 1652 739 1678 sed
753 1652 855 1677 titulum
869 1651 949 1676 alium
968 1650 1055 1676 eidem
1068 1656 1178 1682 prorsus
1197 1648 1305 1674 editioni

342 1711 487 1743 praefixum
507 1716 573 1734 esse.
594 1709 622 1733 Et
642 1714 702 1733 cum
722 1707 799 1733 etiam
814 1707 839 1731 in
854 1706 927 1731 titulo
947 1703 1135 1731 Commentarii
1154 1704 1179 1729 in
1193 1704 1304 1733 Lucam,

342 1771 422 1797 quem
442 1762 521 1788 habet
539 1765 626 1787 nostra
645 1761 686 1786 ed.
707 1761 805 1786 Veneta
826 1766 867 1785 an.
890 1758 972 1789 1574,
991 1759 1107 1790 legatur:
1126 1756 1201 1790 apud
1219 1756 1305 1783 Fran-

344 1816 445 1843 eiscum
464 1814 634 1846 Sahionum,
656 1816 696 1839 ast
715 1813 741 1838 in
761 1813 809 1838 alia
828 1812 947 1838 eiusdem
966 1812 1016 1837 loci
1035 1814 1060 1837 et
1078 1810 1153 1836 anni:
1172 1808 1247 1843 apud
1260 1810 1304 1836 Pe-

344 1872 419 1896 trum
432 1869 463 1895 cle
475 1867 647 1900 Franciscz'n
667 1867 776 1893 minime
792 1867 825 1893 de
838 1870 891 1892 toto
912 1866 953 1892 1110
974 1869 1045 1891 tomo
1059 1864 1228 1897 dubitamus,
1242 1864 1305 1897 quin

345 1923 490 1949 habeamus
505 1930 556 1948 non
577 1922 643 1948 duas
659 1921 802 1953 editiones,
816 1920 863 1946 sed
876 1927 970 1952 unam,
990 1921 1092 1945 mutato
1106 1921 1205 1944 tantum
1219 1918 1303 1944 titulo.

415 1978 501 2003 Prima
520 1979 584 2003 haec
603 1976 682 2002 editio
701 1975 942 2005 lamentationum,
962 1980 1032 2007 quae
1044 1981 1059 1999 a
1078 1973 1185 1998 Balaino
1204 1974 1232 1998 ut
1248 1971 1305 1997 «ab

345 2030 489 2056 innumeris
517 2028 615 2062 quibus
642 2027 759 2054 scatebat
786 2027 921 2053 erroribus
945 2034 1051 2053 summo
1076 2026 1163 2052 studio
1189 2032 1306 2051 summa-

344 2092 396 2118 que
414 2091 477 2110 cura
495 2085 640 2116 expurgata
654 2093 667 2105 r»
689 2082 824 2113 laudatur,
844 2089 872 2107 re
897 2088 960 2107 vera
979 2080 1069 2114 quoad
1097 2083 1195 2106 textum
1216 2079 1306 2105 intole-

344 2137 471 2164 rabilibus
490 2139 571 2163 scatet
590 2136 674 2168 vitiiS,
694 2143 763 2169 quae
787 2135 886 2168 passim
915 2141 1022 2160 sensum
1042 2133 1185 2160 obscurant
1204 2138 1229 2159 et
1247 2140 1307 2165 per-

346 2191 459 2218 turbant.
488 2190 662 2216 Nihilominus
690 2191 754 2215 baec
782 2190 836 2214 sere
864 2189 965 2220 integra
994 2188 1072 2213 etiam
1091 2187 1119 2213 in
1138 2187 1263 2213 Vaticana
1283 2190 1309 2213 et

345 2243 570 2277 subsequentibus
582 2243 643 2269 edd.
657 2243 815 2275 reimpressa
834 2245 881 2268 est.
895 2243 922 2268 111
941 2242 1031 2268 ultima
1045 2241 1159 2267 editione
1172 2241 1308 2267 Parisiensi

346 2298 376 2323 D.
405 2297 497 2323 Peltier
525 2296 656 2329 quosdam
685 2302 788 2321 errores
810 2295 888 2321 nimis
915 2294 1022 2328 obvios,
1051 2295 1201 2321 coniectura
1230 2302 1307 2325 usus,

347 2348 488 2376 emendare
502 2352 611 2375 conatus
624 2351 676 2381 est,
689 2349 736 2375 sed
755 2349 912 2381 plerumque
926 2355 1016 2374 veram
1036 2348 1172 2374 lectionem
1186 2348 1308 2374 codicum

347 2410 400 2428 non
420 2406 459 2428 est
477 2395 627 2433 assecutu33
647 2402 681 2428 de
699 2409 754 2434 quo
773 2408 826 2427 non
845 2404 883 2427 est
912 2401 1070 2427 mirandum.
1099 2402 1207 2434 Insuper
1231 2402 1310 2427 maxi·

349 2463 420 2482 mam
440 2459 541 2489 partem
563 2456 686 2481 salsarum
707 2455 858 2487 lectionum,
878 2455 944 2480 inter
963 2462 1031 2487 quas
1050 2458 1110 2480 sunt
1128 2455 1310 2487 gravissimae,

349 2510 405 2543 ipse
425 2511 494 2536 haud
515 2510 667 2536 eliminavit.

421 2565 436 2597 S
456 2565 481 2590 2.
503 2562 697 2589 Examinantur
716 2560 868 2588 testimonia.
887 2561 1007 2588 externa.

421 2619 447 2643 S.
476 2618 688 2643 Bonaventuram
708 2616 786 2642 huius
811 2615 889 2641 libelli
913 2611 1047 2641 auctorem
1078 2622 1150 2646 esse,
1176 2616 1314 2647 hucusque

351 2671 526 2697 communiter
546 2671 689 2697 iudicatum
709 2673 764 2701 est;
784 2670 829 2696 sed
851 2669 923 2702 quod
943 2669 970 2694 in
989 2668 1086 2694 iudicio
1105 2668 1139 2694 de
1162 2667 1314 2694 auctoribus

352 2725 520 2757 antiquorum
539 2725 698 2757 scriptorum
717 2724 807 2756 opinio
828 2723 977 2749 communis
996 2729 1076 2754 saepe
1099 2721 1238 2754 erraverit,
1257 2722 1314 2754 plu-

353 2779 426 2804 rimis
455 2779 581 2810 exemplis
605 2781 714 2804 constat.
739 2777 886 2804 Audiamus
913 2777 1000 2809 primo
1020 2777 1077 2802 loco
1102 2776 1230 2807 rationes,
1249 2775 1315 2809 quas'

353 2833 379 2858 Ρ,
400 2832 499 2857 Bonelli
519 2832 619 2864 (Prodr.
640 2832 688 2857 001.
709 2831 771 2864 635)
791 2838 840 2863 pro
859 2833 964 2863 recepta
985 2829 1111 2856 sententia
1132 2829 1214 2855 affert.

426 2886 567 2918 Postquam
589 2884 658 2910 idem
678 2884 820 2916 exagitavit
843 2884 958 2910 editores
982 2884 1096 2909 Venetos
1116 2881 1234 2915 (Diatrib.
1254 2889 1316 2914 pag.

356 2939 414 2972 87),
433 2938 479 2971 qui
499 2939 569 2964 hunc
588 2937 812 2963 Commentarium
835 2947 847 2959 α
861 2944 912 2963 11011
933 2937 1029 2963 audent
1049 2944 1079 2963 ex
1098 2937 1216 2968 catalogo
1236 2936 1317 2961 Bona-

355 2995 482 3018 venturae
502 2998 613 3023 operum
634 2997 801 3023 expungere,
819 2997 983 3023 quamquam
1002 2997 1081 3015 nemo
1101 2990 1133 3016 sit
1156 2996 1171 3015 e
1199 2988 1317 3019 vetustis,

355 3046 400 3078 qui
420 3045 577 3077 opusculum
597 3043 666 3070 istud
686 3043 753 3069 inter
771 3043 828 3068 eius
847 3050 927 3075 opera
947 3043 1091 3074 collocet»,
1111 3045 1136 3069 et
1154 3046 1241 3069 tamen
1254 3042 1318 3068 illud

356 3105 385 3124 se
404 3098 550 3130 legitimum
571 3097 669 3123 habere
698 3099 817 3122 asserunt
839 3095 897 3121 «ob
917 3096 1042 3122 orationis
1066 3097 1242 3128 maiestatem,
1262 3103 1318 3128 gra-

357 3152 464 3177 vitatem
493 3154 518 3177 et
546 3151 674 3176 rationem
685 3160 710 3181 ”3
736 3150 763 3175 P.
792 3149 889 3175 Bonelli
917 3148 950 3174 ita
980 3149 1161 3182 prosequitur:
1194 3149 1317 3177 «Verum

358 3203 509 3235 enimvero,
528 3204 590 3236 quia
610 3205 788 3236 praefatorum
801 3202 933 3228 editorum
956 3202 1063 3228 criticen
1077 3202 1137 3228 nihil
1151 3209 1248 3234 moror,
1268 3208 1318 3233 ego

359 3263 467 3289 quoque
487 3256 635 3289 consentio,
654 3257 859 3289 expositionem,
880 3256 914 3281 de
933 3262 986 3288 qua
1005 3262 1074 3281 nunc
1095 3255 1241 3288 loquimur,
1261 3261 1319 3281 esse

359 3308 385 3333 in
405 3309 523 3341 catalogo
543 3309 742 3335 Bonaventurae
760 3316 872 3341 operum
891 3307 1069 3338 retinendam,
1083 3310 1173 3339 utpote
1186 3315 1200 3333 a
1213 3306 1320 3333 duobus

361 3362 518 3393 pervetustis
537 3363 686 3389 inventariis
712 3363 862 3389 Tudertinis
888 3364 1021 3394 testatam,
1039 3360 1077 3387 ad
1096 3362 1214 3387 veterum
1233 3367 1320 3387 exem-

1348 313 1474 348 plarium
1493 312 1573 348 fidem
1592 311 1759 346 recognitam
1778 310 1826 344 [ita
1845 311 1940 343 legitur
1969 310 1994 335 in
2014 310 2087 336 titulo
2107 311 2268 335 memoratae
2288 309 2314 334 1.

1353 366 1487 400 editionis]
1507 373 1537 391 ac
1557 372 1604 397 per
1624 365 1780 396 multiplices
1799 363 1927 389 editiones
1947 362 2053 395 publica
2072 363 2130 388 luce
2143 362 2193 388 sub
2207 362 2314 388 nomine

1353 422 1553 447 Bonaventurae
1572 419 1710 449 donatam;
1730 420 1786 443 tum
1805 424 1913 450 quoque
1931 416 2161 442 Bonaventuriano
2180 416 2315 441 1110101·Γο-

1353 473 1533 508 quentissimis
1560 473 1666 499 divinae
1695 471 1845 503 Scripturae
1869 469 1982 496 textibus
2010 469 2178 500 illustratam,
2197 469 2315 502 nihilque

1353 527 1412 553 stilo
1431 529 1477 552 aut
1495 525 1613 552 doctrina
1641 524 1761 551 eiusdem
1789 523 1919 556 seraphici
1938 522 2059 548 Doctoris
2078 522 2216 554 indignum
2234 522 2316 548 conti-

1354 583 1459 606 nentem
1473 589 1498 605 11.

1427 633 1465 659 Ad
1493 634 1558 658 11300
1586 633 1661 665 plura
1686 631 1853 657 observanda
1882 633 1950 656 sunt.
1980 630 2173 661 Argumentum
2199 628 2315 660 primum

1356 689 1473 712 sumtum
1493 693 1523 712 ex
1546 695 1558 708 α
1572 685 1730 718 pervetustis
1753 684 1907 710 inventariis
1933 682 2108 708 Tudertinis»
2132 684 2203 707 certe
2226 681 2317 713 magni

1358 739 1483 765 momenti
1501 742 1582 770 esset,
1599 739 1621 764 si
1635 739 1682 764 ista
1696 737 1863 765 luculentum
1877 736 2055 762 testimonium
2072 742 2121 768 pro
2134 735 2318 761 Bonaventura

1359 794 1467 823 terrent;
1487 792 1533 818 sed
1553 793 1603 817 hoc
1616 791 1769 824 negandum
1788 793 1840 823 est,
1859 790 1921 823 quia
1935 789 2017 815 verba
2030 795 2123 814 eorum
2143 788 2221 813 aliam
2240 787 2319 813 inter-

1358 846 1532 878 pretationem
1560 845 1671 871 minime
1697 844 1847 870 excludunt.
1872 844 1909 869 De
1929 843 1969 869 his
1997 842 2149 868 inventariis
2168 842 2219 867 iam
2238 848 2319 873 supra

1359 907 1383 925 c.
1403 901 1428 926 1.
1447 899 1463 931 S
1482 900 1506 925 2.
1526 899 1604 925 locuti
1624 906 1717 924 sumus
1736 901 1762 924 et
1780 898 1929 930 expressius
1948 897 1975 923 in
1994 896 2191 928 Prolegomenis
2203 895 2235 921 ad
2257 897 2321 921 tom.

1360 954 1392 978 V.
1412 960 1434 978 c.
1456 954 1479 978 1.
1499 953 1556 986 §Q
1571 954 1617 978 csr.
1636 952 1714 978 etiam
1733 952 1823 977 Prodr.
1846 952 1895 977 col.
1917 950 1976 983 479,
1990 953 2016 976 01
2028 949 2187 976 Tudertinae
2200 948 2320 974 biblioth.

1360 1005 1500 1037 Catalogus
1523 1006 1611 1031 Leonii
1631 1012 1693 1037 pag.
1714 1005 1775 1031 185.
1802 1005 1841 1030 En
1864 1003 1946 1030 verba
1974 1003 2052 1036 primi
2072 1002 2208 1029 inventarii
2228 1002 2271 1027 sol.
2291 1001 2320 1026 l:

1365 1069 1377 1081 α
1391 1059 1493 1084 Postilla
1507 1058 1592 1084 fratris
1606 1059 1788 1083 Bonaventure
1800 1065 1880 1089 super
1893 1057 2060 1083 Ecclesiastes
2073 1056 2146 1090 (sict)
2161 1058 2187 1082 et
2196 1054 2323 1081 Gallensis

1362 1119 1442 1144 super
1455 1111 1641 1144 Apocalypsim
1652 1121 1677 1137 n.
1690 1111 1791 1137 Deinde
1803 1111 1847 1136 sol.
1859 1111 1888 1136 5:
1906 1120 1919 1133 τι
1930 1110 2031 1136 Postilla
2045 1110 2130 1136 fratris
2139 1110 2323 1135 Bonaventure

1362 1172 1442 1197 super
1461 1166 1572 1196 Lucam,
1592 1167 1617 1190 et
1642 1164 1745 1190 Postilla
1770 1170 1850 1196 super
1878 1164 2012 1195 Threnos,
2036 1162 2118 1188 libros
2138 1162 2271 1195 sapientie
2298 1163 2324 1187 et

1364 1218 1551 1250 Apocalypsim
1563 1228 1588 1243 ».
1608 1218 1636 1243 P.
1655 1217 1753 1243 Bonelli
1771 1217 1897 1250 supponit
1909 1217 1991 1242 verba
2010 1216 2108 1251 fratris
2126 1217 2324 1247 Bonaventure,

1364 1272 1455 1298 referri
1468 1272 1545 1298 etiam
1560 1272 1592 1297 ad
1607 1271 1749 1298 Postillam
1760 1278 1843 1305 super
1859 1270 1978 1297 Τὴν-01103
1991 1273 2049 1301 etc„
2068 1270 2114 1296 sed
2128 1277 2190 1296 curn
2205 1271 2270 1295 haec
2282 1269 2325 1295 deu

1365 1326 1513 1352 terminatio
1535 1326 1601 1351 inter
1620 1324 1733 1351 Postilla
1751 1327 1777 1350 et
1795 1331 1877 1358 super
1896 1325 1998 1351 Lucam
2017 1324 2101 1356 posita
2121 1324 2167 1355 sit,
2186 1326 2213 1349 et
2230 1322 2326 1349 deinde

1365 1385 1416 1404 vox
1442 1378 1554 1405 Postilla
1573 1380 1707 1410 repetatur
1714 1388 1721 1409 ;
1739 1378 1820 1404 salvis
1845 1378 1943 1410 regulis
1971 1377 2168 1410 grammaticae,
2190 1379 2242 1402 tres
2260 1376 2327 1402 aliae

1366 1432 1485 1464 postillae
1503 1432 1559 1458 sine
1577 1432 1626 1458 illis
1645 1431 1747 1463 verbis,
1767 1432 1794 1458 id
1812 1434 1852 1457 est
1865 1435 1893 1458 ut
1906 1438 2062 1464 anonymae,
2082 1431 2188 1463 intelligi
2199 1429 2327 1463 ¹possunt.

1438 1487 1538 1512 Verum
1557 1489 1609 1517 est,
1628 1486 1702 1518 quod
1721 1486 1747 1511 in
1766 1486 1848 1511 altero
1866 1485 2025 1518 inventario,
2044 1485 2118 1518 quod
2136 1485 2265 1517 scriptum
2289 1486 2328 1510 est

1368 1540 1433 1566 inter
1453 1547 1536 1565 annos
1556 1539 1718 1571 4334-4342,
1742 1539 1838 1571 positio
1866 1538 2011 1564 verborum
2040 1538 2125 1569 magis
2154 1539 2224 1563 favet
2251 1537 2330 1563 inter-

1369 1593 1506 1626 pretatIOni
1526 1593 1608 1618 Patris
1628 1592 1740 1624 Bonelli,
1766 1599 1828 1617 cum
1856 1593 1971 1623 legatur:
1994 1601 2006 1614 α
2020 1591 2122 1617 Postilla
2146 1592 2329 1617 Bonaventurc

1369 1655 1449 1680 super
1474 1649 1572 1673 Lucam
1590 1649 1616 1672 et
1633 1653 1714 1678 super
1733 1646 1866 1676 Threnos,
1886 1645 1911 1670 in
1931 1644 2011 1671 libros
2037 1645 2169 1677 Sapientie
2188 1648 2213 1670 et
2231 1646 2330 1677 Apoca-

1370 1701 1502 1733 lypsim»;
1521 1702 1608 1726 tamen
1628 1699 1706 1725 etiam
1727 1700 1791 1724 haec
1810 1705 1863 1723 non
1883 1698 2023 1724 excludunt
2034 1697 2189 1724 rationabile
2207 1697 2330 1729 dubium,

1370 1760 1426 1780 tum
1449 1754 1511 1788 quia
1530 1753 1612 1779 verba
1632 1760 1663 1778 ex
1693 1753 1780 1785 primo
1808 1752 1954 1778 inventario
1973 1752 2125 1784 transcripta
2146 1752 2280 1785 quandam
2306 1752 2331 1777 in

1370 1809 1501 1841 positione
1521 1807 1665 1834 verborum
1685 1814 1736 1833 non
1755 1808 1899 1839 perfectam
1920 1807 2129 1832 convenientiam
2149 1806 2221 1832 facile
2234 1806 2331 1832 habere

1370 1865 1493 1895 possunt,
1513 1864 1569 1887 tum
1588 1861 1649 1894 quia
1669 1860 1747 1886 etiam
1767 1860 1805 1886 sic
1823 1860 1907 1892 posita
1927 1860 1983 1886 sine
2002 1860 2124 1886 violentia
2144 1859 2252 1892 intelligi
2271 1866 2333 1892 pos-

1370 1919 1431 1943 sunt
1449 1916 1517 1942 sicut
1535 1916 1608 1942 locus
1632 1914 1710 1947 primi
1739 1914 1888 1940 inventarii.
1906 1928 1942 1933 —
1962 1915 2112 1946 Praeterea,
2131 1913 2210 1939 etiam
2229 1913 2252 1939 si
2270 1920 2333 1945 sup-

1371 1977 1515 2002 ponamus,
1541 1968 1661 1994 codicem
1681 1968 1753 1994 illum
1778 1968 1953 1994 Tudertinum
1973 1974 2004 1993 re·
2021 1974 2084 1993 vera
2103 1966 2228 1993 habuisse
2256 1967 2333 1992 talem

1371 2023 1605 2055 commentarium,
1634 2024 1714 2048 restat
1738 2028 1844 2054 semper
1867 2021 1986 2054 quaestio
2016 2021 2145 2054 indecisa,
2173 2023 2263 2046 utrum
2291 2020 2333 2046 1110

1373 2077 1449 2103 suerit
1468 2077 1539 2102 idem
1565 2083 1625 2101 cum
1652 2075 1751 2108 pluries
1779 2075 1865 2106 edito,
1885 2082 1919 2100 an
1938 2075 2025 2107 potius
2049 2075 2185 2108 diversus,
2204 2081 2265 2100 cum
2285 2080 2334 2100 nec

1372 2129 1548 2156 inventarium
1567 2129 1648 2155 addat
1666 2131 1754 2154 11013111
1775 2128 1968 2159 distinctivam,
1987 2135 2035 2154 nec
2054 2127 2133 2154 hodie
2145 2128 2172 2153 in
2185 2128 2228 2153 illa
2240 2127 2335 2153 biblio-

1372 2186 1447 2210 theca
1467 2183 1613 2209 inveniatur
1639 2181 1745 2215 aliquod
1770 2181 1979 2214 manuscriptum
1998 2181 2062 2208 editi
2090 2180 2280 2207 commentarii.
2299 2194 2335 2200 —

1373 2238 1472 2264 Eodem
1492 2238 1596 2263 defectu
1620 2235 1721 2261 laborat
1749 2235 1828 2261 etiam
1856 2242 1955 2267 parvus
1981 2235 2022 2261 1110
2045 2235 2178 2261 indiculus
2205 2241 2286 2268 quem
2305 2240 2336 2260 ex

1373 2283 1493 2319 Echardo
1512 2290 1701 2323 descripsimus
1720 2293 1785 2316 tom.
1798 2290 1841 2315 Vl.
1855 2290 2002 2322 Prolegom.
2016 2296 2077 2322 pag.
2090 2289 2139 2315 XV
2152 2289 2201 2315 col.
2216 2289 2240 2314 t.
2253 2296 2280 2314 n.
2294 2289 2337 2314 20.

1446 2346 1498 2372 Sed
1518 2345 1601 2371 maior
1620 2345 1708 2370 adhuc
1726 2344 1852 2370 solvenda
1872 2346 1911 2369 est
1929 2343 2077 2369 difficultas.
2096 2344 2176 2376 Nam,
2196 2345 2260 2369 teste
2279 2343 2337 2375 ipso

1374 2399 1480 2430 Bonelli,
1496 2399 1545 2424 «in
1566 2397 1763 2429 Waddingiano
1782 2396 1883 2428 syllabo
1902 2397 2066 2428 Scriptorum
2085 2396 2190 2422 Ordinis
2209 2396 2338 2421 Minorum

1377 2455 1449 2486 (pag.
1469 2452 1529 2484 148,
1548 2452 1591 2478 011.
1610 2453 1687 2477 Rom.
1701 2458 1742 2476 an.
1765 2450 1854 2483 ⁴806),
1873 2451 1939 2476 inter
1958 2457 2038 2482 opera
2057 2449 2167 2477 Ioannis
2181 2449 2337 2482 Pecchamt,

1376 2508 1403 2532 S.
1422 2507 1622 2532 Bonaventurae
1635 2504 1777 2538 aliquando
1790 2504 1919 2536 discipuli,
1932 2511 1962 2530 ex
1977 2504 2061 2529 Pitseo
2074 2505 2199 2529 retertur:
2213 2504 2245 2530 In
2260 2502 2339 2529 Thre-

1376 2566 1426 2586 nos
1445 2558 1573 2585 Ieremiae
1593 2557 1636 2584 lib.
1655 2564 1747 2590 unus,·
1769 2557 1883 2590 Tempus
1899 2555 2052 2590 plangendi
2074 2559 2133 2587 etc„
2152 2556 2225 2589 quod
2244 2556 2340 2588 ipsissi-

1378 2620 1452 2638 mum
1471 2615 1510 2638 est
1529 2612 1631 2638 initium
1651 2618 1682 2637 ac
1701 2610 1846 2643 praesentis
1862 2610 1890 2635 ‘in
1909 2609 2118 2636 Lamentationes
2137 2610 2262 2636 1010111130
2281 2610 2340 2635 Pro-

1378 2668 1473 2699 phetae
1492 2665 1679 2692 Commentarii
1693 2675 1718 2691 n.

1451 2721 1523 2746 113110
1543 2720 1721 2745 difficultatem
1741 2718 1837 2744 Bonelli
1856 2718 1959 2743 solvere
1984 2720 2093 2743 conatur
2112 2717 2233 2743 adductis
2252 2715 2341 2742 verbis

1380 2773 1491 2799 Echardi
1510 2772 1668 2806 (Scriptores
1687 2772 1751 2798 Ord.
1782 2771 1875 2797 Praed.
1894 2771 1911 2796 1.
1930 2777 1955 2802 p.
1977 2770 2028 2796 444
2048 2770 2096 2796 col.
2119 2770 2162 2803 l):
2185 2779 2198 2792 α
2218 2769 2342 2802 Quisquis

1380 2830 1483 2853 veteres
1502 2826 1618 2858 postillas
1638 2825 1776 2856 discutiet,
1801 2825 1904 2857 plures,
1924 2824 1983 2849 licet
2002 2823 2068 2849 inter
2086 2830 2115 2849 se
2132 2822 2341 2853 diversissimas,

1380 2881 1475 2911 eodem
1495 2880 1645 2912 scripturae
1658 2879 1788 2905 versiculo
1801 2878 1917 2910 incipere
1933 2877 2045 2909 reperiet
2056 2885 2080 2909 ¹²3
2099 2883 2152 2910 qua
2165 2875 2292 2902 sententia
2306 2882 2344 2901 se-

1381 2933 1498 2960 cundum
1512 2939 1541 2958 se
1557 2931 1694 2958 verissima
1705 2931 1814 2963 innixus,
1827 2931 1923 2956 Bonelli
1937 2932 2024 2963 putat,
2043 2930 2218 2955 Pecchamum
2229 2928 2315 2955 alium
2328 2935 2343 2954 a

1382 2985 1610 3013 Bonaventuriano
1621 2984 1839 3011 commentarium
1852 2984 1876 3009 in
1888 2984 2007 3009 Threnos
2020 2983 2164 3015 scripsisse,
2175 2983 2234 3009 licet
2247 2985 2344 3008 utrum—

1382 3045 1435 3071 que
1454 3037 1560 3069 incipiat
1577 3036 1671 3062 00110111
1690 3035 1833 3061 versiculo:
1855 3036 1969 3069 Tempus
1984 3034 2135 3069 planqe'ndi
2151 3038 2200 3061 etc.

1455 3090 1507 3116 Sed
1527 3091 1591 3115 haec
1609 3089 1704 3115 solutio
1732 3088 1833 3121 labefit,
1853 3088 1914 3122 quia
1943 3088 1968 3113 in
1996 3088 2055 3114 cod.
2079 3091 2168 3114 nostro
2187 3089 2207 3114 B
2228 3089 2272 3120 (de
2290 3094 2344 3122 quo

1384 3145 1462 3178 infra)
1478 3151 1532 3170 non
1545 3146 1646 3170 tantum
1660 3143 1709 3169 iste
1721 3142 1880 3174 versiculuS‚
1893 3141 1940 3167 sed
1954 3144 2023 3167 totus
2036 3142 2252 3173 commentarius,
2265 3142 2344 3168 salvis

1384 3197 1539 3225 lectionibus
1558 3197 1734 3228 variantibus,
1754 3196 1857 3229 penitus
1871 3195 1995 3221 convenit
2007 3202 2067 3221 cum
2081 3195 2123 3221 illo
2142 3195 2213 3221 edito
2225 3198 2252 3221 et
2263 3195 2345 3221 Bona-

1385 3255 1512 3277 venturae
1525 3251 1663 3283 inscripto,
1676 3252 1702 3275 et
1714 3252 1801 3275 tamen
1814 3249 1899 3281 prima
1909 3254 2003 3274 manus
2014 3247 2086 3273 istius
2099 3247 2197 3273 codicis
2209 3250 2344 3273 auctorem

1385 3304 1636 3339 nominat‘loannem
1658 3304 1847 3335 Pecchamum,
1870 3304 1899 3328 ut
1912 3301 1975 3327 111113
1989 3301 2005 3334 S
2018 3300 2042 3326 5.
2057 3303 2174 3333 notatur;
2189 3300 2259 3326 unde
2272 3306 2345 3332 prae-

1386 3359 1548 3385 sumendum
1558 3361 1609 3390 est,
1629 3358 1708 3383 etiam
1731 3357 1844 3383 Pitseum
1866 3356 1982 3382 locutum
2006 3361 2063 3380 0550
2080 3354 2113 3380 dc
2135 3354 2229 3381 codem
2249 3354 2344 3381 libello.
