2476 3921
744 219 939 253 COMMENT.
965 220 1002 252 lN
1028 219 1265 253 EVANGELIUM
1290 221 1406 254 LUCAE
1431 222 1463 254 C.
1489 222 1536 254 Vt.

240 311 305 344 53.-
318 310 423 344 Tertio
445 310 610 352 promittit¹
624 308 777 351 flentibus
793 308 903 341 risam
919 307 1113 341 iucundita-

7 376 66 402 aruo.
82 375 137 406 risus
150 364 191 398 tis
215 366 345 407 propter
365 363 603 406 poenitentiam
625 362 665 395 de
687 361 777 395 mato
800 361 936 404 calpae,
961 370 1034 394 cum
1058 360 1113 393 ad-

2 402 138 460 ,iffisstiffiff'f
149 417 269 460 iungit:
294 417 405 456 Beati,
429 416 489 460 qui
517 425 608 449 nanc
637 414 738 458 fletis,
770 415 889 448 scilicet
920 423 978 457 pro
1013 413 1113 446 matis

2 454 135 510 ³³³{i'iissff'd'
150 470 354 509 commissis,
383 470 466 503 sicut
501 469 666 508 Ezechias,
696 481 712 497 α
727 476 901 501 conversus
935 467 974 500 ad
1010 467 1112 509 parie-

150 527 212 557 tem
229 537 261 563 ι»,
290 536 305 552 α
322 523 409 557 flevit
431 523 509 556 fletu
534 531 688 565 magno»,
705 522 787 555 sicut
803 520 920 554 dicitur
937 520 1032 554 Isaiae
1056 520 1113 553 tri-

149 577 267 620 gesimo
290 581 401 610 octavo
415 577 444 616 ¹;
462 576 544 610 sicut
566 576 660 609 etiam
686 576 814 614 Petrus,
830 575 869 608 de
884 584 949 617 quo
965 574 1111 607 Matthaei

149 630 299 673 vigesimo
315 632 407 663 sexto
423 629 493 671 post
508 628 705 671 negationem
721 628 856 667 dicitur,
873 627 958 670 quod
979 640 994 656 α
1006 636 1114 669 egres-

150 693 205 717 sus
227 683 313 716 foras
335 683 423 716 flevit
445 691 551 715 amare
569 694 599 720 »;
624 685 655 715 et
688 682 741 715 Iob
773 681 952 724 trigesimo:
981 694 997 710 a
1014 682 1112 714 Versa

150 739 198 771 est
221 737 253 769 in
289 737 410 769 luctum
445 736 567 769 cithara
592 744 679 775 mea,
704 739 735 769 et
769 744 925 778 organum
949 743 1054 768 meum
1081 735 1111 767 in

26 798 130 822 secunda.
150 798 260 824 vocem
283 789 427 822 flentium
443 802 474 821 ».
492 807 535 813 -—
560 789 615 822 Vel
638 797 697 831 pro
716 788 863 831 peccatis
879 787 1010 827 alienis,
1030 787 1113 821 sicut

150 843 249 877 David
281 852 377 885 super
412 842 553 882 Saulem,
579 842 708 876 secundi
745 842 864 885 Regum
899 842 1042 884 primo2;
1067 841 1112 875 sic

149 896 295 930 Christus
317 905 414 938 super
438 896 625 936 Ierusalem,
649 895 731 928 infra
753 895 877 928 decimo
900 904 997 928 nono:
1027 908 1043 924 <x
1060 895 1111 927 Vi-

52 958 130 981 roma.
149 949 227 983 dens
249 949 426 989 civitatem,
461 949 548 983 flevit
583 958 680 992 super
714 958 783 982 eam
798 962 828 981 n.
853 967 896 972 —
920 949 993 982 Vel:
1021 958 1112 981 nanc

147 1003 251 1046 fletis,
275 1003 398 1037 ,scilicet
429 1012 487 1046 pro
518 1003 637 1036 alienis
667 1002 833 1041 miseriis;
858 1002 910 1035 lob
933 997 1124 1045 trigesimo:‘

154 1070 170 1086 α
187 1056 311 1090 Flebam
334 1056 492 1099 quondam
512 1065 609 1099 super
633 1065 671 1090 eo
694 1056 748 1099 qui
773 1056 910 1089 afflictus
933 1059 1002 1089 erat
1018 1068 1048 1095 »;
1073 1055 1112 1088 ad

150 1110 304 1143 Romanos
338 1110 541 1143 duodecimo:
583 1110 702 1144 «Flere
733 1119 806 1143 cum
842 1110 991 1143 flentibus
1008 1123 1038 1142 n.
1069 1128 1111 1134 --

42 1172 129 1212 Quarta·
151 1163 219 1197 Vel:
234 1164 301 1205 Qai
315 1173 405 1196 nunc
419 1163 515 1205 fletis,
531 1173 590 1206 pro
602 1164 779 1197 evadendis
791 1162 1025 1196 tentationibas
1040 1172 1112 1206 pec-

148 1221 291 1251 catorum
314 1221 345 1251 et
368 1217 522 1260 sequelis;
547 1217 688 1251 Indicum
704 1217 842 1251 secundo
855 1217 868 1237 ⁸
884 1217 1011 1256 dicitur,
1027 1217 1111 1260 quod

153 1284 169 1301 (ι
186 1281 258 1305 cuin
283 1272 468 1314 loqueretur
491 1271 530 1304 ad
563 1270 642 1304 filios
674 1271 768 1304 lsrael
802 1271 939 1313 Angelus
969 1270 1110 1309 Domini,

149 1325 353 1359 elevaverunt
376 1333 485 1358 vocem
509 1333 598 1357 suam
630 1328 661 1357 et
693 1324 860 1357 fleverunt.
891 1324 928 1356 Et
963 1327 1110 1357 vocatum

148 1381 197 1413 est
218 1387 331 1411 nomen
356 1377 413 1411 loci
442 1377 528 1411 illius
559 1378 646 1410 locus
678 1377 822 1410 flentium
842 1377 923 1410 sive
958 1377 1110 1419 lacryma-

149 1440 222 1465 rum
239 1445 269 1464 ».
297 1431 330 1463 Et
355 1431 406 1464 hic
430 1430 518 1463 locus
540 1434 588 1463 est
611 1433 713 1463 status
736 1429 911 1472 praesentis
933 1430 1033 1469 vitae,
1055 1429 1109 1472 qui

149 1494 211 1518 non
234 1484 330 1518 durat
361 1484 419 1517 nisi
450 1483 489 1517 ad
520 1493 620 1517 nanc.
655 1483 690 1516 Et
713 1483 783 1516 ideo
813 1483 905 1517 dicit:
932 1483 999 1524 Qui
1020 1492 1111 1515 nunc

150 1538 254 1581 fletis;
289 1538 409 1580 primae
440 1537 521 1570 Petri
557 1537 703 1579 prim04:
742 1550 757 1566 a
773 1536 928 1570 Modicum
964 1545 1050 1570 nunc
1085 1536 1110 1569 si

151 1594 275 1635 oportet
299 1583 478 1625 contristari
502 1590 534 1623 in
558 1590 654 1636 variis
679 1590 921 1629 tentationibus,
946 1592 982 1622 ut
997 1588 1112 1632 proba-

150 1646 194 1679 tio
229 1649 352 1679 vestrae
375 1644 447 1678 fidei
477 1644 578 1677 multo
607 1644 774 1686 pretiosior
808 1652 906 1683 auro,
937 1642 1022 1686 quod
1054 1651 1111 1684 per

43 1705 129 1733 Quinta·
149 1699 253 1742 ignem
277 1699 445 1741 probatur,
469 1698 649 1731 inveniatur
672 1697 703 1730 in
729 1697 852 1730 laudem
866 1710 882 1726 n
903 1700 962 1730 etc.
978 1715 1020 1720 —
1038 1696 1110 1729 Vel:

152 1753 218 1795 Qui
239 1762 329 1786 nanc
351 1752 455 1795 sletiS,
480 1752 598 1785 scilicet
614 1760 672 1794 pro
695 1751 858 1784 desiderio
881 1754 1110 1788 aeternorum,

150 1810 181 1840 et
196 1806 248 1839 hic
263 1809 311 1839 est
327 1805 477 1848 proprius
492 1805 684 1843 intellectus;
701 1803 823 1837 Ioannis
838 1803 960 1836 decimo
975 1805 1068 1836 sexto
1079 1802 1109 1834 ⁶:

157 1873 173 1889 (t
188 1859 352 1893 plorabitis
375 1862 406 1892 et
429 1858 544 1892 flebitis
566 1866 636 1896 vos,
662 1856 801 1889 mundus
823 1859 929 1889 autem
946 1855 1110 1898 gaudebit,

152 1922 206 1947 vos
228 1915 334 1946 autem
358 1910 635 1949 contristabimini;
660 1909 713 1943 sed
738 1909 865 1943 tristitia
888 1912 993 1942 vestra
1008 1912 1111 1942 verte-

150 1970 204 2000 tur
227 1966 258 1999 in
283 1965 432 2008 gaudium
450 1977 481 2004 ¹³3
506 1967 537 1998 et
571 1964 731 1997 Psalmus:
762 1976 777 1992 <t
793 1964 935 1997 Fuerunt
966 1963 1043 1995 mihi
1071 1962 1112 1996 la-

150 2028 276 2062 crymae
298 2027 386 2052 meae
409 2027 505 2061 panes
527 2017 578 2051 die
601 2026 637 2051 ac
661 2020 771 2056 nocte,
795 2017 873 2050 dum
896 2016 1012 2050 dicitur
1034 2016 1110 2049 mihi

152 2072 308 2116 quotidie:
328 2072 381 2105 Ubi
399 2074 446 2105 est
461 2072 546 2105 Deus
562 2074 637 2105 tuus
649 2074 685 2104 n?
702 2071 771 2104 Istis
793 2070 885 2104 dicit:
910 2070 985 2103 estis
1009 2069 1110 2109 beati,

150 2126 231 2170 qaia
255 2125 423 2164 ridebitis,
448 2125 515 2158 risu
550 2124 725 2167 spirituali,
756 2125 811 2167 qui
843 2124 985 2157 consistit
1008 2123 1039 2156 in
1063 2123 1112 2156 iu-

152 2179 311 2213 cunditate
334 2178 448 2212 mentis
479 2182 609 2221 propter
630 2177 925 2220 contemplationem
953 2177 1111 2216 veritatis;

155 2233 206 2266 lob
229 2232 382 2266 octavoss:
412 2232 628 2275 «implebitur
659 2232 728 2265 risu
762 2240 798 2264 os
828 2234 937 2269 tuum,
969 2233 1001 2263 et
1032 2229 1113 2263 labia

154 2289 210 2320 tua
242 2286 341 2320 iubilo
368 2298 403 2325 »;
440 2286 515 2329 quia
549 2285 665 2319 dicitur
701 2284 943 2318 Proverbiorum
979 2283 1112 2316 ultimo:

158 2353 175 2369 (ι
189 2339 351 2373 Fortitudo
375 2339 523 2383 etdecor
547 2339 768 2372 indumentum
791 2337 877 2376 eius,
898 2340 929 2370 et
950 2335 1065 2370 ridebit
1081 2336 1112 2369 in

151 2393 202 2427 die
225 2393 394 2427 novissimo
410 2406 440 2425 ».
466 2393 518 2426 Hic
542 2392 627 2425 risus
649 2391 710 2424 erit
737 2390 777 2424 de
808 2390 898 2424 bonis
921 2389 1059 2432 propriis
1082 2393 1114 2422 et

152 2446 280 2486 alienis,
305 2446 479 2480 secundum
503 2445 588 2488 quod
611 2445 728 2478 dicitur
755 2444 794 2477 de
817 2445 894 2477 Sara
916 2443 1045 2477 Genesis
1067 2443 1113 2476 vi—

150 2500 271 2542 gesimo
294 2499 414 2542 primo:
444 2512 459 2528 «
476 2499 581 2532 Risum
607 2498 679 2531 fecit
701 2497 778 2530 mihi
803 2497 972 2536 Dominus,
996 2500 1027 2530 et
1043 2496 1113 2539 qui-

151 2561 289 2595 cumque
312 2551 465 2591 audierit,
489 2551 661 2585 corridebit
683 2550 759 2584 mihi
777 2564 808 2583 υ.

225 2739 233 2755 ¹
254 2741 329 2767 Vers.
350 2742 373 2767 2.
394 2744 419 2767 et
438 2741 463 2766 3.
482 2754 517 2760 —
533 2741 591 2767 Duo
610 2747 685 2774 seqq.
703 2740 752 2767 loci
771 2744 833 2767 sunt
850 2741 939 2767 Matth.
958 2740 1005 2772 26,
1023 2739 1069 2766 75.
1089 2742 1115 2765 et

154 2785 198 2812 lob
218 2786 327 2817 30,-3t.

224 2828 235 2844 ²
254 2830 330 2856 Vers.
350 2830 391 2856 47.
410 2843 446 2849 -
465 2829 582 2856 Subinde
601 2830 746 2862 allegantur
770 2830 833 2856 Luc.
859 2830 906 2861 49,
929 2829 978 2861 443
1002 2828 1046 2855 lob
1066 2829 1114 2860 30,

152 2874 197 2901 25.
216 2878 242 2901 et
260 2875 337 2901 Rom.
359 2875 405 2906 42,
425 2874 468 2901 45.

225 2917 236 2933 ³
256 2919 330 2945 Vers.
353 2919 379 2946 4.
397 2914 466 2946 ets.

225 2961 237 2977 ⁴
256 2963 331 2989 Vers.
350 2964 377 2990 6.
397 2970 473 2997 seqq.

225 3005 237 3021 ⁶
256 3008 331 3034 Vers.
351 3008 396 3041 24),Ι
413 3011 474 3041 post
490 3014 571 3042 quem
590 3008 631 3034 ΡΒ.
651 3007 694 3039 44,
713 3007 737 3033 4.

226 3049 237 3065 ⁰
257 3052 331 3078 Vers.
351 3053 380 3078 24
394 3061 400 3079 =
413 3053 502 3080 Donec
514 3052 660 3087 impleatur
677 3051 737 3079 risa
756 3055 804 3078 etc.
818 3065 854 3072 —
866 3052 1018 3086 Sequuntur
1037 3052 1115 3078 Prov.

155 3097 200 3129 34,
219 3096 261 3122 25.
281 3099 306 3122 et
324 3097 389 3123 Gen.
409 3097 455 3128 24,
475 3097 501 3123 6.

226 3138 237 3155 ’
257 3141 289 3167 Ut
307 3140 371 3167 dicit
389 3142 429 3167 ΡΒ.
457 3141 503 3173 48,
530 3141 577 3173 43,
597 3144 658 3174 post
677 3147 755 3175 quem
775 3141 793 3166 1.
812 3139 871 3167 Cor.
891 3141 921 3172 3,
940 3141 970 3173 3,
998 3140 1043 3167 nbi
1067 3147 1116 3173 pro

154 3184 306 3212 seeundum
325 3184 459 3212 hominem
478 3185 556 3213 codd.
569 3184 719 3212 secundum
738 3184 874 3217 homines,
893 3188 919 3211 et
931 3185 1008 3212 Eccli.
1027 3185 1074 3218 28,
1088 3186 1114 3211 3.

227 3226 238 3242 ⁸
257 3228 333 3255 Vers.
349 3228 375 3255 7.
395 3242 430 3249 —
450 3229 573 3263 Sequitur
593 3229 679 3256 Matth.
701 3229 748 3262 40,
767 3230 810 3255 22.

227 3271 239 3287 ⁹
257 3273 332 3300 Vers.
352 3274 394 3300 22.
412 3287 448 3294 -
466 3273 585 3300 Subinde
605 3274 750 3306 allegantur
769 3274 856 3300 Matth.
876 3273 918 3305 40,
938 3274 982 3300 35.
1002 3277 1028 3300 et
1047 3274 1090 3300 36.

229 3315 251 3332 ¹⁰
273 3317 346 3343 Vers.
366 3317 414 3349 44,
433 3321 494 3351 post
516 3325 597 3352 quem
617 3319 665 3345 lac.
685 3319 715 3350 2,
736 3318 766 3345 -7,
785 3321 811 3344 et
829 3318 915 3344 Matth.
934 3318 964 3350 5,
991 3318 1033 3350 ⁴⁴3
1060 3316 1117 3344 lsai.

158 3361 189 3393 5,
209 3361 257 3387 20:
279 3361 347 3396 Vae!
366 3361 413 3395 qui
431 3361 517 3389 dicitis
536 3362 635 3389 malum
655 3361 755 3389 bonum
774 3364 800 3389 et
819 3361 919 3388 bonum
938 3362 1046 3388 malum.

230 3405 250 3421 ¹²
271 3406 346 3433 Vers.
366 3406 408 3432 44.
427 3420 463 3427 -
480 3408 632 3440 Sequuntur
659 3408 676 3433 Ι.
700 3406 759 3433 Cor.
781 3407 804 3438 l,
825 3406 873 3432 30:
893 3405 947 3439 Qm'
965 3405 1054 3440 factus
1079 3407 1119 3433 est

2078 225 2138 256 149

1268 309 1319 341 54.
1345 309 1447 350 (Vers.
1472 312 1549 349 22).
1575 312 1693 352 Quarto
1719 321 1793 345 vero
1819 313 1971 354 promittit
1984 314 2138 355 patienti-
2159 322 2245 351 Qqano.
2262 328 2304 342 m..

1178 361 1240 394 bas
1263 362 1528 405 magnitudinem
1551 365 1710 397 mercedis
1727 370 1855 407 propter
1872 365 2085 398 tolerantiam
2103 367 2138 398 in
2152 348 2304 404 ἓᾶιῐῖᾱιῗαῗῖιῖἓ

1178 414 1267 447 mato
1286 424 1428 461 poenae,
1453 424 1525 448 cum
1550 416 1669 449 subdit:
1696 418 1793 450 Beati
1822 418 1933 456 eritis,
1970 428 2046 451 eum
2082 428 2139 450 vos
2153 401 2218 421 ‘mm‘

1177 467 1307 500 oderint
1330 466 1492 507 homines,
1517 469 1635 502 scilicet
1658 473 1811 511 quantum
1830 471 1867 503 ad
1885 476 1999 503 aetam
2016 472 2137 504 cordis.
2158 479 2235 501 ornum
2251 481 2271 500 in

1176 520 1301 562 Optime
1324 520 1416 553 dicit:
1440 520 1605 559 homines,
1631 522 1661 554 id
1685 527 1733 555 est
1756 523 1905 556 animales
1929 528 1960 556 et
1984 524 2138 561 bestiales,
2180 506 2251 527 Ναὶ

1176 574 1276 616 quia⁷
1307 587 1321 603 α
1339 574 1450 614 homo,
1475 584 1547 607 cum
1572 575 1602 607 in
1628 575 1747 608 honore
1770 581 1869 615 esset,
1887 586 1947 609 non
1967 578 2138 615 intellexit:

1177 631 1378 669 comparatus
1400 632 1448 660 est
1483 628 1631 661 iumentis
1664 628 1883 670 insipientibus
1906 633 1938 662 et
1961 630 2072 662 similis
2097 631 2139 662 fa-

1177 684 1247 714 ctus
1270 684 1317 714 est
1340 681 1401 714 illis
1419 693 1448 720 ²>;
1473 681 1593 723 primae
1616 681 1655 714 ad
1679 682 1857 715 Corinthios
1889 683 1997 719 tertio:
2030 697 2044 710 α
2062 683 2138 716 Cum

1176 734 1217 767 sit
1239 734 1322 767 inter
1345 743 1401 767 vos
1425 735 1511 767 zelus
1534 738 1565 767 et
1589 735 1763 774 contentio,
1781 745 1883 768 nonne
1909 737 2049 769 carnales
2066 737 2140 769 estis

1175 791 1207 821 et
1230 788 1404 821 secundum
1429 788 1587 821 hominem
1612 789 1780 821 ambulatis
1797 792 1833 821 n?
1858 789 2032 822 secundum
2051 790 2138 822 illum

1176 841 1294 874 scilicet
1318 841 1495 880 hominem,
1519 841 1557 874 de
1581 850 1645 883 quo
1676 841 1793 874 dicitur
1826 842 2028 875 Ecclesiastici
2057 843 2139 884 vige-

1177 894 1256 927 simo
1279 897 1408 927 octavo:
1431 908 1446 923 «
1463 895 1559 928 Homo
1584 895 1710 927 homini*
1727 898 1832 928 servat
1848 896 1926 928 iram
1944 909 1974 927 ».
2002 896 2049 928 lsti
2068 896 2139 928 ode-

1177 951 1253 981 runt
1284 956 1393 981 servos
1423 948 1560 987 Christi;
1597 948 1840 981 proverbiorum
1869 949 1990 982 decimo
2015 949 2139 981 nonoss:

1182 1013 1198 1029 «
1214 1001 1339 1034 Fratres
1362 1001 1498 1034 hominis
1521 1001 1671 1044 pauperis
1700 1001 1837 1034 oderunt
1867 1011 1939 1034 eum
1957 1014 1987 1040 »;
2014 1006 2045 1034 et
2069 1003 2141 1034 Mat-

1178 1054 1261 1087 thaei
1284 1054 1423 1087 decimo:
1454 1068 1469 1083 «
1486 1054 1579 1087 Eritis
1602 1054 1674 1087 odio
1697 1055 1845 1088 omnibus
1870 1055 2050 1087 hominibus
2068 1064 2140 1097 pro-

1177 1111 1247 1150 pter
1271 1117 1386 1141 nomen
1411 1117 1515 1141 [neum
1531 1122 1560 1140 ».
1591 1127 1632 1132 —
1664 1109 1824 1150 Quantum
1858 1109 1895 1141 ad
1920 1113 2034 1140 actum
2067 1118 2140 1150 ope·
2158 1116 2217 1141 nem.
2234 1117 2254 1138 in

1177 1161 1227 1194 ris
1258 1161 1361 1194 addit:
1398 1163 1434 1194 Et
1462 1172 1543 1195 cum
1576 1163 1809 1204 separaverint
1842 1171 1915 1201 vos,
1940 1156 2139 1195 scilicet'eii-
2172 1149 2244 1170 ⁰¹³m'

1176 1215 1286 1248 ciendo
1302 1219 1396 1248 extra
1411 1224 1594 1258 synagogas,
1607 1216 1780 1262 secundum
1794 1216 1872 1248 illud
1886 1216 2007 1249 loannis
2019 1225 2101 1248 nono
2111 1215 2138 1247 ⁹:

1181 1281 1197 1296 α
1214 1268 1276 1301 lam
1300 1269 1558 1310 conspiraverant
1583 1268 1704 1308 ludaei,
1730 1275 1782 1308 ut,
1808 1270 1832 1302 si
1858 1270 1929 1312 quis
1953 1278 2024 1302 eum
2043 1269 2138 1302 confi-

1176 1324 1299 1354 teretur
1323 1321 1502 1360 Christum,
1527 1325 1621 1354 extra
1655 1331 1843 1364 synagogam
1880 1323 1970 1355 fieret
1987 1336 2017 1360 »,
2042 1327 2072 1355 et
2097 1322 2135 1354 ita

1176 1374 1207 1407 in
1232 1374 1440 1416 opprobrium
1477 1378 1681 1416 separaretur
1708 1375 1748 1408 ab
1775 1376 1859 1414 aliis,
1883 1376 1977 1408 etiam
2000 1375 2039 1407 ab
2064 1375 2138 1416 ipsis

1175 1428 1371 1466 domesticis,
1395 1427 1661 1470 quemadmodum
1678 1428 1878 1469 praedicabat
1896 1429 2046 1461 Dominus
2064 1438 2137 1460 ven-

1176 1485 1285 1514 turum
1310 1490 1378 1514 esse
1394 1481 1460 1514 suis
1476 1480 1652 1522 discipulis3
1677 1482 1822 1514 Matthaei
1847 1482 1983 1515 decimo:
2014 1494 2029 1509 «
2047 1481 2137 1519 Veni,

1176 1543 1324 1577 separare
1340 1535 1499 1568 hominem
1526 1527 1679 1568 adversus
1703 1539 1824 1577 patrem
1851 1544 1944 1568 suum
1963 1547 1992 1574 »;
2014 1539 2045 1568 et
2070 1538 2139 1577 post

1176 1588 1342 1621 subditur:
1372 1601 1387 1617 α
1407 1588 1442 1621 Et
1465 1588 1581 1622 inimici
1607 1589 1742 1621 hominis
1770 1589 1929 1622 domestici
1955 1589 2024 1621 eius
2041 1602 2070 1620 ».
2097 1606 2138 1611 —

1176 1641 1336 1683 Quantum
1359 1641 1398 1675 ad
1422 1646 1535 1674 actam
1559 1642 1629 1674 oris
1653 1642 1833 1684 subiungit:
1860 1643 1899 1674 Et
1921 1641 2303 1684 eaeprobi·ave-1tem.inore·

1176 1695 1265 1734 rint,
1290 1704 1346 1728 vos
1369 1695 1589 1734 conviciando,
1614 1699 1643 1728 et
1665 1695 1816 1728 eiecerint
1844 1705 1962 1728 nomen
1995 1700 2138 1726 vestra-m

1168 1752 1338 1792 tanquam
1351 1748 1491 1787 malam,
1508 1748 1720 1787 detrahendo;
1738 1749 1858 1790 primae
1874 1748 1955 1781 Petri
1973 1752 2086 1790 quarto
2097 1747 2138 1778 1⁰:

1180 1814 1197 1830 α
1213 1802 1243 1834 Si
1267 1802 1505 1843 exprobramini
1530 1802 1562 1834 in
1586 1802 1712 1835 nomine
1736 1802 1872 1841 Christi,
1897 1802 1977 1835 beati
2003 1801 2092 1834 eritis
2109 1813 2139 1838 »ς

1177 1854 1275 1888 iacobi
1300 1855 1457 1888 secundo:
1487 1868 1502 1883 «ι
1521 1855 1578 1897 ipsi
1617 1855 1836 1897 blasphemant
1867 1863 1980 1888 nomen
2006 1854 2140 1888 bonum.

1176 1907 1260 1951 quod
1285 1908 1466 1940 invocatum
1488 1912 1535 1941 est
1559 1917 1656 1950 super
1680 1917 1736 1941 vos
1749 1922 1780 1947 n,
1804 1909 1880 1951 quia
1896 1907 2016 1940 bonam
2033 1907 2139 1940 dicunt

1175 1961 1313 2000 malum,
1338 1960 1511 1994 secundum
1529 1961 1606 1993 illud
1623 1961 1768 1994 Matthaei
1793 1962 1922 2004 quinto:
1952 1974 1968 1990 «
1984 1961 2143 1994 Dixerunt

1175 2024 1267 2048 omne
1284 2015 1401 2047 malum
1417 2014 1586 2047 adversum
1604 2023 1659 2047 vos
1675 2015 1861 2048 mentientes
1872 2041 1880 2054 ‚
1898 2018 2026 2057 propter
2043 2023 2093 2046 me
2109 2027 2139 2045 n.

1177 2087 1218 2092 —
1244 2068 1280 2101 Et
1302 2068 1377 2110 quia
1399 2068 1567 2109 Martyrem
1590 2076 1653 2100 non
1673 2067 1747 2100 facit
1763 2068 2006 2110 qualiscumque
2023 2076 2139 2109 poena,
2159 2074 2236 2104 Debita
2251 2079 2297 2100 pas-

2157 2102 2225 2122 sionis
2235 2106 2305 2121 causa.

1176 2122 1236 2155 nisi
1258 2121 1340 2160 adsit
1361 2120 1466 2154 debita
1489 2129 1602 2159 causa,
1627 2120 1697 2153 ideo
1712 2120 1836 2153 subdit:
1856 2121 1997 2162 Propter
2015 2120 2138 2152 Filium

1177 2174 1340 2213 hominis;
1353 2174 1473 2217 primae
1486 2173 1567 2206 Petri
1581 2173 1674 2206 tertio
1688 2174 1730 2205 11:
1749 2185 1765 2201 α
1779 2173 1809 2205 Si
1822 2173 1899 2215 quid
1911 2173 2054 2215 patimini
2069 2181 2140 2214 pro-

1177 2232 1247 2271 pter
1264 2228 1431 2266 iustitiam,
1448 2227 1529 2260 beati
1547 2226 1635 2260 eritis
1651 2240 1682 2266 ι»,
1698 2226 1730 2259 id
1746 2230 1794 2259 est
1809 2230 1938 2268 propter
1959 2225 2140 2263 Christum,

1182 2295 1197 2310 ιε
1207 2281 1262 2324 qui
1272 2281 1373 2314 factus
1381 2284 1429 2314 est
1436 2280 1527 2313 aDeo
1536 2280 1687 2322 sapientia
1695 2279 1853 2312 etiustitia
1861 2283 1892 2312 et
1901 2278 2124 2312 sanctificatio»
2134 2304 2139 2309 .

1178 2334 1214 2367 Et
1230 2335 1289 2368 hac
1305 2334 1425 2367 iustitia
1441 2333 1557 2376 triplici
1576 2333 1700 2366 volebat
1715 2333 1779 2375 pati
1796 2333 1928 2370 Paulus;
1946 2333 2079 2365 Actuum
2097 2331 2142 2363 vi-

1179 2388 1297 2431 gesimo
1314 2387 1433 2430 primo:
1455 2399 1471 2416 «
1488 2386 1551 2430 Ego
1567 2396 1629 2420 non
1646 2387 1747 2420 solum
1771 2386 1910 2428 alligari,
1927 2385 1980 2418 sed
1997 2389 2028 2418 et
2043 2384 2139 2417 occidi

1178 2445 1308 2485 paratus
1324 2450 1395 2474 sum
1411 2441 1443 2474 in
1460 2441 1628 2481 Ierusalem
1650 2444 1780 2483 propter
1804 2440 1964 2472 Christum
1992 2439 2092 2471 lesum
2110 2452 2139 2470 n.

1267 2495 1319 2527 55.
1345 2494 1446 2536 (Vers.
1469 2494 1547 2532 23).
1568 2494 1618 2526 Sic
1634 2493 1787 2535 patientes
1803 2492 1949 2526 laetificat
1974 2501 2029 2535 per
2051 2501 2141 2534 prae·
2160 2499 2265 2521 Gaudium
2281 2505 2306 2520 ex

1177 2548 1291 2585 mium,
1316 2555 1388 2580 curn
1420 2546 1544 2579 subdit:
1581 2546 1728 2579 Gaudete
1741 2546 1767 2565 ¹²
1790 2551 1821 2579 et
1849 2545 2010 2578 exsultate
2018 2557 2028 2583 ,·
2053 2555 2140 2583 ecce,
2175 2531 2288 2580 ῗὲεἶῖἑῗῗῗ

1176 2737 1253 2764 nobis
1271 2736 1406 2771 sapimztia
1424 2743 1441 2763 a
1461 2736 1515 2763 Deo
1535 2737 1560 2762 et
1578 2734 1682 2762 iustitia
1695 2738 1760 2766 etc,
1774 2738 1799 2761 et
1818 2735 1874 2761 Act.
1894 2735 1936 2766 21,
1962 2735 2001 2760 13.
2021 2734 2144 2765 August„

1179 2783 1297 2808 Enarrat.
1316 2782 1342 2808 in
1363 2782 1403 2808 Ps.
1423 2781 1466 2807 34.
1485 2788 1564 2807 serm.
1584 2781 1609 2806 2.
1630 2787 1653 2806 n.
1676 2780 1721 2805 43ε
1741 2780 1827 2805 Poena
1848 2779 1939 2805 similis
1958 2783 1997 2805 est
2022 2778 2099 2804 honis
2119 2777 2142 2804 el

1179 2829 1264 2855 malis.
1283 2830 1372 2862 ltaque
1385 2829 1510 2860 Martyres
1523 2834 1575 2854 non
1590 2827 1650 2853 facit
1667 2832 1765 2859 poena,
1778 2826 1825 2851 sed
1839 2832 1927 2851 causa.
1944 2825 2008 2851 Nam
2026 2825 2047 2851 si
2061 2832 2143 2857 poena

1179 2874 1304 2906 Martyres
1323 2872 1534 2904 faceret,-0mnia
1555 2871 1657 2898 metalla
1671 2869 1827 2903 Martyribus
1840 2871 1916 2902 plena
1932 2873 2033 2901 essent,
2054 2876 2145 2895 omnes

1179 2922 1287 2945 catenae
1306 2918 1431 2950 Martyres
1449 2918 1596 2949 traherent,
1615 2922 1720 2946 omnes,
1739 2914 1783 2948 qni
1804 2914 1892 2947 gladio
1918 2914 2055 2946 feriuntur,
2075 2920 2146 2939 coro-

1179 2965 1310 2988 narentur.
1325 2963 1393 2994 Ergo
1407 2961 1572 2990 discernatur
1585 2966 1672 2986 causa.
1684 2960 1765 2985 Nemo
1778 2958 1862 2985 dicat:
1875 2958 1937 2991 quia
1951 2958 2049 2990 patior,
2063 2957 2146 2983 iustus

1179 3014 1249 3033 sum.
1269 3007 1336 3040 Quia
1356 3006 1427 3039 ipse,
1446 3005 1491 3039 qui
1513 3005 1600 3038 primo
1618 3011 1713 3037 passus
1731 3007 1784 3035 est,
1804 3009 1853 3035 pro
1867 3002 1963 3028 iustitia
1985 3009 2080 3034 passus
2099 3006 2145 3027 est.

1179 3051 1240 3077 Ideo
1260 3058 1384 3083 magnam
1411 3050 1591 3082 exceptionem
1616 3048 1718 3075 addidit
1736 3047 1833 3082 [Matth.
1854 3047 1886 3079 5,
1907 3047 1930 3071 9.
1952 3045 2034 3079 seq.]:
2057 3045 2142 3073 Beati.

1181 3095 1229 3130 qui
1243 3094 1458 3130 persecutionem
1473 3093 1620 3128 paciuntur
1635 3094 1750 3126 propter
1769 3091 1899 3118 iustitiam
1924 3094 1972 3117 etc.
1993 3089 2044 3116 Ctr.
2071 3091 2146 3115 Enar-

1179 3143 1228 3166 rat.
1248 3140 1273 3165 in
1293 3140 1333 3165 Ps.
1356 3139 1396 3165 43.
1422 3146 1447 3164 n.
1468 3139 1492 3164 4.
1509 3141 1534 3163 et
1559 3137 1584 3162 in
1609 3137 1650 3163 ΡΞ.
1670 3137 1713 3162 68.
1738 3143 1817 3162 serm.
1847 3137 1868 3161 l.
1894 3142 1919 3161 n.
1941 3135 1969 3167 9;
1990 3135 2027 3160 ΙΙΙ.
2057 3138 2144 3160 contra

1179 3183 1300 3211 Crescon.
1321 3183 1445 3209 Donatist.
1466 3189 1488 3208 c.
1510 3181 1552 3207 47.
1566 3189 1592 3207 n.
1611 3181 1653 3206 54.
1667 3181 1735 3207 Vide
1753 3180 1832 3206 etiam
1847 3180 1873 3205 S.
1887 3180 1999 3210 Bonav.‚
2019 3179 2059 3204 W.
2076 3179 2144 3204 Seni.

1180 3229 1206 3255 d.
1227 3228 1252 3254 4.
1271 3235 1298 3260 p.
1318 3228 1345 3254 ll.
1365 3226 1428 3253 dub.
1451 3227 1475 3252 4.
1489 3240 1523 3245 —-
1536 3225 1645 3252 Inferius
1663 3232 1712 3257 pro
1729 3225 1761 3251 Et
1779 3224 1832 3251 hac
1845 3223 1946 3258 triplici
1960 3222 2062 3249 iustitia
2076 3221 2144 3256 [scil.

1180 3272 1282 3304 cordis,
1301 3272 1388 3304 operis
1407 3274 1434 3297 et
1452 3269 1520 3305 oris]
1541 3270 1600 3296 vat.
1618 3268 1671 3296 Sic.

1252 3315 1274 3331 ¹⁸
1294 3317 1406 3348 Vulgata
1426 3315 1499 3342 addit
1517 3314 1546 3341 in
1564 3313 1613 3341 illa
1631 3313 1681 3346 die,
1703 3317 1728 3339 et
1741 3313 1853 3339 subinde
1867 3316 1927 3345 post
1939 3318 1997 3338 ecce
2010 3310 2145 3342 subiungit

1180 3360 1260 3388 enim
1279 3374 1315 3380 —
1333 3361 1391 3386 Duo
1411 3366 1484 3392 seqq.
1505 3358 1555 3385 loci
1574 3360 1634 3384 sunt
1652 3358 1728 3383 Rom.
1753 3358 1800 3389 42,
1821 3357 1862 3382 42.
1887 3359 1912 3381 et
1931 3356 1986 3381 Act.
2007 3355 2035 3387 5,
2057 3354 2097 3380 41.
2111 3368 2145 3372 -

1181 3404 1289 3431 inferius
1308 3411 1357 3436 pro
1376 3410 1411 3430 ex
1430 3401 1607 3430 retributione
1621 3401 1679 3427 vat.
1698 3400 1730 3428 ob
1748 3399 1950 3427 retributionem
1966 3398 2072 3425 bonam.
