2476 3921
151 584 279 606 Notandum.

160 849 282 870 Accusatio.

166 1115 284 1142 Inquisitio.

176 1749 286 1779 Sententia

193 1781 274 1802 iniqua.

302 279 366 310 570

299 364 516 403 condemnari,
540 363 631 405 quia,
650 365 685 395 ut
708 362 824 394 dicitur
841 362 974 394 Actuum
999 360 1149 402 vigesimo
1165 359 1257 401 quin-

300 423 331 452 to
347 421 367 457 ¹,
393 431 409 446 α
426 427 488 450 non
513 420 560 450 est
576 415 770 449 consuetudo
787 414 931 447 Romanis
947 413 1097 447 damnare
1120 412 1258 454 aliquem

300 472 475 510 hominem,
508 462 692 512 priusquam
717 468 743 501 is
774 467 828 510 qui
861 470 1046 505 accusatur,
1078 468 1258 508 praesentes

300 527 414 559 habeat
437 527 635 557 accusatores
663 523 831 564 locumque
858 520 1040 554 defendendi
1065 519 1196 560 accipiat
1220 518 1259 550 ad

300 578 456 612 abluenda
486 577 664 610 crimina».
699 575 767 608 Ideo
800 574 973 607 secundum
1006 572 1086 605 iuris
1116 571 1257 604 ordinem

300 636 372 666 ante
395 632 540 665 lationem
566 629 737 663 sententiae
762 636 888 661 necesse
912 630 959 659 est
976 625 1163 668 praecedere
1187 633 1259 666 par-

301 687 381 719 tium
412 684 683 722 convocationem,
712 682 829 724 quibus
860 679 1056 717 convocatis,
1088 677 1259 720 proceden-

300 740 376 773 dum
401 742 457 772 est.

394 793 442 824 18.
468 791 569 831 (Vers.
598 789 671 829 14).
698 788 767 820 ideo
790 786 954 819 subditur:
983 784 1074 817 Dixit
1096 784 1142 816 ad
1165 783 1260 815 illos:

307 844 475 878 Obtulistis
510 841 593 875 mihi
624 841 711 873 lianc
742 839 905 872 hominem
936 837 1036 881 quasi
1065 839 1262 869 avertentem

300 897 485 941 populum,
522 894 686 928 recolendo
722 891 989 928 accusationem,-
1023 890 1107 922 unde
1141 889 1263 921 Ioannis

304 952 424 985 decimo
440 953 548 982 octavo
562 949 588 979 ²:
609 961 624 975 «
642 946 703 979 Nisi
728 948 809 978 esset
825 945 876 977 bic
900 943 1090 981 malefactor,
1111 952 1174 974 non
1199 945 1263 974 tra-

304 1004 491 1037 didissemus
514 1010 586 1034 eum
612 1000 666 1032 tibi
684 1012 713 1030 ».
1221 991 1225 994 ’

396 1057 445 1087 19.
471 1055 571 1096 (Vers.
608 1053 657 1084 14.
694 1051 767 1092 15.)
794 1050 829 1082 Et
853 1052 922 1091 post
953 1048 1183 1081 accusationem
1216 1056 1264 1081 se-

304 1110 414 1152 quitur
446 1106 634 1150 inquisitio,
666 1104 735 1136 ideo
766 1103 892 1136 subdit:
930 1103 970 1134 Et
1001 1111 1085 1139 ecce,
1122 1110 1178 1143 eqo
1213 1110 1265 1132 co-

303 1172 381 1195 ram
404 1160 495 1193 vobis
519 1160 747 1200 interroyans,
771 1156 900 1188 nullam
924 1164 1066 1187 causam
1095 1153 1206 1186 inveni
1228 1153 1264 1185 in

303 1215 431 1248 homine
455 1214 516 1246 isto
539 1222 578 1245 ea:
604 1210 671 1249 liis,
696 1209 875 1253 inquibus
898 1218 974 1241 eum
998 1207 1175 1240 accusatis
1202 1206 1265 1239 Sed

304 1278 403 1312 neque
419 1267 572 1299 Herodes
598 1264 686 1297 Nam
704 1262 821 1296 remisi
842 1271 900 1294 vos
917 1261 962 1293 ad
978 1261 1072 1293 illum
1086 1260 1115 1298 ⁸,
1135 1263 1165 1292 et
1180 1269 1264 1297 ecce,

303 1321 388 1354 nihil
411 1320 550 1362 diynum
568 1312 676 1350 xmorte
700 1320 813 1348 actum
837 1318 884 1347 est
911 1314 956 1352 ei,
980 1312 1172 1346 ostendendo
1196 1312 1265 1344 eius

304 1373 528 1410 innocentiam,
552 1379 649 1412 quam
672 1368 806 1401 ostendit
830 1376 886 1409 per
910 1365 1175 1399 examinationem
1192 1374 1265 1406 pro*

305 1427 405 1468 priam
429 1428 460 1457 et
490 1424 632 1456 alienam:
657 1421 742 1454 Unde
773 1420 923 1452 Glossa4:
953 1432 968 1447 «
994 1419 1110 1450 Pilatus
1130 1418 1265 1457 fatetur,

306 1488 362 1511 nec
386 1486 418 1510 se
443 1485 499 1509 nec
532 1474 682 1508 Herodem
707 1473 825 1515 aliquid
848 1473 880 1505 in
912 1471 1095 1509 occidendo,
1121 1471 1169 1503 vel
1194 1471 1266 1503 illu-

304 1532 406 1565 dendo
429 1530 552 1563 Christo
577 1528 731 1561 invenisse
749 1541 778 1559 n.
803 1527 878 1559 Nam
902 1529 933 1559 et
957 1529 1042 1558 recte
1074 1525 1116 1557 illi
1142 1533 1266 1566 compe-

307 1586 344 1618 tit
368 1584 444 1619 illud
469 1583 625 1616 Psalmi⁵:
656 1582 759 1623 «Igne
783 1589 832 1613 me
852 1579 1054 1618 examinasti,
1079 1582 1110 1611 et
1133 1588 1195 1611 non
1219 1581 1267 1611 est

305 1639 431 1671 inventa
455 1638 486 1669 in
510 1645 560 1668 me
584 1635 732 1677 iniquitas
748 1648 778 1666 ».

394 1692 445 1724 20.
472 1690 571 1732 (Vers.
592 1689 666 1729 16.).
692 1688 728 1720 Et
751 1687 826 1729 quia
842 1687 935 1720 talem
960 1686 1104 1728 iniquum
1128 1689 1176 1718 est
1192 1694 1266 1718 con-

304 1744 462 1782 demnari,
494 1743 563 1783 ideo
588 1741 709 1774 subdit:
744 1740 964 1773 Emendatum
995 1749 1073 1781 erqo
1097 1738 1192 1771 illum
1216 1738 1267 1770 di-

304 1798 450 1836 mittam,
475 1794 682 1838 praedicendo
706 1803 838 1836 aequam
855 1793 1061 1831 sententiam;
1087 1792 1164 1824 haec
1181 1792 1265 1825 enim

305 1851 458 1884 sententia
482 1853 548 1883 erat
572 1848 700 1882 ferenda
731 1847 905 1880 secundum
938 1846 1106 1885 iustitiam,
1130 1854 1172 1878 ex
1204 1855 1268 1887 quo

305 1904 512 1937 accusabatur
537 1903 707 1940 innocens:
737 1900 791 1933 sed
815 1900 932 1932 Pilatus
955 1899 1015 1932 hoc
1039 1908 1101 1932 non
1133 1898 1269 1931 audebat

305 1959 428 1995 facere,
464 1956 518 1989 sed
557 1955 729 1997 quaerebat
762 1963 925 1986 assensum
962 1953 1061 1995 partis
1097 1952 1266 1991 adversae,

306 2010 489 2048 ostendens,
514 2008 599 2051 quod
624 2017 684 2040 non
714 2010 837 2049 poterat
860 2007 1002 2039 damnari
1027 2007 1127 2044 iuste;
1159 2015 1199 2038 ne
1223 2009 1268 2037 ta-

306 2073 377 2096 men
402 2065 528 2105 possent
560 2061 710 2104 conqueri
734 2061 772 2093 de
804 2060 988 2093 remissione
1022 2058 1152 2097 iudicis,
1177 2058 1269 2091 offert

306 2116 501 2159 punitionem
525 2114 661 2147 accusati
693 2114 725 2146 in
748 2114 807 2146 hoc
836 2112 918 2155 quod
943 2112 1035 2150 dicit,
1060 2120 1093 2144 se
1117 2111 1269 2144 emenda-

307 2173 396 2207 tum,
414 2168 443 2200 id
460 2171 506 2200 est
523 2167 724 2208 flagellatum,
741 2166 898 2198 dimittere
911 2165 1000 2198 velle.
1017 2164 1103 2197 Unde
1119 2164 1227 2197 Glossa
1240 2164 1268 2196 ⁶:

313 2221 461 2262 «Flagris
495 2224 526 2252 et
561 2219 722 2258 ludibriis,
758 2222 912 2261 quantum
948 2218 1081 2257 iubetis,
1115 2217 1268 2256 afficiam,

309 2273 478 2306 dummodo
502 2282 541 2305 ne
565 2272 676 2305 sitiatis
700 2272 866 2304 innoxium
883 2271 1114 2313 sanguinem»;
1139 2280 1181 2303 ex
1206 2280 1270 2312 quo

308 2330 438 2369 apparet
463 2325 670 2368 repugnantia
686 2324 951 2357 condemnationis
974 2327 1006 2357 et
1028 2324 1105 2366 legis
1120 2324 1268 2357 iustitiae.

867 273 1060 306 COMMENT.
1085 273 1122 305 IN
1145 271 1384 305 EVANGELIUM
1408 270 1525 303 LUCAE
1551 270 1582 301 C.
1608 269 1708 301 XXIII.

1412 360 1465 390 21.
1482 358 1583 399 (Vers.
1605 357 1679 397 17.).
1697 356 1839 389 Secundo
1855 359 2009 398 quantum
2031 356 2069 388 ad
2093 365 2284 398 repuynan-
2302 363 2350 384 Fuit
2364 363 2432 391 impia.

1323 411 1404 444 tiam
1430 410 1715 443 condemnationis
1737 413 1768 441 et
1789 409 2038 441 consuetudinis
2058 409 2137 450 piae
2153 408 2285 441 subiun-

1322 465 1381 506 git:
1407 463 1541 496 Necesse
1564 466 1675 495 autem
1699 461 1839 494 habebat
1862 461 2025 494 dimittere
2048 461 2094 494 eis
2113 471 2175 503 per
2199 461 2285 494 diem

1322 516 1444 560 festum
1468 526 1585 549 unum.
1611 516 1690 549 Haec
1721 519 1826 548 autem
1851 515 2021 548 necessitas
2044 524 2107 547 non
2139 514 2286 547 manabat

1323 580 1364 604 ex
1389 570 1543 612 imperiali
1567 570 1652 608 iure,
1677 569 1731 602 sed
1754 577 1796 601 ex
1812 567 2056 607 consuetudine;
2080 567 2165 605 uncle
2190 567 2286 599 Raba-

1324 624 1427 657 nus⁷x
1457 637 1472 652 «ι
1490 624 1554 656 Non
1586 622 1757 664 imperialis
1782 621 1858 664 legis
1881 620 2058 659 sanctione,
2094 611 2153 653 5611
2182 629 2287 652 annua

1324 676 1443 719 gentis,
1468 676 1519 708 cui
1543 685 1599 718 per
1617 675 1690 707 talia
1713 675 1836 716 plaeere
1852 673 2026 716 gaudebat,
2050 672 2193 705 devictus
2214 681 2287 705 con-

1325 730 1491 763 suetudine
1509 743 1538 761 n.
1556 729 1635 761 Haec
1659 732 1764 761 autem
1782 726 1976 761 consuetudo
2000 729 2068 759 erat
2084 726 2116 758 in
2139 725 2190 758 die
2209 725 2288 758 festo

1326 783 1460 824 paschae
1495 782 1527 814 in
1568 781 1750 814 memoriam
1787 779 1979 813 liberationis
2013 778 2120 821 populi
2160 778 2199 811 de
2232 779 2288 810 Ae-

1326 835 1468 877 gyptiaca
1495 835 1664 873 servitute;
1690 833 1773 866 unde
1798 831 1918 866 loannis
1941 832 2061 865 decimo
2081 834 2190 864 octavo
2206 830 2219 850 ⁸
2243 830 2289 863 di-

1327 888 1424 926 citur,
1449 887 1534 929 quod
1562 900 1577 916 «
1594 887 1676 920 dixit
1708 887 1840 919 Pilatus:
1875 886 1925 918 Est
1957 889 2063 918 autem
2095 883 2289 917 consuetudo

1328 941 1434 980 vobis,
1467 944 1502 973 ut
1534 950 1633 973 unum
1664 940 1818 973 dimittam
1844 939 1933 972 vobis
1965 939 1997 971 in
2029 938 2161 980 pascha;
2193 937 2290 970 vultis

1328 1004 1420 1036 ergo,
1445 997 1481 1026 ut
1504 994 1658 1026 dimittam
1684 993 1773 1026 vobis
1796 1002 1901 1035 regem
1928 992 2115 1025 Iudaeorum
2134 994 2176 1023 n?

1419 1049 1470 1079 ⁵22.
1496 1047 1597 1087 <Vers.
1626 1046 1701 1087 18.).
1728 1046 1763 1078 Et
1786 1047 1863 1079 haec
1883 1045 2000 1078 oblatio
2023 1048 2092 1078 erat
2116 1043 2290 1077 secundum

1329 1109 1449 1132 morem
1473 1099 1673 1138 clementiae,
1699 1099 1752 1132 sed
1781 1100 1861 1132 hanc-
1886 1101 2012 1132 recusat
2035 1097 2226 1140 perversitas
2243 1097 2291 1130 Iu-

1328 1153 1480 1186 daeorum
1504 1153 1536 1184 in
1560 1152 1701 1191 Christo;
1726 1155 1758 1185 et
1781 1152 1850 1185 ideo
1873 1152 1971 1184 addit:
1998 1150 2207 1184 Exclamavit
2230 1160 2293 1183 au-

1330 1210 1392 1238 tem
1415 1205 1541 1238 simul⁹
1574 1205 1734 1238 universa
1759 1205 1875 1244 turba,
1906 1205 2040 1237 dicens:
2080 1204 2164 1237 Tolle
2187 1202 2291 1242 hunc,

1329 1263 1358 1292 et
1381 1259 1507 1291 dimitte
1529 1258 1623 1291 nobis
1648 1258 1852 1291 Barabbam.
1878 1259 1940 1291 Hoc
1963 1262 2069 1291 autem
2086 1258 2175 1300 petiit
2198 1257 2294 1290 turba

1329 1313 1367 1345 ad
1385 1312 1617 1354 suggestionem
1635 1312 1813 1353 principum
1831 1315 1862 1344 et
1878 1311 2073 1350 scribarum;
2097 1311 2182 1344 unde
2198 1311 2293 1344 Marci

1329 1366 1451 1398 decimo
1468 1365 1579 1407 quinto
1593 1365 1632 1397 ¹⁰:
1656 1378 1672 1393 <t
1687 1365 1848 1398 Pontifices
1861 1368 1965 1397 autem
1979 1365 2216 1397 concitaverunt
2229 1368 2295 1398 tur-

1330 1419 1418 1458 bam,
1443 1422 1479 1451 ut
1503 1418 1602 1460 magis
1626 1418 1797 1451 Barabbam
1814 1418 1987 1463 dimitteret
2010 1418 2054 1451 eis
2071 1431 2100 1450 n.
2127 1418 2162 1450 Et
2178 1418 2210 1450 in
2234 1418 2294 1451 hoc

1329 1476 1460 1514 apparet
1476 1481 1586 1505 eorum
1604 1471 1788 1510 erudelitas,
1805 1472 1880 1513 quia
1897 1472 2036 1513 piissimo
2053 1472 2184 1504 Domino
2203 1481 2294 1514 prae-

1330 1526 1474 1558 tulerunt
1497 1524 1718 1567 impiissimum
1745 1524 1942 1557 homicidam.

1374 1581 1377 1583 “
1420 1579 1472 1611 23.
1498 1579 1599 1619 (Vers.
1628 1579 1703 1620 19.).
1729 1578 1799 1611 ideo
1823 1577 1946 1611 subdit:
1974 1578 2041 1618 Qui
2065 1582 2138 1610 erat
2157 1581 2295 1620 propter

1329 1632 1521 1665 seditionem
1545 1632 1718 1676 quandam
1741 1630 1872 1674 factam
1895 1631 1932 1664 in
1955 1631 2087 1664 civitate
2106 1635 2134 1663 et
2158 1630 2294 1664 homici-

1330 1686 1426 1719 dium
1449 1685 1575 1718 missus
1599 1686 1635 1718 in
1658 1695 1842 1724 carcerem,
1867 1688 1898 1718 et
1922 1685 1965 1717 ita
1988 1689 2057 1718 erat
2080 1675 2247 1718 seditiosus
2262 1688 2294 1718 et

1331 1739 1503 1778 homicida,
1528 1739 1658 1781 insuper
1682 1742 1713 1771 et
1737 1739 1833 1778 latro,
1858 1739 1941 1771 sicut
1963 1739 2079 1771 dicitur
2103 1738 2225 1771 Ioannis
2241 1738 2294 1771 de-

1332 1793 1413 1826 cimo
1444 1796 1555 1825 octavo
1569 1794 1612 1824 11:
1643 1806 1658 1821 «
1675 1793 1748 1825 Erat
1771 1796 1877 1825 autem
1902 1792 2059 1825 Barabbas
2082 1792 2164 1824 latro
2184 1806 2214 1824 n.
2247 1792 2295 1824 Ex

1333 1856 1397 1889 quo
1421 1850 1552 1888 apparet
1584 1846 1771 1879 ludaeorum
1804 1845 2010 1888 perversitas,
2035 1845 2110 1887 quia
2141 1845 2294 1878 Salvatori

1331 1901 1553 1942 praetulerunt
1569 1900 1752 1933 seditiosum
1765 1926 1772 1938 ‚
1789 1899 1979 1932 benefactori
1996 1899 2099 1932 furem
2125 1902 2156 1932 et
2171 1899 2291 1932 auctori

1333 1954 1414 1986 vitae
1438 1953 1660 1995 praetulerunt
1692 1953 1786 1985 vitam
1820 1952 2011 1991 homicidae;
2044 1952 2127 1985 unde
2158 1953 2293 1985 Actuum

1333 2006 1444 2039 tertio:
1474 2019 1489 2034 «
1507 2006 1568 2039 Vos
1592 2009 1735 2039 sanctum
1754 2009 1785 2038 et
1808 2005 1927 2038 iustum
1952 2005 2088 2047 negastis
2104 2009 2135 2038 et
2158 2006 2294 2048 petistis,

1333 2059 1439 2092 virum
1463 2059 1652 2092 homicidam
1676 2058 1785 2091 donari
1804 2058 1910 2098 vobis;
1935 2062 2096 2092 auctorem
2122 2068 2197 2092 vero
2214 2059 2296 2091 vitae

1333 2112 1534 2145 interfecistis
1549 2126 1580 2144 ».
1607 2112 1643 2145 Et
1675 2112 1752 2144 haec
1776 2112 1836 2144 fuit
1860 2121 1984 2144 summa
2008 2112 2167 2154 impietas,
2200 2112 2296 2144 vitam

1333 2165 1466 2198 reddere
1489 2165 1679 2198 destructori
1704 2168 1735 2198 et
1757 2165 1884 2198 auferre
1908 2165 2003 2198 vitam
2028 2165 2103 2198 fonti
2130 2165 2226 2198 totius
2250 2165 2296 2197 vi-

1333 2221 1401 2257 tae;
1418 2218 1502 2251 unde
1518 2217 1677 2251 Glossa¹22
1700 2231 1715 2246 «
1732 2218 1790 2260 Qui
1808 2227 1866 2260 pro
1883 2218 1951 2251 Iesu
1968 2218 2121 2251 latronem
2132 2244 2140 2257 ,
2157 2227 2216 2260 pro
2232 2218 2297 2250 Sal-

1334 2275 1442 2304 vatore
1466 2271 1714 2311 interfectorem,
1747 2280 1805 2313 pro
1836 2271 1945 2304 datore
1969 2271 2051 2309 vitae
2082 2271 2297 2313 ademptorem

1334 2324 1498 2366 elegerunt
1523 2324 1636 2357 merito
1660 2325 1793 2357 salutem
1818 2324 2024 2366 perdiderunt
2048 2327 2079 2357 et
2102 2324 2197 2357 vitam
2215 2337 2246 2356 ›>.

382 2500 390 2514 ¹
412 2501 485 2526 Vers.
501 2501 542 2531 16,
557 2499 601 2525 ubi
615 2499 634 2525 C
647 2500 666 2524 D
678 2500 698 2524 ll
713 2500 835 2525 omittunt
848 2499 991 2530 hominem,
1002 2499 1063 2524 etin
1078 2498 1129 2524 tine
1142 2498 1271 2524 ACDEII

310 2547 400 2578 legunt
419 2544 619 2578 utI-parqanda
638 2543 670 2577 [E
690 2543 883 2577 expurganda,
904 2544 925 2568 H
944 2543 1088 2577 abluenda]
1106 2545 1271 2577 peccata.—

311 2590 437 2622 Superins
457 2597 504 2621 pro
523 2591 627 2615 actores
648 2589 667 2613 Α
678 2588 697 2614 C
708 2589 729 2613 D
745 2589 880 2614 auctores.

383 2633 392 2648 ²
414 2634 488 2659 Vei-s.
508 2634 550 2658 30,
564 2647 598 2651 ——·
611 2625 700 2658 Glossa
721 2631 863 2665 ordinaria
884 2631 924 2664 (ex
938 2632 1018 2664 Beda)
1037 2632 1061 2656 in
1082 2633 1143 2657 Luc.
1164 2633 1210 2664 ⁴23,
1226 2632 1271 2657 Μῑ

312 2680 442 2711 Quantum
463 2678 579 2703 studium
599 2677 745 2703 dimittendi
761 2677 843 2701 lesum
859 2676 952 2701 Pilatus
966 2676 1073 2706 habeat,
1093 2677 1204 2701 attende.
1225 2677 1273 2701 Pri-

312 2730 355 2748 1no
375 2723 424 2747 illis
443 2721 628 2747 accusantibus
642 2721 717 2751 dicit,
731 2728 757 2746 se
778 2720 839 2745 nihil
859 2726 953 2745 causae
968 2720 992 2744 in
1011 2727 1042 2744 eo
1062 2720 1208 2750 invenisse;
1228 2720 1273 2745 de-

312 2767 373 2792 inde
393 2766 515 2791 tamenin
530 2766 633 2797 incepto
654 2763 853 2797 persistentibus
872 2764 949 2788 mittit
967 2764 999 2788 ad
1020 2764 1163 2794 Herodem,
1188 2768 1215 2789 ut
1234 2770 1273 2788 ex-

312 2811 409 2842 ploret,
430 2816 461 2835 au
483 2810 523 2835 ille
542 2809 638 2841 aliquid
660 2809 764 2834 sceleris
785 2809 809 2833 in
828 2815 860 2833 eo
879 2808 997 2832 invenire
1018 2808 1113 2839 possit,
1138 2815 1170 2832 an
1189 2808 1273 2833 dimit-

313 2855 421 2880 tendum
446 2855 577 2879 decernat.
604 2854 722 2886 Denique
742 2853 854 2878 llerodis
881 2853 967 2883 agnita
995 2853 1140 2883 voluntate,
1166 2859 1214 2877 nec
1237 2853 1274 2877 in-

312 2901 389 2924 vento
409 2899 434 2923 in
455 2899 510 2924 lesu
531 2898 659 2928 facinore,
679 2896 762 2929 plebis
776 2896 928 2922 sententiam
949 2896 1065 2928 quaerit,
1084 2896 1126 2922 cui
1147 2891 1227 2921 unum
1249 2896 1273 2921 in

313 2944 410 2968 Pascha
439 2946 541 2975 oportet
569 2942 673 2967 dimitti.
703 2942 797 2966 lterum
824 2941 902 2966 etiam
923 2941 998 2965 tertio
1018 2941 1110 2965 volens
1129 2940 1273 2970 dimittere,

314 2987 462 3018 interrogat.
484 2987 535 3012 Sed
554 2989 652 3019 quanto
670 2986 801 3011 curiosius
819 2984 950 3010 dimittere
973 2985 1088 3017 quaerit,
1114 2985 1274 3010 criminosio-

313 3038 354 3056 res
374 3032 405 3057 ad
427 3038 517 3056 necem
536 3031 592 3055 eins
612 3030 718 3066 invenit.

384 3075 394 3089 ³
414 3075 496 3101 Codd.
518 3076 536 3100 Α
548 3075 566 3100 (j
578 3075 629 3099 Dll
649 3074 721 3100 Nam
741 3073 845 3099 remisit
863 3073 941 3099 illum
960 3073 996 3099 acl
1014 3080 1063 3099 nos
1084 3073 1112 3107 [C
1124 3073 1145 3098 D
1164 3072 1200 3099 ad
1213 3079 1272 3103 vos,

314 3121 340 3145 Β.
361 3119 457 3145 Albert.
478 3119 513 3145 ad
532 3118 595 3152 me].

384 3162 394 3176 ⁴
415 3164 516 3188 Scilicet
535 3162 677 3188 ordinaria
697 3162 738 3194 (ex
758 3162 854 3194 Beda):
869 3162 906 3187 Ad
921 3161 1131 3194 exprobrandam
1151 3160 1274 3186 duritiam

314 3208 469 3243 ludaeorum
489 3208 530 3233 vel
551 3207 685 3239 gentilium
707 3208 800 3232 fatetur
819 3207 940 3232 Pilatus...
960 3207 1103 3238 invenisse,
1117 3206 1163 3231 sed
1177 3205 1275 3230 alienae

314 3251 473 3278 crudelitatis
492 3251 650 3277 clamoribus
670 3251 877 3283 obtemperasse.

385 3296 395 3310 ⁵
416 3297 508 3321 Psalm.
533 3296 577 3326 16,
599 3297 622 3321 3.

386 3339 396 3354 ‘³
416 3341 515 3372 Nempe
543 3339 724 3366 interlinearis
749 3340 789 3372 (ex
816 3339 895 3371 Beda)
921 3340 946 3364 in
977 3340 1039 3365 Luc.
1064 3339 1112 3369 23,
1141 3338 1186 3370 16;
1212 3337 1274 3363 ibid.

315 3385 402 3410 Glossa
424 3383 564 3410 ordinaria
586 3384 626 3414 (ex
646 3383 775 3415 Ambros„
797 3384 828 3408 X.
846 3384 872 3408 in
891 3384 953 3409 Luc.
971 3391 993 3409 c.
1014 3384 1056 3408 23.
1076 3390 1102 3407 n.
1122 3382 1188 3413 97.):
1216 3382 1276 3407 Pila-

317 3436 356 3454 tus
375 3429 487 3454 absolvit
500 3430 598 3460 lesum,
618 3435 697 3461 quem
718 3428 812 3460 probat
825 3428 1004 3459 innocentem,
1023 3427 1070 3453 scd
1084 3430 1117 3452 'ut
1140 3426 1275 3458 impleren-

1337 2502 1379 2525 tur
1399 2499 1560 2531 Scriptnrae,
1580 2499 1693 2525 absolvit
1711 2499 1819 2532 quidem
1840 2499 1949 2529 indicio,
1969 2506 2048 2531 quem
2070 2502 2155 2524 tamen
2170 2499 2299 2531 crucifigit

1337 2544 1470 2575 mysterio.

1408 2587 1417 2601 ⁷
1438 2587 1506 2613 Libr.
1528 2588 1590 2613 Ylll.
1609 2587 1757 2613 Comment.
1771 2587 1795 2612 in
1816 2587 1901 2612 Manli.
1923 2586 1970 2617 27,
1991 2587 2032 2618 15,
2054 2587 2099 2612 ubi
2118 2587 2236 2620 sequitur
2255 2588 2298 2613 nc-

1337 2633 1411 2663 dam,
1432 2633 1474 2657 Vl.
1497 2633 1521 2657 in
1541 2633 1602 2657 Luc.
1623 2633 1669 2663 23,
1700 2633 1742 2662 17,
1762 2632 1806 2664 qui
1833 2639 1882 2663 pro
1901 2630 2019 2658 devictus
2045 2632 2090 2664 (ita
2110 2632 2188 2658 ctiam
2208 2632 2299 2657 Glossa

1338 2675 1520 2702 interlinearis
1541 2676 1566 2700 in
1586 2676 1648 2700 Luc.
1667 2676 1714 2706 23,
1737 2676 1789 2708 17.)
1810 2675 1943 2700 substituit
1963 2674 2109 2702 devinctas.

1409 2719 1419 2734 θ
1440 2721 1514 2745 Vers.
1534 2720 1582 2750 39;
1595 2721 1641 2744 csr.
1662 2720 1686 2744 S.
1702 2720 1815 2750 Bonav.‚
1835 2719 1973 2745 Comment
1995 2720 2019 2745 in
2041 2721 2110 2745 loan.
2123 2727 2146 2746 c.
2165 2721 2202 2745 l8.
2216 2727 2242 2746 n.
2255 2720 2298 2745 7-2.

1409 2763 1420 2778 ⁰
1439 2764 1522 2790 Codd.
1541 2763 1560 2789 C
1573 2764 1592 2788 l)
1602 2764 1654 2788 (111
1674 2764 1795 2788 omittunt
1809 2763 1899 2789 simul.
1914 2778 1949 2783 —
1963 2765 2089 2796 Superius
2104 2772 2151 2796 pro
2171 2764 2218 2790 scd
2230 2764 2300 2790 hauc

1338 2810 1447 2835 recusat
1466 2809 1487 2833 D
1507 2808 1567 2834 licet
1585 2808 1654 2834 hanc
1673 2810 1820 2834 recusaret.

1411 2852 1432 2866 ¹⁰
1452 2853 1525 2877 Vers.
1547 2853 1592 2883 11,
1613 2859 1661 2883 pro
1680 2860 1734 2885 qno
1754 2851 1812 2877 Vat.
1826 2853 1919 2885 allegat
1938 2854 2025 2879 Mattli.
2042 2853 2088 2885 27,
2104 2854 2151 2878 20:
2166 2853 2299 2885 Principes

1339 2899 1426 2921 autem
1447 2896 1612 2921 sacerdotum
1633 2899 1658 2921 et
1677 2897 1792 2922 seniores
1806 2900 1992 2928 persuaserunt
2006 2897 2110 2929 populis
2121 2916 2128 2928 ‚
2142 2900 2170 2923 ut
2182 2901 2300 2929 peterent

1340 2939 1495 2965 Barabbam.

1412 2984 1431 2998 ¹¹
1454 2985 1528 3009 Vers.
1550 2983 1590 3009 40,
1604 2998 1639 3003 —
1653 2984 1770 3010 Subinde
1789 2986 1915 3017 allegatur
1935 2986 1989 3011 Act.
2011 2986 2039 3017 3,
2061 2985 2098 3011 14.
2118 2993 2174 3018 seq.
2187 3000 2221 3005 —
2241 2987 2300 3011 Inse-

1339 3029 1393 3054 rius
1412 3036 1460 3060 pro
1479 3028 1562 3054 vitam
1581 3028 1729 3055 homicidae
1749 3028 1799 3062 (ita
1819 3029 1880 3062 CD)
1902 3031 1921 3055 11
1935 3026 2183 3061 homicidam‚'Vat.
2208 3029 2300 3056 virum

1340 3071 1510 3098 homicidam.

1413 3115 1433 3129 ¹²
1454 3116 1556 3141 Scilicet
1574 3115 1716 3142 ordinaria
1737 3118 1778 3149 (ex
1792 3117 1872 3150 Beda)
1893 3118 1918 3142 in
1932 3118 1995 3142 Luc.
2009 3117 2056 3147 23,
2077 3117 2118 3142 18.
2139 3117 2186 3142 Pro
2206 3116 2300 3143 datore

1341 3159 1409 3185 vitae
1430 3160 1450 3185 D
1469 3162 1590 3186 creatore
1615 3160 1696 3192 ritae,
1711 3165 1736 3186 et
1750 3168 1798 3193 pro
1813 3161 1996 3194 ademptorem
2015 3160 2033 3186 C
2044 3161 2065 3185 D
2084 3160 2300 3194 condemplorcm

1342 3204 1399 3236 (cfr.
1412 3204 1449 3229 Du
1461 3204 1557 3236 Cange,
1567 3205 1726 3230 Glossarium
1737 3208 1800 3231 eun:
1813 3205 1984 3238 Condemptio
1996 3211 2044 3237 pro
2055 3204 2252 3237 Condemnatio)
2262 3225 2268 3235 ,
2279 3205 2300 3230 G

1340 3250 1543 3281 peremptorem.
1564 3249 1688 3281 August,
1709 3249 1733 3275 in
1754 3250 1822 3275 loan.
1843 3250 1942 3280 Evang.
1961 3248 2067 3274 mlle.
2087 3256 2112 3274 n.
2136 3249 2144 3273 l
2157 3257 2163 3273 :
2177 3248 2242 3274 Cum
2263 3249 2299 3274 lu-

1341 3292 1397 3317 daei
1412 3293 1580 3323 clamassent,
1594 3300 1645 3318 non
1660 3295 1743 3319 lesum
1757 3293 1807 3319 sibi
1820 3301 1834 3318 a
1849 3293 1928 3318 Pilato
1941 3292 2036 3318 dimitti
2049 3293 2115 3318 velle
2129 3300 2175 3324 per
2189 3294 2299 3324 pascha,

1340 3337 1386 3363 sed
1412 3337 1557 3362 uarabbam
1584 3338 1724 3369 latronem,
1750 3345 1804 3363 non
1823 3338 1999 3368 salvatorem,
2024 3337 2071 3362 sed
2094 3337 2298 3367 interfectorem,

1341 3389 1391 3407 non
1405 3382 1524 3407 datorem
1543 3381 1625 3413 vitae,
1645 3382 1690 3407 sed
1711 3382 1908 3413 ademptorem,
1922 3383 1986 3407 tanc
2004 3380 2179 3414 apprehendit
2196 3381 2298 3407 Pilatus

1340 3426 1428 3452 lesum
1447 3427 1472 3452 et
1490 3425 1639 3459 slaqellam't
1656 3425 1738 3459 [loan.
1754 3426 1800 3458 19,
1826 3425 1873 3459 l.].

2310 1051 2413 1072 Recusant

2323 1077 2401 1099 ludaei.

2310 1583 2341 1605 De
2350 1583 2442 1605 Bai-abba

2447 408 2449 434 1
