2476 3921
28 563 119 593 Collatia·
127 568 165 590 pn-

16 616 17 620 *
51 592 139 612 testatis.

17 882 100 910 Triplex
115 887 158 904 me-

42 908 137 931 moriale.

8 2055 81 2078 *Huius
87 2061 166 2078 memo-

32 2083 90 2113 rialis
103 2089 152 2110 pro-

40 2111 142 2137 prietates

45 2138 141 2163 quatuor.

754 199 948 232 COMMENT.
975 199 1012 232 lN
1036 198 1276 232 EVANGELtUM
1300 199 1418 232 LUCAE
1442 200 1474 232 C.
1499 200 1585 233 xxti.
2105 204 2164 236 547

180 289 314 322 sext01:
343 301 358 317 α
377 288 481 328 Panis,
506 297 601 331 quem
633 297 691 331 ego
722 288 820 326 daho,
845 296 919 321 caro
954 296 1025 320 mea
1047 290 1095 320 est
1112 299 1142 326 »ς

179 342 255 384 quia
278 342 515 375 Sacramentum
541 342 600 375 hoc
616 345 665 375 est
680 350 804 374 summe
820 337 1013 383 gratuitum,
1031 349 1144 373 secun-

178 395 254 428 dum
279 395 357 428 illud
380 395 526 428 Matthaei
550 395 688 428 decimo:
719 408 734 423 «
750 394 854 427 Gratis
869 394 1047 436 accepistis,
1072 403 1143 436 gra-

180 448 220 482 tis
242 448 314 482 date
331 462 361 481 ιι.

269 502 321 534 27.
347 501 489 535 Secundo
513 505 667 544 quantum
693 500 732 533 ad
748 500 953 546 collationem
972 499 1144 542 potestatis

179 552 302 588 subdit:
327 554 397 587 Hoc
419 553 521 597 facite
537 554 572 587 in
588 564 698 587 meam
721 553 1087 591 commemorationem;
1111 553 1142 585 in

178 617 242 651 quo
265 608 319 641 dat
342 608 388 641 eis
411 610 614 650 potestatem,
638 611 675 640 ut
698 607 814 640 faciant
844 606 929 649 quod
953 610 985 639 et
1008 606 1075 648 ipse
1098 606 1142 639 se-

178 662 238 701 cit;
262 671 299 695 ac
322 671 380 704 per
404 662 464 695 hoc
488 662 581 695 etiam
606 661 832 699 sacerdotalem
856 660 1000 693 ordinem
1017 660 1062 693 eis
1079 663 1143 693 tra-

178 715 272 754 didit,
297 715 386 758 quasi
410 715 493 748 dicat
516 715 594 748 illud
611 714 733 747 loannis
748 714 870 747 decimo
887 714 1021 746 tertio2:
1051 726 1066 742 «
1081 714 1143 746 Ex-

178 769 317 811 emplum
342 769 412 802 dedi
437 768 543 808 vobis,
568 771 622 808 ut,
647 767 914 811 quemadmodum
931 776 989 810 ego
1013 767 1082 807 feci,
1099 768 1143 800 ita

178 826 210 855 et
233 831 289 855 vos
320 822 487 856 faciatis».
513 822 653 855 Insinuat
681 822 794 861 etiam,
818 825 925 865 quare
954 821 1070 854 debent
1097 821 1142 854 fa-

177 884 267 915 cere,
291 875 409 909 scilicet
432 875 464 908 in
488 875 681 908 memoriale
704 875 890 908 dominicae
914 874 1053 913 mortis,·
1077 874 1142 917 pri-

176 937 246 962 mae
261 928 300 961 ad
317 928 495 962 Corinthios
511 928 678 962 undecimo
691 928 718 961 ⁸:
740 941 756 956 α
769 928 1037 970 Quotiescumque
1054 937 1142 960 man—

176 981 332 1015 ducabitis
363 991 475 1024 panem
513 982 599 1015 hunc
630 984 662 1015 et
688 981 817 1015 calicem
850 981 981 1021 bibetis,
1007 985 1140 1015 mortem

153 1051 156 1055 ·
176 1035 299 1068 Domini
323 1035 569 1075 annuntiabitis,
593 1035 693 1069 donec
717 1035 863 1074 veniat»;
888 1038 919 1068 et
936 1035 1140 1068 Ecclesiastici

177 1088 419 1131 quadragesimo
453 1098 554 1122 nono:
583 1102 599 1118 α
616 1089 765 1122 Memoria
795 1088 891 1122 Iosiae
922 1089 954 1121 in
986 1088 1141 1131 composi-

177 1141 293 1174 tionem
318 1141 425 1174 odoris
453 1141 549 1181 sacta,
573 1150 654 1184 opus
678 1141 926 1184 pigmentarii».
952 1141 989 1174 Et
1020 1141 1058 1174 de
1082 1141 1142 1174 hac

176 1195 328 1228 memoria
362 1195 479 1228 dicitur
519 1195 719 1228 Threnorum
753 1195 847 1228 tertio
866 1195 898 1228 4:
933 1207 948 1223 «
966 1194 1141 1228 Recordare

177 1248 372 1291 paupertatis
395 1251 427 1281 et
450 1248 709 1291 transgressionis
733 1257 840 1288 meae,
865 1248 1013 1281 absinthii
1039 1251 1070 1281 et
1086 1247 1141 1281 sel-

176 1300 216 1334 lis
232 1313 263 1340 »3
288 1304 320 1334 et
342 1305 430 1343 post:
460 1314 476 1330 α
493 1302 642 1334 Memoria
665 1310 787 1334 memor
810 1310 880 1340 ero,
905 1304 937 1334 et
954 1301 1091 1334 tabescet
1109 1300 1140 1333 in

175 1363 227 1387 me
250 1354 354 1387 anima
377 1363 447 1387 mea
464 1368 494 1386 ».
519 1372 563 1377 —-
588 1355 620 1387 In
644 1353 836 1387 memoriale
860 1354 1047 1386 dominicae
1071 1354 1141 1386 vir-

177 1407 277 1446 tutis,·
301 1408 486 1441 Psalmus⁵:
516 1421 532 1437 «
547 1408 728 1441 Memoriam
752 1407 826 1441 fecit
850 1407 1042 1440 mirabilium
1067 1416 1141 1440 suo-

175 1470 247 1494 rum
272 1461 453 1494 misericors
477 1465 508 1494 et
533 1461 698 1494 miserator
722 1461 876 1493 Dominus
893 1473 924 1499 »ς
950 1464 982 1493 et
1005 1460 1139 1493 iterum:

181 1527 197 1542 «
212 1514 356 1554 Domine,
379 1523 494 1547 nomen
519 1517 609 1547 tuum
635 1514 666 1547 in
690 1518 875 1553 aeternum;
899 1514 1050 1553 Domine,
1075 1523 1140 1547 me-

176 1567 306 1601 moriale
331 1571 422 1600 tuum
446 1567 478 1600 in
501 1568 734 1610 generationem
751 1571 783 1601 et
799 1567 1032 1609 generationem
1051 1580 1083 1607 »3
1109 1571 1141 1601 et

177 1620 275 1654 Exodi
299 1620 420 1654 decimo
453 1621 563 1654 tertio:
594 1634 609 1650 «
626 1621 692 1654 Erit
715 1621 806 1664 quasi
839 1621 963 1663 signum
988 1621 1020 1653 in
1044 1630 1140 1654 manu

176 1678 232 1707 tua
254 1678 285 1707 et
309 1674 340 1707 in
366 1674 613 1708 recordationem
638 1683 813 1717 appensum
837 1678 909 1707 ante
933 1675 1041 1708 oculos
1058 1677 1140 1714 tuos,

176 1736 213 1761 eo
236 1728 321 1770 quod
345 1728 376 1760 in
401 1728 593 1761 manuforti
626 1728 739 1762 eduxit
771 1732 801 1761 te
833 1728 985 1762 Dominus
1016 1728 1055 1761 de
1086 1729 1142 1762 Ae-

175 1785 271 1824 gypto
286 1794 318 1814 ».
335 1801 380 1805 -
396 1782 429 1814 In
444 1782 636 1815 memoriale
651 1782 744 1815 etiam
761 1782 950 1815 dominicae
973 1782 1140 1822 earilalis,

176 1834 350 1868 secundum
375 1835 453 1868 illud
482 1835 578 1868 Isaiae
611 1835 762 1878 vigesimo
794 1836 929 1869 sexto⁶:
959 1848 974 1865 «
992 1836 1140 1876 Domine,

175 1897 290 1922 nomen
314 1891 405 1921 tuum
437 1892 468 1922 et
496 1889 677 1922 memoriale
709 1892 800 1922 tuum
832 1889 864 1922 in
896 1889 1051 1923 desider10
1074 1889 1141 1922 ani-

175 1951 245 1975 mae
261 1955 291 1974 ».
318 1941 388 1975 ideo
411 1942 612 1975 canticorum
635 1945 762 1976 octavo:
793 1956 809 1971 «τ
822 1942 903 1976 Pone
919 1952 969 1976 me
985 1946 1022 1976 ut
1038 1943 1141 1985 signa-

177 1995 286 2028 culum
310 2004 407 2037 super
431 2004 486 2028 cor
510 1999 620 2035 tuum,
645 1998 682 2028 ut
716 1996 914 2038 signaculum
946 2005 1043 2038 super
1067 1997 1140 2029 bra-

177 2048 286 2081 chium
302 2051 392 2081 tuum
409 2061 425 2078 22
443 2051 503 2082 etc.
517 2067 561 2071 —
577 2048 639 2081 Hoc
655 2052 702 2081 est
718 2049 900 2082 memoriale
916 2049 1023 2082 vivum
1040 2051 1072 2082 et
1087 2059 1140 2082 ve-

176 2110 249 2135 rum
261 2127 269 2141 ,
293 2102 368 2145 quia
391 2111 454 2134 non
471 2105 593 2134 tantum
610 2105 658 2135 est
673 2101 810 2144 sianum
833 2102 1139 2142 rememoratioum,

177 2164 291 2188 verum
314 2155 408 2189 etiam
432 2158 464 2188 et
494 2155 811 2193 demonstrativum
834 2159 865 2188 et
900 2155 969 2188 ideo
1003 2155 1138 2189 dicitur:

183 2222 199 2237 «
214 2208 284 2241 Hoc
307 2211 355 2242 est
378 2217 495 2251 corpus
529 2217 637 2241 meum
653 2220 685 2247 »3
715 2208 790 2250 quia
814 2208 917 2250 ipsum
942 2212 991 2241 est
1015 2209 1140 2242 Sacra-

176 2266 323 2294 mentum
357 2261 565 2304 siynalivam
598 2264 629 2294 et
663 2260 966 2303 sanctificativam,
1001 2261 1040 2295 de
1075 2272 1139 2305 quo

177 2315 298 2357 primae
322 2314 360 2348 ad
385 2315 586 2348 Timotheum
610 2315 748 2348 terti0⁷:
778 2315 844 2347 «Et
875 2314 1038 2348 manifeste
1072 2324 1139 2348 ma-

178 2378 275 2411 gnum
299 2372 346 2402 est
370 2369 494 2411 pietatis
518 2369 772 2407 Sacramentum,
797 2367 882 2411 quod
905 2368 1139 2401 manifestatum

177 2426 225 2456 est
248 2422 280 2455 in
304 2431 415 2462 carne,
441 2422 646 2455 iustificatum
671 2425 718 2455 est
734 2421 766 2454 in
783 2421 897 2464 spiritu
912 2435 927 2450 ι)
949 2425 1008 2454 etc.
1034 2422 1138 2463 lpsum

177 2476 271 2509 etiam
288 2480 335 2510 est
351 2476 514 2509 viaticum
530 2475 798 2508 conservativum
810 2479 841 2508 et
857 2475 1140 2518 confortativum;

178 2529 300 2562 loannis
335 2529 468 2562 sextoss:
497 2542 513 2558 <r
530 2529 589 2571 Qui
614 2528 784 2561 manducat
805 2537 874 2567 me,
904 2531 935 2561 et
959 2528 1025 2570 ipse
1056 2528 1141 2561 vivet

178 2586 308 2625 propter
331 2591 391 2615 me.
416 2583 470 2616 Hic
493 2585 541 2616 est
564 2582 671 2625 panis,
703 2582 758 2624 qui
783 2581 821 2615 de
845 2581 931 2615 caelo
961 2581 1139 2621 descendit,

178 2645 239 2669 non
257 2635 338 2669 sicut
354 2639 460 2678 patres
473 2636 570 2669 vestri
587 2635 862 2669 manducaverunt
879 2644 993 2668 manna
1009 2637 1040 2668 et
1056 2644 1141 2667 mor-

1209 288 1254 320 tui
1272 291 1356 321 sunt.
1382 289 1441 329 Qui
1465 289 1634 322 manducat
1659 291 1744 323 hunc
1769 300 1881 333 panem
1906 292 1989 324 vivet
2013 292 2043 324 in
2068 296 2169 325 aeter-

1209 350 1285 374 num
1303 354 1334 373 n.
1368 341 1472 384 lpsum
1505 345 1552 375 est
1586 343 1795 385 sacrificium
1826 348 1997 387 acceptum
2032 349 2063 378 et
2094 345 2169 388 pla-

1208 393 1374 433 caticum,
1399 394 1573 427 secundum
1603 395 1680 428 illud
1712 396 1832 437 primae
1868 398 1948 429 Petri
1984 398 2168 431 secund0⁰z

1214 459 1229 475 α
1247 447 1463 480 Sacerdotium
1489 451 1652 487 sanctum,
1677 449 1791 482 offerre
1822 450 2003 492 spirituales
2036 452 2168 490 hostias,

1209 500 1416 542 acceptabiles
1441 501 1504 534 Deo
1528 510 1585 544 per
1610 502 1709 535 lesum
1734 502 1894 535 Christum
1912 517 1943 542 »3
1960 508 1991 536 et
2008 504 2081 537 hinc
2098 505 2169 547 qui-

1207 553 1279 586 dem
1307 563 1433 587 necesse
1464 558 1528 594 est,
1562 555 1614 588 hic
1641 555 1793 589 contineri
1828 557 2027 590 verissimum
2054 550 2170 600 corpus

1208 607 1334 640 Christi.

1297 660 1350 692 28.
1375 660 1478 701 (Vers.
1503 661 1580 702 20.).
1607 661 1712 694 Tertio
1740 666 1892 704 quantum
1928 664 1965 696 ad
1998 674 2169 698 consecra·
2183 671 2321 703 Conseqmio

1208 712 1328 745 tionem
1351 713 1531 756 sanquinis
1555 715 1735 757 subiungit:
1766 716 1925 749 Similiter
1957 722 1984 749 et
2016 718 2169 757 calicem,
2193 705 2310 726 numm*

1204 769 1385 809 postquam
1409 767 1576 807 coenavit,
1602 767 1733 800 dicens.-
1758 769 1821 801 Hie
1844 774 1890 802 esc
1913 770 2021 809 calix,
2047 781 2169 803 novam

1208 824 1437 853 testamentum
1463 821 1499 853 in
1522 822 1688 864 sanquine
1712 832 1801 861 meo,
1826 823 1885 866 qui
1906 833 1968 866 pro
1984 824 2075 857 vobis
2090 824 2169 867 fan-

1207 873 1314 906 delur.
1341 874 1377 906 Et
1411 874 1655 914 attendendum,
1680 876 1765 918 quod
1795 876 2008 919 Evangelistae
2032 887 2094 910 non
2119 888 2169 911 eo·
2189 885 2241 906 Tres
2256 885 2325 906 direr-

1207 926 1277 960 dem
1303 927 1394 960 modo
1418 928 1550 961 sormam
1584 929 1664 961 hanc
1696 929 1891 971 exprimunt.
1925 931 1999 963 Nam
2024 932 2168 965 Matthaei
2196 912 2325 959 ζεῦ-’ΜΦ

1208 980 1359 1022 vigesimo
1391 984 1482 1014 sexto
1497 982 1523 1001 ¹⁰
1551 985 1583 1015 et
1606 983 1698 1015 Marci
1730 982 1850 1016 decimo
1886 988 2000 1026 quarto
2034 984 2167 1017 dicitur:

1213 1034 1298 1066 «Hie
1329 1037 1377 1067 est
1407 1035 1535 1077 sanguis
1567 1044 1656 1068 meus
1687 1036 1758 1069 novi
1792 1038 1986 1076 testamenti,
2023 1039 2076 1080 qui
2111 1048 2168 1081 pro

1206 1088 1316 1121 multis
1339 1088 1519 1122 effundetur
1536 1103 1565 1122 n.
1592 1090 1756 1131 Apostolus
1779 1094 1884 1123 autem
1903 1091 1978 1124 dicit
1994 1092 2113 1133 primae
2129 1092 2168 1124 ad

1206 1139 1385 1173 Corinthios
1409 1141 1592 1174 undecimo:
1615 1155 1629 1170 α
1643 1142 1696 1175 1110
1713 1143 1795 1175 calix
1813 1153 1929 1176 novum
1947 1148 2168 1177 testamentum

1206 1196 1254 1226 est
1276 1194 1308 1226 in
1333 1203 1403 1227 meo
1427 1195 1579 1237 sanguine
1596 1209 1625 1227 n.
1652 1196 1788 1229 Ecclesia
1811 1200 1916 1229 autem
1934 1198 2020 1230 nulla
2036 1198 2168 1230 istarum

1205 1247 1382 1280 formarum
1406 1248 1509 1281 utitur
1523 1250 1568 1288 ¹¹,
1594 1258 1664 1282 nam
1690 1249 1782 1282 dicit:
1812 1263 1827 1279 α
1845 1251 1898 1283 Hic
1922 1255 1970 1284 est
1993 1252 2075 1284 calix
2098 1261 2169 1285 san-

1205 1301 1310 1343 guinis
1333 1301 1413 1340 mei,
1437 1302 1509 1334 novi
1542 1305 1573 1335 et
1603 1303 1723 1335 aeterni
1758 1304 1951 1342 testamenti,
1984 1305 2168 1346 mysterium

1205 1353 1296 1392 fidei,
1321 1354 1376 1396 qui
1402 1364 1460 1397 pro
1484 1355 1573 1388 vobis
1597 1359 1627 1388 et
1651 1365 1709 1397 pro
1733 1356 1842 1389 multis
1866 1357 2046 1390 effundetur
2068 1358 2099 1390 in
2118 1367 2168 1390 re-

1207 1407 1388 1440 missionem
1421 1411 1624 1450 peccatorum
1641 1422 1671 1440 ι).
1702 1427 1744 1432 -
1773 1409 1834 1442 Nec
1862 1414 1909 1442 est
1944 1411 2169 1450 contrarietas,
2186 1419 2335 1451 Nonqsteon-

1206 1460 1281 1502 quia
1317 1460 1491 1494 scribentes
1527 1471 1589 1494 non
1626 1461 1793 1495 intendunt
1829 1463 1962 1495 formam
1998 1463 2169 1496 verborum
2203 1449 2310 1468 ²¹³¹¹⁰¹³²

1206 1514 1347 1556 praecise
1370 1514 1568 1554 describere,
1593 1516 1647 1548 sed
1680 1515 1844 1548 historiam
1878 1520 2005 1555 texere;
2030 1516 2084 1550 sed
2117 1517 2171 1550 Ec-

1206 1567 1301 1600 clesia
1323 1571 1429 1600 servat
1451 1567 1585 1600 formam
1608 1569 1648 1601 ab
1672 1569 1824 1611 Apostolis
1848 1569 1995 1602 traditam
2019 1570 2050 1602 in
2075 1571 2171 1603 conti-

1207 1620 1335 1660 ciendo,
1359 1630 1455 1663 quam
1480 1625 1512 1654 et
1533 1631 1552 1654 a
1583 1622 1708 1655 Christo
1743 1626 1947 1665 acceperant;
1972 1627 2003 1656 et
2033 1624 2172 1666 implicat

1207 1675 1238 1707 in
1263 1684 1296 1708 se
1320 1674 1421 1708 forma
1445 1675 1598 1709 Ecclesiae
1622 1676 1776 1718 quidquid
1800 1685 1856 1718 per
1880 1686 1989 1710 omnes
2011 1678 2171 1720 Evangeli-

1207 1731 1272 1761 stas
1295 1732 1326 1761 et
1350 1738 1406 1771 per
1430 1729 1611 1771 Apostolum
1640 1729 1758 1762 dictum
1784 1729 1880 1763 est12.
1906 1731 2091 1764 Nominatur
2114 1741 2171 1764 au-

1208 1785 1270 1815 tem
1295 1780 1348 1815 liic
1371 1782 1462 1815 calix
1493 1786 1587 1824 potus
1619 1787 1786 1816 contentus
1817 1784 1848 1816 in
1884 1784 1997 1823 calice,
2022 1784 2104 1818 sicut
2128 1785 2169 1817 ibi

1207 1835 1353 1868 Matthaei
1377 1835 1528 1877 vigesimo
1541 1835 1586 1868 ¹³:
1617 1849 1632 1865 α
1649 1836 1779 1869 Potestis
1796 1837 1904 1870 bibere
1919 1837 2057 1876 calicem,
2075 1847 2168 1880 quem

1207 1898 1265 1931 ego
1281 1888 1441 1922 bibiturus
1458 1898 1528 1922 sum
1543 1892 1581 1921 n?
1598 1908 1642 1913 —
1659 1890 1690 1922 ln
1715 1890 1810 1923 calice
1825 1893 1930 1923 autem
1948 1890 2168 1923 continebatur
2176 1899 2332 1927 uixuoaquae-

1206 1942 1316 1975 vinum
1339 1942 1534 1984 permixtum
1551 1952 1652 1985 aqua,
1677 1943 1749 1976 licet
1773 1943 1966 1985 Evangelista
1983 1953 2045 1976 non
2061 1944 2169 1985 expri-

1206 1999 1289 2035 mat,
1314 1996 1389 2038 quia
1413 1996 1472 2028 hoc
1495 1995 1699 2038 intelligitur,
1723 1999 1754 2029 et
1777 1996 1852 2038 quia
1869 2005 1935 2028 mos
1952 1999 2029 2034 erat,
2046 2000 2078 2029 et
2094 1997 2169 2039 quia

1206 2049 1316 2082 vinum
1340 2049 1421 2082 forte
1445 2052 1530 2088 erat,
1555 2052 1586 2082 et
1610 2049 1685 2091 quia
1708 2049 1854 2082 Christus
1878 2049 2017 2082 maxime
2041 2045 2168 2083 sobrius

1206 2106 1283 2136 erat.
1309 2103 1345 2135 Et
1369 2103 1428 2135 hoc
1451 2103 1544 2135 etiam
1568 2111 1587 2135 a
1609 2102 1759 2144 mysterio
1783 2112 1844 2135 non
1861 2106 1968 2142 vacat,
1985 2103 2070 2145 quia,
2087 2103 2168 2136 sicut
2187 2112 2255 2134 unius
2269 2112 2334 2142 tigni-

1205 2166 1289 2199 aqua
1313 2156 1424 2189 unitur
1456 2156 1546 2195 vino,
1571 2156 1616 2189 sie
1647 2156 1784 2198 populus
1813 2156 1955 2195 Christo;
1980 2160 2011 2189 et
2042 2156 2111 2189 ideo
2135 2157 2166 2190 in
2220 2139 2298 2160 fimum

1205 2209 1303 2242 huius
1325 2208 1571 2251 designationem
1602 2208 1719 2242 dicitur
1743 2209 1866 2242 Ioannis
1889 2209 2010 2242 decimo
2033 2210 2166 2249 non014,

1205 2261 1291 2304 quod
1313 2261 1352 2295 de
1375 2262 1474 2295 latere
1497 2262 1613 2295 Christi
1642 2275 1657 2291 α
1675 2262 1775 2295 exivit
1792 2263 1920 2305 sanguis
1935 2266 1966 2295 et
1989 2272 2072 2305 aqua
2089 2275 2119 2301 »3
2137 2267 2167 2296 et

1205 2315 1275 2348 ideo
1312 2315 1448 2347 Ecclesia
1478 2315 1570 2348 offert
1601 2319 1738 2358 utraque
1774 2316 1954 2349 commixta.
1992 2316 2168 2348 Transsub-

1205 2368 1415 2401 stantiabatur
1439 2371 1545 2401 autem
1570 2372 1670 2402 totum
1696 2369 1772 2402 illud
1798 2369 1828 2402 in
1851 2370 2034 2412 sanguinem
2051 2369 2167 2402 Christi

1205 2431 1331 2461 verum3
1349 2421 1434 2455 unde
1449 2422 1570 2464 primae
1586 2422 1623 2455 ad
1641 2422 1820 2456 Corinthios
1843 2422 1963 2456 decimo
1978 2423 2021 2455 ¹⁵:
2052 2437 2067 2451 «
2079 2423 2167 2456 Calix

1204 2475 1447 2514 benedictionis,
1471 2475 1522 2508 cui
1547 2476 1781 2515 benedicimus,
1807 2485 1910 2509 nonne
1927 2476 2168 2509 communicatio

1205 2528 1367 2570 sanguinis
1390 2528 1507 2562 Christi
1531 2533 1578 2562 est
1594 2532 1632 2561 n?

1294 2582 1347 2614 29.
1373 2581 1431 2614 Per
1455 2581 1541 2614 hunc
1564 2585 1670 2615 autem
1695 2582 1881 2625 sanguinem
1912 2592 2029 2616 novum
2054 2582 2167 2615 confir-
2182 2591 2226 2612 noc
2239 2591 2324 2617 sangui-

1206 2638 1327 2668 matum
1351 2638 1399 2669 est
1422 2638 1660 2676 testamentum3
1685 2636 1770 2669 unde
1786 2636 1824 2669 ad
1846 2636 2002 2670 Hebraeos
2025 2645 2108 2669 nono
2122 2617 2326 2667 ¹⁶:⁰⁹dii'afdrf'*

249 2801 258 2816 ¹
279 2802 356 2828 Vers.
375 2802 423 2833 52,
443 2805 504 2835 post
521 2809 602 2835 quem
622 2803 709 2828 Matth.
731 2803 778 2835 10,
799 2803 823 2828 8.
836 2816 871 2822 —
884 2803 976 2829 Glossa
995 2802 1139 2829 ordinaria

179 2845 219 2877 (ex
238 2845 318 2878 Beda)
339 2845 364 2871 in
383 2847 445 2872 Luc.
465 2847 514 2878 22,
535 2846 585 2871 49:
614 2845 733 2880 Franqit
757 2849 782 2872 ct
803 2846 938 2880 pori-ipit,
957 2849 985 2872 ut
1003 2847 1138 2878 ostendat,

177 2890 219 2915 sui
239 2890 357 2922 corporis
377 2891 530 2916 fractionem
549 2897 603 2916 non
622 2890 679 2916 sine
697 2898 744 2916 sua
758 2894 852 2923 sponte
865 2892 990 2917 suturam.
1003 2891 1067 2925 Ayit
1078 2898 1140 2925 qra-

178 2933 228 2960 tius
247 2934 282 2960 de
300 2933 434 2960 veteribus
454 2934 598 2961 terminatis
618 2938 643 2961 ct
667 2935 744 2961 novis
773 2935 938 2968 incipiendis.
957 2950 992 2955 —
1012 2937 1061 2962 Pro
1081 2934 1139 2962 libe-

177 2978 274 3005 ralilas
294 2978 561 3012 communicationis,
581 2980 654 3012 quod
673 2979 753 3005 habet
778 2980 852 3011 Vat.,
877 2980 897 3006 Α
909 2980 928 3006 C
940 2981 961 3006 D
990 2979 1138 3007 liberalitas

139 3032 141 3034 ’
177 3022 382 3049 communionis.

249 3066 259 3081 ⁹
279 3067 355 3093 Vers.
374 3067 417 3093 15.
434 3081 470 3087 -
489 3068 617 3100 Superius
634 3075 684 3101 pro
703 3052 751 3095 ἆαι
769 3068 806 3095 eis
825 3070 846 3094 G
866 3068 914 3096 dal
932 3068 1080 3103 discipulis.

248 3109 259 3125 ³
278 3111 355 3137 Vers.
373 3112 421 3144 26,
441 3112 481 3138 cui
502 3111 670 3144 subiungitur
688 3113 766 3139 Eccli.
786 3113 833 3144 49,
848 3114 872 3145 l,
886 3113 932 3139 ubi
945 3113 1057 3139 vocibus
1070 3120 1138 3147 opas

174 3155 354 3189 pigmentarii
370 3155 452 3182 CDG
472 3157 622 3188 praefigunt
641 3157 688 3183 est.

249 3199 259 3214 ⁴
279 3200 354 3225 Vers.
375 3201 417 3226 tl.
436 3203 462 3226 et
481 3201 524 3226 20.
536 3214 572 3220 -—
585 3201 634 3226 Pro
648 3200 681 3227 Et
693 3199 725 3227 de
744 3200 796 3227 liae
814 3200 948 3227 memoria
967 3200 1068 3228 dicitur
1086 3200 1138 3227 CD

177 3244 211 3271 El
229 3244 279 3271 hoc
297 3243 514 3271 memorandum.

249 3288 260 3303 ⁵
278 3289 372 3315 Psalm.
392 3289 456 3321 110,
477 3289 500 3315 4.
520 3303 556 3308 -
574 3289 631 3315 Duo
651 3296 726 3323 seqq.
745 3289 795 3316 loci
814 3293 875 3316 sunt
904 3291 944 3316 ΡΒ.
967 3290 1030 3321 134,
1053 3290 1093 3316 13.
1113 3292 1139 3315 et

178 3333 258 3358 Exod.
278 3333 326 3364 13,
347 3333 394 3366 16,
414 3332 460 3359 ubi
479 3340 528 3366 pro
547 3335 609 3360 ante
628 3332 720 3360 oculos
746 3333 859 3366 Vulgata
885 3333 954 3361 inter
979 3333 1087 3367 oculos,
1113 3337 1138 3360 et

174 3375 226 3410 'pro
245 3377 339 3404 eduxit
358 3379 382 3404 te
401 3378 461 3404 Vat.
480 3385 541 3404 cum
560 3378 673 3411 Vulgata
693 3377 789 3405 edu-wil
805 3386 864 3406 nos.

1231 2795 1234 2799 ⁵
1275 2801 1286 2817 ⁶
1306 2803 1382 2828 Vers.
1402 2803 1432 2834 8,
1452 2805 1512 2834 post
1529 2809 1610 2835 quem
1630 2801 1703 2828 Cant.
1724 2803 1755 2832 8,
1775 2802 1800 2827 6.

1275 2845 1285 2860 ⁷
1305 2847 1380 2872 Vcrs.
1401 2846 1444 2872 16.
1463 2860 1498 2865 -
1516 2845 1569 2872 Csr.
1583 2846 1625 2871 lV.
1644 2847 1714 2871 Sent.
1734 2846 1760 2871 d.
1784 2846 1804 2870 1,
1826 2852 1852 2877 p.
1866 2846 1882 2870 1.
1897 2853 1924 2878 q.
1937 2846 1961 2870 2.
1975 2845 2009 2870 ad
2024 2844 2047 2870 4.
2062 2848 2087 2870 et
2101 2845 2126 2870 d.
2141 2846 2165 2870 8.

1203 2898 1229 2923 p.
1249 2891 1277 2916 11.
1296 2898 1319 2916 a.
1341 2891 1365 2915 11.
1384 2898 1411 2923 q.
1431 2891 1456 2915 1.
1473 2903 1510 2909 —-
1529 2890 1656 2921 Superius
1681 2896 1729 2921 pro
1757 2889 1998 2916 rememorata-um
2026 2890 2046 2914 G
2074 2888 2167 2915 substi-

1203 2935 1252 2960 tuit
1269 2933 1512 2960 demonslrativum
1531 2937 1556 2959 et
1574 2940 1635 2959 cum
1655 2932 1737 2959 ACD
1756 2933 1851 2959 omittit
1871 2939 1964 2959 verum
1983 2932 2064 2959 etiam
2084 2934 2108 2958 et
2126 2932 2166 2959 de-

1204 2977 1424 3004 monstrativum.

1274 3021 1285 3036 a
1305 3022 1380 3047 Vei-s.
1400 3022 1443 3047 58.
1462 3024 1488 3047 et
1507 3022 1549 3047 59.

1275 3065 1286 3080 ⁰
1306 3066 1380 3091 Vers.
1400 3066 1424 3090 5.
1443 3065 1494 3091 Csr.
1514 3065 1557 3090 lv.
1578 3065 1646 3090 Sent.
1667 3064 1694 3090 (1.
1717 3065 1757 3090 10.
1777 3071 1804 3096 p.
1824 3065 1841 3090 1.
1861 3071 1887 3097 q.
1910 3065 1931 3089 1.

1275 3110 1298 3124 ¹⁰
1317 3110 1392 3135 Vers.
1412 3110 1463 3140 285
1484 3109 1562 3134 Mare.
1587 3108 1630 3140 14,
1650 3108 1692 3134 24.
1712 3112 1737 3134 ct
1756 3108 1852 3134 deinde
1871 3109 1888 3134 1.
1909 3107 1968 3134 Cor.
1992 3108 2030 3139 11,
2050 3109 2094 3134 25.

1275 3154 1296 3169 ¹¹
1317 3155 1343 3179 ln
1363 3160 1462 3180 canone
1481 3153 1581 3178 Missae.

1276 3198 1298 3214 ¹²
1317 3199 1368 3225 Cir.
1389 3199 1431 3224 lV.
1452 3199 1523 3224 Sent.
1542 3198 1569 3223 d.
1590 3198 1614 3223 Β.
1634 3204 1659 3229 p.
1680 3198 1708 3223 ll.
1727 3204 1751 3223 a.
1775 3198 1796 3222 1.
1816 3205 1843 3230 q.
1866 3198 1890 3223 2.

1276 3243 1298 3258 ¹³
1317 3244 1391 3270 Vers.
1412 3244 1454 3269 22.
1474 3242 1525 3269 Cfr.
1545 3243 1588 3268 lV.
1609 3243 1678 3268 Sent.
1698 3242 1724 3268 d.
1739 3243 1763 3268 8.
1777 3249 1803 3274 p.
1818 3243 1843 3268 11.
1858 3249 1882 3268 a.
1900 3243 1920 3268 1.
1933 3249 1960 3275 q.
1973 3243 1998 3268 2.
2015 3242 2049 3268 ad
2067 3243 2088 3268 1.
2101 3246 2127 3268 et
2140 3243 2164 3268 2.

1275 3288 1297 3303 ¹⁹¹
1317 3289 1392 3314 Vers.
1412 3288 1455 3314 34.
1474 3287 1541 3313 Vide
1560 3287 1603 3313 lV.
1623 3288 1692 3313 Sent.
1712 3287 1738 3313 d.
1759 3287 1801 3312 il.
1820 3294 1846 3319 p.
1867 3287 1894 3312 11.
1914 3293 1938 3312 a.
1959 3287 1982 3312 1.
2001 3294 2028 3320 q.
2048 3287 2073 3312 3.

1275 3333 1297 3348 ¹³
1317 3333 1392 3359 Vers.
1413 3333 1453 3358 16.
1474 3332 1526 3359 Csr.
1545 3332 1588 3357 lv.
1608 3333 1678 3358 Sent.
1697 3331 1723 3357 d.
1747 3332 1787 3357 11.
1808 3338 1833 3364 p.
1853 3331 1880 3357 11.
1900 3330 1964 3357 dub.
1985 3332 2009 3357 5.

1275 3377 1298 3393 ¹³
1317 3378 1392 3404 Vers.
1414 3378 1454 3402 18.
1474 3380 1499 3403 et
1517 3376 1613 3403 deinde
1632 3376 1711 3403 Exod.
1732 3376 1779 3408 24,
1800 3377 1824 3402 8.
1845 3375 1902 3409 (cfr.
1922 3375 2002 3402 Ilcbr.
2021 3376 2049 3408 9,
2071 3376 2134 3408 20.).
