2476 3921
26 440 27 459 1
75 437 162 459 Divisio.

24 802 100 839 {Pi-imo,
108 808 171 830 intor-

41 837 103 858 matio
131 840 154 856 er

27 867 168 911 111-11111311

23 922 25 940 l
48 914 145 937 scribitur

24 941 168 970 quadruplici-

21 1342 22 1349 *
62 1340 162 1371 Fidelitap

58 1369 164 1389 consortii.

83 2191 158 2213 Aliter.

21 2544 164 2572 Opportunitas

68 2571 116 2593 loci.

780 230 974 263 COMMENT.
1000 231 1036 263 ΙΝ
1062 230 1300 263 EVANGELIUM
1325 231 1441 264 LUCAE
1466 232 1498 264 C.
1525 232 1571 265 IX.
2109 235 2166 267 ⁶221

187 325 389 365 praeceptum
414 321 560 363 sequitur
595 320 647 353 hic
679 319 857 353 informatio
891 319 1064 353 eorundem
1084 328 1147 362 per

184 374 313 418 factum
338 374 403 408 sive
427 374 620 416 exemplum.
638 373 734 406 Habet
750 375 856 405 autem
873 372 951 405 haec
967 381 1041 414 pars
1056 372 1145 405 duas.

185 428 216 461 ln
242 428 344 471 prima
367 427 449 461 enim
476 427 623 460 informat
654 435 711 469 per
743 425 927 467 exemplum
952 424 1146 468 familiare,-

184 482 215 515 111
251 481 389 515 secunda
417 490 492 514 vero
526 489 583 522 per
610 479 772 523 fiyurate,
803 479 844 512 ibi
860 478 893 510 ¹:
930 478 1004 511 Dies·
1035 482 1146 511 autem

183 539 334 578 coeperat
359 534 535 568 declinare.
561 534 699 566 Primum
723 533 896 566 attenditur
920 532 951 565 in
976 532 1144 565 turbarum

182 588 365 621 eruditione
395 587 569 630 spirituali
582 599 593 625 ,·
624 586 815 625 secundum,
848 585 878 618 in
914 594 1025 618 eorum
1063 583 1145 627 refe-

182 642 284 674 ctione
307 640 478 683 corporali
485 667 495 680 ,
519 649 600 683 quae
625 640 754 672 sormam
779 643 810 672 et
835 639 969 681 figuram
993 638 1074 681 gerit
1096 647 1145 671 re-

181 694 322 728 fectionis
344 694 525 736 spiritualis.

273 747 426 780 Eruditio
449 750 553 780 autem
569 747 581 766 ²
606 746 775 779 turbarum
798 755 816 778 a
841 745 989 784 Domino,
1021 745 1051 777 in
1081 753 1145 787 qua

182 801 335 834 tribuitur
359 800 459 833 forma
483 799 753 843 praedicatoribus
776 799 807 832 in
839 798 978 831 docendo
1003 798 1142 831 fidelium

181 854 315 897 populo,
339 853 519 896 explicatur
540 856 697 895 ‘quantum
714 852 753 885 ad
770 855 922 894 quatuor,
939 860 1020 894 quae
1037 850 1143 893 requi-

182 911 299 941 runtur
322 907 354 940 in
370 907 587 949 praedicando.
610 906 750 939 Primum
774 909 821 938 est
843 904 986 948 fidelitas
1009 914 1143 937 consor-

183 961 237 998 tii,-
262 960 435 994 secundum
459 963 506 993 est
530 959 762 1002 opportunitas
780 958 861 997 loci,-
885 958 1029 997 tertium,
1054 957 1143 990 doei—

182 1014 259 1047 litas
279 1013 398 1057 populi
410 1025 421 1052 ;
446 1016 595 1056 quartum
612 1016 734 1051 autem,
760 1011 944 1055 affabilitas
967 1010 1142 1053 Mayistri,·

181 1071 218 1101 ut
240 1068 284 1101 sic
308 1067 386 1100 nihil
409 1067 489 1100 desit
513 1066 609 1099 verbo
633 1066 707 1106 Dei,
732 1074 788 1098 nec
812 1074 852 1098 ex
877 1067 967 1107 parte
995 1064 1142 1097 assisten-

180 1121 258 1154 tium
284 1130 341 1154 nec
365 1130 405 1154 ex
432 1123 520 1163 parte
554 1119 787 1152 adversantium
814 1127 871 1151 nec
906 1127 947 1151 ex
972 1122 1062 1160 parte
1085 1127 1141 1150 au-

180 1174 359 1207 dientinm⁸
383 1182 440 1207 nec
470 1183 511 1206 ex
548 1176 636 1215 parte
671 1172 868 1211 docentium,
893 1171 969 1214 quin
1007 1171 1139 1204 verbnm

181 1227 301 1267 Domini
327 1227 439 1260 habeat
462 1226 602 1259 debitum
627 1226 782 1259 effectum.

272 1281 321 1313 16.
347 1280 447 1321 (Vers.
476 1281 549 1321 10).
576 1279 678 1311 Primo
702 1279 798 1321 igitur
822 1282 977 1320 quantum
1001 1277 1040 1310 ad
1063 1277 1141 1319 fide-

180 1333 303 1367 litatem
327 1333 486 1366 consortii
507 1333 641 1365 dicitur:
670 1333 709 1365 Et
731 1332 858 1364 reversi
875 1331 1037 1374 Apo-stoli,
1054 1340 1141 1363 nun-

180 1387 348 1420 tiaverunt
370 1386 421 1419 itti
442 1395 666 1430 quaecumque
688 1385 858 1429 feceruut,·
875 1385 905 1417 in
922 1394 986 1427 quo
1010 1387 1141 1427 apparet

179 1449 289 1474 eorum
321 1439 471 1478 fidelitas,
503 1439 577 1481 quia
600 1439 638 1471 ad
669 1438 811 1471 divinum
841 1438 1034 1471 consortium
1064 1438 1140 1471 eele-

179 1493 262 1526 riter
286 1493 465 1526 redieruut.
491 1492 578 1525 Unde
601 1492 731 1525 fuerunt
756 1502 816 1525 non
842 1492 924 1525 sicut
947 1501 1077 1531 corvus,
1101 1492 1140 1525 de

179 1555 242 1589 quo
266 1546 393 1579 Genesis
416 1546 568 1579 octavo4:
600 1559 614 1574 <z
631 1545 690 1587 Qui
715 1545 936 1588 egrediebatur
959 1549 990 1579 et
1007 1555 1069 1578 non
1094 1554 1141 1578 re-

178 1599 361 1633 vertebatur
375 1612 405 1639 »;
423 1599 475 1632 sed
500 1599 581 1632 sicut
597 1599 760 1638 columba,
778 1599 816 1632 de
831 1609 895 1642 qua
910 1599 1037 1638 dicitur,
1054 1599 1139 1642 quod

183 1665 199 1681 α
215 1661 286 1686 cum
311 1662 373 1685 non
398 1653 585 1692 invenisset,
610 1653 663 1686 ubi
689 1653 902 1695 requiesceret
918 1662 973 1695 pes
989 1653 1072 1692 eius,
1091 1661 1139 1685 re-

178 1715 270 1739 versa
293 1710 340 1739 est
363 1706 401 1739 ad
426 1707 488 1739 Noe
511 1706 542 1738 in
566 1715 671 1739 arcam
688 1719 720 1745 »‚
745 1709 895 1748 tanquam
911 1706 1012 1738 fidelis
1027 1706 1138 1739 amica.

178 1759 227 1792 Sic
250 1762 282 1792 et
305 1758 439 1801 Apostoli
465 1758 644 1791 columbina
667 1758 865 1800 simplicitate
889 1758 1038 1800 praediti,
1065 1761 1140 1791 sunt

177 1812 216 1845 ad
239 1812 398 1845 Christum
423 1812 567 1845 celeriter
595 1811 714 1844 reversi
746 1814 895 1853 tanquam
920 1811 1027 1844 fideles
1058 1821 1139 1844 nun-

179 1865 222 1898 tii.
248 1883 290 1899 -,-
308 1866 443 1907 Apparet
466 1864 559 1897 etiam
583 1873 694 1897 eorum
711 1864 861 1903 fidelitas,
879 1864 954 1906 quia
977 1864 1056 1897 nihil
1075 1865 1138 1897 Deo

178 1918 380 1957 celaverunt,
416 1917 470 1950 sed
501 1921 732 1950 narraverunt
754 1917 785 1950 ei
807 1926 1033 1961 quaecumque
1056 1916 1138 1960 feee-

177 1976 275 2009 rurtt;
299 1981 360 2004 non
385 1974 421 2004 ut
443 1965 612 2004 Dominum
636 1971 814 2010 erudirent,
839 1979 933 2013 quem
957 1971 1035 2003 nibil
1053 1971 1137 2010 latet,

178 2024 231 2058 sed
255 2028 291 2057 ut
313 2024 530 2063 ostenderent,
549 2033 581 2057 se
605 2024 697 2056 etiam
722 2024 804 2056 nolle
828 2024 940 2063 latere,
958 2024 982 2057 si
1001 2027 1135 2066 possent.

178 2078 356 2119 Quocontra
381 2077 474 2110 isaiae
506 2077 655 2119 vigesimo
687 2077 812 2109 non0⁶:
843 2090 859 2105 «
875 2077 955 2110 Vae!
981 2077 1034 2119 qui
1064 2086 1137 2119 pro-

178 2130 264 2163 fundi
297 2131 371 2163 estis
407 2129 519 2169 corde,
543 2132 621 2162 uta
652 2129 784 2162 Domino
815 2129 1013 2162 abscondatis
1036 2130 1137 2162 consi-

178 2184 288 2217 lium»
317 2186 374 2217 etc.
400 2183 455 2216 Vel
479 2183 548 2215 ideo
582 2186 832 2221 narraverunt,
858 2186 894 2215 ut
917 2182 955 2215 de
980 2183 1069 2216 bonis
1092 2183 1137 2215 sa-

177 2237 235 2270 ctis
257 2246 319 2269 non
343 2239 533 2278 quaererent
549 2235 606 2268 sibi
624 2235 773 2277 gloriam,
790 2235 844 2268 sed
861 2235 965 2268 omnia
981 2235 1138 2268 referrent

177 2289 208 2322 in
232 2290 350 2327 Deum,
375 2288 548 2322 secundum
566 2288 641 2321 illud
659 2288 779 2330 primae
794 2288 832 2320 ad
853 2288 1031 2321 Corinthios
1054 2288 1137 2321 deci-

177 2352 228 2375 mo
240 2343 268 2375 ⁶:
290 2355 306 2371 «
322 2342 433 2374 Omnia
449 2342 480 2374 in
497 2341 626 2384 gloriam
645 2341 699 2374 Dei
716 2341 806 2374 facite
823 2353 853 2380 »;
871 2345 980 2374 contra
996 2341 1065 2375 illos
1081 2342 1135 2384 qui

177 2396 286 2429 dicunt
301 2395 378 2428 illud
394 2394 628 2428 Deuteronomii
646 2394 806 2436 trigesimo
822 2395 976 2427 secundo:
999 2408 1014 2423 «ι
1028 2396 1137 2428 Manus

178 2452 285 2482 nostra
306 2448 441 2495 excelsa,
465 2451 496 2480 et
520 2457 580 2480 non
606 2448 772 2487 Dominus,
789 2448 861 2480 fecit
885 2449 961 2481 haec
984 2449 1088 2482 omnia
1105 2463 1135 2482 n.

271 2503 320 2534 17.
346 2501 488 2535 Secundo
518 2510 594 2534 vero
617 2505 771 2543 qnantum
797 2501 834 2534 ad
859 2503 1138 2544 opportunitatem

177 2555 240 2589 loci
261 2555 383 2589 subdit:
403 2555 441 2588 Et
457 2554 617 2587 assumtis
640 2554 722 2594 z‘ttz‘s,
748 2558 897 2597 tanquam
923 2555 1083 2596 fidelibus,
1099 2556 1137 2589 ad

1210 319 1423 359 consortium,
1446 321 1575 353 secessit
1606 331 1757 354 seorsum
1789 322 1964 362 in..;locum
1987 323 2173 362 desertum,

1210 373 1271 416 qui
1292 376 1338 405 est
1362 372 1578 413 Bethsaidae,
1604 378 1753 417 tanquam
1785 376 1823 408 ad
1841 357 1950 408 'locum
1975 376 2118 418 quietum
2142 380 2174 408 et

1212 426 1441 468 tranquillum;
1465 426 1548 459 unde
1573 427 1665 460 Marci
1702 428 1836 460 sext0⁷:
1866 428 2005 461 «Venite
2029 436 2171 461 seorsum

1211 478 1242 511 in
1266 478 1426 512 desertum
1453 479 1555 512 locum
1581 482 1612 512 et
1637 480 1824 522 requiescite
1849 482 1997 523 pusillum
2012 495 2043 513 ι.
2063 482 2097 513 Et
2123 481 2173 514 hic

1213 532 1301 565 locus
1323 535 1370 565 est
1393 536 1487 574 aptus
1515 532 1702 572 eruditioni,
1724 534 1896 566 secundum
1923 534 1998 566 illud
2023 534 2102 568 Osee
2125 543 2172 567 se·

1211 586 1332 618 cundo:
1362 598 1377 614 α
1394 586 1551 618 Adducam
1577 595 1645 619 eam
1670 587 1700 619 in
1725 587 1924 620 solitudinem
1950 591 1981 621 et
2005 588 2116 630 loquar
2133 588 2171 621 ad

1210 647 1264 671 cor
1289 638 1358 671 eius
1374 652 1404 670 ι).
1430 639 1483 671 Η10
1506 643 1611 672 autem
1638 640 1724 672 locus
1747 639 1892 673 desertus
1909 644 1977 673 erat
2002 641 2092 673 iuxta
2110 645 2171 673 sta-

1209 700 1306 733 gnum
1331 691 1541 731 Genesareth,
1566 692 1650 735 quod
1674 697 1805 735 apparet
1828 702 1869 726 ex
1895 694 1953 727 hoc
1978 694 2061 736 quod
2078 694 2170 727 dicit:

1212 743 1417 777 Betltsaz'dae.
1452 745 1503 778 Est
1534 749 1639 778 autem
1674 746 1838 779 Bethsaida
1866 760 1880 775 α
1899 747 2008 780 civitas
2032 747 2171 780 Andreae

1208 802 1239 830 et
1264 798 1344 830 Petri
1362 812 1393 837 »,
1410 798 1492 831 sicut
1507 798 1623 831 dicitur
1641 799 1762 832 Ioannis
1778 800 1881 841 primo
1894 800 1915 832 ⁸.
1936 800 1971 832 Et
1987 804 2070 839 nota,
2086 800 2170 842 qnod

1209 860 1271 883 non
1294 851 1370 884 dicit
1394 850 1594 891 Bethsaida,
1620 853 1708 895 quasi
1735 853 1824 885 iuxta
1845 853 1928 885 illam
1947 853 2103 886 civitatem
2122 853 2170 886 vel

1209 904 1239 936 in
1264 904 1407 943 civitate;
1432 904 1484 937 sed
1512 903 1727 945 Betlisaiclae,
1752 906 1827 948 quia
1863 910 2003 939 remotus
2034 910 2102 939 erat
2127 907 2170 939 10-

1207 967 1281 997 cus,
1306 958 1337 990 in
1362 958 1539 991 confinibus
1564 961 1666 992 tamen
1691 959 1825 992 civitatis
1857 960 2047 993 Bethsaidae.
2085 960 2170 994 Unde

1207 1011 1301 1044 Marci
1337 1011 1454 1044 sexto⁹
1489 1011 1622 1051 dicitur,
1652 1013 1736 1055 quod
1774 1016 1843 1055 post
1878 1013 2167 1055 multiplicationem

1208 1074 1322 1106 panum
1348 1065 1448 1104 iussit,
1466 1074 1519 1098 eos
1537 1066 1724 1107 praecedere
1746 1080 1761 1095 «
1779 1070 1865 1099 trans
1888 1067 2003 1100 fretum
2022 1067 2059 1100 ad
2078 1068 2169 1100 Beth-

1206 1117 1322 1151 saidam
1341 1132 1370 1150 ».
1396 1119 1482 1152 Unde
1506 1128 1567 1152 non
1592 1123 1639 1152 est
1663 1119 1886 1159 contrarietas,
1915 1120 1968 1152 sed
1997 1129 2081 1153 unus
2112 1130 2166 1153 ex-

1207 1171 1344 1213 planavit
1368 1172 1451 1214 quod
1476 1173 1556 1206 alter
1581 1173 1687 1206 tacuit.

1298 1226 1347 1257 18.
1372 1225 1473 1267 (Vers.
1505 1227 1579 1267 11).
1606 1227 1711 1260 Tertio
1736 1236 1810 1260 vero
1835 1232 1988 1270 quantum
2013 1228 2051 1260 ad
2079 1228 2167 1261 (loci-

1205 1278 1328 1311 litatem
1362 1279 1480 1321 populi
1512 1280 1671 1323 adiungit:
1709 1281 1804 1322 Quod
1838 1290 1911 1313 eum
1943 1281 2168 1324 coynovissent

1206 1331 1341 1371 turbae,
1365 1337 1496 1366 secutae
1529 1338 1608 1365 sunt
1643 1333 1757 1373 ilium,
1782 1337 1818 1366 ut
1841 1334 1958 1366 scilicet
1992 1334 2167 1366 doctrinam

1205 1385 1273 1418 eius
1297 1386 1498 1428 exciperent,
1523 1395 1617 1429 quem
1642 1386 1879 1425 desiderabant,
1898 1387 2070 1420 secundum
2089 1387 2166 1419 illud

1205 1438 1284 1472 Osee
1321 1443 1413 1472 sexto
1431 1440 1471 1472 ¹⁰:
1501 1440 1674 1473 «sciemus
1705 1449 1958 1482 sequemurque,
1987 1444 2022 1472 nt
2054 1449 2166 1482 cogno-

1205 1501 1329 1525 scamus
1354 1492 1520 1526 Dominum
1538 1507 1567 1525 υ.
1586 1493 1671 1526 Unde
1697 1493 1776 1526 Beda
1800 1494 1830 1526 in
1855 1494 1979 1526 Glossa:
2002 1493 2167 1526 «Secutae

1204 1550 1284 1578 sunt
1307 1555 1367 1579 non
1393 1546 1423 1578 in
1448 1547 1612 1586 iumentis,
1637 1556 1698 1579 non
1723 1547 1754 1579 in
1779 1547 1950 1586 vehiculis,
1968 1547 2020 1580 sed
2038 1547 2167 1589 proprio

1205 1598 1312 1632 labore
1328 1599 1458 1641 pedum,
1476 1602 1512 1632 ut
1527 1599 1672 1632 ardorem
1691 1599 1804 1632 mentis
1819 1600 2062 1632 ostenderent».
2082 1599 2167 1632 Unde

1204 1652 1297 1685 Marci
1323 1655 1415 1685 sexto
1428 1653 1454 1671 ¹¹
1477 1652 1611 1691 dicitur,
1628 1652 1712 1695 quod
1729 1652 1819 1685 multi
1849 1653 2039 1694 «pedestres
2061 1653 2099 1685 de
2124 1653 2165 1686 ci-

1205 1705 1354 1738 vitatibus
1378 1709 1535 1738 venerunt
1559 1705 1634 1738 illuc
1649 1719 1680 1737 n.
1707 1706 1794 1738 Ratio
1818 1709 1923 1738 autem
1950 1706 2046 1739 huius
2063 1706 2166 1739 reddi-

1204 1761 1258 1790 tur
1282 1758 1404 1791 loannis
1422 1762 1530 1797 sexto,
1548 1758 1601 1791 ubi
1619 1758 1752 1791 dicitur:
1776 1771 1791 1787 α
1806 1759 1876 1791 Post
1894 1759 1970 1792 haec
1988 1759 2064 1791 abiit
2081 1760 2166 1792 Iesus

1204 1815 1292 1844 trans
1315 1820 1402 1844 mare
1426 1811 1616 1850 Tiberiadis,
1633 1816 1664 1844 et
1681 1812 1874 1854 sequebatur
1898 1821 1970 1845 eum
1996 1813 2165 1845 multitudo

1203 1873 1332 1907 magna,
1358 1864 1433 1906 quia
1457 1864 1604 1897 videbant
1628 1865 1733 1906 signa,
1759 1874 1840 1907 quae
1857 1865 2020 1898 faciebat»
2050 1869 2108 1899 etc.

1296 1919 1345 1950 19.
1370 1918 1490 1959 Quarto
1518 1926 1593 1950 vero
1618 1921 1771 1959 quantum
1789 1917 1826 1950 ad
1844 1917 2076 1961 affabititatem
2093 1919 2163 1951 Ma-

1201 1971 1304 2013 yistri
1326 1971 1506 2013 subiungit:
1532 1971 1571 2003 Et
1595 1971 1717 2013 excepit
1741 1970 1813 2003 illos
1827 1971 1873 2009 18;
1898 1971 1929 2003 in
1947 1981 2011 2014 quo
2027 1973 2164 2005 ostendi—

1202 2028 1256 2056 tur
1280 2024 1455 2066 benignitas
1486 2023 1600 2056 Christi
1634 2024 1669 2056 in
1692 2024 1807 2066 siquo,
1832 2025 1870 2057 ad
1894 2034 1989 2067 qnam
2016 2025 2163 2059 hortatur

1201 2077 1367 2119 Apostolus
1390 2076 1427 2109 ad
1453 2077 1606 2110 Romanos
1621 2077 1742 2110 decimo
1766 2078 1894 2120 quinto:
1918 2078 2100 2120 «Suscipite
2116 2079 2163 2111 in-

1202 2129 1321 2169 vicem,
1345 2130 1428 2162 sicut
1461 2134 1492 2162 et
1523 2130 1668 2163 Christus
1699 2131 1837 2173 suscepit
1872 2140 1927 2164 vos
1951 2131 1981 2164 in
2011 2132 2163 2165 bonorem

1201 2183 1303 2216 Dei».
1330 2183 1390 2216 Nec
1425 2186 1546 2216 tantum
1584 2183 1620 2216 in
1650 2183 1761 2227 siquo,
1787 2184 1840 2217 sed
1871 2184 1963 2217 etiam
1989 2185 2024 2216 in
2048 2184 2164 2223 verbo,-

1201 2236 1285 2269 unde
1319 2236 1429 2269 addit:
1467 2237 1506 2269 Et
1545 2236 1739 2280 loquebatur
1771 2237 1836 2270 iltis
1871 2238 1910 2270 de
1945 2248 2047 2280 rayno
2084 2238 2162 2277 Dei,

1201 2290 1290 2332 quasi
1316 2298 1461 2323 sermone
1485 2290 1598 2322 affabili
1624 2294 1655 2323 et
1679 2290 1843 2329 familiari,
1869 2294 1905 2323 ut
1928 2300 2003 2324 vere
2018 2291 2162 2324 ostenda-

1202 2347 1255 2376 tur
1278 2343 1442 2385 impletum
1459 2343 1535 2376 illud
1553 2344 1664 2376 Psalmi
1679 2344 1722 2376 1⁸:
1752 2357 1767 2373 α
1784 2345 1923 2377 Narrabo
1940 2353 2053 2377 nomen
2071 2349 2161 2378 tuum

1200 2397 1353 2429 fratribus
1377 2397 1454 2429 meis
1470 2410 1500 2428 ».
1526 2397 1609 2430 Licet
1643 2401 1748 2430 autem
1775 2398 1958 2440 loqueretur
1982 2398 2162 2438 affabiliter,

1201 2459 1263 2482 non
1287 2453 1390 2483 tamen
1414 2450 1585 2489 inutiliter,
1610 2459 1671 2482 non
1696 2451 1881 2489 carnaliter,
1906 2451 1980 2493 quia
2003 2451 2042 2484 de
2066 2460 2163 2494 regno

1202 2503 1274 2542 Dei,
1299 2512 1360 2535 non
1385 2503 1423 2535 de
1458 2503 1591 2542 mundo3
1628 2503 1711 2536 unde
1735 2503 1855 2546 primae
1884 2504 1964 2537 Petri
1990 2508 2104 2547 quarto
2118 2506 2161 2537 ¹⁴:

1207 2569 1223 2585 α
1240 2556 1269 2589 Si
1295 2557 1367 2599 quis
1392 2557 1533 2599 loquitur
1556 2556 1644 2599 quasi
1675 2566 1836 2590 sermones
1859 2557 1912 2590 Dei
1931 2570 1962 2596 »;
1987 2562 2017 2591 et
2042 2558 2162 2592 loannis

249 2702 258 2717 ¹
280 2704 354 2729 Vei-s.
376 2703 419 2728 12.

248 2745 259 2761 ²
279 2747 338 2773 Vat.
356 2746 514 2781 Spiritualis
532 2748 623 2773 autem
641 2745 770 2779 eruditio,
790 2749 815 2772 ct
833 2747 946 2773 subinde
964 2747 1069 2782 fidelem
1085 2755 1135 2782 po-

174 2791 273 2826 pulum
292 2799 340 2824 pro
358 2791 478 2827 fidelium
497 2791 596 2826 populo
616 2790 709 2824 (ACH
725 2791 861 2825 populos).

251 2834 262 2850 ⁸
279 2836 362 2862 Codd.
382 2837 402 2862 Α
414 2835 433 2863 C
445 2837 496 2862 DH
515 2836 638 2862 omittunt
656 2842 704 2862 uec
722 2842 758 2862 eoe
772 2837 853 2869 parte
871 2835 1048 2862 audientium.

248 2879 259 2895 ⁴
279 2881 352 2908 Vers.
370 2881 395 2907 7.
416 2885 441 2907 et
460 2882 484 2907 9.
504 2882 553 2907 Pro
571 2887 626 2907 non
646 2880 788 2907 invenisset
806 2880 856 2907 CG
876 2887 931 2907 non
951 2880 1090 2907 inveniret.

248 2923 259 2938 ⁶
279 2925 353 2951 Vers.
373 2925 416 2951 15.
436 2939 469 2944 -
489 2925 606 2951 Vocibus
623 2924 649 2952 si
662 2926 773 2959 possent
792 2926 848 2951 Vat.
869 2925 999 2950 interserit
1018 2924 1109 2951 latere.

248 2967 260 2983 ⁶
279 2969 357 2995 Vers:
373 2970 401 2995 31
414 2963 426 3002 ,’
440 2973 499 3002 post
517 2977 597 3003 quem
617 2969 693 2995 Deut.
711 2970 760 3002 32,
779 2969 823 2995 27.

248 3010 258 3026 '¹
280 3013 353 3039 Vers.
374 3014 415 3039 31.
436 3027 470 3032 -
484 3014 608 3047 Sequitur
626 3014 693 3040 Osee
712 3014 742 3045 2,
759 3013 803 3039 14:
818 3013 921 3040 Ducam
935 3020 994 3039 eam
1007 3016 1056 3039 etc.
1071 3014 1134 3040 Voci

179 3056 275 3091 loquar
294 3056 313 3083 C
325 3057 346 3082 D
356 3058 376 3083 G
387 3058 408 3083 Η
428 3058 597 3090 praemittunt
614 3057 660 3084 ibi.

248 3099 259 3115 ⁸
278 3101 353 3127 Vers.
374 3101 416 3127 44.
429 3116 464 3122 —
478 3102 561 3135 Beda,
574 3103 612 3129 ΙΙΙ.
627 3103 652 3128 111
666 3103 728 3129 Luc.
748 3103 772 3134 9,
797 3103 839 3128 10:
859 3102 933 3128 Unde
954 3103 1043 3134 pulcre
1063 3103 1135 3128 Beth-

178 3146 249 3172 saida
278 3145 374 3173 domus·
401 3146 544 3180 fructuum
563 3147 755 3179 interpretatur.
780 3147 835 3179 ipsa
856 3149 895 3173 est
923 3146 1008 3177 enini,
1029 3147 1061 3172 de
1081 3153 1134 3180 qua

179 3188 256 3217 lsaia's
274 3189 335 3224 [35‚
360 3189 395 3224 l.]
414 3190 463 3216 nit:
482 3190 637 3218 Laetabitur
662 3190 767 3218 deserta
794 3192 819 3217 et
837 3190 926 3223 ι’πυὶα,
945 3192 970 3217 et
987 3190 1135 3218 exsultabit

178 3233 294 3261 solitudo
319 3236 346 3261 et
362 3233 469 3267 florebit
486 3234 568 3269 quasi
586 3234 692 3269 lilium;
705 3239 736 3261 -et
754 3235 832 3268 paulo
857 3238 916 3267 post
939 3234 979 3269 [v.
1008 3234 1060 3268 2.]:
1080 3234 1135 3269 Ipsi

178 3277 303 3305 videbunt
321 3277 439 3312 qtoriam
461 3278 569 3305 Domini
591 3281 615 3306 et
640 3279 762 3306 decorem
790 3278 840 3306 Dei
861 3278 959 3306 uestri.
984 3279 1026 3305 Est
1045 3282 1133 3305 antem

182 3331 196 3345 ι
208 3322 345 3349 Bethsaida
363 3322 391 3348 in
410 3322 520 3348 Galilaea
539 3322 631 3349 civitas
650 3323 770 3350 Andreae
787 3326 813 3350 et
826 3324 893 3349 Petri
906 3326 932 3349 et
943 3323 1056 3355 Philippi
1067 3323 1134 3355 Apo·

179 3367 319 3398 stolorum,
332 3373 423 3399 *prope
451 3369 574 3399 stagnum
603 3367 779 3394 Gennesareth
789 3377 814 3399 n,
834 3371 862 3394 ut
879 3368 907 3393 in
926 3368 1042 3394 locorum
1062 3367 1134 3394 libris

180 3409 306 3444 [Hieron.‚
325 3411 359 3437 de
378 3411 433 3437 Situ
452 3414 477 3437 et
505 3410 656 3438 nominibus
684 3412 802 3438 locorum
825 3411 957 3446 Hebrum]
977 3412 1133 3438 invenimus.

1199 2704 1251 2731 Csr.
1270 2706 1359 2731 Glossa
1379 2704 1521 2731 ordinaria
1542 2704 1586 2737 (ex
1615 2705 1694 2737 Beda)
1723 2705 1749 2730 in
1776 2705 1862 2730 Matth.
1884 2705 1929 2737 it,
1950 2706 1994 2731 22.
2013 2706 2097 2738 (apud
2115 2707 2161 2737 Ly-

1199 2749 1318 2782 ranun])‚
1337 2749 1383 2775 ubi
1403 2749 1512 2775 dicitur:
1532 2749 1605 2775 Unde
1618 2749 1701 2775 Lucas
1715 2756 1767 2775 non
1786 2749 1866 2775 dicit:
1885 2750 1931 2782 qui
1951 2754 1989 2776 est
2009 2750 2160 2781 Bethsaida,

1199 2793 1263 2819 sed:
1283 2794 1329 2827 qni
1348 2797 1387 2820 est
1406 2793 1559 2819 Bethsaidae
1577 2796 1626 2819 etc.

1270 2836 1281 2851 ⁹
1302 2839 1374 2864 Vei-s.
1397 2838 1438 2864 45.
1458 2852 1493 2857 —
1512 2838 1563 2864 Csr.
1582 2838 1672 2863 Glossa
1702 2837 1844 2864 ordinaria
1865 2839 1906 2871 (ex
1926 2839 2006 2871 Beda)
2038 2839 2063 2864 in
2092 2840 2160 2865 hunc

1199 2883 1286 2908 locum
1296 2902 1302 2912 ,
1322 2890 1352 2908 ex
1371 2890 1423 2915 qna
1437 2882 1525 2908 Glossa
1541 2881 1722 2908 interlinearis
1737 2881 1760 2907 in
1775 2883 1838 2908 Luc.
1851 2883 1876 2914 9,
1893 2883 1934 2907 10.
1953 2883 2041 2908 affert:
2056 2882 2111 2914 Qm·
2121 2885 2162 2910 est

1200 2926 1372 2958 Belltsaidae,
1392 2927 1525 2958 pertinens
1544 2929 1569 2952 et
1588 2926 1690 2952 vicinus
1709 2926 1877 2958 Bethsaidae,
1897 2927 1994 2952 civitati
2014 2927 2151 2954 Galilaeae.

1271 2969 1294 2984 ¹⁰
1314 2971 1388 2996 Vers.
1409 2971 1433 2995 3.
1452 2984 1488 2989 —
1506 2970 1596 2995 Glossa
1616 2969 1757 2997 ordinaria
1779 2970 1819 3002 (ex
1834 2970 1914 3003 Beda)
1935 2971 1959 2996 in
1979 2971 2041 2996 Luc.
2061 2971 2091 3002 9,
2114 2972 2159 2996 tvl:

1202 3024 1215 3036 ιι
1229 3013 1342 3041 Secutae
1359 3016 1438 3046 sunt,
1458 3021 1508 3040 non
1529 3014 1665 3045 iumentis,
1685 3021 1738 3039 non
1757 3014 1885 3040 vehiculis
1898 3024 1911 3037 n
1928 3019 1978 3040 ete.
1994 3015 2090 3047 (Bedm
2104 3015 2160 3041 Non

1199 3058 1224 3084 in
1244 3059 1367 3085 iumentis
1385 3058 1567 3091 vehiculisve).
1580 3058 1663 3085 Codd.
1677 3060 1697 3084 A
1707 3058 1726 3085 C
1737 3059 1758 3084 D
1771 3062 1830 3084 ante
1845 3058 1972 3085 vehiculis
1985 3059 2109 3092 omittunt
2122 3059 2158 3085 in.

1270 3101 1290 3116 ¹¹
1312 3102 1386 3128 Vers.
1407 3103 1450 3128 33.
1464 3115 1500 3121 —-
1512 3101 1630 3128 Subinde
1649 3102 1775 3134 allegatur
1796 3103 1866 3128 loan.
1882 3103 1912 3135 6,
1928 3103 1951 3128 1.
1963 3109 2018 3136 seq.
2033 3102 2079 3135 (G:
2093 3103 2158 3129 Post

1198 3146 1247 3173 hoc
1266 3146 1331 3173 abiit
1349 3147 1419 3181 etc.).

1269 3189 1291 3215 ¹?
1312 3192 1345 3217 lta
1365 3191 1443 3217 etiam
1464 3191 1548 3223 Beda,
1567 3190 1644 3217 Card.
1663 3191 1755 3223 Rogo,
1774 3191 1905 3223 Lyranus;
1926 3192 2037 3223 Vulgata
2056 3198 2109 3219 eos.
2122 3206 2158 3211 —

1199 3235 1322 3268 Sequitur
1340 3237 1417 3261 Rom.
1438 3236 1484 3268 15,
1504 3236 1529 3261 7.

1271 3277 1293 3293 ¹⁸
1312 3279 1405 3305 psalm.
1426 3280 1472 3312 2⁴,
1492 3280 1535 3305 23.
1556 3292 1591 3298 —
1610 3280 1701 3306 Glossa
1720 3279 1903 3307 mterlinearis
1931 3280 1956 3306 ln
1976 3280 2039 3306 Luc.
2059 3281 2088 3312 9,
2110 3281 2157 3306 lt:

1199 3323 1233 3350 Et
1252 3323 1411 3357 loquebatur
1431 3323 1500 3356 illis,
1519 3324 1596 3350 docet
1616 3324 1725 3355 inscios.
1744 3323 1776 3351 de
1794 3331 1878 3358 reyno
1898 3323 1961 3357 Dei,
1982 3332 2033 3351 non
2052 3325 2086 3351 de
2104 3332 2157 3351 sae-

1197 3367 1337 3394 cularibus.

1269 3410 1291 3426 ¹¹
1311 3412 1386 3438 Vers.
1406 3413 1454 3444 11,
1473 3416 1532 3445 post
1551 3419 1631 3446 quem
1651 3413 1720 3440 loan.
1740 3413 1770 3445 3,
1791 3413 1833 3439 31.
1852 3416 1878 3440 et
1897 3414 1927 3445 6,
1947 3413 1990 3439 69.

2187 1236 2290 1258 Docilitas

2200 1263 2280 1290 populi.

2186 1927 2306 1949 AiIabilitas

2199 1954 2302 1981 Magistri.

2184 2034 2205 2055 111
2221 2035 2288 2061 signo.

2184 2194 2205 2215 ln
2219 2194 2293 2216 verbo.
