2427 3872
812 464 1113 528 INDEX
1154 466 1488 532 RERUM

334 645 497 733 QUAE
544 647 612 727 IN
658 647 1117 728 COMMENTARHS
1163 650 1344 730 SEXTI
1390 651 1468 731 ΕΤ
1516 653 1759 733 SEPTIMI
1806 656 1951 736 ΤΟΜΙ

943 852 1341 904 CONTINENTUR.

153 1066 156 1070 ’
193 1066 323 1102 Numeri
340 1065 470 1099 Romani
488 1065 665 1109 significant
681 1069 792 1107 tomos,
809 1067 904 1110 primi
920 1068 1037 1102 arabici
1054 1069 1192 1113 paginas,
1209 1074 1377 1114 sequentes
1392 1073 1510 1106 arabici
1527 1074 1658 1121 spatiolo
1675 1075 1741 1108 solo
1757 1075 1846 1108 divisi
1864 1077 2089 1119 paragraphos,

524 1123 578 1157 sed
594 1124 719 1158 numeri
736 1125 895 1159 asteriscis
910 1126 1046 1161 distincti
1063 1128 1235 1162 solutiones
1250 1129 1446 1163 obiectorum
1464 1130 1495 1163 in
1512 1132 1758 1173 quaestionibus.

453 1467 475 1493 A

187 1512 208 1538 A
227 1525 263 1532 —
280 1510 384 1538 Habere
402 1510 437 1538 ab
457 1512 508 1538 alio
526 1511 585 1539 vide
613 1520 636 1539 v.
665 1512 780 1540 Habere.

187 1557 277 1583 Annon
289 1570 326 1576 —
337 1556 425 1583 bonus
438 1558 528 1589 pastor
540 1557 574 1583 Vl
586 1558 639 1584 226
657 1565 684 1584 v.
698 1559 727 1584 24
744 1571 780 1578 —

133 1601 292 1634 deprecatus
314 1602 354 1627 est
372 1608 421 1634 pro
446 1601 546 1634 populo
566 1602 669 1629 fervore
691 1602 779 1629 cordis

133 1648 160 1672 et
178 1645 314 1672 sanctitate
332 1646 538 1673 conversationis
556 1649 582 1672 et
600 1647 701 1673 ratione
725 1647 780 1673 offl-

132 1690 166 1717 cil
185 1690 341 1724 pontificalis
360 1689 423 1717 ibid.
441 1691 484 1718 Vll
505 1691 557 1717 577
577 1690 605 1717 44
630 1706 666 1710 -
693 1691 778 1718 verbo

131 1734 196 1762 vicit
212 1735 342 1767 populum
359 1734 529 1761 rebellantem
543 1736 576 1762 Vl
591 1735 642 1761 227
656 1743 683 1761 v.
696 1736 730 1761 22
745 1750 778 1754 -

131 1779 252 1806 exstinxit
269 1779 359 1812 ignem
377 1786 406 1805 se
425 1779 514 1812 ipsum
532 1779 724 1813 interponendo
744 1778 778 1806 ib.

132 1830 159 1850 v.
179 1824 213 1851 23

185 1880 220 1889 —
245 1869 326 1902 Virga
354 1868 443 1896 Aaron
470 1869 624 1896 mirabiliter
654 1868 779 1902 produxit

131 1913 287 1946 amygdalas
306 1914 340 1940 vr
359 1914 392 1940 96
412 1920 427 1940 a
445 1907 583 1946 —virga
600 1913 687 1939 Aaron
699 1912 778 1945 signi-

131 1957 193 1984 ficat
209 1958 520 1984 rectitudinem.virtutis
539 1958 583 1984 Vll
602 1957 654 1984 277
672 1956 708 1983 79

167 2021 170 2025 .
185 2002 253 2029 Anni.
271 2016 307 2023 —
325 2003 429 2035 primus
446 2002 532 2028 iustus
545 2002 620 2028 suita
640 2003 719 2028 fratre
737 2008 777 2027 oc-

99 2074 102 2076 ,
131 2046 202 2073 cisus
219 2046 254 2073 Vl
268 2046 318 2072 472
332 2053 358 2072 v.
372 2047 398 2072 3.
411 2046 454 2072 Vll
468 2046 519 2071 308
532 2045 568 2071 97
580 2059 615 2064 —
627 2046 778 2072 interfectus

131 2097 146 2116 a
161 2091 243 2117 tratre
261 2092 300 2116 est
312 2090 397 2123 figura
410 2089 540 2122 passionis
552 2088 646 2116 Christi
663 2089 707 2116 Vll
725 2089 777 2115 595

132 2134 166 2160 34
184 2148 221 2154 --
238 2134 361 2166 designat
377 2133 498 2160 ordinem
514 2134 658 2166 Martyrum
672 2134 723 2159 308
742 2133 776 2159 79

187 2179 290 2205 Anium.
302 2192 339 2198 —
353 2178 506 2209 humilitate,
525 2185 579 2211 qua
598 2185 627 2204 se
639 2177 732 2204 obtulit
743 2178 778 2204 ad

129 2222 313 2256 ministerium,
332 2225 372 2249 est
384 2223 471 2255 figura
490 2222 583 2249 beatae
601 2222 697 2248 Mariae
716 2222 774 2248 Vir-

131 2267 200 2300 ginis
212 2267 257 2294 Vll
275 2268 309 2294 26
329 2268 372 2298 68.
386 2267 439 2294 276
457 2267 492 2293 78
505 2281 541 2287 -
554 2267 704 2293 Benedictio
717 2267 774 2294 eius

132 2312 238 2345 impleta
257 2315 297 2339 est
315 2312 342 2339 in
361 2312 440 2338 Maria
460 2312 494 2338 29
513 2311 548 2338 79

186 2356 287 2383 Anti-ra
306 2371 342 2376 —
360 2364 414 2384 non
432 2356 576 2390 repetenda
588 2364 619 2383 ex
632 2356 777 2389 cupiditate

133 2400 179 2427 vll
194 2401 245 2428 455
258 2401 302 2435 74,
315 2401 351 2428 75
361 2416 395 2421 —
405 2401 587 2428 Communitas
597 2402 775 2434 perfectorum

133 2448 220 2478 potest
236 2446 376 2479 proprium
396 2446 513 2472 ablatum
533 2448 654 2478 repetere
672 2446 726 2472 zelo
740 2445 778 2472 iu-

134 2490 219 2516 stitiae
236 2489 272 2517 ib.
290 2491 326 2518 75

185 2535 330 2572 Anat-:cmxc
347 2549 383 2555 —
402 2535 444 2562 sui
454 2535 573 2562 consistit
584 2535 610 2561 in
623 2535 777 2562 omnimoda

132 2579 277 2605 humilitate
295 2579 340 2606 vn
353 2580 404 2606 228
418 2579 452 2605 37
465 2593 502 2599 -
514 2580 662 2606 necessaria
679 2580 778 2606 volenti

132 2623 209 2656 sequi
229 2623 356 2650 humilem
374 2623 507 2651 Christum
526 2623 588 2651 ibid.
608 2638 642 2643 —-
661 2624 687 2650 ln
700 2624 778 2651 abne-

134 2669 239 2701 gatione
257 2668 410 2701 intelligitur
428 2671 521 2695 votum
549 2668 715 2695 obedientiae
742 2668 777 2695 ib.

133 2713 167 2739 38
182 2726 218 2733 -
231 2713 272 2739 sui
290 2720 339 2746 per
357 2713 481 2746 propriae
499 2713 641 2740 voluntatis
654 2712 777 2739 abiectio-

133 2764 195 2783 nem
213 2757 358 2784 consulitur
377 2760 467 2784 contra
486 2757 639 2791 superbiam
659 2758 729 2784 vitae
744 2758 776 2784 Vl

134 2801 186 2827 584
206 2802 222 2827 3
264 2809 266 2811 ’

188 2845 346 2873 Anoinm'rro
364 2860 398 2866 ——
424 2846 485 2874 Vide
503 2854 530 2874 v.
549 2846 679 2874 Altitudo.

187 2891 329 2917 Anonrivus
341 2905 376 2910 —
389 2894 460 2917 caret
472 2891 560 2918 multis
572 2892 685 2918 miseriis
695 2892 727 2918 Vl
741 2892 775 2918 50

132 2941 161 2960 V.
179 2934 204 2961 3.
223 2934 252 2960 51
276 2942 302 2968 q.
321 2935 337 2961 3
358 2949 392 2954 —
408 2936 503 2961 frustra
517 2936 596 2967 venit,
610 2936 672 2969 quia
685 2936 775 2962 statim

133 2978 245 3004 moritur
263 2977 298 3005 ib.
316 2986 344 3005 v.
363 2979 379 3005 4

186 3022 311 3049 Asnaum
319 3036 355 3042 —
362 3023 385 3049 ei
392 3023 480 3056 primo
486 3023 546 3050 data
554 3026 594 3050 est
604 3024 776 3057 repromissio

133 3066 168 3092 de
185 3066 288 3093 Christo
306 3067 340 3093 Vl
359 3067 411 3093 346
424 3068 468 3094 35.
481 3068 526 3094 Vll
539 3068 573 3093 34
588 3068 648 3094 400.
663 3068 696 3094 40
715 3069 776 3094 430.

134 3110 167 3136 86
182 3111 225 3136 60.
239 3110 290 3137 344
303 3111 347 3137 31.
361 3111 412 3137 448
426 3111 460 3138 44
472 3125 509 3131 -
521 3112 653 3145 quaesivit
668 3112 775 3145 signum

133 3158 242 3186 propter
258 3154 464 3187 publicationem
477 3156 560 3182 divini
578 3156 712 3188 promissi,
725 3164 778 3183 non

133 3201 242 3230 propter
260 3199 458 3226 haesitationem
477 3200 559 3226 animi
577 3201 621 3227 Vll
641 3201 674 3226 48
694 3201 729 3227 30
742 3215 778 3221 -

133 3241 161 3267 in
178 3242 384 3274 repromissione
402 3244 449 3270 Dei
473 3251 527 3270 non
555 3245 694 3272 haesitavit
711 3245 778 3272 diffi-

133 3286 222 3312 dentia
240 3285 302 3314 ibid.
321 3288 372 3313 213
393 3288 426 3314 89
445 3302 482 3308 -
500 3289 620 3321 credidit,
638 3290 700 3323 quia
718 3297 778 3316 con·
813 3294 815 3300 ¹

134 3330 261 3357 sideravit
272 3331 390 3357 divinam
405 3333 548 3364 potentiam
561 3333 593 3358 48
608 3334 642 3359 30
651 3328 778 3359 —‘Bene-

135 3374 216 3401 dictio
233 3375 364 3407 promissa
377 3375 499 3402 Abrahae
511 3377 619 3409 impleta
630 3377 708 3403 estin
728 3378 778 3403 Ma-

794 1514 802 1924 l

1113 1342 1168 1394 A

818 1513 857 1540 ria
875 1514 910 1540 29
928 1513 963 1539 78
981 1527 1018 1533 -
1035 1513 1174 1540 Generatio
1193 1513 1315 1539 Abrahae
1333 1520 1386 1540 non
1405 1516 1461 1540 erat

818 1559 950 1590 naturalis,
969 1558 1016 1584 sed
1036 1557 1163 1584 mirabilis
1183 1557 1216 1583 44
1237 1558 1264 1583 4-1

870 1616 906 1622 -
924 1602 991 1629 vidit
1009 1602 1141 1629 Christum
1169 1602 1222 1628 ssde
1241 1604 1341 1628 tantum
1360 1605 1386 1628 et
1414 1609 1458 1635 ga-

817 1646 890 1673 visus
908 1649 948 1673 est
962 1647 1004 1672 Vll
1025 1647 1076 1672 265
1096 1646 1124 1672 44
1143 1646 1257 1672 —vidit
1274 1646 1346 1672 diem
1365 1646 1459 1673 Christi

817 1691 843 1716 in
862 1691 967 1717 Domini
986 1690 1162 1723 promissione
1180 1690 1214 1716 Vl
1233 1689 1285 1716 370
1305 1691 1338 1716 80
1358 1704 1394 1710 —
1406 1698 1460 1717 non

816 1735 901 1768 potuit
913 1735 1028 1761 evadere
1045 1737 1158 1760 mortem
1171 1733 1206 1761 ib.
1218 1734 1253 1760 77
1271 1748 1308 1754 -
1320 1738 1460 1767 susceptus

816 1782 856 1805 est
872 1779 899 1804 in
917 1779 975 1805 loco
993 1778 1089 1812 quietis
1109 1780 1234 1812 tanquam
1254 1779 1279 1805 in
1293 1779 1352 1805 sinu
1366 1779 1459 1806 merito

815 1823 878 1849 fidei
897 1823 940 1849 Vll
961 1822 1012 1848 418
1032 1822 1066 1848 44

868 1880 904 1886 -
921 1867 1018 1893 dicitur
1036 1867 1119 1893 iustus
1132 1868 1346 1899 antonomastice,
1360 1871 1386 1894 et
1404 1868 1460 1894 sine

815 1911 921 1944 querela
940 1911 974 1937 Vl
995 1911 1044 1937 472
1064 1919 1091 1937 ν.
1115 1912 1132 1937 5
1151 1925 1186 1931 ——
1209 1912 1266 1938 eius
1290 1919 1371 1945 opera
1400 1914 1461 1939 sunt

816 1955 890 1988 fides,
907 1954 1055 1981 obedientia
1076 1958 1101 1982 et
1120 1956 1295 1983 mansuetudo
1309 1957 1360 1982 366
1374 1957 1408 1983 58
1425 1970 1461 1976 -

815 1999 932 2026 servavit
949 2006 1099 2026 sermonem
1119 2000 1223 2026 Domini
1243 2000 1294 2026 370
1314 2001 1348 2027 76
1369 2015 1402 2020 --
1419 2008 1461 2027 ne-

815 2043 901 2070 sciens
924 2044 1038 2076 Angelos
1057 2045 1170 2077 hospitio
1188 2045 1288 2077 recepit
1308 2046 1350 2072 Vll
1361 2045 1412 2071 596
1426 2046 1459 2071 36

816 2102 851 2107 —
870 2091 981 2114 vocatur
999 2095 1066 2121 puer
1084 2092 1192 2122 propter
1211 2090 1382 2116 humilitatem
1408 2089 1459 2116 459

816 2133 845 2159 34
869 2146 905 2152 -—
923 2132 1049 2159 liberatus
1067 2140 1081 2159 a
1102 2134 1243 2160 tentatione
1266 2134 1406 2167 superbiae
1426 2134 1458 2161 Vl

818 2177 869 2203 475
883 2184 909 2203 v.
923 2177 956 2203 44
969 2191 1006 2197 —
1017 2185 1032 2203 a
1045 2179 1226 2211 compatriotis
1239 2179 1336 2212 patitur
1350 2180 1393 2206 Vll
1407 2180 1453 2205 101

817 2222 847 2248 51
872 2235 908 2241 -
926 2225 1002 2255 pater
1020 2223 1154 2255 piissimus
1172 2224 1286 2256 denegat
1313 2224 1459 2250 misericor-

816 2266 888 2292 diam
909 2267 1163 2294 immisericordibus
1183 2268 1234 2294 425
1248 2269 1276 2294 64
1301 2283 1336 2287 —
1353 2269 1458 2295 Praece-

816 2313 892 2343 ptum
909 2311 1002 2337 datum
1020 2311 1142 2338 Abrahae
1165 2312 1200 2338 de
1222 2313 1384 2340 immolando
1406 2313 1458 2339 filio

815 2358 871 2381 erat
890 2355 1054 2387 probationis
1074 2356 1125 2382 420
1145 2357 1178 2382 30
1198 2372 1233 2375 -
1251 2358 1398 2384 secundum
1416 2358 1458 2384 Sa-

816 2400 958 2426 mario-mos
985 2401 1107 2427 adoravit
1133 2401 1159 2427 in
1184 2405 1274 2428 monte
1300 2403 1404 2428 illorum
1424 2403 1458 2428 Vl

817 2445 870 2471 295
890 2445 925 2471 35

868 2503 904 2509 -
914 2492 953 2516 est
965 2493 1040 2522 pater
1053 2490 1209 2517 ludaeorum
1220 2491 1367 2517 secundum
1382 2498 1458 2523 gene-

815 2535 944 2561 rationem
958 2534 990 2560 Vl
1010 2535 1062 2561 365
1076 2534 1109 2561 54
1129 2549 1165 2555 —
1186 2534 1265 2561 habet
1283 2536 1337 2562 duo
1360 2542 1458 2568 genera

815 2579 943 2612 illiorum,
967 2579 1114 2605 secundum
1133 2586 1239 2605 carnem
1263 2583 1289 2606 ct
1310 2580 1458 2606 secundum

814 2624 987 2650 imitationem
1006 2623 1041 2650 ib.
1060 2623 1102 2650 55.
1122 2624 1166 2650 Vll
1191 2624 1242 2650 353
1274 2625 1317 2650 60.
1337 2624 1388 2650 422
1415 2624 1458 2649 54.

816 2667 868 2694 477
889 2668 922 2694 43
945 2682 978 2687 -
1006 2669 1099 2694 merito
1122 2668 1185 2694 fidei
1212 2668 1298 2694 dictus
1317 2672 1357 2695 est
1384 2671 1459 2701 pater

815 2713 957 2739 multarum
976 2713 1095 2745 gentium
1114 2713 1158 2738 Vll
1172 2713 1199 2738 4l
1208 2713 1223 2738 8
1244 2713 1276 2739 44
1289 2727 1325 2732 -
1339 2713 1406 2745 gerit
1420 2715 1459 2745 ty-

815 2764 879 2789 pum
899 2758 1078 2789 praelatorum
1099 2757 1149 2782 450
1169 2757 1203 2783 57
1218 2772 1251 2776 -
1263 2757 1318 2783 Filii
1337 2757 1459 2783 Abrahae

814 2804 875 2828 sunt
892 2802 937 2835 qui
957 2802 1092 2828 imitantur
1111 2806 1180 2827 eum·
1192 2809 1240 2834 per
1262 2802 1343 2827 fldem
1361 2801 1397 2827 74
1417 2801 1459 2833 48,

816 2846 849 2871 49
869 2860 905 2865 -
923 2847 1019 2872 Semen
1038 2845 1160 2872 Abrahae
1178 2848 1239 2872 sunt
1267 2845 1404 2871 credentes
1424 2845 1457 2870 34

815 2891 866 2916 400
882 2904 921 2917 ,-
940 2890 1061 2916 Abrahae
1080 2890 1124 2916 sslii
1143 2890 1259 2916 suscitati
1272 2890 1307 2915 de
1325 2889 1458 2921 lapidibus

813 2937 874 2961 sunt
891 2934 1029 2961 credentes
1047 2941 1078 2960 ex
1097 2934 1220 2966 gentibus
1237 2934 1272 2959 74
1294 2934 1325 2959 49

866 2992 902 2998 -
920 2978 1041 3005 Abrahae
1060 2979 1132 3004 sinus
1149 2981 1189 3004 est
1206 2979 1280 3004 locus
1297 2978 1395 3011 quietis
1414 2977 1457 3002 Vll

817 3023 868 3059 448
889 3023 922 3048 44
942 3036 978 3042 -
995 3023 1071 3049 Ratio
1089 3022 1205 3048 nominis
1224 3021 1286 3048 ibid.
1305 3036 1341 3041 —
1360 3022 1408 3048 Per
1427 3022 1458 3047 si-

814 3074 878 3093 num
898 3067 1021 3093 Abrahae
1032 3067 1183 3100 intelligitur
1196 3067 1302 3100 requies
1321 3066 1457 3092 beatarum

815 3112 963 3138 animarum
988 3111 1040 3138 449
1066 3112 1100 3138 45
1118 3125 1154 3130 -
1173 3111 1260 3137 Sancti
1284 3111 1372 3137 Patres
1397 3117 1459 3136 con-

815 3156 990 3182 servabantur
1009 3156 1034 3181 in
1048 3156 1107 3182 sinu
1127 3155 1248 3181 Abrahae
1261 3155 1336 3188 quasi
1357 3155 1382 3181 in
1401 3155 1457 3181 loco

815 3201 936 3227 familiari
964 3201 1015 3227 448
1044 3201 1078 3227 44
1097 3214 1133 3220 -
1151 3199 1271 3226 Abrahae
1298 3200 1371 3226 sinus
1398 3202 1457 3225 ante

815 3245 978 3278 apertionem
1004 3245 1096 3271 ianuae
1114 3248 1170 3271 erat
1194 3245 1219 3270 in
1239 3244 1321 3270 limbo
1340 3243 1401 3271 ibid.

814 3283 817 3287 ’
867 3290 1073 3316 Annnnun‘mrio
1097 3303 1132 3309 —
1160 3289 1342 3321 temporalium
1368 3291 1457 3314 contra

813 3334 1051 3366 concupiscentiam
1065 3334 1201 3360 oculorum
1215 3333 1358 3359 consulitur
1370 3332 1404 3358 ad
1417 3339 1457 3358 se-

813 3377 950 3407 quendum
969 3376 1101 3404 Christum
1121 3377 1155 3403 Vl
1169 3377 1220 3403 584
1241 3377 1266 3402 3.
1280 3377 1322 3402 Vll
1343 3376 1393 3401 429
1413 3376 1455 3401 67.

1787 1472 1850 1499 ACC

1500 1514 1551 1540 228
1572 1515 1614 1541 38.
1636 1515 1686 1541 463
1707 1516 1750 1543 41.
1772 1517 1818 1543 544
1841 1518 1874 1544 32
1893 1532 1929 1538 -
1948 1520 2066 1546 omnium
2092 1528 2139 1554 per

1499 1561 1678 1590 contemptum
1698 1560 1881 1592 temporalium
1901 1565 1940 1588 est
1957 1563 2082 1590 omnIbus
2097 1571 2139 1590 ne-

1498 1603 1610 1628 cessaria
1624 1603 1666 1629 Vll
1687 1604 1739 1630 380
1753 1604 1795 1637 65,
1809 1605 1842 1630 66
1860 1605 1923 1633 Vide
1940 1613 1964 1633 v.
1979 1607 2138 1641 Paupertas.

1551 1647 1708 1674 Anscounml
1729 1663 1763 1667 —
1782 1650 1918 1676 manifesta
1938 1654 1998 1677 sunt
2022 1652 2077 1678 Deo
2097 1653 2139 1679 Vll

1498 1690 1545 1716 344
1570 1692 1586 1717 5
1606 1706 1640 1711 —-
1658 1693 1782 1719 Peccator
1800 1694 1903 1727 quaerit
1927 1694 2053 1722 abscondi
2072 1704 2087 1722 a
2107 1698 2139 1723 ta-

1498 1735 1537 1761 cie
1556 1736 1612 1767 Dei,
1632 1737 1721 1763 volens
1740 1738 1819 1764 latere
1838 1738 1865 1764 in
1884 1739 1952 1765 malo
1971 1740 2005 1765 Vl
2025 1741 2058 1766 65
2077 1748 2103 1768 v,
2124 1743 2139 1768 3

1497 1793 1533 1799 —
1551 1780 1652 1806 Fideles
1670 1781 1732 1807 nihil
1746 1789 1760 1807 a
1777 1782 1832 1808 Deo
1845 1782 2049 1816 absconderent,
2061 1786 2140 1812 etiam

1498 1823 1520 1849 si
1539 1824 1619 1850 latere
1644 1829 1751 1857 possent
1770 1827 1814 1852 Vll
1840 1828 1886 1852 221
1920 1828 1951 1853 46
1971 1842 2006 1848 -
2024 1829 2140 1856 Abscon-

1498 1868 1562 1894 dere
1580 1869 1614 1895 ad
1633 1871 1738 1902 tempus
1757 1871 1865 1897 stultum
1885 1875 1932 1904 est,
1951 1873 2014 1906 quia
2034 1874 2060 1899 in
2073 1874 2140 1901 iudi-

1499 1913 1540 1938 cio
1558 1916 1661 1945 oportet
1684 1915 1771 1940 omnia
1797 1916 1955 1942 manifestari
1980 1918 2031 1943 496
2052 1919 2084 1944 26
2104 1933 2139 1939 -

1499 1957 1569 1983 Deus
1597 1958 1624 1984 in
1653 1958 1750 1985 iudicio
1781 1960 1956 1987 manifestabit
1986 1962 2138 1990 abscondita

1498 2000 1560 2028 ibid.
1580 2002 1627 2028 344
1652 2003 1668 2028 5
1688 2017 1722 2022 ——
1741 2004 1890 2031 revelantur
1909 2012 1956 2038 per
1974 2006 2087 2040 Angelos
2104 2008 2138 2034 Vl

1499 2045 1550 2072 240
1571 2047 1586 2072 3

1550 2104 1587 2110 -
1602 2091 1774 2119 Considerare
1786 2093 1939 2120 abscondita
1953 2099 1992 2121 est
2005 2103 2138 2128 praesum·

1498 2135 1532 2161 tio
1551 2136 1658 2168 spiritus
1678 2137 1711 2163 Vl
1731 2137 1764 2163 53
1785 2145 1810 2163 v.
1831 2139 1855 2169 9,
1876 2139 1908 2164 10
1929 2153 1962 2157 -
1983 2140 2032 2172 Qui
2046 2141 2138 2166 volunt

1497 2181 1655 2213 perscrutari
1673 2182 1707 2208 de
1731 2181 1891 2209 absconditis
1920 2188 2081 2210 evanescunt
2104 2183 2138 2211 ib.

1497 2233 1522 2250 v.
1545 2226 1576 2251 40
1589 2240 1624 2244 ——
1637 2226 1759 2252 Doctrina
1776 2234 1828 2253 non
1842 2231 1881 2253 est
1895 2227 2081 2254 abscondenda
2094 2229 2137 2254 Vll

1496 2269 1543 2295 251
1569 2270 1629 2296 108.
1649 2270 1700 2296 484
1721 2271 1769 2302 32,
1797 2271 1829 2297 33
1850 2285 1884 2290 —-
1903 2272 2034 2303 Sapientia
2058 2275 2084 2298 et
2102 2272 2138 2298 in-

1496 2314 1636 2346 telligentia
1661 2314 1743 2341 divini
1770 2314 1846 2341 verbi
1870 2322 1924 2341 non
1950 2315 2136 2345 abscondenda

1498 2359 1547 2384 196
1567 2359 1600 2384 23
1624 2358 1687 2385 Vide
1706 2366 1731 2385 v.
1751 2359 1878 2386 scientia.

1549 2417 1583 2422 —
1603 2403 1672 2429 Deus
1691 2410 1719 2429 se
1734 2402 1873 2429 abscondit
1886 2403 1971 2435 malis,
1989 2403 2099 2430 infirmis
2113 2409 2138 2430 et

1496 2447 1573 2473 bonis
1586 2447 1619 2473 Vl
1633 2447 1684 2473 577
1698 2448 1723 2480 2,
1744 2448 1758 2472 3
1772 2462 1807 2466 —
1819 2446 1964 2473 Absconsio
1978 2448 2082 2473 Domini
2099 2453 2137 2474 est

1497 2491 1684 2517 beneficiorum
1704 2498 1813 2517 suorum
1833 2490 1976 2517 subtractio
1996 2492 2047 2517 623
2068 2493 2083 2518 2

1549 2536 1687 2562 ΑΒεοιυτιο
1708 2548 1742 2554 —·
1760 2535 1904 2561 sacerdotis
1922 2542 1974 2561 non
2001 2537 2069 2562 valet
2088 2537 2137 2563 nisi

1497 2580 1519 2605 ei
1533 2587 1613 2613 quem
1627 2580 1697 2605 Deus
1710 2579 1855 2604 vivificavit
1869 2579 1902 2604 Vl
1916 2580 1944 2605 5l
1954 2580 1968 2605 4
1983 2580 2015 2605 49
2031 2581 2058 2606 3·
2075 2580 2137 2607 Vide

1486 2631 1520 2665 ‚²7·
1540 2623 1650 2651 Solvere
1669 2627 1695 2649 et
1712 2630 1736 2649 v.
1756 2622 1898 2650 Sacerdos.

1550 2669 1718 2694 ΑΒετιΝΕΝτιΑ
1738 2681 1772 2687 -
1791 2667 1945 2699 designatur
1968 2675 2016 2700 per
2040 2670 2138 2696 stratio-

1497 2719 1558 2738 nem
1583 2712 1696 2738 vestium
1723 2712 1767 2737 Vll
1795 2712 1845 2737 492
1871 2712 1904 2738 54
1929 2726 1964 2732 —
1990 2713 2037 2738 Per
2057 2713 2136 2740 absti-

1496 2757 1610 2782 nentiam
1639 2757 1665 2781 in
1697 2763 1759 2782 vera
1788 2757 1943 2788 poenitentia
1975 2758 2135 2784 mundamur

1496 2801 1609 2826 exterius
1628 2800 1680 2826 294
1696 2800 1733 2825 ,52

1550 2845 1711 2870 ΑΒυΝυΑΝτιΑ
1724 2858 1759 2863 -
1769 2851 1821 2870 non
1835 2845 1974 2877 prolongat
1986 2846 2076 2877 vitam,
2090 2847 2137 2873 sed

1497 2890 1646 2922 frequenter
1670 2887 1807 2914 abbreviat
1827 2889 1870 2914 Vll
1890 2890 1941 2914 317
1966 2889 2000 2915 25
2019 2904 2054 2909 -
2073 2897 2135 2916 cum

1496 2934 1633 2959 securitate
1652 2933 1720 2964 parit
1733 2933 1831 2958 malum
1850 2933 1971 2959 lasciviae
1989 2934 2039 2959 318
2055 2935 2087 2960 29
2103 2949 2137 2953 -

1495 2985 1510 3003 a
1529 2977 1604 3003 malis
1623 2977 1732 3002 vertitur
1751 2976 1784 3002 ad
1801 2977 2001 3009 perversitatem
2021 2978 2138 3010 volupta-

1496 3022 1527 3048 tis
1546 3022 1596 3047 526
1618 3021 1650 3046 17
1670 3036 1705 3040 -
1723 3021 1813 3047 divina
1838 3022 1939 3047 excedit
1963 3025 2079 3047 nostram
2099 3022 2137 3047 in-

1495 3066 1638 3099 digentiam
1658 3065 1709 3091 224
1730 3066 1763 3091 27
1786 3079 1822 3084 -
1840 3066 2001 3098 significatur
2025 3073 2135 3092 numero

1495 3110 1659 3137 duodenarIO
1679 3109 1739 3136 ibid.

1548 3155 1639 3180 Aeusio
1658 3168 1693 3173 —
1712 3154 1896 3186 temporalium
1916 3158 1954 3180 est
1968 3155 2034 3179 mala
2049 3154 2081 3179 vt
2103 3154 2135 3180 47

1495 3198 1521 3224 b.
1541 3198 1574 3224 49
1593 3206 1619 3231 q.
1645 3199 1670 3224 3.
1694 3199 1740 3224 129
1767 3206 1792 3223 v.
1814 3199 1846 3223 12
1865 3213 1900 3216 -
1919 3198 2050 3224 bonorum
2075 3202 2137 3224 tem-

1494 3243 1623 3276 poralium
1637 3246 1676 3269 est
1688 3243 1805 3269 cavenda
1820 3246 1928 3275 propter
1941 3243 2073 3268 infamiam
2087 3243 2136 3268 dis·
2177 3236 2180 3240 ’

1494 3287 1602 3320 sipantis
1622 3287 1664 3313 Vll
1686 3286 1737 3312 404
1758 3288 1773 3312 3

1547 3332 1680 3357 Acunum
1700 3345 1734 3349 -
1750 3331 1783 3356 ad
1798 3330 1929 3357 Christum
1948 3331 1976 3356 fit
1993 3338 2042 3363 per
2054 3331 2134 3357 fldem

1495 3375 1538 3401 Vll
1558 3375 1609 3400 464
1633 3375 1690 3400 106.
1716 3374 1763 3400 167
1777 3375 1801 3400 5.
1816 3376 1862 3399 211
1887 3375 1928 3400 81.
1948 3374 1994 3400 241
2019 3375 2062 3400 78.
2082 3374 2133 3400 420
