2427 3872
397 240 463 266 ANG

780 197 816 229 IN
841 197 1133 231 COMMENTARIOS
1157 199 1185 231 S.
1212 199 1437 233 SCRIPTL'RAE

162 301 196 305 -
215 286 316 312 Νονο111
337 285 444 311 ordines
457 285 618 316 Angelorum
631 288 751 310 50111110-
789 292 867 317 sepes
886 285 936 311 503
958 287 985 311 11
1010 300 1045 306 -
1064 287 1155 318 Angeli
1175 288 1324 314 custodiunt
1348 289 1432 314 cerle-

107 339 169 358 vem
188 331 331 357 drachmae
351 330 392 355 Vll
413 329 464 354 387
485 329 518 354 15
537 343 572 348 -—
591 329 691 355 Novem
711 336 751 355 or-

107 376 182 403 dines
209 375 369 407 Angelorum
397 373 570 405 designantur
598 380 645 405 per
673 380 750 399 nona-

108 420 180 452 ginta
204 426 301 445 novem
330 425 395 444 oves
422 417 474 443 384
496 418 528 443 10
549 432 583 436 -
602 418 649 443 Per
669 421 751 444 terna-

107 465 177 491 rium
196 463 354 495 triplicatum
373 462 399 488 in
423 461 561 488 ordinibus
588 462 749 495 Angelorum

107 509 259 540 designatur
278 507 348 533 Deus
367 506 449 533 trinus
468 509 494 532 et
513 514 581 532 unus
600 506 661 533 ibid.

160 566 197 572 -
215 552 329 578 minores
348 558 397 584 pro
416 553 484 577 statu
503 551 672 577 beatitudinis
690 554 751 577 suut

108 597 221 623 maiores
240 596 431 629 perfectissimo
460 596 562 622 viatore
581 596 624 622 Vll
645 595 695 621 179
716 596 748 622 53

108 656 142 661 —-
162 642 188 667 ln
207 641 368 667 beatitudine
387 640 480 666 eadem
500 640 549 666 erit
569 647 692 666 mensura
707 642 751 666 ho-

108 686 187 712 minis
205 688 230 711 et
242 685 334 717 Angeli
349 685 399 710 159
415 685 447 710 89
466 699 502 704 -
520 684 638 711 Christus
654 685 750 710 dicitur

108 731 222 763 Angelos
240 730 392 763 reliquisse,
418 730 480 763 quia
500 729 557 755 illos
576 729 685 755 minime
704 736 751 761 ap-

108 774 248 808 prehendit
267 774 319 800 384
340 774 373 800 10
391 788 426 793 —
446 778 472 800 et
487 774 608 800 homines
627 781 641 799 a
661 774 750 800 divina

108 819 234 852 sapientia
248 819 281 847 ad
296 819 421 845 unitatem
442 821 468 844 01
486 819 655 844 concordiam
667 819 750 844 mutui

107 865 206 891 amoris
215 865 371 896 copulantur
381 864 432 889 388
445 864 476 889 ¹8
487 877 523 883 —-
533 864 619 889 Homo
630 864 751 896 pacifica-

107 911 149 936 tus
161 911 201 935 est
213 915 273 934 cum
293 908 398 940 Angelis
411 915 458 940 per
471 907 602 934 Christum
623 906 654 933 Vl
669 908 720 934 540
736 908 750 934 4

163 967 196 971 -
216 952 286 979 Deus
304 955 397 985 regnat
415 955 441 978 et
461 953 534 978 sedet
552 953 578 983 111
598 953 705 991 Angelis
718 953 751 978 Vl

109 998 160 1024 224
180 1005 207 1023 v.
227 997 260 1023 14
278 1011 314 1016 -
333 997 457 1023 dicuntur
483 997 593 1023 virtutes
618 998 750 1023 caelorum

107 1043 151 1068 Vll
171 1041 223 1068 534
243 1041 277 1068 45
295 1056 332 1061 —
350 1042 473 1068 dicuntur
492 1042 538 1067 Dei
552 1042 630 1068 vicini
644 1045 752 1074 propter

107 1086 333 1120 propinquitatem
361 1087 388 1112 in
417 1087 637 1113 communicando
660 1087 751 1112 solatia

108 1132 161 1158 386
182 1132 213 1158 ¹3
233 1137 272 1150 —‘
288 1131 410 1158 dicuntur
429 1131 475 1157 Dei
495 1131 572 1158 amici
592 1134 699 1163 propter
719 1133 752 1157 fa-

108 1176 284 1203 miliaritatem
297 1176 321 1202 in
332 1176 517 1208 cognoscendo
531 1179 630 1202 secreta
641 1175 702 1202 ibid.
717 1191 751 1194 —

109 1221 232 1247 dicuntur
251 1221 352 1246 amicae
379 1221 487 1246 divinae
509 1221 669 1253 Sapientiae,
689 1221 751 1253 quia

108 1266 193 1299 ipsam
212 1266 325 1298 diligunt
343 1268 368 1291 et
387 1265 421 1291 ab
441 1265 496 1297 ipsa
510 1268 632 1291 amantur
651 1266 702 1290 388
718 1266 750 1290 18

163 1313 276 1337 —·sunt
295 1310 388 1336 mundi
407 1317 456 1342 per
475 1310 637 1335 innocentiae
657 1310 752 1342 purita-

109 1357 162 1381 tem
184 1355 215 1380 VI
233 1354 287 1380 157
308 1362 335 1380 ν.
355 1355 387 1380 23
407 1368 443 1373 -
461 1357 522 1380 sunt
540 1355 678 1386 speculum
705 1355 752 1379 im-

108 1399 268 1425 maculatum
288 1401 357 1430 actu,
376 1399 536 1424 maculatum
557 1401 644 1424 tamen
665 1401 753 1430 poten-

108 1443 143 1472 tia
162 1444 253 1469 saltem
272 1446 373 1469 remota
395 1443 445 1468 ¹58
465 1450 492 1469 v.
514 1443 547 1468 26
567 1457 602 1462 -
622 1443 752 1475 Sapientia

110 1488 199 1514 divina
218 1488 294 1514 suavi
319 1487 490 1519 dispositione
515 1487 629 1519 Angelos
656 1490 754 1513 stantes

109 1533 135 1559 in
154 1533 237 1565 gratia
257 1532 422 1558 confirmavit
444 1531 492 1557 160
513 1540 539 1572 v.
560 1532 569 1557 ¹

161 1591 197 1596 —
216 1576 325 1609 superbi
344 1577 404 1603 elati
429 1577 462 1603 de
491 1577 587 1603 divinis
617 1576 750 1603 beneficiis

109 1624 265 1648 corruerunt
284 1621 327 1647 Vll
353 1622 404 1647 262
431 1622 459 1647 31
484 1635 519 1641 ·-—
538 1625 678 1654 peccantes
697 1612 752 1648 0401-

107 1666 157 1698 rigi
177 1671 232 1692 non
251 1669 363 1698 possunt
382 1666 414 1692 Vl
437 1666 482 1692 171
507 1673 533 1691 ν.
554 1667 586 1692 18
607 1681 641 1685 -
661 1667 750 1692 Pecca-

108 1713 165 1737 tum
185 1711 339 1743 angelorum
368 1711 456 1736 statim
482 1711 529 1737 fuit
548 1711 670 1743 punitum
701 1712 751 1737 183

108 1763 135 1782 v.
155 1755 188 1782 24
216 1769 252 1775 -
279 1756 442 1788 Angelorum
470 1756 636 1788 peccantium
665 1762 752 1788 poena

108 1800 161 1826 629
180 1800 196 1826 6
215 1815 250 1819 -
263 1795 372 1832 Angelis
384 1799 523 1826 ruentibus
535 1803 561 1826 et
574 1800 682 1826 homine
695 1807 753 1833 per-

109 1844 173 1877 dito,
191 1851 285 1871 eorum
304 1852 432 1871 numerus
444 1845 572 1871 remansit
583 1845 754 1878 imperfectus

108 1889 153 1916 Vll
172 1889 224 1916 384
245 1889 277 1915 ¹0

162 1948 198 1954 —-
216 1936 302 1961 astant
320 1936 379 1960 ante
398 1934 482 1960 Deum
502 1937 630 1968 quantum
649 1935 685 1960 ad
701 1935 755 1960 vir-

108 1981 192 2005 tutem
220 1979 451 2011 contemplativam
472 1979 516 2005 Vll
544 1979 577 2004 18
597 1979 626 2004 31
651 1993 686 1997 -
705 1979 753 2004 cir-

110 2023 232 2049 culariter
251 2025 391 2049 moventur
417 2023 487 2049 circa
515 2024 653 2055 thronum,
672 2023 755 2048 consi-

112 2067 230 2093 derando
239 2067 378 2093 circuitum
387 2074 476 2092 rerum
490 2073 504 2092 a
516 2067 570 2092 Deo
584 2069 609 2092 et
621 2067 656 2092 ad
669 2067 753 2092 Deum

111 2111 146 2137 Vl
167 2111 199 2137 13
218 2110 237 2136 11
255 2125 290 2131 -
309 2118 357 2143 per
369 2111 546 2137 obedientiam
560 2111 707 2137 ascendunt
719 2111 753 2137 ad

110 2156 166 2182 Deo
184 2155 360 2182 assistendum
388 2158 415 2182 et
443 2155 606 2181 descendunt
624 2155 658 2181 ad
678 2155 754 2181 nobis

111 2200 315 2227 ministrandum
335 2200 387 2226 174
406 2207 432 2226 v.
452 2200 485 2225 10
505 2214 540 2219 -
558 2200 586 2225 111
604 2200 677 2226 eaelo
695 2207 754 2226 con-

111 2245 252 2277 templatur
280 2245 431 2271 ministrans
460 2245 487 2270 in
514 2247 582 2270 terra
602 2245 654 2270 225
673 2251 701 2270 v.
720 2244 753 2269 16

110 2304 145 2309 --
164 2290 319 2316 llluminatio
338 2290 488 2316 divinorum
502 2289 668 2323 eloquiorum
681 2289 755 2321 prius

110 2334 247 2361 descendit
258 2334 284 2360 in
297 2341 453 2367 supremum
463 2334 584 2360 ordinem
594 2334 755 2367 Angelorum

112 2379 164 2405 109
184 2379 209 2405 9.
228 2380 272 2406 Vll
291 2379 342 2405 598
364 2379 392 2405 41

165 2438 200 2444 -
218 2423 366 2450 ministrant
389 2423 542 2450 hominibus
570 2424 613 2450 Vll
642 2424 693 2450 418
722 2424 754 2450 44

109 2468 249 2503 mittuntur
276 2476 291 2494 3
319 2469 374 2495 Deo
402 2464 437 2495 ad
456 2468 630 2495 ministerium
650 2469 683 2495 Vl
703 2469 754 2495 224

110 2519 138 2539 v.
158 2513 200 2539 14.
220 2513 265 2540 Vll
284 2514 317 2539 18
345 2513 375 2539 31
398 2527 435 2533 -
453 2516 514 2540 sunt
536 2517 645 2546 propter
672 2514 755 2540 iustos

111 2557 146 2583 ad
163 2558 379 2584 coadiuvandum
403 2558 446 2584 Vll
471 2557 522 2584 402
551 2559 579 2584 51
605 2572 640 2577 —-
664 2558 752 2584 bonus

111 2603 183 2629 venit
210 2603 235 2628 in
254 2603 414 2629 adiutorium
434 2603 485 2629 213
507 2603 540 2628 88
559 2617 595 2623 -
613 2604 662 2629 Per
681 2603 755 2629 011111-

111 2647 220 2674 sterium
239 2647 303 2673 boni
315 2647 407 2680 Angeli
421 2647 501 2674 debet
519 2655 659 2680 resurgere
673 2649 753 2674 homo

111 2692 201 2724 lapsus
218 2699 267 2725 per
279 2692 478 2725 suggestionem
491 2693 580 2725 angeli
592 2693 652 2718 mali
672 2693 700 2718 21
721 2692 752 2718 42

110 2749 146 2756 -
157 2737 183 2762 in
192 2737 336 2763 ministerio
348 2737 534 2766 condescendit
544 2737 644 2763 homini
654 2740 680 2763 et
688 2740 755 2763 astat

111 2780 147 2806 llli
159 2783 188 2806 ut
200 2781 304 2807 adiutor
314 2784 339 2807 et
352 2782 469 2808 eruditor
479 2782 536 2808 sive
549 2782 706 2808 illuminator
721 2782 752 2808 48

112 2825 146 2850 20
169 2839 206 2844 -
224 2826 331 2858 Angelis
359 2826 435 2852 nobis
453 2826 662 2852 ministrantibus
686 2834 754 2859 mer-

112 2875 156 2894 ces
168 2870 241 2895 salva
253 2873 301 2901 est,
315 2877 329 2896 a
344 2878 395 2903 qua
415 2878 468 2896 non
488 2871 641 2896 fraudantur
656 2871 705 2896 150
720 2871 753 2896 57

161 2927 197 2932 -
216 2914 273 2940 Nou
292 2917 377 2947 potest
399 2916 507 2947 Angelis
534 2923 592 2941 esse
611 2916 638 2941 in
668 2916 752 2947 gloria

111 2958 202 2984 similis
219 2959 265 2991 qui
284 2966 335 2985 non
355 2960 412 2985 vult
424 2960 462 2986 eis
474 2960 500 2986 in
513 2960 686 2986 ministrando
699 2961 754 2986 aliis

109 3002 246 3028 assimilari
267 3004 309 3029 Vll
329 3004 381 3030 515
401 3004 434 3030 43

164 3061 198 3065 -
223 3047 300 3074 1101115
324 3050 521 3075 communicant
549 3050 754 3076 illuminationes

110 3091 154 3117 Vll
173 3091 225 3117 588
245 3092 261 3117 6
280 3106 316 3112 —
334 3100 387 3119 non
407 3094 506 3119 revelat
530 3094 685 3120 abscondita
710 3102 754 3121 au-

110 3136 243 3167 ctoritate,
262 3139 290 3162 ut
309 3137 448 3170 Dominus,
467 3138 514 3164 sed
543 3141 572 3164 ut
599 3145 693 3165 servus
720 3140 753 3166 Vl

112 3179 163 3205 250
183 3181 198 3206 3
217 3193 253 3199 -
272 3188 324 3206 0011
349 3185 459 3213 possunt
477 3190 639 3215 cognoscere
658 3183 707 3209 nisi
727 3183 752 3208 in

110 3223 200 3250 Verbo
227 3225 399 3257 cogitationes
426 3230 529 3253 nostras
556 3227 685 3260 occultas,
704 3227 753 3254 nisi

111 3268 308 3295 manifestentur
326 3277 374 3302 per
393 3271 468 3303 signa
488 3271 521 3296 87
541 3279 568 3305 q.
591 3273 601 3297 1

163 3327 200 3333 -
218 3314 266 3339 Per
284 3315 398 3346 Angelos
415 3315 486 3341 Deus
511 3317 641 3342 mundum
662 3316 755 3349 guber-

110 3360 154 3384 nat
172 3358 215 3384 Vll
235 3358 287 3384 3¹9
307 3359 341 3384 34
353 3373 389 3379 —
401 3360 553 3386 custodiunt
570 3361 674 3387 vineam
688 3361 755 3386 sicut

217 3410 248 3438 S.
262 3411 367 3439 Bonae.
376 3426 412 3432 -
424 3413 501 3439 Tom.
513 3413 566 3438 Vll.

789 329 855 355 siam
874 332 900 355 et
919 337 1012 355 omnes
1031 331 1102 356 viros
1122 331 1204 357 iustos
1224 332 1257 357 94
1278 332 1310 357 20
1331 346 1365 351 -
1384 333 1433 358 An·

789 374 903 406 gelicum
923 374 1085 400 adiutorium
1114 376 1228 401 custodit
1247 376 1273 401 in
1299 377 1433 409 prosperis

789 421 815 444 et
833 421 919 450 portat
939 419 965 444 in
985 419 1104 445 adversis
1123 419 1194 452 ibid„
1214 421 1242 445 21

842 476 877 482 -—
896 466 935 488 est
954 464 1043 489 fortior
1062 464 1133 489 omni
1154 465 1259 490 homine
1278 465 1310 491 Vl
1336 466 1387 491 175
1407 473 1432 491 v.

790 507 822 532 12
842 521 876 525 -
895 507 1077 535 exterminavit
1091 508 1223 534 Hebraeos
1237 509 1288 534 227
1303 517 1327 534 ν.
1343 511 1385 541 22,
1399 510 1432 535 25

789 565 824 570 -
843 552 1005 583 puniverunt
1031 553 1126 584 impios
1146 553 1191 578 181
1217 560 1242 578 ν.
1257 554 1285 578 21

842 609 878 615 -
897 596 1020 622 dicuntur
1041 597 1094 622 Deo
1115 600 1220 629 portare
1241 601 1326 623 nostra
1342 599 1432 624 merita

789 640 859 666 bona
881 641 911 666 Vl
933 641 966 666 87
987 649 1013 674 q.
1033 642 1048 666 2
1064 656 1096 660 —
1112 649 1160 673 [110
1181 642 1257 667 nobis
1271 642 1434 669 intercedunt

789 684 850 711 ibid.
870 699 906 704 —
925 689 1049 719 tanquam
1070 686 1149 712 nostri
1165 687 1241 718 legati
1256 691 1360 719 portant
1379 695 1433 713 ora-

789 729 886 755 tionem
906 733 1021 756 nostram
1041 734 1100 756 ante
1119 734 1290 763 conspectum
1316 732 1362 757 Dei
1392 733 1432 758 Vll

790 774 842 799 379
869 774 902 800 64
922 789 957 794 -
977 776 1123 801 confortant
1142 779 1245 801 orantes
1273 776 1324 802 557
1345 776 1379 801 55
1400 791 1433 795 -

789 819 950 850 Angelorum
971 820 1124 845 confortatio
1147 820 1223 845 nobis
1248 821 1370 852 impetrat
1398 821 1433 846 vi-

791 871 883 896 gorem
904 864 965 891 ibid.

843 922 878 927 —-
906 908 967 934 boni
997 912 1113 934 nostram
1139 910 1248 935 salutem
1278 914 1433 943 procurant,

790 960 842 978 non
861 956 986 979 accusant
1015 954 1047 979 Vl
1068 954 1100 979 87
1130 961 1157 986 q.
1185 955 1200 980 2
1226 962 1282 986 arg.
1302 956 1317 980 2
1347 969 1380 973 -—-
1400 955 1431 981 ad

790 997 935 1023 custodiam
957 998 1073 1030 deputati
1094 998 1204 1024 audiunt
1232 999 1257 1024 iu
1276 1000 1378 1025 occulto
1399 1000 1431 1025 43

790 1049 815 1067 v.
836 1043 851 1068 5
870 1056 905 1061 —
925 1049 974 1068 nos
993 1042 1144 1068 custodiens
1163 1043 1270 1069 sollicite
1284 1051 1331 1069 nos
1344 1044 1430 1075 arguit

789 1086 822 1112 ad
842 1086 1029 1118 poenitentiam
1061 1087 1102 1112 Vll
1123 1088 1174 1112 389
1200 1088 1227 1112 19
1251 1101 1288 1106 -
1317 1088 1433 1119 gaudent

789 1134 897 1163 propter
924 1132 1034 1157 salutern
1055 1132 1191 1158 hominum
1203 1132 1254 1157 386
1270 1133 1301 1157 13
1318 1147 1351 1150 ——
1371 1139 1432 1164 gau-

789 1176 852 1201 dent
871 1176 904 1201 de
924 1176 1081 1208 poenitentia
1103 1177 1247 1208 peccatoris
1270 1176 1303 1202 ib.
1324 1176 1365 1202 14.
1379 1177 1430 1202 388

793 1221 834 1246 19.
853 1221 904 1245 389
926 1221 958 1245 20

842 1278 877 1283 -
902 1265 1065 1291 descendeus
1091 1266 1115 1291 in
1144 1266 1273 1298 piscinam
1302 1266 1431 1297 significat

789 1309 965 1335 visitationem
985 1310 1101 1335 divinam
1123 1310 1154 1335 Vl
1175 1310 1226 1336 305
1247 1310 1279 1336 14
1293 1325 1327 1328 -
1341 1311 1430 1340 Virtus

789 1354 898 1379 sanandi
927 1357 982 1379 erat
1005 1354 1065 1379 data
1095 1354 1195 1386 Angelo
1215 1354 1384 1380 descendenti
1405 1355 1430 1380 in

790 1398 917 1429 piscinam
937 1398 969 1423 ad
990 1398 1102 1430 figuram
1124 1398 1262 1430 baptismi,
1282 1399 1307 1424 in
1327 1407 1381 1431 quo
1402 1400 1430 1425 fit

789 1441 887 1467 ablutio
903 1450 954 1474 per
972 1449 1068 1475 aquam
1088 1446 1113 1468 et
1128 1443 1228 1468 sanatio
1242 1450 1290 1475 per
1303 1444 1429 1475 Spiritum

791 1486 842 1512 305
864 1487 896 1512 15
916 1501 950 1505 -
969 1487 1133 1513 descendens
1153 1488 1178 1513 in
1199 1488 1326 1520 piscinam
1353 1488 1431 1520 signi-

790 1532 850 1557 ficat
869 1532 980 1563 gratiam
1000 1531 1123 1564 baptismi
1146 1533 1186 1558 Vll
1207 1533 1239 1558 83
1260 1533 1294 1558 52

842 1590 877 1595 -
896 1578 1024 1608 Aspectus
1037 1577 1172 1608 angelicus
1185 1577 1334 1602 carnalibus
1348 1577 1431 1603 admi-

789 1620 878 1647 rabilis
891 1624 937 1653 est,
950 1622 1012 1654 quia
1027 1621 1144 1647 insolitus
1158 1622 1199 1647 Vll
1216 1622 1249 1647 15
1267 1622 1295 1647 17
1310 1635 1345 1641 -
1359 1622 1432 1647 10111-

789 1664 854 1691 biles
872 1665 1036 1697 apparebant
1054 1669 1113 1691 ante
1133 1666 1368 1692 reconciliationem
1388 1674 1431 1692 no-

789 1713 869 1735 stram
884 1709 919 1735 ib.
931 1711 962 1735 18
973 1724 1009 1729 -
1018 1711 1169 1742 superiores
1182 1710 1259 1736 nobis
1272 1714 1347 1736 erant
1359 1714 1386 1736 et
1404 1715 1432 1737 ut

790 1755 940 1787 superiores
953 1755 1130 1787 apparebant,
1144 1758 1169 1780 et
1182 1755 1242 1780 ideo
1256 1755 1377 1781 timorem
1398 1756 1431 1781 in-

790 1799 923 1825 cutiebant
942 1799 1003 1825 ibid.
1022 1813 1057 1818 -—
1077 1799 1163 1835 bonus
1186 1803 1328 1831 assecurat,
1347 1801 1432 1826 malus

791 1844 901 1870 finaliter
928 1847 1008 1870 terret
1027 1844 1060 1870 49
1081 1844 1113 1870 23
1135 1858 1168 1862 -
1187 1851 1319 1877 apparens
1343 1845 1432 1870 lumen

791 1890 865 1915 affert
892 1892 921 1915 ut
948 1889 1017 1915 filius
1045 1888 1110 1915 lucis
1134 1887 1169 1915 ib.
1197 1889 1226 1914 21
1249 1902 1285 1908 --
1304 1892 1433 1921 apparent

792 1934 923 1966 fulgentes
935 1934 962 1961 in
975 1933 1082 1965 signum
1102 1933 1298 1959 illuminationis
1317 1933 1378 1960 ibid.
1397 1948 1433 1952 —

791 1980 859 2003 stant
877 1978 1008 2009 abdextris
1028 1981 1056 2003 ut
1069 1977 1141 2003 cives
1154 1978 1278 2003 caelestes
1298 1977 1331 2003 15
1353 1978 1385 2003 16
1399 1992 1433 1996 -

791 2025 888 2054 statut
915 2022 1021 2048 nuntius
1039 2021 1100 2048 ibid.
1129 2036 1163 2040 -
1192 2022 1279 2053 Opere
1303 2022 1432 2054 completo

791 2055 903 2092 discedit
923 2066 956 2091 27
975 2066 1010 2091 70

845 2125 877 2129 —
897 2112 969 2136 stans
988 2111 1056 2136 iuxta
1081 2113 1200 2142 pastores
1225 2110 1338 2136 ostendit
1363 2110 1433 2135 fami-

789 2154 926 2180 liaritatem
945 2157 971 2180 et
990 2154 1162 2180 humilitatem
1182 2154 1317 2180 ministerii
1336 2154 1378 2180 Vll
1400 2154 1432 2179 48

791 2199 824 2224 20
843 2213 879 2218 -
898 2199 943 2225 dat
960 2198 1109 2231 pastoribus
1122 2199 1245 2230 sperandi
1265 2199 1388 2230 fiduciam
1408 2202 1433 2224 et

790 2243 884 2273 invitat
910 2243 945 2269 ad
973 2243 1096 2269 laetitiam
1117 2243 1150 2268 49
1170 2244 1203 2269 23
1223 2257 1259 2262 -
1282 2242 1432 2275 pastoribus

791 2276 920 2314 nuntiavit
931 2295 987 2313 rem
1001 2287 1204 2314 desiderabilem
1217 2287 1278 2314 ibid.
1292 2301 1328 2307 —
1340 2288 1374 2313 ad
1388 2295 1433 2313 ve-

790 2333 939 2359 nerandum
967 2333 1109 2364 parvulum
1135 2336 1226 2358 natum
1246 2332 1320 2358 multi
1339 2339 1432 2358 conve-

791 2380 888 2404 nerunt
905 2377 1041 2403 laudantes
1061 2378 1144 2403 Deum
1163 2377 1197 2403 50
1217 2377 1250 2403 28
1269 2391 1305 2396 -
1322 2384 1375 2403 11011
1389 2383 1433 2402 00-

792 2421 955 2455 gnoscebant
984 2422 1167 2448 incarnationis
1195 2422 1350 2454 mysterium
1372 2425 1433 2447 ante

793 2468 1016 2494 annuntiationem
1037 2468 1065 2493 21
1091 2466 1123 2492 42

844 2527 880 2532 -
898 2516 1044 2546 sequuntur
1062 2511 1194 2538 Christum
1218 2511 1260 2537 Vll
1284 2511 1318 2537 50
1342 2511 1375 2536 28
1398 2524 1433 2530 —-

791 2557 893 2584 Christo
907 2558 971 2583 dant
988 2556 1167 2583 testimonium
1181 2556 1215 2581 62
1235 2556 1264 2581 81
1283 2571 1317 2574 -
1330 2555 1432 2582 Christo

791 2602 931 2635 perhibent
940 2601 1117 2628 testimonium
1128 2600 1300 2634 obsequendo
1311 2601 1344 2626 Vl
1355 2601 1406 2626 562
1419 2599 1433 2625 4

790 2661 826 2666 -
844 2647 1038 2673 descenderunt
1055 2646 1090 2672 ad
1109 2645 1249 2677 Christum,
1263 2648 1292 2671 ut
1305 2645 1434 2671 ministra-

790 2694 848 2718 rent
866 2692 891 2718 ei
909 2691 961 2722 267
981 2692 1014 2717 98
1034 2705 1070 2709 -
1094 2690 1266 2717 ascendentes
1284 2693 1310 2716 et
1329 2690 1434 2716 daecen-

791 2737 884 2763 dentes
901 2743 982 2769 super
1001 2735 1133 2762 Christum
1153 2738 1215 2761 sunt
1239 2734 1434 2767 praedicatores

792 2780 853 2814 ibid.

846 2840 880 2844 —
901 2826 975 2852 multi
994 2824 1177 2851 custodiebant
1201 2824 1306 2850 beatam
1325 2823 1432 2849 Mariam

792 2871 930 2903 Virginem
950 2874 1074 2903 tanquam
1094 2871 1181 2895 locum
1207 2869 1314 2895 divinae
1333 2867 1430 2894 habita-

791 2916 869 2941 tionis
889 2916 931 2941 Vll
952 2915 985 2940 27
1014 2915 1048 2939 70
1073 2928 1108 2933 -
1133 2913 1250 2946 quodam
1279 2913 1359 2938 modo
1387 2919 1434 2944 per

792 2961 928 2992 Virginem
942 2958 1119 2985 ascendebant
1129 2961 1154 2984 et
1164 2956 1360 2984 descendebant
1373 2955 1434 2983 ibid.

791 3019 826 3024 —
857 3004 1014 3030 beneficium
1046 3003 1181 3029 custodiae
1212 3002 1303 3030 beatae
1330 3001 1434 3033 Virgini

792 3049 982 3082 impendebant
1000 3052 1108 3081 propter
1136 3047 1314 3072 infirmitatem
1334 3046 1432 3077 carnis,

791 3097 816 3120 et
834 3095 934 3120 cultum
954 3093 1116 3118 reverentiae
1140 3090 1299 3117 exhibebant
1327 3093 1434 3122 propter

791 3139 945 3171 dignitatem
965 3137 1051 3163 Matris
1071 3136 1132 3163 ibid.

843 3197 880 3202 —
896 3183 1009 3209 revolvit
1028 3182 1143 3214 lapidem
1158 3179 1320 3206 monumenti
1333 3179 1366 3205 ad
1380 3185 1433 3204 ma-

791 3227 982 3254 nifestationem
1007 3226 1205 3252 resurrectionis
1230 3225 1273 3250 Vll
1302 3224 1352 3249 588
1373 3223 1397 3255 4,
1417 3223 1433 3248 5

790 3286 826 3291 -
844 3272 870 3297 111
885 3271 951 3298 311115
964 3271 1069 3301 sedent,
1083 3270 1145 3303 quia
1167 3269 1288 3295 nuntiare
1308 3270 1433 3293 venerant

791 3315 960 3348 splendorem
974 3319 1080 3341 nostrae
1089 3313 1259 3340 solemnitatis
1272 3313 1304 3338 Vl
1318 3312 1368 3338 508
1390 3311 1433 3337 20.

2047 207 2108 238 665

1766 248 1818 273 AN!

1472 290 1566 315 mentia
1596 291 1717 317 candoris
1746 296 1770 317 et
1799 293 1944 318 excellentia
1976 295 2054 327 lucis,
2084 300 2110 321 ut

1471 334 1649 360 demulcerent
1669 336 1727 367 pios
1755 340 1779 362 et
1808 341 1933 363 terrerent
1952 339 2047 371 impios
2068 340 2109 365 Vll

1471 378 1522 403 589
1541 379 1557 403 7
1577 393 1611 398 -
1631 379 1655 405 in
1675 381 1864 407 resurrectione
1891 386 1963 408 crant
1983 383 2110 409 terribiles

1470 426 1496 448 et
1515 423 1679 449 testificantes
1698 424 1732 451 ib.
1752 426 1766 449 8
1787 439 1820 444 -
1840 431 1954 458 arguunt
1971 428 2108 454 mulierum

1472 467 1675 494 incredulitatem
1702 473 1727 494 et
1746 475 1896 496 asseverant
1915 472 2050 498 veritatem
2071 480 2108 498 rc-

1471 513 1638 537 surrectionis
1668 512 1701 539 ib.
1723 514 1738 538 9
1758 528 1793 533 -
1812 521 1989 546 apparuerunt
2009 517 2110 548 Magda-

1471 556 1542 582 lenae
1562 560 1620 588 pest
1647 558 1791 583 discessum
1819 560 1884 584 Petri
1911 565 1935 585 et
1958 561 2058 587 loannis
2079 563 2109 587 x'l

1472 601 1523 626 5¹0
1543 601 1586 626 31.
1607 601 1652 625 511
1684 602 1716 626 32
1742 617 1776 620 -
1803 610 1882 628 000111
1910 605 2030 631 1111010111
2057 614 2110 631 11111-

1472 645 1555 677 lieres,
1583 645 1650 670 duos
1679 647 1828 678 Magdalena
1860 649 1904 673 511
1937 649 1969 674 32
1991 664 2023 668 -
2052 655 2110 682 post

1471 690 1688 715 resurrectionem
1709 698 1776 716 unus
1795 692 1867 722 prius
1881 694 2001 724 apparuit
2015 699 2039 719 et
2053 699 2110 726 post

1471 734 1543 765 alter,
1562 734 1608 766 qui
1628 735 1700 766 prius
1719 735 1845 761 sedebant
1872 737 1895 761 in
1927 744 2109 769 [monumento.

1473 779 1642 809 postmodum
1663 783 1750 805 autem
1770 783 1896 806 steterunt
1909 781 1975 807 iuxta
1990 783 2111 809 mulieres

1473 823 1514 848 Vll
1536 822 1586 847 589
1617 823 1630 847 8
1657 836 1692 842 -
1711 824 1777 849 51001
1805 825 2025 852 annuntiaverunt
2050 834 2109 852 cum

1472 868 1568 899 gaudio
1588 867 1681 893 Christi
1700 869 1871 902 nativitatem,
1891 870 1927 895 sic
1946 872 2110 897 resurrectio·

1472 919 1531 937 110111
1552 911 1585 939 ib.
1606 913 1621 937 9

1523 970 1559 975 -
1577 960 1637 982 sunt
1656 957 1779 983 0111013105
1797 957 1888 984 Christi
1915 959 1938 984 in
1959 959 2056 986 iudicio
2078 961 2108 986 vl

1476 1001 1522 1026 137
1543 1008 1568 1026 v.
1593 1002 1598 1026 l
1623 1016 1658 1020 —
1677 1007 1736 1028 sunt
1765 1010 1893 1030 messores
1923 1012 1969 1036 pro
1990 1009 2107 1037 tempore

1471 1045 1568 1077 gloriae
1590 1047 1639 1071 300
1661 1047 1693 1071 68
1715 1062 1746 1065 --
1763 1048 1786 1072 111
1802 1048 1897 1074 iudicio
1911 1049 2110 1080 congregabunt

1471 1091 1553 1115 malos
1572 1093 1597 1115 ct
1618 1090 1700 1117 bonos
1720 1092 1815 1117 virtute
1835 1097 1859 1117 ct
1884 1093 2019 1119 velocitate
2039 1098 2109 1119 natu-

1470 1141 1514 1159 rae
1536 1135 1575 1160 Vll
1607 1135 1657 1160 480
1687 1136 1719 1161 23
1739 1150 1773 1154 -
1799 1136 1925 1162 terribiles
1953 1138 2109 1169 praes-edent

1470 1178 1611 1204 terribilem
1633 1180 1773 1206 Dominum
1795 1181 1818 1205 in
1839 1181 1936 1207 iudicio
1951 1182 2002 1207 535
2027 1183 2056 1207 45
2075 1197 2110 1201 -

1469 1224 1669 1250 000110101500111
1690 1225 1714 1249 10
1744 1225 1840 1250 iudicio
1865 1233 1915 1251 non
1936 1227 2028 1251 timore
2049 1234 2108 1258 poc-

1469 1274 1532 1300 nae,
1551 1268 1597 1293 sed
1618 1269 1711 1293 timore
1730 1270 1891 1295 10101οη1100
1910 1274 1935 1295 01
1955 1272 2061 1296 horrore
2075 1271 2109 1296 di-

1469 1312 1545 1337 vinae
1564 1313 1695 1338 vindictae
1714 1313 1765 1338 534
1787 1313 1819 1339 45

1522 1358 1603 1382 Anum
1623 1371 1658 1376 —
1677 1361 1702 1383 et
1721 1364 1818 1389 corpus
1837 1362 1897 1384 sunt
1923 1364 2009 1391 partes
2029 1361 2108 1385 homi-

1469 1401 1509 1426 nis
1527 1401 1710 1427 constitutivae
1731 1402 1772 1427 Vll
1794 1403 1843 1428 319
1865 1403 1946 1428 34-
1961 1410 2007 1435 per
2020 1411 2109 1435 synec-

1469 1444 1571 1471 dochen
1591 1446 1697 1477 ponitur
1717 1453 1764 1478 pro
1784 1447 1888 1472 homine
1910 1447 1941 1473 Vl
1975 1448 2022 1473 185
2049 1455 2073 1473 v.
2094 1450 2108 1473 ὓ

1468 1503 1503 1508 -
1522 1493 1561 1515 est
1580 1490 1690 1516 nobilior
1719 1497 1780 1522 pars
1809 1492 1921 1516 hominis
1941 1492 1991 1517 254
2022 1492 2055 1517 34
2075 1506 2109 1511 -

1468 1535 1614 1560 secuudum
1643 1535 1759 1560 infideles
1789 1536 1849 1561 nihil
1879 1540 1917 1562 est
1947 1536 1970 1561 in
1999 1544 2042 1568 rc,
2062 1537 2107 1562 scd

1469 1582 1568 1604 tantum
1588 1579 1733 1605 secundum
1754 1587 1850 1605 nomen
1875 1581 1921 1605 ¹¹9
1942 1588 1968 1606 ν.
1989 1582 2003 1606 2

1521 1637 1556 1641 -
1579 1624 1721 1656 aliquando
1750 1624 1813 1650 dicit
1841 1625 1920 1650 vitam
1950 1626 2110 1655 naturalem,

1469 1668 1510 1693 vel
1538 1668 1700 1699 spiritualem
1726 1669 1756 1694 Vl
1787 1669 1837 1694 389
1858 1669 1900 1694 31.
1921 1669 1970 1694 418
1992 1670 2033 1695 37.
2060 1670 2109 1695 419

1471 1712 1512 1737 41.
1532 1712 1582 1737 596
1604 1720 1630 1738 v.
1645 1713 1677 1737 25
1696 1727 1732 1732 -
1745 1716 1853 1738 vocatur
1871 1714 1922 1739 vita
1944 1714 2053 1739 carnalis
2077 1714 2110 1739 50

1470 1764 1495 1781 v.
1508 1757 1531 1781 ¹.
1543 1756 1594 1781 596
1606 1764 1632 1782 v.
1646 1757 1687 1782 25.
1701 1757 1742 1782 Vll
1758 1757 1805 1783 tt5
1819 1758 1851 1783 56
1863 1766 1897 1776 ——
1908 1758 2002 1783 dicitur
2015 1759 2111 1783 anima-

1470 1801 1527 1826 litas
1554 1801 1595 1828 Vll
1621 1801 1672 1826 3¹8
1703 1802 1734 1827 29
1762 1816 1795 1820 —
1815 1802 1955 1835 aliquando
1983 1803 2110 1834 accipitur

1470 1852 1518 1877 pro
1537 1844 1681 1871 substantia
1701 1846 1804 1872 animae
1824 1847 1848 1872 in
1867 1847 2062 1878 comparatione
2076 1847 2109 1872 ad

1470 1897 1567 1922 corpus
1587 1890 1614 1915 31
1640 1890 1673 1915 89
1691 1904 1728 1909 -
1745 1891 1892 1916 secundum
1920 1898 1997 1916 suum
2022 1898 2110 1923 supre-

1471 1941 1544 1960 mum
1563 1934 1659 1959 dicitur
1678 1934 1785 1966 spiritus
1804 1933 1865 1960 ibid.

1523 1991 1558 1996 —
1577 1977 1611 2003 ab
1630 1978 1762 2011 aliquibus
1780 1978 1848 2003 dicta
1875 1978 1921 2004 fuit
1941 1985 1998 2004 esse
2016 1979 2108 2011 igneae

1470 2025 1578 2047 naturae
1597 2022 1629 2047 Vl
1652 2022 1701 2047 119
1721 2029 1747 2047 v.
1767 2023 1782 2047 2
1802 2035 1838 2041 -
1856 2022 1980 2048 scintillae
2000 2029 2106 2055 compa-

1470 2069 1541 2091 ratur
1560 2069 1668 2098 propter
1695 2069 1804 2092 naturae
1822 2065 1990 2092 subtilitatem
2010 2071 2035 2092 et
2055 2074 2107 2092 mo-

1471 2113 1512 2136 tus
1524 2110 1666 2142 agilitatem
1680 2109 1741 2136 ibid.
1753 2124 1788 2129 —
1799 2113 1839 2138 est
1852 2114 1948 2143 quanta
1964 2118 2016 2136 uon
2031 2112 2107 2141 mole,

1470 2154 1517 2180 sed
1536 2154 1632 2180 virtute
1652 2154 1694 2179 vn
1713 2154 1764 2179 318
1785 2155 1818 2180 28

1522 2212 1557 2217 -
1577 2198 1665 2224 intime
1684 2199 1852 2230 coniungitur
1871 2199 1973 2231 corpori
1995 2199 2036 2225 vu
2056 2200 2108 2225 215

1470 2243 1503 2268 95
1521 2256 1557 2262 -
1577 2243 1663 2268 unitur
1682 2243 1786 2275 corpori
1817 2246 1844 2268 ut
1864 2244 1988 2275 perfectio
2007 2247 2032 2269 et
2052 2251 2105 2269 mo·

1469 2290 1517 2320 tor,
1536 2288 1581 2314 sed
1602 2287 1782 2319 separabiliter
1802 2287 1835 2312 Vl
1849 2287 1880 2313 37
1896 2295 1922 2320 q.
1936 2289 1951 2313 2
1972 2288 2000 2313 2·
2020 2302 2055 2307 —
2068 2293 2106 2314 est

1470 2332 1583 2364 potentia
1612 2332 1763 2358 vivificandi
1788 2339 1885 2364 corpus
1913 2332 1965 2357 205
1994 2340 2019 2357 v.
2039 2333 2054 2357 5
2075 2347 2109 2350 -

1470 2377 1618 2403 naturaliter
1637 2377 1754 2402 vivificat
1772 2383 1869 2408 corpus
1894 2380 1919 2402 et
1939 2376 1982 2402 dat
2001 2377 2024 2402 ei
2053 2384 2108 2402 sen-

1469 2429 1543 2452 sum,
1562 2422 1694 2454 loquelam
1713 2424 1738 2446 et
1757 2424 1858 2446 motum
1879 2421 1929 2446 542
1944 2422 1959 2446 2
1979 2435 2014 2440 -
2034 2421 2104 2453 vigo-

1469 2473 1525 2492 rem
1545 2466 1590 2492 dat
1609 2466 1713 2498 corpori
1733 2465 1795 2491 illud
1824 2466 1973 2497 vegetando
1994 2466 2037 2491 Ytt
2058 2466 2108 2491 3¹9

1471 2510 1504 2536 34
1523 2524 1558 2530 —
1577 2510 1706 2536 Animatio
1727 2513 1765 2535 est
1784 2513 1858 2536 actus
1881 2510 1983 2535 animae
2003 2510 2036 2536 de
2055 2517 2109 2536 cor·

1470 2562 1535 2587 pore
1554 2555 1600 2580 231
1626 2554 1659 2580 48

1524 2613 1559 2619 -
1577 2599 1672 2625 dieitur
1690 2599 1746 2625 fleri
1767 2599 1934 2630 intempore,
1947 2599 2007 2631 quia
2022 2599 2109 2630 incipit

1471 2647 1530 2677 post
1549 2644 1675 2676 temporis
1693 2647 1788 2675 ortum,
1808 2643 1854 2669 sed
1875 2643 1899 2668 in
1920 2647 2038 2675 tempore
2057 2651 2108 2669 non

1471 2689 1550 2715 habet
1569 2695 1692 2714 occasum
1717 2688 1749 2714 Vl
1774 2687 1803 2713 ¹4
1823 2695 1848 2720 q.
1877 2688 1884 2712 ¹
1915 2701 1948 2705 -
1967 2691 2006 2713 cst
2024 2694 2055 2713 ex
2075 2687 2110 2713 ni-

1472 2727 1522 2759 hilo
1541 2733 1693 2759 immediate
1714 2732 1762 2757 119
1784 2739 1808 2757 v.
1829 2732 1844 2757 2
1865 2746 1898 2750 -—
1918 2739 1932 2757 a
1953 2732 2006 2757 Deo
2025 2738 2054 2757 ex
2075 2732 2109 2757 ni-

1472 2778 1523 2804 hilo
1545 2779 1652 2804 formata
1673 2780 1712 2803 est
1731 2777 1774 2803 Vll
1795 2777 1840 2802 5¹¹
1867 2776 1900 2801 32
1920 2776 2110 2808 —inspiratur

1471 2830 1485 2849 a
1506 2823 1559 2848 Deo
1578 2822 1611 2848 Vl
1631 2822 1682 2847 207
1702 2829 1729 2847 v.
1752 2821 1776 2846 ¹¹
1802 2834 1836 2840 ·—
1856 2820 1933 2846 Ortus
1951 2824 1977 2846 et
1997 2827 2108 2846 occasus

1471 2868 1574 2893 animae
1600 2873 1652 2895 uon
1680 2865 1785 2891 videtur
1804 2865 1837 2890 89
1858 2872 1883 2890 v.
1904 2865 1919 2890 5
1938 2878 1973 2883 —
1991 2872 2043 2890 non
2065 2865 2108 2890 fuit

1471 2919 1532 2937 cum
1552 2912 1614 2941 Deo,
1633 2914 1773 2943 antequam
1793 2909 1864 2935 venit
1883 2909 1916 2934 ad
1930 2916 2027 2940 corpus
2047 2909 2081 2934 97
2094 2916 2107 2934 a

1523 2970 1559 2975 —
1577 2955 1722 2981 infunditur
1748 2954 1851 2986 corpori
1871 2954 1939 2979 circa
1959 2953 2108 2986 quadrage-

1471 3001 1567 3026 simum
1587 2999 1706 3032 quintum
1727 2998 1796 3024 dIem
1823 2997 1855 3023 Vl
1880 2997 1922 3022 151
1948 3004 1972 3022 v.
1998 2998 2004 3021 ¹
2027 3011 2062 3016 —
2083 2998 2108 3022 in

1470 3045 1563 3071 eodem
1583 3043 1703 3073 instanti,
1723 3049 1777 3075 quo
1795 3042 1898 3074 corpori
1913 3042 2066 3073 infunditur,
2081 3042 2108 3067 fit

1471 3090 1538 3115 mala
1558 3089 1608 3114 368
1629 3088 1663 3113 70

1524 3147 1557 3151 ——
1577 3133 1610 3158 ad
1634 3131 1712 3157 totius
1739 3130 1882 3163 sapientiae
1911 3130 2107 3156 similitudinem

1471 3179 1536 3204 facta
1555 3180 1593 3203 est
1613 3176 1645 3201 Vl
1668 3175 1715 3201 107
1737 3176 1747 3200 1

1523 3236 1556 3241 -
1577 3227 1590 3246 a
1610 3221 1664 3246 Deo
1684 3223 1722 3246 est
1740 3222 1765 3245 et
1784 3226 1831 3252 per
1851 3219 1921 3245 illum
1940 3222 1965 3245 et
1984 3219 2017 3244 ad
2037 3219 2108 3244 illum

1470 3266 1578 3293 finaliter
1597 3265 1732 3291 ordinatur
1752 3264 1784 3289 vt
1805 3264 1836 3289 97
1857 3271 1871 3290 a
1885 3277 1920 3283 —
1934 3263 2011 3289 datur
2023 3270 2037 3288 a
2053 3263 2106 3288 Deo

1470 3314 1495 3336 et
1513 3310 1545 3335 ad
1567 3309 1652 3341 ipsum
1666 3308 1805 3334 revertitur
1818 3308 1851 3334 ad
1865 3307 2064 3333 retributionem
2078 3307 2111 3331 93

792 3361 813 3386 V
817 3361 835 3386 1¹
849 3361 900 3386 589
914 3360 929 3385 7
943 3373 978 3379 -
992 3361 1096 3385 fuerunt
1106 3359 1131 3384 in
1144 3360 1218 3384 veste
1232 3357 1345 3388 fulgente
1358 3356 1434 3382 110110-
1471 3361 1498 3380 V.
1507 3353 1686 3379 7—habetur
1698 3357 1821 3386 tauquam
1829 3351 1947 3378 debitum
1956 3355 2112 3382 mutuatum,

1971 3404 2004 3429 84
