2476 3921
279 236 339 267 166

276 322 488 355 suscitatione
512 320 651 357 mortui,
675 319 822 351 dominus
846 319 1062 355 animarum,
1087 317 1140 358 qui
1165 321 1233 358 pot-

277 378 323 407 est
346 374 464 406 animas
487 373 525 405 ad
549 381 682 413 corpora
706 380 864 404 revocare.

365 428 522 468 Quantum
554 425 650 467 igitur
685 424 724 456 ad
755 424 962 456 curationem
990 423 1092 464 pueri
1117 432 1233 464 acyro-

113 488 219 520 Primae
229 493 265 509 eu·
277 480 377 513 tantis
401 479 585 511 mirabiliter
609 480 855 510 consummatam
874 477 933 508 tria
948 475 1119 508 introducit
1136 475 1233 507 Evan-

113 518 259 572 iifwn'igri't'x'zss}
277 533 386 576 gelista
408 532 446 564 ad
471 531 710 573 explicationem
734 530 878 562 miraculi
914 529 1067 561 facientia.
1092 528 1232 560 Primum

113 571 161 589 ’Μ’
276 589 323 618 est
346 584 577 627 opportunitas
596 582 745 625 faciendi
759 582 974 622 miraculum.
991 581 1169 613 Secundum
1186 583 1233 613 est

276 638 422 681 dignitas
446 636 649 678 impetrandi
672 635 874 673 remedium,
899 635 939 667 ibi
956 636 984 666 ¹:
1011 634 1093 666 Cum
1117 633 1232 665 audis-

274 695 321 724 set
343 691 382 723 de
406 691 499 728 Iesu,
522 689 613 722 misit
637 692 694 721 etc.
720 689 861 721 Tertium
887 692 934 720 est
958 687 1153 730 eonyruitas
1177 696 1232 719 ac-

275 744 441 777 eeterandi
463 743 673 784 beneficium,
698 742 758 774 ibi:
788 742 825 773 Et
847 751 924 774 eum
948 741 1019 773 iam
1042 751 1109 773 non
1141 740 1233 783 lonye

137 804 256 835 subdivina
275 801 354 830 esset
377 801 434 829 etc.
454 815 493 820 —
515 796 755 838 Opportunitas
771 798 876 827 autem
895 794 1024 827 faciendi
1043 794 1232 826 miraculum

116 836 257 879 ssssffnmm'
274 850 431 892 colligitur
454 858 495 882 ex
521 849 639 887 tribus,
664 848 782 880 scilicet
804 856 845 880 ex
878 848 1033 889 temporis
1056 847 1232 896 commodi-

276 908 358 942 tate,
383 912 423 936 ex
445 903 512 935 «loci
534 893 741 944 eonyruitate
764 906 795 934 et
817 911 859 934 ex
882 901 991 934 morbi
1012 901 1208 933 necessitate.

364 959 393 989 2.
419 957 519 996 (Vers.
538 956 600 994 ,1.).
637 956 739 988 Primo
773 956 869 997 igitur
896 958 1050 997 quantum
1084 954 1122 986 ad
1146 963 1232 986 com-

110 1016 256 1062 nimcniigtp-
274 1010 463 1043 moditatem
487 1009 643 1051 temporis
665 1008 797 1041 dicitur:
824 1008 906 1040 Cum
938 1012 1049 1040 autem
1072 1007 1234 1049 implesset

120 1045 256 1096 ξὲἷῑῗὲιῖῑωῖῗ
275 1064 388 1097 omnia
411 1062 512 1095 verba
534 1072 601 1094 sua
624 1062 659 1094 in
683 1071 784 1100 aures
807 1061 926 1103 plebis,
951 1061 980 1093 id
1005 1064 1052 1093 est
1068 1064 1138 1101 post
1150 1064 1233 1105 tem-

273 1126 333 1159 pus
357 1116 595 1158 praedicationis
618 1118 649 1148 et
671 1115 857 1148 eruditionis
880 1114 1035 1156 perfectae
1051 1117 1082 1146 et
1097 1113 1233 1155 comple-

274 1174 341 1208 tae,
366 1178 447 1211 quae
471 1172 590 1210 spectat
613 1168 651 1200 ad
676 1168 764 1200 illum
788 1168 972 1205 Doctorem‚
998 1166 1171 1199 secundum
1196 1166 1233 1198 il-

274 1223 328 1256 lud
352 1222 555 1255 Ecclesiastici
581 1221 821 1263 quadragesimo
845 1220 978 1253 tertio²z
1008 1232 1023 1247 (ι
1041 1219 1136 1251 Multa
1158 1218 1233 1251 dici-

289 1285 345 1309 -ius
369 1279 399 1308 et
422 1275 586 1308 deficimus
611 1275 641 1306 in
667 1274 789 1313 verbis,
806 1272 1035 1306 consummatio
1051 1281 1232 1305 sermonum

286 1339 340 1371 pse
363 1333 410 1362 est
426 1341 456 1367 »;
481 1329 547 1370 ipse
571 1328 688 1360 scilicet
711 1327 925 1359 abbreviatus
941 1326 971 1358 in
989 1334 1097 1364 carne,
1123 1334 1234 1357 secun—

274 1383 349 1416 dum
374 1382 449 1415 illud
476 1382 570 1414 Isaiae
592 1381 727 1414 decimo:
758 1394 772 1409 «
789 1379 1022 1416 consummatio
1052 1379 1234 1412 abbreviata

273 1437 438 1470 inundabit
460 1436 610 1469 iustitiam
626 1447 657 1474 »;
682 1438 713 1467 et
736 1435 885 1477 vigesimo
901 1437 1028 1466 octavo:
1051 1446 1066 1462 «
1082 1433 1233 1466 Consum-

274 1491 441 1523 mationem
473 1494 504 1522 et
534 1488 799 1521 abbreviationem
831 1487 935 1519 audivi
960 1496 979 1519 a
1013 1487 1145 1519 Domino
1169 1487 1234 1519 Deo

275 1544 474 1577 exercituum
493 1555 522 1582 »;
547 1542 606 1574 hoc
630 1541 752 1574 dicebat
768 1541 798 1573 in
816 1549 950 1582 persona
972 1540 1079 1582 populi
1104 1539 1234 1572 audien-

275 1598 315 1630 tis
343 1597 501 1629 Christum
533 1596 571 1628 ad
603 1604 697 1637 quem
730 1604 828 1636 supra
858 1594 997 1636 quarto³
1021 1594 1165 1626 Christus
1188 1593 1234 1626 di-

277 1651 342 1683 xit:
371 1664 385 1679 «
404 1650 497 1682 Hodie
521 1649 648 1691 impleta
677 1652 724 1680 est
756 1648 832 1680 haec
861 1647 1024 1689 Scriptura
1047 1647 1078 1679 in
1102 1647 1234 1680 auribus

277 1704 390 1737 vestris
406 1717 437 1742 u,
462 1702 580 1735 scilicet
604 1701 798 1734 ludaeorum.

366 1755 508 1789 Secundo
531 1758 685 1797 quantum
709 1754 747 1786 ad
771 1754 1014 1796 eonyruitatem
1042 1753 1105 1786 loci
1128 1753 1235 1786 subdi-

150 1811 256 1833 520011‘12·
276 1814 347 1844 tur:
374 1805 515 1841 Intravit
540 1806 792 1850 Capharnaum.
818 1806 939 1839 Dicitur
960 1815 1057 1848 supra
1080 1807 1234 1848 quarto4:

282 1876 297 1892 «
314 1864 436 1904 Quanta
451 1861 629 1894 audivimus
642 1870 660 1892 a
676 1863 706 1892 te
722 1860 802 1892 sacta
818 1859 850 1892 in
866 1859 1086 1901 Capharnaum
1104 1871 1134 1898 »3
1152 1859 1236 1892 unde

277 1915 421 1948 Matthaei
447 1914 612 1947 undecimo
643 1913 780 1959 dicitur:
811 1926 825 1941 «
843 1913 879 1945 Et
910 1917 965 1951 tu,
997 1912 1235 1953 Capharnaum,

277 1968 420 2010 nunquid
446 1976 546 2010 usque
571 1967 600 1999 in
625 1966 746 1999 caelum
769 1965 1010 1998 exaltaberis»?
1038 1964 1127 2006 Quod
1161 1964 1236 1997 dicit

277 2025 405 2064 propter
441 2021 556 2053 multas
592 2020 743 2057 virtutes,
772 2028 851 2061 quas
882 2018 923 2051 ibi
959 2018 1041 2051 fecit.
1076 2036 1116 2041 —
1150 2018 1236 2050 Ratio

277 2075 373 2108 huius
397 2078 458 2112 est,
483 2074 557 2115 quia
582 2074 658 2105 haec
682 2076 729 2105 est
752 2072 862 2105 civitas
884 2071 1054 2109 Galilaeae,
1072 2080 1153 2113 quae
1169 2075 1237 2104 erat

277 2129 308 2161 in
343 2127 478 2160 confinio
506 2126 644 2168 gentium
680 2129 711 2157 et
743 2125 945 2163 ludaeorum,
982 2128 1018 2157 ut
1052 2124 1236 2157 ostendatur

277 2178 422 2214 Christus
447 2180 533 2222 lapis
557 2178 755 2221 anyutaris,
781 2177 956 2210 secundum
980 2177 1058 2209 illud
1073 2177 1111 2210 ad
1136 2177 1236 2219 Ephe-

278 2235 340 2268 sios
372 2232 551 2267 secund05:
582 2232 652 2265 «Ut
682 2231 761 2264 duos
793 2231 905 2263 condat
936 2231 967 2263 in
1003 2231 1170 2273 semetipso
1205 2231 1236 2263 in

279 2297 377 2321 unum
404 2295 518 2319 novum
545 2285 721 2323 hominem,
746 2284 860 2317 faciens
886 2293 991 2326 pacem
1011 2298 1039 2315 n.
1065 2283 1101 2316 Et
1124 2284 1156 2316 in
1178 2284 1237 2316 hoc

279 2341 406 2383 impleta
429 2343 476 2373 est
501 2338 665 2381 prophetia
689 2338 782 2370 Isaiae
806 2347 905 2370 nono:
937 2350 950 2365 α
969 2337 1072 2369 Primo
1096 2341 1237 2378 tempore

278 2395 422 2428 alleviata
444 2386 491 2426 est
523 2397 608 2426 terra
642 2392 780 2425 Zabulon
805 2396 835 2424 et
860 2395 945 2424 terra
969 2391 1182 2432 Nephthalim‚
1207 2394 1238 2423 et

280 2447 448 2481 novissimo
483 2450 650 2488 aggravata
685 2449 733 2478 est
761 2445 811 2477 via
846 2444 941 2477 maris
964 2448 1052 2476 trans
1077 2443 1237 2478 lordanem

279 2501 431 2534 Galilaeae
455 2500 595 2542 gentium
612 2513 627 2528 »
657 2502 715 2531 etc.

371 2553 399 2586 3.
426 2553 526 2592 (Vers.
553 2553 606 2590 2.).
632 2552 738 2584 Tertio
761 2554 915 2593 quantum
935 2550 974 2583 ad
996 2549 1106 2583 morbi
1132 2559 1239 2582 neces-

181 2608 261 2629 Tfflh·
280 2607 408 2640 sitalem
443 2605 642 2647 adiungitur:
670 2604 880 2637 Centurionis
914 2607 1025 2636 autem
1060 2603 1239 2636 cuiusdam

282 2669 398 2693 servus
421 2658 507 2691 male
531 2657 652 2690 habens
676 2661 749 2690 erat
771 2657 979 2695 moriturus;
995 2660 1027 2689 et
1051 2656 1093 2689 ita
1109 2665 1238 2698 gravem

355 2869 362 2883 ¹
384 2870 458 2895 Vers.
478 2870 508 2894 3:
528 2869 562 2895 Et
586 2875 648 2895 cum
676 2871 739 2900 ete,
764 2868 868 2894 tertium
895 2871 936 2893 est
960 2875 985 2893 v.
1006 2868 1030 2892 6.
1054 2881 1090 2886 —
1114 2867 1242 2899 Superius

284 2913 378 2940 omittit
397 2913 455 2938 Vat.
473 2912 634 2938 mirabiliter
652 2913 877 2938 consummatam.

355 2955 365 2971 ²
388 2957 460 2982 Vers.
480 2957 522 2982 29.
543 2970 575 2974 -
595 2956 652 2981 Duo
671 2943 812 2988 seqq.⁶loci
826 2959 886 2981 sunt
905 2956 961 2981 lsai.
980 2956 1025 2986 lO,
1040 2956 1082 2980 22.
1097 2959 1121 2980 et
1141 2955 1183 2987 28,
1198 2956 1241 2981 22.

284 3015 319 3021 -
339 3001 465 3033 Superius
484 3007 532 3032 pro
551 2999 588 3026 ad
606 2999 683 3026 ictum
706 3000 845 3026 Ductorem
864 3000 883 3025 B
897 2999 933 3025 ad
946 2999 1083 3026 Christum
1097 2998 1240 3031 doctorem,

285 3047 306 3072 Η
326 3046 387 3077 legit
405 3044 444 3071 ad,
460 3044 541 3071 talem
559 3043 708 3076 doctorem,
728 3043 760 3070 de
779 3051 831 3078 quo
852 3043 933 3070 Eccli.
952 3042 1003 3070 45.
1023 3045 1071 3070 etc.

356 3088 367 3104 ⁰
386 3090 462 3115 Vers.
475 3090 516 3115 21.
530 3103 566 3108 —
578 3090 626 3115 Pro
643 3095 760 3122 persona
776 3087 873 3122 populi
892 3089 948 3114 Vat.
964 3087 1121 3122 praesentia
1137 3087 1240 3122 populi.

357 3133 367 3148 ⁴
390 3135 461 3160 Vers.
481 3135 528 3165 23,
547 3137 606 3166 post
624 3141 703 3166 quem
724 3134 811 3159 Matth.
831 3133 877 3165 Μ,
896 3134 944 3164 23,
965 3132 1009 3159 ubi
1034 3133 1112 3159 etiem
1132 3133 1241 3159 dicitur:

286 3179 358 3214 quia,
376 3179 397 3204 si
411 3179 436 3204 in
450 3178 572 3204 Sodomis
592 3179 672 3203 tactae
686 3178 793 3203 fuissent
805 3176 930 3209 virtutes,
951 3184 1019 3211 quae
1031 3176 1119 3211 sactae
1137 3177 1243 3204 suntin

287 3224 324 3254 te,
348 3223 412 3248 torte
431 3222 585 3247 mansissent
604 3228 689 3254 usque
707 3222 733 3247 in
753 3223 818 3247 lianc
838 3222 916 3247 diem.
932 3235 964 3240 —-
979 3222 1028 3246 Pro
1048 3227 1116 3254 quas
1136 3220 1172 3247 ibi
1182 3219 1245 3254 fecit

287 3267 306 3291 B
326 3266 362 3292 ibi
379 3267 466 3300 factas
484 3266 518 3292 ab
536 3273 574 3292 eo.
595 3266 722 3297 Superius
742 3269 801 3297 post
827 3265 941 3292 Intravit
966 3265 1161 3299 capharnaum
1185 3266 1243 3292 Vnt.

290 3310 361 3338 addit
380 3309 426 3336 ubi
442 3309 578 3336 miracula
597 3309 686 3343 facere
704 3311 894 3341 consueverat,
913 3309 1062 3336 seeundum
1082 3307 1151 3335 illud
1163 3309 1243 3343 quod.

359 3352 369 3367 ⁶
390 3354 464 3380 Vers.
485 3354 524 3379 15,
544 3367 579 3373 -
599 3354 722 3387 Sequitur
742 3354 797 3380 lsai.
817 3354 847 3385 9,
868 3354 890 3379 4.
910 3354 960 3380 Csr.
985 3354 1072 3379 Motth.
1098 3353 1127 3385 4,
1147 3354 1244 3385 ⁴246,

289 3397 334 3424 ubi
354 3405 401 3430 per
420 3399 484 3424 haec
498 3398 577 3423 lseiae
590 3397 670 3423 verba
685 3398 749 3423 situs
762 3398 874 3423 civitatis
886 3397 1069 3430 Capharnaum
1089 3398 1244 3424 declaratur.

863 229 1055 262 COMMENT.
1081 229 1116 261 IN
1142 228 1379 261 EVANGELIUM
1403 227 1519 260 LUCAE
1544 228 1575 259 C.
1601 227 1660 258 Vll.

1298 315 1431 348 habebat
1455 315 1617 354 morbum,
1642 315 1817 348 secundum
1839 314 1916 346 illud
1939 314 2084 347 Matthaei
2100 315 2252 347 octavoss:

1302 381 1318 396 α
1334 369 1415 401 Puer
1439 377 1528 401 meus
1545 368 1624 400 iacet
1639 368 1670 400 in
1693 368 1787 400 domo
1815 367 2006 410 paralyticus
2029 371 2060 400 et
2086 367 2166 400 male
2189 371 2254 400 tor-

1296 424 1413 463 quetur
1429 435 1460 453 ».
1488 421 1716 459 Centurionem
1740 424 1845 453 autem
1870 424 1960 453 vocat
1983 429 2056 453 eum
2080 420 2134 462 qui
2164 429 2254 462 prae—

1296 476 1364 506 erat
1387 477 1513 506 centum
1539 473 1704 511 militibus;
1729 473 1812 515 quod
1842 473 1996 505 faciebant
2027 481 2066 505 ex
2100 473 2255 506 industria

1297 526 1328 558 in
1352 526 1494 568 proeliis,
1513 530 1548 558 ut
1563 526 1680 559 scirent
1703 526 1741 559 de
1762 526 1842 559 facili
1864 535 2034 558 numerum
2051 526 2254 565 bellatorum3

1298 579 1381 612 unde
1402 584 1492 612 erant
1520 580 1561 612 ibi
1587 579 1733 618 tribuni,
1750 580 1975 618 centuriones,
2003 579 2255 622 quinquayena-

1297 632 1345 664 rii
1367 636 1398 664 et
1421 632 1540 665 decani
1548 658 1557 670 ,
1582 632 1636 674 qui
1664 632 1905 664 denominantur
1936 641 1954 664 a
1986 641 2119 664 numero
2142 641 2254 664 eorum

1298 685 1414 727 quibus
1439 690 1602 727 praesunt;
1628 685 1783 718 tribunus
1806 690 1910 718 autem
1935 685 2051 718 dicitur
2082 685 2137 727 qui
2166 694 2255 727 prae-

1297 744 1344 772 est
1369 739 1461 771 mille.
1487 739 1523 771 Et
1546 739 1605 771 hos
1628 738 1667 771 ad
1692 738 1900 771 hortationem
1925 738 2031 780 populi
2064 738 2256 771 constituere

1297 792 1522 825 consulebatur
1549 792 1662 833 Moysi;
1688 791 1784 824 Exodi
1820 791 1941 824 decimo
1964 791 2118 824 octavo⁷:
2149 792 2257 824 «Con-

1297 845 1393 878 stitue
1412 855 1454 877 ex
1475 845 1520 878 eis
1543 845 1707 883 tribunos,
1729 844 1947 883 centuriones,
1969 845 2257 888 quinquagenarios

1301 902 1333 931 et
1355 898 1504 937 decanos,
1526 898 1580 940 qui
1602 898 1740 931 iudicent
1764 898 1915 940 populum
1930 912 1960 930 n.
1992 917 2036 922 —
2063 899 2116 932 Hic
2147 903 2256 933 centu-

1298 952 1359 989 rio,
1385 952 1456 984 licet
1484 952 1592 993 plures
1624 951 1754 984 haberet
1786 960 1908 990 servos,
1942 951 2027 984 hunc
2059 961 2168 985 carum
2200 953 2258 985 ha-

1297 1004 1390 1037 bebat
1410 1004 1492 1037 inter
1515 1005 1609 1043 alios,
1633 1008 1664 1037 et
1689 1004 1756 1037 ideo
1780 1004 1900 1037 subdit:
1927 1005 1994 1045 Qui
2016 1008 2088 1037 erat
2112 1004 2162 1038 illi
2181 1015 2258 1047 pre-

1298 1057 1419 1096 tiosuS,
1449 1057 1479 1090 id
1511 1062 1559 1090 est
1593 1058 1761 1090 affectuose
1788 1058 1940 1097 dilectus,
1972 1058 2145 1091 secundum
2179 1058 2257 1091 illud

1299 1110 1501 1143 Ecclesiastici
1535 1111 1695 1153 trigesimo
1726 1111 1862 1144 tertioss:
1892 1124 1907 1140 α
1925 1111 1954 1143 Si
1979 1114 2026 1144 est
2058 1111 2112 1144 tibi
2146 1121 2257 1145 servus

1298 1163 1414 1201 fidelis,
1440 1163 1479 1195 sit
1504 1163 1559 1196 tibi
1585 1164 1673 1206 quasi
1704 1164 1808 1196 anima
1834 1168 1888 1196 tua
1902 1176 1932 1203 »;
1962 1165 2053 1206 quia,
2083 1164 2257 1198 secundum

1298 1215 1375 1248 illud
1399 1217 1641 1249 Proverbiorum
1657 1217 1778 1250 decimo
1794 1218 1939 1260 septimo,
1959 1231 1974 1246 «
1987 1227 2099 1251 servus
2115 1222 2259 1251 sensatus

1297 1269 1510 1302 dominabitur
1526 1270 1631 1303 stultis
1647 1270 1719 1310 filiis
1736 1284 1764 1302 ι».
1782 1271 1868 1304 Unde
1884 1280 1996 1304 servus
2011 1271 2073 1310 hic,
2090 1272 2162 1305 licet
2177 1275 2259 1305 esset

1298 1322 1456 1361 infirmus,
1468 1327 1645 1357 nontamen
1659 1328 1727 1356 erat
1743 1333 1802 1357 suo
1816 1324 1942 1357 domino
1958 1334 2121 1364 onerosus,
2138 1325 2191 1358 sed
2208 1335 2258 1359 ca-

1299 1385 1355 1408 rus
1368 1380 1496 1417 propter
1512 1376 1626 1409 domini
1644 1377 1691 1410 sui
1706 1378 1869 1420 pietatem;
1888 1378 2129 1412 proverbiorum
2141 1379 2259 1412 duode-

1299 1429 1398 1461 cimo:
1414 1441 1429 1456 «
1443 1429 1533 1461 Novit
1544 1430 1646 1462 iustus
1658 1430 1778 1463 animas
1790 1431 2004 1464 iumentorum
2020 1441 2151 1465 suorum
2165 1446 2180 1461 n
2198 1436 2257 1466 etc.

1388 1482 1418 1514 li.
1445 1482 1546 1523 (Vers.
1576 1482 1631 1523 3.).
1665 1484 1705 1516 Et
1735 1493 1811 1516 cum
1843 1485 1991 1517 audisset
2021 1485 2060 1518 (te
2093 1486 2167 1518 lesu
2198 1478 2256 1519 etc.
2278 1484 2423 1511 mmmm·

1300 1535 1370 1567 Post
1390 1536 1657 1577 opportunitatem
1689 1535 1819 1569 faciendi
1852 1537 2040 1570 miraculum
2072 1538 2178 1571 subdit
2207 1539 2258 1572 hic
2271 1511 2423 1564 Εὲῗῖξὲἶιῑῖῗέἶ

1299 1588 1495 1630 Evangelista
1518 1588 1713 1631 dignitatem
1728 1589 1931 1631 impetrandi
1946 1591 2145 1630 remedium,
2163 1600 2259 1633 quam
2274 1564 2321 1585 ω’

1299 1642 1416 1684 colligit
1440 1641 1636 1684 Evangelista
1656 1650 1697 1674 ex
1714 1642 1831 1681 tribus,
1856 1642 1973 1675 scilicet
1996 1652 2038 1676 ex
2055 1644 2259 1676 centurionis

1299 1695 1483 1728 reverentia
1506 1695 1537 1727 in
1562 1695 1785 1737 supplicando,
1806 1703 1847 1728 ex
1871 1695 2043 1728 seniorum
2058 1696 2258 1737 confidentia

1300 1749 1332 1782 in
1364 1749 1568 1791 postulando,
1597 1758 1639 1782 ex
1672 1748 1858 1782 Salvatoris
1882 1748 2051 1782 olem-entia
2082 1749 2114 1782 in
2146 1749 2260 1783 conde-

1301 1803 1485 1836 scendendo.
1511 1803 1597 1844 Quae
1621 1802 1682 1835 tria
1705 1803 1736 1835 in
1762 1811 1862 1835 unum
1886 1803 2108 1836 concurrentia
2130 1803 2260 1846 dignum

1300 1856 1419 1888 faciunt
1442 1865 1569 1889 servum
1594 1859 1757 1898 aegrotum
1782 1856 1821 1889 ad
1844 1856 2064 1889 inveniendum
2087 1857 2261 1890 remedium

1301 1909 1451 1941 sanitatis.

1390 1962 1548 2003 Quantum
1566 1962 1663 2003 igitur
1678 1962 1716 1995 ad
1733 1963 1927 1996 centurionis
1943 1964 2161 1997 reverentiam
2182 1974 2262 2007 sup·
2280 1961 2426 2010 ξῖᾔῖξῗὲξξξζ

1298 2015 1476 2057 plicantem
1501 2015 1686 2056 praemittit:
1706 2017 1746 2048 Et
1768 2026 1844 2048 eum
1869 2017 2017 2050 audisset
2033 2018 2072 2050 de
2088 2018 2182 2057 Iesu,
2199 2028 2261 2051 non
2287 2016 2325 2037 ²⁵³·

1302 2068 1403 2101 solum
1422 2076 1500 2100 aure
1516 2068 1657 2109 corporis
1667 2094 1674 2106 ,
1692 2068 1745 2101 sed
1761 2069 1853 2101 etiam
1871 2078 1949 2102 aure
1962 2070 2075 2109 cordiS,
2088 2071 2262 2104 secundum

1301 2121 1378 2154 illud
1402 2121 1440 2153 ad
1466 2121 1619 2154 Romanos
1642 2121 1807 2154 decimo⁹:
1838 2135 1853 2150 a
1870 2122 1957 2155 Fides
1980 2131 2021 2155 ex
2053 2123 2182 2163 auditu,
2206 2133 2262 2157 au—

1301 2175 1386 2208 ditus
1409 2179 1514 2207 autem
1541 2183 1597 2216 per
1620 2175 1753 2208 verbum
1777 2175 1937 2211 Christi».
1962 2176 1998 2208 Et
2021 2176 2096 2219 quia
2118 2177 2195 2210 fides
2218 2177 2263 2210 fa-

1302 2230 1343 2262 cit
1367 2238 1439 2262 cum
1464 2228 1642 2262 reverentia
1664 2228 1831 2268 accedere,
1854 2229 1929 2262 dum
1959 2229 2174 2264 admirabilem
2208 2232 2263 2265 Dei

1303 2283 1460 2324 praedicat
1496 2283 1706 2322 maiestatem;
1736 2282 1804 2315 ideo
1837 2282 1959 2315 subdit:
1992 2283 2080 2316 Misit
2111 2284 2157 2317 ad
2187 2295 2263 2318 eum

1301 2335 1447 2368 seniores
1483 2336 1706 2375 Iudaeorum,
1731 2335 1821 2378 quasi
1854 2336 1920 2377 ipse
1944 2345 2006 2368 non
2038 2340 2120 2370 esset
2149 2337 2263 2380 dignus

1303 2388 1451 2421 accedere
1474 2397 1530 2421 nec
1555 2389 1703 2428 auderet;
1729 2389 1810 2422 sicut
1837 2389 1892 2421 filii
1927 2389 2019 2422 lsrael
2044 2393 2185 2432 tempore
2209 2390 2263 2424 da-

1304 2441 1396 2474 tionis
1420 2441 1523 2483 Legis,
1540 2442 1636 2474 Exodi
1654 2442 1804 2484 vigesimo
1818 2443 1858 2482 ¹⁰,
1882 2442 2034 2476 dixerunt
2057 2443 2096 2476 ad
2119 2444 2262 2486 Moysen:

1308 2507 1324 2523 α
1341 2495 1483 2536 Loquere
1508 2497 1542 2527 tu
1566 2495 1672 2534 nobis,
1697 2504 1757 2528 non
1791 2495 1939 2538 loquatur
1968 2496 2058 2530 nobis
2092 2497 2262 2537 Dominus,

1304 2557 1343 2581 ne
1368 2548 1446 2580 forte
1481 2548 1656 2580 moriamur
1674 2562 1703 2581 ι».
1729 2549 1765 2581 Εῑ
1790 2549 1870 2582 hanc
1905 2548 2032 2583 causam
2067 2550 2133 2593 ipse
2162 2550 2265 2584 reddit

1304 2601 1385 2635 infra
1407 2600 1533 2633 eodem:
1563 2613 1578 2629 α
1596 2601 1725 2643 Propter
1748 2602 1833 2645 quod
1856 2606 1887 2636 et
1911 2612 1961 2636 me
1984 2603 2087 2645 ipsum
2112 2613 2174 2636 non
2191 2612 2263 2637 sum

1304 2656 1434 2698 dignum
1459 2654 1650 2694 arbitratus,
1674 2660 1710 2688 ut
1734 2656 1874 2689 venirem
1897 2656 1935 2689 ad
1952 2659 1982 2689 te
1999 2670 2028 2689 n.
2053 2657 2088 2689 Et
2110 2657 2179 2689 ideo
2195 2656 2280 2690 illos.

1375 2863 1387 2879 ⁶
1408 2866 1479 2891 vers.
1500 2865 1525 2891 6.
1544 2879 1579 2884 -
1598 2865 1713 2897 Hieron„
1741 2867 1768 2891 ll.
1796 2865 1942 2892 Comment.
1972 2867 1997 2892 in
2018 2866 2075 2893 lsai.
2095 2868 2124 2900 3,
2145 2868 2176 2893 2:
2196 2868 2263 2901 Quo-

1307 2910 1386 2936 modo
1405 2910 1474 2935 enim
1495 2911 1661 2936 centuriones
1680 2914 1820 2943 vocantur,
1839 2911 1884 2944 qui
1905 2915 2009 2937 centum
2035 2915 2162 2944 praesunt
2181 2912 2264 2938 militi-

1306 2953 1370 2987 bus,
1390 2957 1416 2980 et
1433 2954 1578 2986 chiliarchi,
1597 2954 1642 2988 qui
1663 2955 1744 2987 mille,
1767 2962 1835 2989 quos
1862 2963 1911 2981 nos
1941 2955 2059 2981 tribunos
2088 2956 2263 2989 appellamus,

1306 2999 1340 3024 ab
1359 3005 1391 3023 eo
1411 2998 1484 3031 quod
1504 2999 1618 3030 praesint
1637 2999 1730 3031 tribui,
1749 3000 1787 3025 sic
1806 3000 1831 3026 in
1852 3000 1989 3025 lsraelitico
2008 3000 2122 3026 exercitu
2136 3000 2265 3033 quinqua-

1307 3043 1406 3075 genarii
1425 3043 1601 3076 vocabantur,
1621 3045 1666 3077 qui
1687 3045 1712 3070 in
1731 3045 1816 3077 capite
1843 3047 1915 3070 erant
1933 3044 2123 3077 quinquaginta
2143 3045 2264 3070 militum.

1306 3087 1380 3113 Unde
1399 3090 1424 3113 ct
1442 3088 1556 3114 decanos
1575 3088 1701 3119 dicimus,
1720 3088 1765 3121 qui
1786 3088 1877 3114 decem
1897 3091 2023 3120 praesunt
2042 3088 2200 3114 hominibus.

1377 3129 1387 3145 ⁷
1408 3132 1481 3158 Vers.
1502 3133 1544 3158 2⁴.
1564 3140 1619 3166 seq.
1640 3146 1676 3152 -
1694 3133 1744 3158 Pro
1763 3131 1966 3164 consulebatur,
1988 3132 2061 3165 quod
2080 3131 2159 3158 habet
2178 3132 2207 3164 D,
2221 3132 2263 3157 alii

1306 3177 1384 3203 codd.
1403 3176 1572 3209 consulebat,
1592 3177 1634 3203 cui
1654 3178 1712 3203 Vat.
1731 3176 1804 3203 addit
1822 3177 1901 3203 letro.

1378 3219 1389 3235 ⁸
1411 3222 1483 3247 Vers.
1503 3222 1545 3247 34.
1565 3235 1600 3241 —
1620 3222 1676 3247 Duo
1695 3228 1770 3254 seqq.
1788 3221 1836 3247 loci
1855 3225 1916 3247 sunt
1935 3222 2010 3247 prov.
2026 3220 2067 3252 ⁴7,
2080 3222 2104 3246 2.
2125 3224 2150 3246 et
2166 3222 2206 3251 ⁴2,
2221 3221 2262 3246 to.

1378 3264 1389 3279 ⁹
1410 3267 1483 3292 vers.
1503 3265 1543 3291 47.
1563 3279 1598 3285 -
1618 3264 1735 3291 Subinde
1763 3271 1811 3296 pro
1838 3264 1906 3299 facit
1931 3271 1994 3292 eum
2021 3263 2172 3291 reverentia
2192 3271 2263 3291 aoce-

1307 3309 1369 3336 dere
1388 3310 1409 3335 D
1427 3309 1492 3344 facit
1510 3316 1572 3336 eum
1589 3309 1742 3336 reverenter
1761 3308 1894 3335 accedere.

1379 3352 1401 3369 ¹⁰
1421 3354 1494 3380 Vei-s.
1517 3354 1563 3384 49,
1583 3357 1642 3385 post
1660 3360 1740 3385 quern
1759 3353 1820 3379 Luc.
1839 3353 1870 3384 7,
1889 3353 1914 3379 7.
