2476 3921
310 255 373 288 208
894 247 1087 280 COMMENT.
1113 246 1150 278 IN
1173 245 1412 278 EVANGELIUM
1437 245 1553 278 LUCAE
1578 244 1609 276 C.
1635 244 1709 276 Vlll.

310 342 460 375 Dominus
496 340 682 381 respondet:
720 338 868 379 «Vulpes
892 337 996 369 foveas
1028 335 1144 367 habent
1164 347 1179 362 »
1208 337 1266 366 etc.

162 407 291 429 Notandum.
313 414 350 417 —
379 396 464 426 Hunc
480 396 583 425 autem
602 401 661 424 non
684 391 807 423 admisit
831 390 984 422 Dominus
1007 388 1044 420 ad
1070 387 1267 429 perfectionis

1422 334 1473 365 70.
1499 333 1617 374 Quarto
1640 337 1793 374 quantum
1815 332 1853 364 ad
1870 332 2126 374 divulyationem
2146 333 2291 375 beneficii
2325 342 2397 368 Quoad
2410 343 2437 365 αι.

1333 386 1493 419 subditur:
1516 387 1553 418 Et
1568 386 1650 418 abiit
1670 396 1731 428 per
1747 386 1940 418 universam
1957 385 2121 418 civitatem
2141 386 2251 419 dicens
2263 387 2288 424 θ,
2303 370 2448 424 ζὲἶῖἒιῗέἳῗῖωζ

149 988 234 1015 Duplici
252 993 294 1008 mo-

157 1015 183 1036 do
198 1014 294 1045 Chri-stus

156 1043 268 1068 praecipit.

180 1518 297 1539 Documen-

200 1547 243 1565 tum
260 1544 278 1564 1.

181 1624 299 1645 Documen-

200 1653 243 1672 tum
258 1650 278 1671 2.

155 2312 236 2343 Quo-ad·
246 2317 302 2333 com·

178 2344 301 2360 missionem

179 2365 251 2386 officii.

310 447 547 488 discipulatum,
580 445 628 477 vel
659 444 733 486 quia
758 443 900 476 movebat
924 451 995 474 eum
1021 441 1113 473 timor
1139 439 1266 472 humani

310 500 451 542 periculi,
477 499 523 531 vel
545 507 632 530 amor
657 497 815 535 beneficii;
841 496 887 528 vel
914 498 949 527 ut
971 494 1163 531 ostenderet,
1187 492 1269 525 sicut

311 555 505 596 praetactum
531 556 578 584 est
592 552 614 589 ¹,
638 550 722 592 quod
747 554 875 591 propter
897 547 1058 589 spirituale
1082 545 1268 579 beneficium

312 616 372 639 non
397 610 443 638 est
470 604 685 646 accipiendum
713 602 917 644 obsequium;
942 600 1024 633 unde
1048 599 1192 632 Matthaei
1216 598 1269 630 de-

312 660 408 694 cimo:
432 672 447 686 «
463 658 565 690 Gratis
581 656 759 698 accepistis,
777 655 873 697 gratis
889 654 958 686 date
972 667 1001 685 n.
1028 654 1062 685 Et
1085 652 1268 693 exemplum

313 713 408 745 huius
424 715 554 753 apparet
571 711 600 742 in
619 710 734 747 Eliseo,
752 708 855 750 quarti
882 709 998 749 Regum
1022 707 1142 748 quinto.
1168 706 1270 737 Potest

313 769 413 797 tamen
441 764 635 806 praedicator
654 762 795 803 accipere
819 760 1025 802 stipendium,
1050 760 1131 792 sicut
1154 759 1269 791 dicitur

313 819 432 861 primae
456 817 492 850 ad
519 816 697 849 Corinthios
728 824 826 853 nono;
859 814 910 846 sed
936 823 995 845 non
1021 813 1113 845 debet
1133 812 1269 854 praedi-

313 881 391 904 care
415 874 543 912 propter
567 868 662 906 illud,
687 868 739 900 sed
765 871 893 909 propter
918 867 1048 899 salutem
1074 865 1190 907 populi.
1224 868 1227 872 “

403 924 452 956 68.
480 923 515 954 Et
539 927 611 954 nota
628 921 696 959 hic,
714 920 797 962 quod
814 920 979 957 Dominus,
997 919 1168 951 secundum
1186 918 1268 960 quod

314 977 442 1010 historia
465 975 644 1017 evangelica
666 977 792 1012 narrat,
816 972 982 1014 aliquando
1006 972 1156 1014 praecipit
1179 981 1270 1004 cura-

313 1031 369 1069 tis,
394 1029 477 1072 quod
509 1028 624 1061 nemini
657 1027 814 1064 dicerent,
840 1026 920 1058 sicut
946 1029 1027 1067 patet
1051 1025 1081 1057 in
1110 1025 1271 1057 curatione

314 1084 426 1126 leprosi
460 1082 604 1115 Matthaei
640 1080 791 1113 octav02:
822 1093 835 1107 «
856 1079 944 1117 Vide,
968 1079 1082 1111 nemini
1107 1077 1227 1110 dixeris
1240 1090 1270 1116 »;

314 1141 344 1169 et
380 1137 410 1168 in
444 1134 645 1168 suscitatione
678 1133 816 1174 puellae,
853 1132 933 1164 infra
963 1131 1088 1164 eodem:
1119 1130 1272 1172 «Quibus

315 1189 490 1232 praecepit,
515 1197 554 1220 ne
586 1187 635 1220 cui
661 1187 800 1219 dicerent
831 1185 915 1227 quod
951 1185 1065 1217 factum
1091 1189 1201 1217 erat».
1219 1183 1272 1216 Hic

314 1246 417 1275 autem
453 1241 602 1283 praecipit
637 1243 762 1277 sanato,
785 1239 869 1281 quod
902 1239 1042 1280 divulget
1072 1237 1111 1270 ad
1136 1238 1211 1275 hoc,
1238 1240 1273 1269 ut

315 1296 465 1328 Dominus
488 1294 645 1332 ostendat,
670 1294 831 1326 veritatem
858 1293 1026 1325 salutarem
1050 1300 1111 1323 non
1136 1299 1203 1323 esse
1229 1294 1273 1322 ta-

315 1348 463 1385 cendam,
495 1352 526 1380 et
560 1347 690 1389 gloriam
728 1346 885 1388 propriam
922 1355 982 1377 non
1017 1354 1084 1377 esse
1119 1352 1273 1386 quaeren-

315 1403 395 1435 dam.
423 1402 490 1434 ldeo
514 1400 680 1442 aliquando
698 1400 864 1441 praecipit,
890 1399 974 1441 quod
998 1398 1140 1436 dicatur,
1164 1401 1195 1429 et
1218 1397 1274 1429 ali-

316 1454 440 1497 quando
466 1454 632 1496 praecipit,
657 1452 739 1495 quod
776 1455 933 1489 taceatur,
963 1456 998 1483 ut
1029 1451 1060 1483 in
1096 1451 1199 1492 primo
1222 1449 1275 1482 det

316 1509 557 1545 documentum,
582 1506 665 1549 quod
701 1506 816 1538 veritas
840 1505 1056 1547 praedicetur,
1082 1504 1112 1536 in
1138 1503 1274 1536 secundo

318 1571 410 1599 vcro,
435 1561 517 1602 quod
534 1560 632 1602 gloria
649 1559 776 1601 propria
794 1568 853 1591 non
872 1562 1044 1600 quaeratur
1058 1558 1080 1589 ³.
1101 1576 1142 1581 —-
1159 1557 1190 1589 ln
1216 1557 1275 1589 hoc

317 1615 409 1651 etiam
433 1618 577 1656 apparet,
602 1613 685 1655 quod
710 1612 947 1654 praedicationis
971 1620 1050 1653 opus
1068 1620 1127 1643 non
1153 1605 1274 1643 tantum

318 1671 364 1700 est
388 1668 528 1700 virorum
561 1666 821 1708 apostolicorum,
849 1674 956 1697 verum
993 1665 1086 1697 etiam
1121 1673 1275 1706 quorum—

318 1729 453 1762 cumque
478 1720 649 1757 bonorum,
674 1719 727 1760 qui
752 1728 770 1750 a
801 1718 925 1750 Christo
957 1717 1054 1750 edocti
1080 1720 1162 1749 sunt.
1188 1716 1274 1749 Unde

317 1775 408 1808 etiam
435 1774 595 1811 Christus,
631 1772 792 1814 discipulis
828 1771 1084 1813 prohibentibus,
1120 1770 1275 1812 quendam

318 1828 347 1859 in
373 1827 496 1859 nomine
532 1826 644 1858 Christi
681 1826 793 1858 eiicere
828 1825 1007 1862 daemonia,
1032 1825 1085 1866 qui
1115 1823 1275 1856 Christum

318 1890 378 1913 non
415 1879 623 1922 sequebatur,
658 1879 756 1911 dixit:
785 1878 915 1910 «Nolite
951 1878 1162 1920 prohibere»,
1195 1877 1276 1909 sicut

317 1934 432 1966 dicitnr
468 1934 547 1965 infra
579 1942 660 1965 nono
674 1934 696 1963 ⁴¹.
724 1933 825 1964 Bonus
855 1932 936 1964 enim
966 1932 1015 1963 vir
1045 1931 1137 1963 debet
1172 1930 1277 1963 dicere

318 1986 400 2029 quod
425 1986 505 2018 dixit
523 1987 640 2027 Moyses
657 1986 866 2017 Numerorum
885 1985 1067 2017 undecimo:
1091 1997 1106 2012 «
1122 1984 1198 2025 Quis
1214 1984 1276 2022 det,

318 2044 353 2072 ut
377 2048 486 2072 omnes
509 2039 714 2080 prophetent,
740 2042 770 2071 et
801 2038 853 2071 det
876 2038 920 2070 eis
950 2038 1101 2070 Dominus
1125 2037 1275 2079 Spiritum

319 2096 459 2125 sanctum
478 2095 514 2123 »t
538 2092 709 2124 secundum
735 2091 811 2123 illud
846 2091 885 2123 ad
921 2091 1133 2132 Philippenses
1156 2090 1276 2132 primo:

324 2159 339 2173 «
356 2145 425 2177 Sive
449 2154 505 2186 per
530 2145 708 2182 veritatem,
732 2144 797 2177 sive
822 2153 877 2185 per
901 2144 1094 2176 occasionem
1113 2143 1278 2176 annuntie-

319 2201 371 2230 tur
395 2197 557 2235 Christus,
581 2197 657 2229 etin
685 2198 743 2229 hoc
766 2197 904 2239 gaudeo,
921 2197 974 2229 sed
991 2201 1021 2228 et
1045 2196 1186 2238 gaudebo
1203 2210 1233 2228 ».

411 2251 462 2282 69.
491 2251 597 2282 Tertio
631 2254 785 2292 quantum
814 2250 852 2282 ad
885 2249 1148 2281 commissionem
1179 2249 1279 2292 officii

321 2304 453 2336 dicitur:
483 2304 520 2334 Et
543 2312 674 2340 narra,
703 2307 831 2345 quanta
863 2302 922 2333 tibi
943 2300 1083 2343 fecerit⁵
1116 2302 1223 2338 Deas;
1248 2302 1278 2333 in

321 2367 385 2399 quo
410 2357 504 2389 mittit
527 2365 598 2388 eum
625 2356 662 2387 ad
687 2355 929 2397 praedicandum
946 2358 977 2386 et
993 2353 1216 2395 divulgandum
1234 2354 1280 2386 di-

323 2410 429 2442 vinum
454 2408 659 2446 beneficium;
685 2408 841 2440 Psalmus:
872 2420 887 2435 «
904 2406 1043 2438 Narrabo
1059 2415 1171 2438 nomen
1189 2409 1280 2438 tuum

322 2463 474 2495 fratribus
497 2462 575 2494 meis
593 2475 607 2490 »
636 2464 705 2499 etc.;
730 2464 761 2493 et
784 2460 897 2492 Tobiae
921 2459 1122 2491 duodecimo:
1145 2471 1159 2486 «
1174 2459 1282 2491 Sacra-

323 2520 463 2548 mentum
488 2515 571 2556 regis
601 2513 792 2547 abscondere
823 2513 940 2545 bonum
965 2515 1029 2550 est;
1054 2521 1150 2553 opera
1174 2515 1279 2544 autem

323 2568 376 2600 Dei
403 2568 543 2600 revelare
567 2570 598 2599 et
630 2566 770 2599 confiteri
807 2565 1015 2598 honorificum
1040 2568 1132 2597 est».
1160 2564 1195 2596 Et
1223 2564 1282 2596 hoc

323 2621 448 2654 mandat
472 2621 555 2653 Deus
581 2620 665 2658 lieri;
691 2620 847 2651 Psalmus:
878 2619 1031 2660 «Quanta
1048 2617 1205 2650 mandavit
1231 2627 1283 2659 pa-

324 2674 426 2707 tribus
449 2674 574 2712 nostris,
599 2677 672 2705 nota
697 2673 797 2705 facere
814 2682 849 2705 ea
867 2672 938 2704 filiis
955 2671 1020 2704 suis
1037 2685 1066 2703 ».
1091 2671 1126 2703 Et
1142 2670 1219 2703 illud
1236 2673 1285 2703 est

323 2728 459 2760 officium
487 2726 753 2768 praedicatoribus
777 2725 962 2758 iniunctum.

395 2976 403 2989 ¹
425 2976 500 3001 Num.
520 2976 562 3001 66.
581 2990 615 2994 --
635 2976 700 3001 Tres
719 2982 793 3007 seqq.
813 2975 861 3000 loci
875 2977 936 2999 sunt
950 2974 1036 2999 Matth.
1052 2973 1098 3005 lO,
1113 2973 1141 3003 8;
1164 2973 1203 2997 lV.
1218 2973 1282 3004 Reg.

325 3021 354 3051 5,
378 3021 416 3045 15.
437 3028 511 3053 seqq.
533 3023 558 3045 et
578 3021 594 3045 Ι,
613 3019 670 3046 Cor.
691 3020 722 3049 9,
746 3020 784 3044 ll.
805 3026 887 3051 seqq.;
907 3019 952 3043 csr.
973 3025 1052 3049 supra
1083 3025 1106 3043 n.
1128 3017 1150 3042 5.
1175 3017 1201 3041 in
1222 3016 1280 3041 [lne.

324 3077 360 3085 —-
379 3065 485 3090 interius
504 3072 552 3096 pro
571 3064 687 3090 salutem
702 3063 799 3097 populi
817 3063 894 3088 codd.
914 3062 1030 3088 salutem
1049 3061 1114 3087 eius.
1135 3061 1225 3086 Glossa
1245 3060 1282 3086 in-

325 3108 476 3135 terlinearis·
497 3109 535 3141 (ex
556 3109 686 3140 Ambros„
707 3109 747 3133 Vl.
769 3108 792 3133 in
812 3108 872 3133 Luc.
893 3115 917 3132 n.
933 3107 985 3139 53.)
1006 3107 1031 3131 in
1052 3107 1112 3131 Luc.
1128 3106 1157 3136 8,
1180 3105 1227 3130 33:
1243 3104 1282 3130 Di-

325 3153 398 3179 misit
417 3156 473 3185 etc„
494 3158 521 3179 nt
541 3154 674 3179 iactantiae
687 3160 764 3178 causa
779 3153 887 3183 vitetur,
908 3155 933 3177 et
947 3151 1093 3177 infidelibus
1105 3150 1138 3175 sit
1155 3150 1282 3182 exemplo.

396 3196 406 3211 ²
428 3198 500 3223 Vers.
522 3197 551 3228 4,
572 3201 631 3230 post
650 3205 729 3230 quem
750 3198 812 3223 Luc.
832 3198 855 3227 8,
877 3197 918 3221 56.

396 3239 406 3254 ⁹
425 3240 475 3266 Csr.
496 3248 575 3273 supra
597 3248 657 3273 pag.
681 3242 737 3273 120,
757 3244 816 3266 nota
837 3240 859 3265 Ιι,
883 3241 948 3265 Vide
967 3240 1078 3270 Bednm,
1107 3239 1132 3264 in
1152 3238 1238 3263 Matth.
1260 3237 1284 3268 8,

327 3285 355 3318 4;
376 3286 401 3310 ll.
420 3286 446 3310 in
466 3286 542 3311 Marc.
561 3286 591 3315 7,
611 3286 654 3311 36.
673 3288 699 3311 et
718 3286 741 3316 8,
761 3285 803 3310 26.

396 3328 407 3343 ⁴
427 3330 499 3355 Vers.
521 3330 562 3354 50.
582 3343 617 3348 —
636 3330 692 3355 Duo
712 3336 785 3362 seqq.
807 3329 854 3355 loci
874 3333 933 3355 sunt
952 3330 1026 3355 Num.
1043 3329 1089 3361 ti,
1110 3328 1156 3359 29,
1176 3327 1221 3353 ubi
1236 3333 1284 3359 pro

327 3373 459 3407 Spiritum
487 3375 612 3400 sanctum
642 3374 750 3405 Vulgata
779 3373 905 3407 spiritum
933 3380 1015 3400 suum
1034 3372 1127 3405 (ACD
1150 3370 1285 3405 Spiritum

326 3420 451 3445 sanctum
469 3425 565 3449 suum,
585 3418 682 3443 omisso
701 3417 814 3443 subinde
832 3417 1006 3449 secundum),
1025 3421 1050 3443 et
1065 3417 1125 3442 Phil.
1148 3417 1171 3449 t,
1193 3417 1235 3441 l8.

1333 439 1416 481 quod
1440 440 1616 472 iniunctum
1642 443 1705 478 est;
1725 439 1812 472 lonae
1830 439 1939 472 tertio:
1969 452 1985 467 ιι
2002 440 2102 481 Surge
2118 442 2148 472 et
2165 439 2242 472 vade
2258 440 2288 472 in

1333 493 1472 525 Ninivem
1484 518 1491 531 ‚
1516 492 1671 524 civitatem
1696 501 1838 533 magnam
1851 517 1859 530 ‚
1876 495 1907 524 et
1931 491 2076 532 praedica
2098 492 2129 523 in
2147 500 2183 524 ea
2199 501 2290 532 prae-

1333 544 1517 577 dicationem
1535 558 1564 575 ».
1590 544 1647 576 Sed
1674 544 1760 576 lonas
1784 543 1983 585 praedicabat
2015 543 2209 583 periculum,
2233 542 2291 574 iste

1334 606 1410 630 vero
1433 597 1614 639 divulgabat
1637 600 1668 629 et
1698 596 1897 638 praedicabat
1930 594 2127 627 beneficium.
2152 611 2195 617 —
2218 594 2291 626 Pro-

1334 655 1404 692 pter
1427 650 1511 692 quod
1535 650 1634 682 addit:
1666 650 1800 689 Quanta
1828 648 1877 680 itti
1891 646 2020 690 fecisset
2036 644 2144 685 lesus,
2166 650 2202 679 ut
2218 655 2292 680 vere

1333 703 1452 736 diceret
1468 703 1542 735 illud
1562 703 1671 735 Psalmi
1685 703 1714 734 ⁷:
1738 716 1752 730 «
1766 701 1884 740 Venite,
1901 701 2021 739 audite,
2038 709 2157 739 omnes,
2174 703 2206 733 et
2220 709 2292 733 nar-

1334 757 1428 795 rabo,
1452 760 1570 799 quanta
1593 756 1665 789 fecit
1687 756 1809 788 animae
1832 764 1919 787 meae
1936 768 1965 786 ι).
1991 754 2033 786 Ad
2060 754 2119 786 hoc
2143 753 2294 789 invitabat

1334 811 1469 853 Angelus
1500 810 1614 843 Tobiae
1649 809 1851 842 duodecimo:
1890 807 2096 840 «Benedicite
2128 807 2227 840 Deum
2263 810 2293 839 et

1334 867 1472 896 narrate.
1484 864 1588 896 omnia
1605 863 1759 895 mirabilia
1774 862 1843 895 eius
1857 875 1888 893 ».
1915 862 1975 894 Hoc
1999 865 2103 893 autem
2120 860 2210 899 dicit,
2231 869 2291 903 non

1335 918 1409 960 quia
1433 917 1464 949 in
1488 920 1594 949 nostra
1619 916 1658 949 sit
1682 918 1835 958 potestate
1857 915 1961 947 omnia
1984 914 2052 947 eius
2075 923 2171 955 opera
2194 917 2225 946 et
2241 913 2294 946 be-

1335 971 1446 1003 neficia
1480 979 1647 1008 enarrare,
1679 978 1750 1002 cum
1786 969 1910 1001 dicatur
1948 967 2149 1000 Ecclesiastici
2173 966 2295 999 decimo

1336 1024 1488 1057 octavo⁸:
1518 1037 1532 1052 α
1550 1024 1627 1065 Quis
1650 1022 1766 1056 sufficit
1790 1031 1939 1055 enarrare
1963 1030 2058 1063 opera
2083 1021 2166 1053 illius
2180 1023 2218 1053 u?
2241 1019 2295 1053 sed

1336 1077 1410 1119 quia
1434 1077 1493 1109 hoc
1516 1076 1607 1109 debet
1631 1085 1698 1109 esse
1722 1076 1753 1108 in
1777 1079 1884 1107 nostro
1907 1074 2061 1107 desiderio
2077 1077 2108 1106 et
2125 1073 2295 1111 voluntate,

1336 1130 1427 1162 iuxta
1451 1130 1527 1162 illud
1552 1130 1677 1162 Psalmi:
1707 1143 1721 1158 α
1739 1129 1917 1161 Confitebor
1936 1128 2004 1166 tibi,
2022 1127 2166 1165 Domine,
2183 1127 2214 1158 in
2232 1130 2296 1159 toto

1337 1184 1430 1216 corde
1454 1192 1541 1222 meo;
1567 1183 1702 1215 narrabo
1726 1183 1830 1215 omnia
1847 1181 2001 1214 mirabilia
2018 1185 2073 1213 tua
2088 1192 2119 1219 »;
2144 1189 2205 1212 non
2223 1179 2297 1222 quia

1337 1237 1444 1279 lingua
1466 1236 1601 1269 sufficiat
1624 1236 1821 1277 exprimere,
1845 1234 1899 1267 sed
1923 1234 1997 1276 quia
2012 1233 2171 1275 gratitudo
2195 1232 2297 1265 cordis

1337 1288 1375 1322 de
1399 1289 1544 1322 omnihus
1568 1289 1655 1331 cupit
1673 1288 1779 1321 laudes
1803 1287 1968 1320 exsolvere
1992 1290 2023 1320 et
2046 1286 2236 1328 praedicare.

1428 1345 1478 1375 71.
1505 1343 1581 1375 Nota
1605 1343 1671 1381 hic,
1695 1335 1770 1384 quia
1794 1341 1967 1374 secundum
2001 1341 2133 1373 litterani
2159 1343 2297 1382 quatuor

1339 1399 1470 1437 possunt
1493 1405 1535 1428 ex
1558 1395 1649 1428 dictis
1673 1395 1741 1428 elici
1771 1394 1927 1427 notabilia.
1959 1394 2096 1426 Primum
2127 1397 2188 1432 est,
2212 1392 2294 1435 quod

1339 1450 1490 1482 Dominus
1514 1458 1570 1491 per
1604 1449 1679 1481 viles
1710 1452 1741 1481 et
1777 1447 1911 1480 humiles
1935 1456 2085 1489 personas
2108 1446 2207 1479 voluit
2230 1445 2299 1479 aliis

1340 1503 1511 1541 notificari,
1536 1502 1618 1534 sicut
1642 1510 1697 1543 per
1721 1501 1881 1543 porcarios
1912 1504 1944 1533 et
1967 1500 2154 1542 pecorarios.
2179 1518 2223 1523 —
2247 1500 2299 1532 Se-

1340 1556 1459 1595 cundo,
1485 1555 1568 1598 quod
1586 1565 1645 1587 nou
1671 1563 1779 1587 omnes
1794 1554 1832 1587 ad
1849 1558 1965 1587 statum
1983 1553 2180 1596 perfectionis
2192 1552 2205 1572 ⁹
2226 1556 2300 1585 sunt

1340 1609 1540 1647 admittendi,
1566 1609 1618 1642 sed
1644 1612 1765 1641 tantum
1791 1608 1833 1641 illi
1858 1607 1910 1649 qui
1936 1610 2011 1640 sunt
2034 1606 2145 1639 idonei.
2164 1625 2207 1630 —
2224 1606 2299 1639 Ter-

1341 1664 1401 1702 tio,
1425 1663 1509 1705 quod
1526 1672 1544 1695 a
1560 1662 1789 1704 praedicatione
1813 1661 1947 1693 nominis
1962 1660 2078 1693 Christi
2094 1659 2218 1693 arcendi
2238 1668 2299 1692 non

1341 1720 1415 1750 sunt
1446 1725 1526 1758 quos
1561 1715 1705 1748 Christus
1739 1718 1831 1747 curat
1864 1724 1882 1746 a
1916 1713 2083 1747 vexatione
2106 1712 2230 1745 diaboli.
2257 1730 2299 1736 -—

1341 1771 1478 1812 Quarto,
1503 1769 1587 1811 quod
1614 1768 1652 1801 ad
1676 1768 1850 1810 gratiarum
1873 1767 2025 1800 actionem
2051 1775 2108 1808 pro
2141 1765 2300 1799 beneficiis

1341 1823 1476 1865 acceptis
1499 1822 1650 1855 debemus
1673 1830 1741 1854 esse
1766 1820 2006 1863 promptissimi,
2031 1819 2177 1862 exemplo
2205 1819 2301 1851 huius

1341 1875 1547 1914 daemoniaci,
1572 1875 1625 1917 qui
1652 1874 1837 1908 beneficium
1862 1874 1916 1906 Dei
1941 1873 2088 1906 omnibus
2111 1872 2276 1905 nuntiavit.

1431 1932 1482 1963 72.
1509 1931 1651 1962 Factum
1668 1933 1715 1961 est
1730 1933 1856 1967 aute-m,
1873 1937 1949 1960 cum
1966 1926 2117 1959 rediisset
2132 1927 2225 1959 lesus
2240 1930 2298 1959 etc.

1342 1985 1444 2026 Supra
1457 1984 1482 2003 ¹⁰
1506 1983 1641 2016 ostendit
1665 1982 1859 2024 Evangelista
1881 1980 2055 2014 dominium
2078 1983 2109 2013 et
2132 1979 2301 2013 auctorita-

1343 2042 1404 2071 tem
1429 2037 1543 2070 Christi
1569 2045 1665 2078 super
1689 2039 1867 2068 creaturam
1884 2034 2080 2076 corporalem
2096 2034 2127 2066 in
2145 2033 2302 2066 sedatione

1342 2090 1535 2133 tempestatis
1557 2093 1588 2122 et
1620 2099 1716 2131 super
1748 2088 1941 2130 spiritualem
1966 2088 1997 2120 in
2022 2087 2207 2129 expulsione
2230 2086 2303 2119 dae-

1343 2144 1460 2182 monis;
1486 2143 1537 2175 hic
1561 2142 1714 2180 ostendit,
1739 2141 1842 2183 ipsum
1867 2141 2039 2173 dominium
2064 2140 2182 2173 habere
2205 2147 2302 2180 super

1343 2200 1537 2229 creaturam
1560 2195 1772 2236 compositam
1791 2204 1830 2226 ex
1848 2198 1990 2237 utraque
2006 2194 2037 2226 in
2054 2193 2213 2226 sanatione
2230 2192 2303 2224 hae-

1344 2249 1555 2282 morrhoissae
1581 2251 1613 2280 et
1629 2248 1830 2280 suscitatione
1843 2247 1973 2288 puellae.
1992 2247 2088 2279 Habet
2104 2250 2208 2279 autem
2226 2246 2303 2278 haec

1344 2310 1418 2342 pars
1433 2301 1527 2339 duas,
1545 2300 1718 2332 secundum
1735 2299 1819 2341 quod
1837 2300 1976 2331 humana
1992 2302 2105 2331 natura
2121 2308 2161 2331 ex
2179 2297 2304 2342 duobus

1345 2358 1392 2386 est
1416 2353 1601 2394 composita,
1626 2360 1758 2393 corpore
1775 2351 1917 2384 videlicet
1933 2356 1964 2384 et
1980 2352 2091 2384 anima.
2110 2352 2185 2384 Nam
2203 2351 2304 2393 primo

1346 2405 1522 2438 ostenditur
1545 2405 1701 2437 dominus
1718 2414 1897 2445 corporum
1913 2404 1944 2435 in
1970 2404 2240 2437 haemorrhoissae
2257 2395 2305 2437 sa-

1346 2454 1488 2495 natione;
1521 2457 1676 2495 secundo,
1701 2457 1855 2488 dominus
1891 2457 2088 2488 animarum
2116 2457 2148 2489 in
2184 2457 2305 2498 puellae

1348 2509 1558 2548 suscitatione,
1576 2508 1671 2541 ibi11:
1690 2506 1808 2539 Adhuc
1825 2507 1879 2539 illo
1896 2508 2041 2550 loquente
2057 2512 2114 2540 etc.
2134 2509 2306 2541 introduci-

1348 2566 1401 2595 tur
1424 2565 1529 2594 autem
1554 2561 1722 2602 explicatio
1759 2560 1926 2602 utriusque
1949 2560 2092 2592 miraculi
2116 2561 2155 2593 ad
2178 2561 2306 2593 manife-

1348 2615 1488 2649 standam
1519 2614 1700 2656 dignitatem
1738 2612 1864 2645 virtutis
1885 2613 2028 2654 Christi,
2054 2621 2148 2654 quam
2179 2613 2306 2645 demon-

1348 2672 1427 2702 strat
1449 2661 1524 2700 satis
1547 2667 1683 2710 perfecte
1718 2667 1748 2699 in
1777 2666 1930 2699 miraculo
1961 2665 2132 2699 curationis
2163 2665 2307 2698 haemor-

1349 2722 1498 2756 rhoissae.

1417 2969 1428 2984 ⁶
1448 2973 1481 2997 lta
1502 2972 1578 2997 etiam
1600 2972 1667 2997 Beda
1689 2974 1714 2997 et
1732 2971 1808 2997 Card.
1831 2971 1923 3003 Hugo;
1947 2970 2069 3002 Vulgata,
2089 2976 2170 3002 quam
2190 2969 2307 3001 sequitur

1347 3016 1414 3046 Vat.,
1434 3016 1502 3049 fecit.
1522 3030 1556 3035 —
1576 3015 1693 3042 Subinde
1712 3016 1856 3047 allegantur
1886 3016 1925 3041 ΡΞ.
1945 3015 1972 3040 24
1986 3035 1993 3046 ,
2014 3015 2060 3045 23;
2082 3013 2148 3040 Tob.
2173 3015 2216 3045 12,
2237 3014 2263 3039 7.
2282 3016 2307 3039 et

1348 3060 1387 3085 ΡΒ.
1407 3060 1455 3091 77,
1476 3061 1499 3086 5.
1520 3074 1554 3079 —
1574 3061 1681 3086 lnterius
1701 3067 1749 3092 pro
1767 3058 2001 3094 praedicatoribus
2022 3060 2042 3084 G
2061 3054 2289 3092 praedicantibus.

1418 3102 1430 3118 θ
1450 3105 1574 3136 Vulgata,
1595 3105 1651 3130 Vat.
1672 3108 1697 3130 et
1716 3105 1737 3130 H
1753 3104 1925 3138 praedicans.
1948 3118 1980 3122 —-
2000 3103 2123 3137 Sequitur
2143 3104 2218 3129 lonae
2237 3103 2262 3134 3,
2282 3103 2306 3128 2.

1419 3146 1428 3161 ⁷
1449 3149 1541 3174 Psalm.
1561 3149 1609 3180 65,
1630 3150 1675 3180 16,
1695 3152 1755 3181 post
1773 3156 1853 3182 quem
1874 3147 1941 3174 Tob.
1963 3148 2012 3179 ⁴2,
2033 3148 2074 3173 20.

1419 3191 1429 3206 ⁸
1451 3193 1522 3219 Vers.
1543 3195 1573 3224 2,
1593 3194 1633 3219 cui
1654 3193 1822 3225 subiungitur
1843 3194 1882 3219 es.
1902 3194 1932 3225 9,
1953 3194 1976 3218 2.

1419 3235 1430 3251 ⁹
1449 3237 1512 3264 Cod.
1532 3239 1551 3264 B
1570 3239 1643 3264 addit
1661 3240 1684 3264 et
1703 3238 1855 3272 reliyionis,
1879 3238 1924 3271 qui
1953 3238 2031 3263 etiam
2050 3236 2182 3270 aliquanto
2202 3235 2308 3261 inferius

1348 3285 1408 3314 post
1429 3281 1510 3308 huius
1530 3282 1699 3309 daemoniaci
1716 3282 1789 3308 addit
1808 3281 1904 3308 curati.

1421 3324 1442 3340 ¹⁰
1463 3326 1537 3352 Num.
1558 3326 1600 3352 34.
1621 3340 1655 3346 —
1674 3327 1782 3352 Interius
1802 3333 1850 3358 pro
1869 3324 2010 3352 sanatione
2030 3325 2087 3351 Vat.
2105 3324 2230 3351 sanitate.

1422 3369 1442 3384 ¹¹
1463 3371 1537 3397 Vers.
1558 3371 1600 3396 49.

2316 1342 2429 1364 Eliciuntm·

2329 1371 2418 1396 quatuor

2320 1395 2426 1417 notabilia.

2332 1926 2409 1951 Tertio,
2423 1929 2458 1952 per

2319 1954 2361 1975 duo
2374 1952 2457 1982 miracu·

2318 1981 2339 2002 la
2346 1978 2458 2007 ostenditur

2319 2006 2378 2028 aliud
2397 2004 2458 2026 domi-

2320 2033 2377 2055 nium
2404 2030 2458 2052 Clu-i·

2324 2297 2410 2319 Divisio.
