2476 3921
42 902 151 929 Quartum.

12 2176 140 2200 Notandum.

54 2443 139 2471 figura.

770 216 964 249 COMMENT.
992 217 1029 249 IN
1052 217 1293 250 EVANGELIUM
1318 219 1436 251 LUCAE
1460 220 1492 252 C.
1518 221 1579 253 XV.

176 313 314 347 superna
326 304 428 346 patria
439 304 566 336 deserto
578 307 796 346 comparatur;
810 304 893 337 unde
905 304 1015 340 Glossa
1026 307 1052 337 ¹:
1071 318 1087 334 α
1101 305 1141 338 In

175 359 320 396 deserto,
337 357 368 390 id
384 361 432 390 est
448 357 479 389 in
496 357 597 396 caelo,
614 357 700 399 quod
715 357 876 390 desertum
894 361 941 390 est
957 357 997 390 ab
1014 358 1141 390 homine

175 414 324 454 peccante
339 422 371 450 »ς
396 413 527 452 propter
551 410 635 452 quod
661 410 754 442 etiam
780 410 833 442 1113
857 419 996 452 superna
1019 411 1141 444 Ierusa-

174 465 234 497 lem
251 464 368 496 dicitur
383 463 532 502 deserta,
557 463 732 496 secundum
750 463 827 495 illud
844 463 883 495 ad
899 463 1023 496 Galatas
1043 473 1140 506 quar-

174 518 252 551 102:
282 517 368 549 «Illa
399 526 481 559 quae
512 524 641 549 sursum
674 520 721 549 est
754 517 922 550 Ierusalem
951 517 1051 550 libera
1074 521 1139 557 est,

173 580 255 614 quae
278 573 325 603 est
349 573 449 603 mater
465 573 583 602 nostra.
608 569 767 612 Scriptum
791 574 839 603 est
863 570 969 603 enim:
994 571 1139 610 Laetare,

173 623 307 663 sterilis,
330 632 412 666 quae
436 633 499 656 non
523 624 682 665 parturis,
706 624 782 665 quia
806 624 898 656 multi
923 624 978 656 filii
996 624 1139 657 desertae

172 678 287 720 magis,
305 686 401 719 quam
418 677 487 710 eius
510 686 592 719 quae
616 677 712 710 habet
736 677 842 710 virum
860 690 889 716 »ς
914 681 946 711 61
969 678 1064 710 Isaiae
1082 678 1138 710 111-

171 731 445 773 gesimoquinto:
475 743 491 759 «
508 730 689 764 Laetabitur
712 731 838 764 deserta
861 735 892 764 et
915 731 1017 771 invIa‚
1034 735 1138 765 etex-

171 784 301 817 sultabit
325 784 461 817 solitudo
485 788 516 817 et
540 784 666 817 florebit
690 785 779 827 quasi
806 785 906 817 lilium
923 799 939 814 »
968 788 1027 818 etc.

263 839 314 870 11.
339 838 460 880 Quarto
484 841 640 880 quantum
656 838 695 871 ad
712 839 959 883 requisitionem
984 840 1137 883 singula-

171 891 222 924 ris
251 891 322 924 ovis
353 891 542 934 deperditae
573 892 737 935 adiungit:
774 894 810 925 Et
841 893 934 926 vadit
966 894 1012 926 acl
1043 894 1137 926 illam

169 955 254 989 quae
282 945 449 987 perierat,
481 945 520 977 ad
551 945 642 978 istam
675 954 783 985 ovem,
814 946 932 979 scilicet
956 947 1135 986 hominem,

170 998 354 1032 salvandum
379 998 464 1031 venit
486 998 588 1038 Deus,
614 999 669 1031 Dei
693 999 789 1032 Filius
805 999 836 1032 in
855 1000 1134 1039 huncmundum3

170 1052 252 1084 infra
274 1051 395 1091 decimo
419 1061 502 1084 nono
516 1051 528 1070 ³
543 1064 550 1084 ε
574 1065 589 1080 «
606 1052 698 1085 Venit
714 1052 810 1085 Filius
827 1053 964 1086 1101111015
980 1062 1135 1095 quaerere

169 1108 201 1138 et
223 1105 345 1138 salvum
369 1104 479 1137 facere
496 1104 581 1147 quod
606 1105 744 1146 perierat
759 1118 790 1144 »;
823 1105 908 1138 unde
941 1106 1063 1148 primae
1095 1106 1133 1139 ad

169 1158 370 1191 Timotheum
402 1158 525 1199 primo:
555 1158 699 1191 «Fidelis
731 1167 836 1191 sermo
868 1161 899 1191 et
930 1159 1013 1191 010111
1046 1168 1134 1192 3666-

168 1211 275 1254 ptione
299 1211 431 1253 dignus,
464 1211 540 1253 quia
571 1211 717 1244 Christus
749 1212 835 1244 Iesus
867 1212 953 1244 venit
983 1212 1014 1244 10
1048 1213 1133 1245 hunc

169 1264 322 1297 mundum
358 1267 539 1306 peccatores
575 1264 677 1297 salvos
712 1264 815 1298 facere
832 1278 862 1297 n.
900 1265 936 1297 Et
970 1266 1030 1298 1106
1061 1266 1134 1299 fecit

167 1318 313 1350 Christus
346 1321 495 1359 tanquam
533 1316 638 1349 bonus
670 1323 810 1360 paston-
845 1318 929 1351 unde
963 1319 1132 1352 Ezechielis

168 1371 329 1413 trigesimo
353 1371 515 1412 quarto4:
545 1383 559 1398 «
577 1370 673 1410 Ecce,
698 1379 755 1413 ego
780 1371 846 1413 ipse
871 1372 1032 1413 requiram
1057 1381 1132 1409 oves

167 1433 252 1457 meas
283 1428 314 1457 et
345 1423 478 1456 visitabo
509 1432 578 1463 eas,
611 1424 693 1457 sicut
724 1428 832 1466 pastor
867 1425 972 1457 visitat
1003 1434 1131 1468 gregem

166 1486 261 1511 suum
277 1491 307 1509 ».
334 1495 375 1501 —
401 1477 458 1509 Sed
483 1477 558 1519 quia
581 1477 684 1509 bonus
715 1481 823 1519 pastor
852 1488 913 1510 non
938 1478 1060 1511 desistit
1091 1479 1131 1512 ab

165 1530 368 1573 inquisitione
391 1533 464 1562 ante
486 1530 641 1569 salutem,
666 1530 735 1563 11160
759 1530 886 1564 subdit:
914 1532 1021 1564 Donec
1042 1532 1130 1564 inve-

165 1584 238 1616 nial
254 1583 357 1616 illam.
376 1584 464 1616 Tunc
480 1587 586 1616 autem
605 1583 682 1616 haec
694 1583 762 1616 ovis
778 1593 797 1616 a
812 1583 937 1617 Christo
950 1584 1129 1625 invenitur,

164 1637 291 1680 (11130110
314 1637 383 1671 61115
406 1637 559 1679 sanguine
582 1646 601 1670 3
624 1637 799 1679 perditione
821 1637 993 1678 liberatur,
1018 1647 1130 1672 secun-

163 1691 239 1724 dum
248 1690 325 1723 illud
338 1690 573 1723 Deuteronomii
588 1690 748 1733 trigesimo
756 1690 895 1724 secundo
904 1691 932 1723 ⁵:
951 1704 967 1720 «
976 1691 1129 1724 Dominus

163 1744 250 1776 solus
274 1743 341 1776 dux
366 1743 435 1776 61115
458 1743 537 1783 fuit,
561 1746 592 1776 et
615 1752 677 1776 non
702 1747 771 1777 erat
794 1753 869 1777 cum
893 1753 930 1777 eo
953 1741 1032 1778 deus
1055 1745 1129 1778 alie-

162 1806 224 1830 nus
239 1810 271 1829 ».
301 1796 455 1829 «Invenit
477 1805 551 1829 eum
577 1797 720 1830 in—terra
743 1797 886 1837 deserta,
910 1798 942 1834 in
969 1799 1036 1831 loco
1053 1799 1130 1832 hor-

163 1850 246 1883 roris
269 1853 300 1883 et
325 1853 431 1883 vastae
456 1850 636 1883 solitudinis
651 1864 682 1883 ».
707 1851 828 1884 Invenit
844 1855 949 1884 autem
968 1852 1053 1885 Deus
1070 1853 1127 1885 ho-

162 1903 425 1946 mines-perditos
449 1912 521 1936 cum
541 1913 654 1946 magna
668 1904 872 1944 difficultate,
898 1905 1073 1938 secundum
1090 1906 1127 1938 11·-

161 1957 216 1989 lud
247 1957 327 1996 Osee
358 1957 488 1989 nono⁶:
524 1970 540 1985 «
564 1957 659 1998 Quasi
692 1967 770 1990 uvas
801 1958 834 1991 in
864 1958 991 1991 deserto
1021 1959 1126 1992 inveni

161 2010 257 2043 Israel
279 2013 310 2043 et
333 2009 423 2052 quasi
448 2010 553 2052 prima
576 2019 669 2052 poma
692 2011 846 2044 ficulneae
863 2025 893 2044 υ.
916 2012 1003 2045 Unde
1019 2015 1126 2054 pastor

159 2062 219 2096 iste
231 2071 289 2105 pro
301 2062 414 2095 ovibus
425 2062 620 2095 inveniendis
634 2063 791 2096 laboravit
806 2073 909 2106 usque
921 2064 961 2102 ad
974 2068 1124 2105 mortem,

159 2115 334 2149 secundum
357 2115 435 2148 illud
459 2115 581 2148 Ioannis
604 2116 744 2149 decimo:
766 2130 782 2145 «
799 2117 903 2150 Bonus
928 2120 1034 2159 pastor
1057 2118 1125 2150 ani-

158 2173 245 2202 mam
260 2177 349 2201 suam
362 2168 451 2211 ponit
462 2177 521 2210 pro
532 2168 645 2202 ovibus
658 2169 724 2202 suis
737 2183 768 2202 ».
783 2170 913 2212 Propter
929 2171 1015 2212 quod
1031 2171 1125 2203 etiam

159 2216 267 2264 pastor
290 2221 349 2254 1516
372 2230 484 2264 aynus
507 2220 610 2254 factus
631 2225 678 2254 est
694 2221 777 2254 inter
793 2231 886 2261 oves,
902 2226 939 2255 ut
955 2222 1125 2256 redimeret

158 2283 251 2313 oves,
275 2273 451 2307 secundum
475 2273 554 2307 illud
577 2274 673 2307 Isaiae
696 2275 961 2317 quinquagesimo
985 2275 1122 2308 tertio⁷:

164 2340 180 2357 ιι
196 2327 284 2360 Sicut
306 2327 374 2360 ovis
396 2326 436 2360 ad
459 2326 647 2360 occisionem
677 2327 829 2367 ducetur,
854 2331 886 2361 61
909 2328 991 2361 516111
1020 2338 1122 2371 agnus

158 2388 268 2413 coram
301 2379 451 2421 tondente
487 2388 521 2413 se
552 2379 750 2413 obmutescet
780 2384 812 2413 et
842 2388 904 2413 non
936 2381 1056 2423 aperiet
1087 2391 1123 2415 os

160 2441 256 2466 suum
272 2446 302 2465 n.
327 2451 372 2457 —-
395 2432 482 2466 Unde
506 2436 537 2466 et
558 2433 639 2466 11306
655 2433 868 2467 inventionem
885 2434 1122 2477 praefigurabat

157 2486 211 2519 illa
234 2486 391 2535 inventio,
416 2495 480 2529 qua
510 2486 685 2526 Abraham,
717 2486 825 2520 volens
855 2488 971 2521 offerre
1002 2488 1121 2528 filium,

157 2539 277 2572 invenit
300 2539 452 2579 arietem3
484 2539 612 2573 Genesis
643 2539 794 2583 vigesimo
818 2540 1003 2574 secundo⁸:
1033 2555 1048 2571 «
1066 2542 1121 2575 Le-

157 2593 242 2626 vavit
266 2593 422 2629 Abraham
453 2593 564 2627 oculos
594 2602 669 2627 suos
700 2594 842 2637 viditque
873 2595 1005 2629 arietem
1038 2595 1120 2629 inter

229 2767 238 2782 ¹
259 2768 361 2795 Scilicet
378 2767 561 2796 interlinearis
576 2770 732 2799 (secundum
747 2771 870 2803 Gregor.,
889 2772 937 2798 106.
951 2772 1014 2805 cit).
1027 2786 1063 2792 —
1077 2773 1122 2799 Su-

157 2812 246 2844 perius
265 2820 313 2844 pro
331 2819 452 2847 superna
467 2813 562 2847 patria
581 2815 639 2840 Vat.
657 2821 788 2848 suprema
803 2815 907 2849 patria.

227 2854 238 2870 ⁸
259 2856 333 2882 Vers.
353 2857 397 2883 26.
416 2860 441 2882 et
460 2857 508 2890 27,
528 2857 626 2890 quibus
644 2858 808 2885 subnectitur
828 2860 884 2886 lsai.
904 2860 953 2893 35,
974 2861 998 2886 l.

227 2897 238 2913 ⁸
259 2900 334 2926 Vers.
354 2901 401 2933 10,
422 2905 481 2933 post
499 2908 580 2935 quem
602 2903 620 2928 l.
638 2903 707 2929 Tim.
728 2904 756 2936 ⁴,
782 2904 819 2930 15.

226 2942 238 2958 ¹
259 2945 331 2970 vers.
353 2945 363 2970 1
375 2946 396 2971 1.
409 2952 466 2979 5611.
478 2959 514 2966 -
526 2947 616 2973 Glossa
630 2947 832 2975 interlinearis:
847 2948 881 2976 El
893 2948 967 2976 vadit
978 2949 1015 2976 ad
1027 2949 1119 2983 illam,

156 2995 225 3021 quae
240 2987 375 3021 perierat,
394 2990 458 3015 dum
478 2997 527 3022 per
546 2991 769 3023 praedicationem
789 2996 880 3024 vocat,
900 2993 983 3020 donec
1002 2994 1120 3022 inveniat

158 3030 234 3057 illam
254 3031 376 3064 (Vulgata
396 3033 480 3066 eam),
502 3033 615 3065 invenit,
633 3035 699 3060 dum
718 3037 881 3063 convertitur
901 3038 1005 3070 1111111115.

227 3073 239 3088 ⁶
260 3075 332 3101 Vers.
355 3077 396 3102 12.
415 3080 440 3103 61
460 3078 507 3108 111,
526 3078 551 3103 10
571 3079 646 3104 6111115
665 3079 717 3105 nne
728 3081 847 3106 nonnulli
860 3081 939 3107 codd.
951 3083 977 3108 et
988 3081 1058 3109 valle
1069 3081 1120 3109 sol·

156 3117 311 3146 licituclim's.

226 3160 238 3176 ⁶
258 3163 332 3189 Vers.
348 3164 395 3189 ⁷40.
415 3178 450 3184 —
471 3165 589 3192 Subinde
607 3167 734 3199 allegatur
754 3169 823 3194 loan.
845 3170 892 3200 lo,
914 3171 954 3196 ll.

226 3204 236 3220 ⁷
258 3207 331 3232 Vers.
351 3208 380 3240 7,
400 3207 444 3234 ubi
465 3216 513 3241 pro
531 3210 634 3243 aperiet
652 3212 766 3237 nonnulli
792 3213 872 3239 codd.
898 3214 940 3240 vel
964 3214 1053 3248 aperit
1075 3216 1118 3241 vel

154 3250 282 3284 aperiiit;
301 3252 347 3277 611.
366 3259 447 3284 supra
466 3260 529 3286 pag.
551 3254 618 3288 254,
637 3258 697 3281 nota
715 3256 742 3282 7.

226 3293 238 3309 ⁸
259 3295 332 3321 vers.
353 3296 396 3322 13.

223 3336 235 3352 ⁹
255 3339 287 3364 Ut
305 3339 400 3366 dicitur
419 3341 497 3367 llebr.
516 3343 547 3375 9,
573 3343 614 3368 12.
640 3357 675 3363 -
701 3344 824 3378 Sequitur
849 3346 910 3371 Luc.
938 3347 985 3378 15,
1004 3348 1043 3380 ,8;
1069 3349 1115 3374 611.

154 3389 182 3408 ν.
201 3382 226 3408 t.
244 3396 279 3402 —
299 3384 426 3416 Superius
444 3392 492 3417 pro
510 3385 667 3421 significant
685 3388 742 3414 Vat.
762 3389 958 3423 siqnificabanc.

261 3435 292 3462 S.
306 3437 409 3463 Bonav.
420 3439 544 3465 -Ὕοιτι,
559 3439 611 3465 Vll.

2101 226 2164 259 383

1206 314 1319 347 vepres
1343 307 1524 340 haerentem
1550 310 1717 349 cornibus,
1751 320 1845 353 quem
1877 312 1992 346 obtulit
2022 314 2169 348 holocau-

1205 362 1290 392 stum
1314 369 1373 402 pro
1398 360 1509 393 filio».
1539 362 1650 395 Cetera
1674 363 1770 405 igitur
1796 365 1846 397 illa
1871 367 2025 400 sacrificia
2047 369 2168 405 oblata.

1206 415 1269 444 tam
1293 413 1400 446 ovium
1425 423 1521 456 quam
1546 424 1701 457 agnorum
1725 421 1756 449 et
1781 418 1942 451 hircorum
1968 430 2062 463 quam
2089 423 2169 455 arie-

1206 468 1273 498 tum
1298 470 1329 499 et
1353 467 1526 500 vitulorum
1539 494 1547 507 ‚
1573 470 1631 502 hoc
1648 470 1842 512 significant,
1860 473 1944 514 quod
1958 474 1970 493 ⁹
1994 487 2008 502 a
2024 475 2169 509 Christus

1205 527 1262 560 per
1287 519 1452 561 proprium
1485 522 1670 563 sanguinem
1703 523 1844 557 introivit
1867 527 1963 559 scmel
1988 527 2018 559 10
2044 534 2168 568 sancta,

1203 575 1332 605 aeterna
1364 573 1580 616 redemptione
1613 575 1787 608 inventa».
1822 578 1857 610 Et
1891 579 1947 612 hoc
1973 584 2020 613 est
2043 581 2167 615 dicere:

1210 638 1225 654 «
1241 626 1371 667 Quaerit
1394 626 1579 669 diligenter,
1603 628 1702 662 donec
1726 631 1909 664 invemat».

1297 681 1346 712 12.
1373 676 1474 719 (Vers.
1501 682 1555 721 5.).
1586 683 1624 714 Ec
1646 692 1722 715 cum
1740 684 1900 718 invenerit
1916 696 1999 719 cam.
2022 688 2092 721 Post
2109 690 2168 722 sol-

1203 733 1396 766 licitudinem
1422 735 1597 768 moestitiae
1621 745 1679 778 pro
1707 746 1765 770 ove
1797 739 1920 779 perdita
1950 741 2095 782 sequitur
2118 744 2167 776 1111·

1202 787 1401 829 maynitudo
1426 787 1571 821 laetitiae
1583 799 1648 831 pro
1666 800 1722 822 ove
1747 791 1879 825 inventa
1895 793 1938 831 ¹⁰,
1964 794 2047 827 circa
2071 805 2164 837 quam

1200 840 1451 874 introducuntur
1475 842 1553 881 tria,
1578 844 1697 877 scilicet
1719 845 1897 878 exsultatio
1918 848 2072 889 privata,
2091 859 2165 882 con-

1200 894 1387 936 yratulatz'o
1400 895 1538 937 publica
1551 899 1582 929 et
1595 897 1761 930 conclusio
1775 900 2012 941 principaliter
2029 902 2164 936 intenta.

1292 948 1394 980 Primo
1418 949 1516 990 igitur
1540 954 1695 991 quantum
1718 951 1757 983 ad
1781 953 2031 987 exsultationem
2047 956 2164 998 priva-

1201 1005 1269 1033 tam
1294 1001 1332 1034 de
1356 1011 1414 1035 ove
1438 1002 1565 1036 inventa
1588 1003 1685 1036 dicit:
1713 1006 1750 1037 Et
1774 1015 1850 1038 cum
1880 1007 2040 1040 invenerit
2070 1019 2162 1049 eam,

1199 1054 1338 1096 imponit
1350 1055 1385 1087 in
1398 1053 1554 1088 humeros
1565 1066 1645 1089 suos
1656 1058 1816 1099 yctudens.
1836 1072 1851 1088 «
1864 1060 2007 1093 Hunzcri
2019 1062 2068 1094 isti
2083 1077 2113 1101 »,
2127 1068 2163 1096 ut

1198 1106 1274 1139 dicit
1289 1097 1471 1141 Ambrosius
1487 1110 1522 1146 ¹¹,
1545 1122 1561 1137 «
1578 1113 1652 1142 sunt
1668 1110 1798 1143 brachia
1814 1113 1918 1145 crucis
1934 1126 1966 1152 »3
1989 1127 2004 1142 a
2022 1115 2094 1153 illic,
2117 1116 2163 1148 in-

1198 1160 1284 1202 quit,
1309 1163 1436 1202 peccata
1460 1170 1530 1194 mea
1549 1162 1698 1204 deposui,
1716 1164 1746 1196 in
1765 1164 1817 1197 illa
1832 1166 1927 1198 nobili
1946 1168 2075 1209 patibuli
2094 1178 2161 1202 cer-

1197 1212 1265 1245 vice
1289 1213 1430 1255 requievi
1448 1227 1478 1246 ».
1506 1215 1536 1247 ln
1564 1215 1620 1248 hos
1641 1225 1716 1258 ergo
1734 1217 1883 1251 humeros
1899 1229 1988 1252 ovem
2006 1222 2158 1262 perditam

1196 1266 1364 1308 imposuit,
1400 1267 1476 1308 quia
1507 1268 1549 1300 ibi
1582 1273 1708 1310 peccata
1740 1276 1847 1303 nostra
1883 1275 2039 1314 portavit;
2077 1276 2159 1309 unde

1198 1319 1291 1352 Isaiae
1316 1320 1577 1362 quinquagesimo
1602 1323 1694 1355 tertio
1709 1324 1753 1355 ¹2:
1784 1338 1799 1352 «
1817 1325 1897 1358 Vere
1914 1326 2081 1369 languores
2105 1339 2159 1361 no-

1196 1375 1278 1404 stros
1302 1372 1368 1414 ipse
1386 1373 1457 1405 tulit
1479 1378 1509 1406 et
1527 1374 1726 1408 infirmitates
1744 1381 1866 1410 nostras
1884 1379 1949 1420 ipse
1975 1382 2110 1421 portavit
2123 1395 2158 1421 »;

1195 1428 1227 1457 et
1251 1425 1370 1467 primae
1395 1426 1475 1458 Petri
1500 1428 1658 1460 secundo:
1690 1442 1705 1457 «
1721 1430 1779 1470 Qui
1805 1435 1931 1472 peccata
1963 1437 2070 1466 nostra
2094 1435 2159 1476 ipsc

1195 1479 1326 1520 pertulit
1350 1478 1381 1511 in
1413 1488 1547 1521 corpore
1579 1490 1637 1513 suo
1668 1491 1765 1524 super
1799 1483 1933 1525 lignum,
1957 1490 1993 1518 ut
2024 1488 2159 1528 peccatis

1195 1532 1311 1565 mortui
1340 1533 1477 1566 iustitiae
1509 1534 1699 1568 vivamus».
1734 1537 1769 1568 Ε1
1801 1537 1860 1570 1106
1891 1542 1939 1571 cst
1970 1540 2053 1581 quod
2085 1541 2159 1574 dicit

1195 1585 1275 1618 Beda
1290 1586 1333 1618 ¹³:
1364 1599 1379 1615 a
1396 1586 1493 1619 Ovem
1510 1587 1541 1620 in
1560 1588 1702 1622 humeris
1718 1590 1785 1623 suis
1801 1591 1965 1633 imposuit,
1990 1594 2080 1635 quia,
2099 1595 2158 1627 hu-

1176 1648 1319 1672 >manam
1345 1643 1492 1673 naturam
1512 1642 1703 1684 suscipiens,
1729 1649 1855 1685 peccata
1879 1650 1987 1679 nostra
2002 1647 2069 1690 ipse
2085 1658 2159 1690 por-

1194 1693 1317 1726 tavit».
1344 1694 1380 1726 Et
1403 1698 1531 1736 peccata
1554 1700 1662 1729 nostra
1686 1698 1823 1739 portavit
1846 1698 1877 1731 ln
1906 1708 2001 1733 cruce
2030 1705 2061 1734 61
2085 1711 2158 1735 cru—

1193 1755 1260 1779 cem
1296 1747 1434 1789 portavit
1470 1748 1500 1780 in
1537 1749 1680 1782 humeris
1694 1776 1701 1789 ,
1738 1752 1913 1785 secundum
1949 1753 2027 1786 illud
2064 1755 2157 1789 Isaiae

1193 1809 1276 1833 nono
1294 1801 1340 1833 1⁴:
1376 1814 1391 1829 (ε
1415 1801 1527 1835 Factus
1557 1806 1605 1835 est
1637 1803 1834 1846 principatus
1866 1815 1963 1848 super
1987 1807 2157 1841 humerum

1192 1853 1261 1886 eius
1282 1866 1317 1893 ¹³3
1342 1857 1373 1886 et
1405 1855 1500 1888 156136
1524 1855 1675 1897 vigesimo
1703 1858 1860 1891 secundo:
1891 1872 1906 1887 «
1928 1860 2014 1893 Dabo
2038 1861 2156 1895 clavem

1192 1906 1305 1940 domus
1328 1907 1426 1940 David
1450 1917 1547 1950 super
1564 1909 1734 1942 humerum
1760 1911 1829 1944 eius
1844 1925 1875 1944 ».
1893 1931 1937 1936 —
1953 1914 2054 1955 Super
2071 1915 2155 1947 hunc

1193 1960 1362 1993 humerum
1385 1961 1538 2003 qaudens
1572 1971 1630 1994 nos
1653 1964 1790 2004 portavit
1822 1969 1952 2006 propter
1983 1967 2152 1999 maximam

1191 2013 1372 2052 caritatem,
1405 2023 1500 2056 quam
1533 2014 1600 2056 ipse
1632 2015 1744 2048 habuit
1774 2016 1812 2048 ad
1848 2017 2065 2051 liberationem
2097 2029 2155 2052 no-

1190 2069 1303 2105 stram;
1328 2066 1424 2099 Isaiae
1448 2067 1690 2109 quadragesimo
1705 2069 1748 2100 ¹⁵:
1771 2082 1787 2097 «
1803 2069 1890 2102 Sicut
1905 2075 2012 2111 pastor
2028 2080 2154 2114 gregem

1189 2128 1283 2152 suum
1309 2123 1430 2161 pascet,
1460 2120 1492 2152 in
1517 2120 1647 2153 brachio
1678 2130 1737 2154 suo
1767 2123 1969 2165 congregabit
2000 2134 2098 2167 agnos
2122 2139 2153 2164 »;

1195 2172 1324 2206 «foetas
1355 2173 1422 2215 ipse
1450 2173 1634 2215 portabit».
1661 2174 1695 2206 Et
1724 2175 1783 2207 hoc
1808 2184 1879 2208 cum
1906 2177 2045 2210 maximo
2077 2187 2153 2220 gau-

1187 2225 1254 2264 dio,
1278 2225 1452 2259 secundum
1478 2226 1556 2259 illud
1580 2227 1675 2260 Isaiae
1698 2227 1827 2260 ultimo:
1857 2242 1873 2258 α
1890 2229 1933 2262 Ad
1957 2231 2057 2264 ubera
2081 2241 2153 2274 por—

1189 2277 1345 2317 tabimini,
1362 2282 1392 2311 et
1410 2287 1506 2320 super
1529 2288 1633 2321 genua
1648 2279 1850 2314 blandientur
1875 2283 1972 2316 vobis.
1991 2284 2152 2325 Quomodo

1187 2330 1213 2363 si
1237 2331 1289 2363 cui
1310 2334 1411 2364 mater
1429 2331 1623 2371 blandiatur,
1648 2333 1691 2365 ita
1714 2338 1746 2366 et
1761 2343 1819 2376 ego
1842 2336 2027 2369 consolabor
2052 2347 2149 2370 vos».

1192 2396 1207 2412 α
1224 2384 1389 2424 Videbitis‚
1414 2388 1445 2417 et
1468 2385 1616 2427 gaudebit
1639 2395 1694 2419 cor
1718 2391 1873 2427 vestrum,
1899 2393 1930 2422 et
1953 2399 2023 2423 ossa
2048 2394 2151 2423 vestra

1186 2437 1275 2479 quasi
1301 2437 1401 2470 herba
1424 2438 1694 2480 germinabunt».

1279 2491 1328 2524 13.
1354 2491 1455 2531 (Vers.
1486 2492 1540 2528 6.).
1564 2493 1707 2526 Secundo
1731 2498 1886 2536 quantum
1907 2496 1945 2529 ad
1970 2502 2149 2540 conprimi·

1185 2543 1341 2576 tationem
1361 2544 1534 2586 publicam
1555 2546 1678 2579 subdit:
1705 2548 1743 2580 Ει
1767 2549 1898 2582 veniens*
1914 2550 2051 2583 domum
2074 2561 2149 2584 con-

1184 2601 1280 2630 vocat
1303 2597 1430 2630 amicos
1453 2603 1484 2631 ct
1513 2599 1648 2633 vicinos.
1673 2600 1792 2634 Domus
1824 2602 1882 2635 ista
1909 2607 1956 2636 est
1981 2604 2154 2643 Ierusalem.

1258 2772 1281 2788 ¹⁰
1299 2773 1351 2813 Csr.
1372 2782 1451 2807 supra
1472 2782 1497 2801 n.
1517 2775 1541 2801 6.

1257 2817 1278 2832 ¹¹
1299 2818 1369 2845 Libr.
1392 2820 1441 2845 Vll.
1461 2820 1488 2845 in
1507 2821 1570 2846 Luc.
1583 2827 1607 2846 c.
1622 2821 1663 2846 15.
1680 2828 1705 2847 n.
1719 2822 1786 2853 2093
1800 2821 1865 2848 ibid.
1878 2823 1956 2848 etiam
1971 2823 2081 2849 habetur
2094 2832 2149 2857 5611.

1184 2863 1324 2895 sententia,
1344 2863 1370 2888 in
1389 2871 1441 2896 qua
1464 2870 1513 2896 pro
1537 2863 1622 2890 nobili
1643 2863 1759 2898 patibuli
1781 2866 1882 2892 cervice
1906 2870 1989 2892 textus
2014 2868 2149 2900 originalis

1185 2905 1280 2935 nobilis
1296 2907 1414 2941 patibuli
1432 2908 1541 2935 cervice.

1224 2940 1227 2961 i
1256 2950 1278 2965 ¹²
1298 2952 1372 2978 Vers.
1394 2952 1422 2985 4;
1441 2954 1486 2978 cfr.
1506 2960 1586 2985 supra
1608 2961 1670 2986 pag.
1693 2954 1759 2985 422,
1784 2958 1845 2980 nota
1870 2955 1893 2980 l.
1921 2969 1957 2974 —
1979 2957 2102 2989 Sequitur
2129 2957 2146 2982 1.

1186 2996 1252 3022 Petr.
1271 2997 1302 3027 2,
1322 2997 1364 3022 24.

1257 3038 1278 3053 ¹³
1297 3040 1367 3066 Libr.
1387 3042 1428 3067 IV.
1447 3041 1472 3067 in
1493 3042 1555 3067 Luc.
1580 3042 1624 3073 15,
1644 3042 1674 3073 5;
1695 3042 1765 3068 idem
1784 3043 1846 3069 (licit
1859 3045 1982 3075 Gregor„
2002 3044 2028 3069 ll.
2049 3045 2143 3070 Hamil.

1183 3084 1211 3109 in
1231 3085 1329 3117 Evaflg.
1349 3086 1439 3112 homil.
1458 3086 1500 3111 34.
1520 3094 1546 3112 n.
1565 3087 1589 3112 3.
1611 3087 1659 3112 Pro
1678 3086 1706 3112 in
1725 3086 1846 3113 humeris
1869 3087 1927 3114 suis
1947 3087 2074 3121 imposuit
2095 3089 2143 3120 (116

1182 3130 1292 3161 Gregor.
1318 3133 1343 3156 61
1361 3131 1442 3163 Beda)
1473 3130 1583 3156 CDFII
1609 3138 1668 3156 cum
1695 3131 1785 3157 Glossa
1811 3131 1954 3158 ordinaria
1977 3131 2005 3158 in
2024 3131 2145 3159 lnwzeris

1179 3173 1280 3206 posuit.
1297 3187 1333 3193 -
1353 3174 1479 3206 Superius
1499 3178 1558 3206 post
1576 3174 1648 3201 Beda
1666 3175 1688 3200 H
1706 3175 1779 3201 addit
1798 3175 1827 3201 in
1847 3175 1954 3203 Glossa.
2110 3175 2113 3176 ⁷

1255 3216 1278 3231 ¹⁴
1299 3218 1372 3243 Vers.
1394 3219 1418 3243 6.
1439 3218 1479 3251 (10
1500 3226 1565 3251 11110-
1574 3222 1633 3250 post
1648 3218 1821 3252 principatus
1839 3219 1858 3245 C
1873 3220 1923 3244 DG
1943 3219 2043 3245 addunt
2061 3219 2143 3251 eius),

1182 3264 1240 3293 post
1262 3268 1342 3294 quem
1362 3262 1409 3294 22,
1429 3263 1476 3292 22,
1496 3262 1541 3287 ubi
1561 3262 1649 3294 plures
1674 3262 1752 3288 codd.
1778 3263 1900 3289 omittunt
1919 3262 2025 3289 domus.
2044 3277 2079 3282 —
2098 3265 2142 3289 Su·

1181 3305 1271 3337 perius
1289 3305 1399 3332 vocibus
1418 3312 1526 3332 crucem
1541 3306 1662 3339 portauit
1682 3307 1740 3332 Vet.
1759 3307 1888 3333 interserit
1904 3309 2035 3333 nostram.

1252 3347 1275 3363 ¹⁶
1294 3349 1369 3374 Vers.
1393 3350 1438 3380 11,
1458 3350 1484 3374 111
1503 3357 1556 3382 quo
1570 3355 1618 3381 pro
1631 3351 1721 3383 pascet
1740 3351 1759 3375 A
1770 3350 1789 3376 C
1800 3351 1821 3376 D
1832 3351 1849 3376 F
1865 3351 1962 3384 pascit.
1973 3364 2010 3370 —
2024 3352 2143 3384 Sequun-

1181 3396 1222 3418 tur
1241 3393 1297 3418 lsai.
1318 3394 1365 3425 66,
1387 3394 1429 3418 112.
1448 3400 1503 3426 5611.
1523 3393 1580 3425 (ubi
1599 3394 1677 3419 codd.
1699 3395 1821 3420 omittunt
1840 3395 1896 3427 cui)
1921 3399 1945 3421 et
1972 3396 2036 3421 dein
2055 3404 2078 3421 v.
2103 3396 2142 3421 ll.

2001 3447 2033 3471 59

2186 693 2215 714 De
2230 695 2333 717 magnitu-

2182 720 2334 741 dinelaetiliae

2188 752 2226 773 pro
2241 753 2278 768 ove
2294 748 2324 768 1η-

2191 776 2253 794 venta
2271 775 2318 795 trial

2190 800 2291 821 Primum.

2170 2498 2299 2519 secuudum,
