2476 3921
2 941 72 971 Quoad
86 947 147 969 p-rae

0 964 1 997 1
2 944 140 991 odinationem

0 1009 1 1014 .
22 997 44 1018 ot
61 996 134 1016 Sacra·

37 1023 115 1043 menta.

54 1683 138 1710 Figura.

740 266 935 299 COMMENT.
960 266 998 299 IN
1021 266 1261 300 EVANGELIUM
1284 268 1402 301 LUCAE
1426 269 1458 301 C.
1485 270 1571 303 xvii.

165 353 246 388 eiu-s.
279 354 366 388 Unde
397 354 626 388 Ambrosius¹:
668 354 833 388 «Fructus
864 355 944 387 mori
980 354 1012 387 in
1046 354 1125 388 flore

164 408 265 447 albet,
289 408 444 441 formatus
467 407 593 446 rutilat,
609 407 793 440 maturitate
809 407 974 449 nigrescit3
999 407 1044 441 sic
1059 407 1125 440 dia-

164 461 273 500 bolus,
296 461 375 494 flore
397 461 554 503 angelicae
577 463 709 493 naturae
732 463 763 493 et
786 463 940 502 potestate
971 460 1124 500 rutilans,

163 513 409 556 praevaricando
432 516 514 547 tetro
537 513 697 546 inhorruit
720 512 816 546 odore
833 513 963 555 peccati,
987 513 1042 556 qui
1066 522 1124 555 per

164 566 257 600 tidem
294 566 476 600 excluditur
497 578 528 598 ».
564 565 651 598 Unde
686 565 805 607 primae
846 565 926 598 Petri
963 565 1122 598 ultimo²z

168 632 183 648 α
200 619 404 652 Adversarius
435 621 539 652 vester
568 618 712 651 diabolus
744 622 893 660 tanquam
918 619 966 651 leo
994 619 1124 661 rugiens

162 672 292 711 circuit,
316 680 473 714 quaerens
495 679 590 713 quem
615 671 762 710 devoret;
787 671 838 704 cui
863 671 999 704 resistite
1026 672 1123 705 fortes

163 725 195 757 in
219 724 279 757 fide
296 736 326 763 n;
351 727 382 757 et
416 723 455 756 ad
491 723 640 766 Ephesios
670 727 779 757 sexto:
809 737 826 753 α
842 724 874 756 111
898 724 1046 758 omnibus
1070 733 1123 757 su-

162 780 282 810 mentes
305 780 431 810 scutum
455 776 542 815 fidei;
567 776 599 809 in
622 786 687 819 quo
709 777 835 819 possitis
855 777 960 810 omnia
984 778 1046 810 tela
1068 786 1122 811 ne-

162 829 303 872 quissimi
329 830 419 872 ignea
441 829 645 871 exstinguere
662 843 692 862 n.

255 883 305 915 17.
330 882 508 915 Secundum
525 882 722 925 alleyoriam
737 886 844 916 autem
862 883 1047 926 intelligitur
1064 884 1122 917 im-

162 935 286 978 perium
319 939 465 978 respectu
493 935 757 978 praedicationis
788 937 901 969 crucis
925 940 956 970 et
983 947 1122 980 evanye-

162 989 303 1022 licorum
320 988 625 1022 Sacramentorum.
650 988 737 1022 Unde
759 989 867 1022 Glossa
880 990 911 1022 ⁸:
942 1003 957 1019 «
970 991 1037 1023 Per
1053 1000 1121 1023 mo-

160 1051 259 1081 rum,
295 1042 387 1075 cuius
418 1042 522 1075 colore
553 1042 725 1085 sanguineo
759 1042 884 1076 fructus
918 1047 950 1076 et
984 1043 1122 1086 virgulta

161 1095 282 1134 virent,
321 1095 523 1137 Evangelium
558 1095 663 1128 crucis
698 1096 910 1138 exprimitur,
947 1106 1029 1139 quae
1064 1106 1121 1139 per

160 1148 253 1181 fidem
278 1148 497 1190 Apostolorum
520 1148 559 1181 de
582 1152 674 1191 gente
699 1149 896 1189 ludaeorum,
914 1150 945 1182 in
969 1159 1033 1192 qua
1056 1150 1121 1183 vel-

161 1205 198 1234 ut
221 1201 252 1234 in
276 1202 373 1244 stirpe
397 1202 521 1244 generis
552 1203 733 1242 tenebatur,
767 1203 854 1236 verbi
888 1204 1119 1245 praedicatione

159 1253 316 1287 eradicata
338 1257 386 1287 est
417 1257 449 1287 et
482 1254 514 1287 in
545 1263 632 1287 mare
666 1255 807 1297 gentium
843 1257 1071 1298 transplantata
1087 1270 1117 1289 ».

160 1307 259 1341 Huius
292 1307 419 1350 sanguis
449 1307 590 1341 accendit
624 1317 681 1341 nos
716 1308 755 1341 ad
789 1309 971 1342 conflictum
1007 1313 1118 1342 contra

162 1364 302 1394 monstra
318 1361 482 1400 vitiorum3
500 1361 583 1394 unde
599 1361 692 1403 primi
709 1358 969 1395 Machabaeorum
987 1364 1118 1396 sexto4:

165 1428 180 1443 «ι
189 1414 401 1447 Ostenderunt
413 1415 587 1456 elephantis
599 1415 783 1457 sanguinem
798 1424 878 1448 uvae
890 1419 921 1448 et
934 1416 1012 1449 mori
1027 1430 1042 1445 2›
1060 1419 1118 1449 etc.

159 1467 238 1500 Haec
262 1467 500 1508 transplantatio
524 1476 581 1509 per
605 1467 698 1500 fidem
723 1468 941 1509 Apostolorum
959 1473 990 1501 et
1006 1468 1120 1502 docen-

160 1520 238 1552 tium
263 1523 294 1553 et
317 1519 469 1552 miracula
492 1519 671 1552 facientium
695 1519 777 1552 sacta
799 1520 895 1552 estin
921 1520 1056 1553 Ecclesia
1079 1521 1118 1554 de

159 1573 305 1615 gentibus
328 1575 523 1614 congregata.
549 1572 634 1605 Unde
666 1573 788 1606 loannis
810 1573 931 1606 decimo
959 1574 1117 1615 quart05:

164 1639 178 1654 (ι
195 1626 254 1667 Qui
278 1625 378 1658 credit
402 1625 432 1658 in
458 1634 525 1664 me,
548 1634 659 1667 opera,
688 1634 770 1668 quae
793 1634 851 1667 ego
874 1626 971 1665 facio,
996 1630 1027 1659 et
1051 1627 1117 1668 ipse

157 1678 255 1727 faciet.
271 1681 303 1712 et
335 1678 453 1711 maiora
487 1678 602 1711 horum
627 1678 765 1712 faciet».
792 1679 823 1711 ln
860 1679 958 1712 huius
980 1679 1116 1721 figuram

157 1731 273 1765 dicitur
295 1731 334 1765 ad
359 1732 513 1765 Hebraeos
536 1732 720 1765 undecimo:
751 1745 767 1761 α
786 1731 858 1765 Fide
888 1732 972 1765 muri
996 1732 1117 1765 iericho

157 1788 350 1819 corruerunt
372 1785 508 1818 circuitu
531 1785 655 1818 dierum
679 1789 809 1828 septem.
834 1785 906 1818 Fide
930 1786 1036 1818 Rahab
1053 1795 1118 1819 me-

157 1839 260 1872 retrix
275 1848 346 1872 non
370 1839 463 1881 periit
486 1848 558 1872 cum
583 1839 754 1873 incredulis
771 1853 801 1872 ».
827 1840 859 1872 ln
884 1849 948 1882 quo
971 1839 1117 1882 intelligi-

158 1896 211 1925 tur
235 1893 474 1935 transplantatio
498 1892 578 1926 mori
603 1893 635 1926 in
660 1902 747 1926 mare
782 1902 839 1935 per
864 1893 1118 1935 reprobationem

157 1945 344 1982 ludaeorum
368 1950 399 1979 et
422 1946 604 1979 electionem
629 1946 792 1988 gentilium
818 1950 1018 1989 peccatorum
1032 1947 1056 1978 ⁶.

249 1999 298 2031 18.
324 1999 425 2040 (Vers.
451 2000 505 2039 7..)
541 1999 625 2040 Quis
660 2003 769 2032 autem
795 2004 961 2039 vestrum,
994 1998 1117 2032 habens

0 2053 142 2108 {gggfgrgffiq
154 2061 298 2085 servum.
325 2052 394 2085 Post
417 2052 599 2094 exemplum
625 2052 842 2086 manuducens
865 2053 904 2086 ad
933 2053 1026 2086 fidem
1056 2052 1118 2086 fer-

0 2107 43 2138 ⁰qu
66 2113 142 2135 vroro-
155 2104 257 2137 vidam
282 2105 429 2138 subditur
454 2105 505 2138 bic
528 2105 714 2148 exemplum
737 2106 969 2138 manuducens
993 2106 1039 2138 ad
1055 2104 1116 2138 ltu-

157 2157 330 2190 militatem
355 2158 548 2191 timoratam
563 2158 585 2190 ⁷.
612 2159 643 2190 ln
668 2158 764 2191 huius
787 2161 894 2191 autem
911 2159 1047 2200 exempli
1065 2159 1118 2192 de-

159 2211 327 2252 scriptione
361 2211 421 2244 hoc
452 2211 563 2243 ordine
595 2209 744 2252 procedit.
784 2211 945 2253 Proponit
980 2220 1117 2253 namque

158 2263 440 2306 obsequiositatem
455 2263 640 2301 servitutis,
658 2264 801 2296 assumit
812 2263 1034 2295 necessitatem
1050 2273 1119 2295 ser-

157 2315 269 2348 viendi
280 2319 311 2348 et
322 2316 488 2348 concludit
499 2315 717 2348 humilitatem
729 2315 921 2358 spiritualis
937 2315 1116 2348 servitutis.

230 2534 237 2551 ¹
259 2534 327 2560 Libr.
348 2535 409 2560 Vlll.
431 2534 456 2560 in
475 2536 538 2560 Luc.
557 2541 580 2560 c.
601 2534 642 2560 17.
670 2542 696 2560 n.
726 2535 778 2567 29;
798 2535 925 2561 sententia
945 2535 1028 2567 ipsius
1047 2535 1118 2561 exhi-

160 2579 236 2605 betur
254 2578 343 2605 verbis
362 2579 469 2604 Glossae
493 2578 665 2612 ordinariae,
686 2579 731 2605 ubi
756 2587 805 2612 pro
831 2579 928 2606 rutilat
954 2583 980 2605 et
998 2579 1118 2606 rutilans

160 2626 243 2649 textus
261 2623 394 2655 originalis
413 2622 535 2649 irrutilat
553 2626 579 2649 et
590 2623 730 2650 rutilantis
745 2623 876 2656 (Ambros.
890 2623 1048 2656 rulilanli);
1068 2630 1117 2655 pro

161 2669 228 2694 tetro
247 2667 291 2700 (ita
311 2667 443 2700 Ambros.)
463 2668 553 2693 Glossa
572 2669 678 2700 terror,
698 2668 776 2694 codd.
797 2669 884 2700 retro,
906 2668 951 2701 qui
971 2668 1049 2694 etiam
1065 2669 1118 2693 sere

160 2719 253 2737 omnes
265 2719 314 2744 pro
327 2711 463 2738 inhorruit
476 2711 558 2738 odore
570 2711 731 2738 substituunt
744 2713 851 2739 corruit
862 2712 978 2739 horrore
992 2712 1023 2746 (B
1035 2712 1118 2739 odore

160 2756 202 2783 cel
219 2756 348 2789 horrore,
369 2757 390 2782 H
409 2756 491 2783 odore
508 2756 549 2783 vel
567 2756 677 2790 colore).
692 2757 749 2783 Vat.
762 2764 814 2783 non
833 2757 915 2783 verba
935 2758 1058 2789 Glossae,
1071 2758 1118 2784 sed

161 2801 243 2832 ipsius
262 2800 392 2827 Ambrosii
412 2802 494 2827 all'ert.

231 2843 242 2859 ²
261 2845 335 2871 Vers.
356 2846 380 2870 8.
399 2852 455 2878 seq.
473 2848 499 2871 et
516 2845 613 2871 deinde
631 2847 696 2878 Eph.
716 2846 747 2877 6,
770 2847 809 2872 16.

232 2887 243 2902 ⁸
263 2889 364 2915 Scilicet
382 2889 525 2915 ordinaria
545 2890 585 2922 (ex
605 2890 686 2922 Beda;
706 2891 753 2916 cfr.
771 2891 891 2923 August„
910 2891 938 2916 11.
964 2891 1015 2923 Qq.
1037 2891 1118 2916 Evan-

161 2932 253 2964 gelior.
272 2940 298 2965 q.
318 2933 359 2958 39.
379 2940 403 2958 n.
424 2933 470 2966 2.),
489 2934 515 2959 in
534 2941 586 2967 qua
606 2941 654 2966 pro
675 2933 760 2960 virent
773 2935 794 2960 H
813 2941 874 2960 cum
895 2935 963 2960 Beda
983 2938 1008 2960 et
1027 2935 1117 2960 Glossa

161 2975 266 3008 rubent,
286 2980 311 3002 et
330 2984 379 3008 pro
397 2976 473 3003 verbi
488 2977 687 3011 praedicatione
705 2986 766 3004 cum
786 2978 855 3004 Beda
875 2978 963 3005 verbis
979 2978 1118 3013 praedica·

162 3019 255 3051 lionis,
276 3020 335 3045 vat.
354 3027 414 3045 cuni
434 3021 522 3046 610553
541 3020 653 3047 verbum
669 3021 889 3055 praedicationis.

232 3062 244 3077 ⁴
263 3063 338 3089 Vers.
358 3063 402 3089 34.
419 3077 456 3083 —
474 3064 599 3096 Superius
618 3072 666 3097 pro
686 3064 814 3091 uitiorum
834 3066 891 3092 Vat.
912 3065 1046 3093 virorum.

232 3105 243 3120 ⁶
263 3107 337 3132 Vers.
358 3107 404 3139 ⁴2,
422 3107 465 3132 cui
484 3106 651 3139 subiungitur
669 3108 749 3134 Hebr.
770 3110 812 3140 11,
832 3110 874 3135 30.
894 3113 919 3136 et
938 3110 982 3135 31.

231 3148 243 3165 ⁶
261 3150 326 3177 Cod.
344 3151 365 3176 ll
385 3151 458 3176 addit
476 3152 502 3177 et
518 3150 556 3177 ad
573 3151 728 3178 missionem
756 3152 834 3180 istius
854 3152 923 3187 liyni
945 3153 1119 3181 indulcorata

160 3194 187 3228 [1
207 3193 345 3228 indulcata]
365 3196 403 3221 est
421 3201 494 3228 aqua
512 3201 621 3221 amara.
639 3195 692 3222 Cir.
711 3197 789 3222 Exod.
811 3197 858 3228 15,
878 3197 927 3230 25,
941 3202 1062 3230 respectu
1076 3206 1118 3224 cu-

162 3240 203 3265 1115
228 3239 303 3265 Eccli.
330 3239 377 3270 38,
403 3239 428 3265 ὅ.
456 3238 564 3264 dicitnr:
590 3240 678 3265 Nonne
696 3247 711 3265 u
740 3241 811 3272 ligno
837 3241 967 3267 indulcata
987 3245 1026 3268 est
1050 3250 1118 3275 aqua

161 3285 270 3309 amara?
288 3297 324 3303 —
345 3284 400 3309 Vnt.
419 3282 552 3309 substituit
566 3283 780 3317 praedictorum.

233 3325 243 3342 ⁷
263 3327 315 3354 Cir.
333 3334 413 3360 supra
432 3334 459 3353 n.
483 3328 522 3353 12.
540 3341 576 3347 —
595 3328 702 3354 lnserius
729 3335 778 3360 pro
804 3327 1036 3362 obsequiosaatem
1062 3331 1120 3357 Vnt.

160 3371 327 3406 obsequium.

234 3415 245 3431 Β
265 3417 338 3444 Vei-s.
359 3417 400 3443 11.
421 3419 446 3442 et
464 3412 559 3443 deinde
577 3417 640 3443 Luc.
660 3417 691 3449 9,
710 3417 754 3443 62.

2082 275 2144 308 431

1279 356 1382 389 Primo
1407 357 1503 399 igitur
1523 362 1677 400 quantum
1693 360 1732 393 ad
1748 361 2027 405 obsequiositatem
2045 364 2147 396 servi·
2168 370 2285 419 ffiffltuo

1189 408 1393 451 ικαὶ-,11113111
1410 411 1590 452 quaerendo
1603 414 1770 455 proponit,
1786 415 1920 447 dicitur:
1939 416 2020 456 Quis
2037 421 2148 449 autem

1187 465 1347 500 vestrum,
1364 460 1486 495 habens
1501 473 1636 497 servum
1653 471 1806 499 arantem
1823 472 1885 500 aut
1901 468 1993 501 boves
2006 479 2146 511 pascen-

1189 517 1262 552 tein,
1279 523 1336 555 per
1353 515 1492 548 laborem
1511 517 1591 550 vitae
1608 518 1746 558 activae,
1763 528 1844 561 quae
1868 521 2009 553 consistit
2026 522 2055 554 in
2074 531 2146 564 ope·
2165 528 2262 549 Servium
2275 529 2297 550 tn

1187 566 1297 599 rando
1320 577 1374 600 vn
1377 567 1482 606 iliter
1506 573 1536 601 et
1561 569 1619 602 hoc
1643 570 1822 604 insinuatur
1846 572 1876 604 in
1903 577 1974 605 actu
2000 575 2145 613 arandi,
2166 555 2209 575 ”u
2221 556 2298 576 ⁸⁰⁰²

1187 620 1361 652 secundum
1386 620 1462 653 illud
1479 621 1557 655 Osee
1574 622 1733 656 decimo.
1706 623 1734 643 ⁸·
1757 637 1773 652 α
1786 625 1891 658 Arabit
1909 626 2007 665 ludas,
2025 631 2056 659 et
2073 636 2147 660 con-

1186 671 1300 714 fringet
1323 672 1381 705 sibi
1406 674 1510 706 sulcos
1535 675 1624 708 Iacob
1640 688 1671 714 »;
1695 679 1726 708 et
1755 685 1852 718 supra
1886 687 1986 710 nono:
2021 679 2146 712 «Nemo

1186 725 1315 758 mittens
1338 734 1466 759 manum
1484 727 1523 759 ad
1547 731 1689 760 aratrum
1704 741 1718 757 ιν
1739 732 1797 762 etc.
1823 730 1970 763 Consistit
1993 731 2085 763 etiam
2111 732 2142 764 in

1182 778 1406 820 ρφαεετιίεηάο
1428 779 1580 818 sollicite,-
1596 784 1627 813 et
1644 781 1703 814 hoc
1726 781 1904 815 insinuatur
1929 783 1959 815 in
1984 788 2057 816 actu
2083 793 2146 826 pa·
2165 791 2285 839 mommi-

1184 832 1315 870 scemli,
1341 832 1514 865 secundum
1541 834 1618 866 illud
1639 834 1723 876 quod
1747 835 1865 868 dictum
1890 840 1937 869 est
1954 837 2044 870 Petro
2062 838 2147 870 10311-
2232 818 2266 839 ⁶⁰

1185 884 1234 917 nis
1268 885 1422 918 ultimo⁹:
1464 899 1479 915 «ι
1498 887 1590 920 Pasce
1621 896 1695 920 oves
1726 897 1858 921 meas».
1896 889 1981 922 Unde
2012 890 2145 923 Glossa:

1190 950 1206 965 α
1222 938 1339 971 Servus
1362 947 1456 972 arans
1479 940 1528 972 vel
1557 949 1687 981 pascens
1709 940 1818 974 doctor
1842 946 1890 975 est
1913 943 2084 982 Ecclesiae,
2108 944 2147 977 de

1184 1000 1249 1032 quo
1264 991 1393 1024 dicitur:
1413 992 1514 1025 Nemo
1529 993 1661 1026 mittens
1676 1003 1817 1027 manum
1837 996 1883 1027 ad
1898 1001 2058 1029 aratrum
2075 1000 2145 1036 etc.;

1184 1047 1215 1076 et
1239 1044 1392 1077 Dominus
1424 1045 1514 1078 Petro
1545 1046 1605 1078 ait:
1632 1047 1736 1079 Pasce
1759 1057 1832 1080 oves
1855 1058 1946 1080 meas
1963 1062 1992 1080 n.
2019 1067 2061 1073 -—-
2081 1050 2147 1090 Qui

1184 1106 1334 1140 represso
1358 1098 1397 1130 de
1419 1108 1504 1141 119νο
1528 1099 1619 1131 dicat
1648 1099 1698 1132 illi
1710 1101 1754 1132 ¹⁰.-
1788 1100 1906 1133 Statim
1938 1103 2062 1141 transi,
2095 1112 2146 1135 re·
2163 1109 2186 1130 ¹n
2200 1112 2296 1131 oontem-

1184 1150 1317 1189 cumbe,
1342 1159 1399 1192 per
1414 1151 1576 1185 dulcorem
1593 1153 1880 1195 contemplativae,
1898 1154 1929 1186 in
1946 1164 2009 1196 quo
2026 1159 2072 1188 est
2093 1165 2144 1188 re·
2182 1136 2270 1163 βψω

1182 1213 1319 1246 9ressus
1335 1205 1381 1236 ad
1396 1214 1473 1242 cor,·
1491 1205 1659 1239 Ezechielis
1674 1206 1778 1248 primo
1792 1208 1832 1239 ²¹:
1859 1220 1875 1236 «x
1889 1208 2037 1240 Animalia
2058 1208 2144 1241 ibant

1184 1259 1216 1289 et
1236 1257 1479 1290 revertebantur
1504 1258 1535 1290 in
1559 1258 1795 1292 similitudinem
1817 1260 1953 1301 fulguris
1975 1270 2144 1294 coruscan-

1184 1309 1224 1342 tis
1236 1322 1266 1348 »;
1284 1313 1332 1342 est
1348 1309 1440 1342 etiam
1458 1311 1623 1343 transitus
1638 1311 1684 1343 ad
1700 1311 1922 1345 delectationis
1943 1313 2143 1352 convivium,

1183 1357 1357 1395 secundum
1374 1363 1451 1395 illud
1466 1363 1668 1397 Ecclesiastici
1686 1365 1836 1406 vigesimo
1852 1369 1983 1407 quarto:
2002 1379 2017 1394 α
2030 1367 2145 1399 Trans-

1183 1414 1225 1447 ite
1249 1415 1288 1447 ad
1311 1424 1376 1454 me,
1401 1424 1526 1455 omnes,
1543 1416 1598 1458 qui
1623 1417 1843 1459 concupiscitis
1864 1427 1929 1456 me,
1956 1423 1988 1451 et
2010 1428 2029 1450 3
2051 1428 2144 1460 gene-

1184 1468 1361 1501 rationibus
1391 1469 1469 1501 meis
1501 1470 1690 1511 implemini;
1716 1471 1846 1512 spiritus
1869 1471 1952 1504 enim
1976 1480 2065 1504 meus
2089 1480 2144 1504 su-

1183 1529 1240 1561 per
1263 1521 1325 1553 mel
1348 1524 1396 1553 est
1419 1521 1563 1554 dulcis».
1581 1522 1660 1555 Haec
1683 1527 1789 1555 autem
1815 1523 1942 1556 resectio
1958 1533 2018 1556 non
2037 1524 2141 1556 statim

1182 1573 1277 1606 datur
1305 1574 1423 1606 homini
1461 1574 1594 1607 venienti
1626 1575 1665 1607 de
1696 1575 1848 1607 exercitio
1878 1576 2029 1614 actionis;
2058 1575 2143 1608 unde

1182 1626 1382 1658 Canticorum
1407 1627 1553 1659 terti0¹²:
1584 1640 1599 1655 «1
1616 1627 1648 1660 In
1673 1627 1787 1660 lectulo
1818 1636 1889 1660 meo
1917 1629 2055 1670 quaesivi
2086 1637 2143 1670 per

1182 1682 1289 1711 noctes
1324 1688 1419 1721 quem
1455 1679 1555 1722 diligit
1589 1680 1694 1712 anima
1717 1689 1803 1719 mea;
1828 1681 1967 1722 quaesivi
1992 1689 2083 1719 eum,
2107 1684 2138 1713 et

1181 1741 1243 1764 non
1267 1731 1371 1764 inveni
1388 1744 1419 1771 »;
1444 1733 1519 1774 quia
1543 1732 1694 1765 Dominus
1717 1742 1779 1765 non
1803 1733 1907 1766 statim
1931 1742 1964 1766 se
1987 1733 2089 1772 offert,
2106 1736 2143 1766 ut

1183 1784 1336 1817 humilius
1359 1788 1390 1817 et
1413 1784 1593 1827 vigilantius
1615 1786 1809 1827 requiratur.

1274 1838 1323 1870 19.
1349 1838 1450 1877 (Vers.
1487 1839 1542 1878 8..)
1575 1838 1661 1872 Unde
1696 1838 1819 1872 subdit.
1857 1840 1898 1872 Et
1931 1849 1998 1872 non
2032 1840 2141 1872 dicat.-

1183 1891 1256 1924 Par
1259 1901 1281 1924 a
1292 1891 1380 1935 quod
1396 1901 1524 1924 coenem
1541 1896 1570 1925 et
1582 1892 1761 1935 praecinqe
1778 1897 1806 1925 te
1821 1896 1850 1924 ct
1865 1893 2023 1925 ministra
2041 1891 2141 1932 mihi,
2170 1898 2301 1947 0υείῗῷώῷ-

1182 1945 1283 1977 donec
1314 1945 1513 1977 manducem
1544 1949 1572 1977 et
1605 1945 1735 1984 bibam,
1760 1945 1877 1980 scilicet
1909 1955 1965 1988 per
1989 1946 2141 1988 gemitum
2154 1931 2246 1973 pamm

1182 1998 1446 2040 compunctionis
1469 1998 1637 2037 internae,
1663 1999 1693 2031 iu
1718 2008 1781 2041 qua
1804 1999 1937 2041 quilibet
1959 1999 2139 2032 convivium

1179 2055 1286 2093 parat
1294 2063 1305 2089 ;
1329 2051 1533 2084 Ecclesiastici
1557 2051 1679 2084 decimo
1703 2055 1812 2084 octavo
1826 2052 1866 2084 ¹⁸:
1896 2064 1910 2080 α
1929 2053 2003 2085 Ante
2027 2052 2143 2084 oratio-

1182 2113 1254 2137 nem
1280 2113 1433 2146 praepara
1448 2104 1583 2137 animam
1601 2108 1703 2143 tuam,
1720 2108 1751 2137 et
1768 2104 1829 2137 noli
1847 2114 1914 2138 esse
1930 2105 2018 2147 quasi
2038 2105 2142 2144 homo,

1183 2157 1237 2199 qui
1263 2160 1361 2190 tentat
1391 2157 1490 2190 Deum
1508 2170 1538 2189 n.
1565 2157 1604 2190 Se
1627 2157 1739 2200 ipsam
1771 2158 1979 2201 praecinyd,
2012 2158 2143 2190 restrin-

1182 2210 1284 2252 gendo
1308 2210 1459 2242 mentales
1481 2210 1645 2249 defluxu83
1664 2211 1783 2252 primae
1800 2211 1880 2244 Petri
1898 2211 2015 2252 primo:
2038 2212 2143 2244 «Suc-

1182 2263 1275 2295 cincti
1300 2262 1424 2295 lumbos
1449 2263 1562 2295 mentis
1586 2267 1708 2296 vestrae
1725 2277 1740 2292 x»
1762 2267 1820 2296 etc.
1839 2264 1871 2296 ln
1889 2264 1947 2296 hac
1962 2264 2056 2296 etiam
2080 2264 2142 2295 mi-

1182 2315 1324 2353 nistrat,
1341 2323 1374 2347 se
1390 2315 1494 2356 ipsum
1517 2315 1704 2354 deiiciendo,
1728 2319 1759 2348 et
1775 2316 1874 2348 Deum
1891 2312 1980 2348 cibat
1994 2320 2024 2348 et
2034 2320 2140 2358 potat,

1251 2532 1263 2548 ⁹
1283 2534 1357 2560 Vers.
1372 2534 1413 2564 17,
1427 2534 1486 2560 dein
1500 2534 1590 2559 Glossa
1604 2533 1747 2560 ordinaria
1761 2534 1802 2566 (ex
1822 2534 1892 2560 Beda
1912 2534 1937 2559 in
1957 2534 2020 2560 Luc.
2040 2534 2081 2566 17,
2094 2535 2142 2567 7).

1252 2576 1275 2593 ¹⁰
1294 2578 1377 2604 Codd.
1396 2578 1415 2605 C
1427 2578 1508 2604 0611
1528 2577 1568 2610 ei,-
1587 2579 1634 2604 cfr.
1661 2579 1690 2604 B.
1709 2578 1805 2604 Albert.
1825 2592 1860 2598 —
1879 2579 1969 2605 Glossa
1989 2578 2142 2605 interlinea-

1182 2623 1237 2650 ris.-
1260 2622 1371 2656 Transi,
1392 2631 1406 2649 a
1425 2623 1523 2655 labore,
1542 2625 1566 2650 et
1584 2623 1721 2655 recumbe,
1745 2624 1778 2650 ad
1798 2631 1925 2650 mensam.

1255 2668 1274 2684 ¹¹
1295 2669 1370 2694 Vers.
1391 2668 1437 2700 11ς
1457 2669 1504 2693 cfr.
1523 2675 1603 2700 supra
1624 2675 1685 2700 pag.
1706 2669 1772 2700 373,
1792 2672 1852 2694 nota
1873 2669 1896 2695 5.
1916 2682 1952 2688 —
1970 2669 2088 2695 Subinde
2107 2669 2141 2694 al·

1181 2714 1302 2745 legantur
1320 2713 1396 2739 Eccli.
1416 2713 1525 2744 24„26.
1545 2717 1571 2738 et
1590 2713 1631 2738 27.
1645 2726 1681 2732 —
1694 2713 1800 2739 inferius
1820 2720 1868 2745 pro
1887 2712 2068 2740 delectationis
2082 2720 2141 2740 con-

1182 2757 1285 2784 vivium
1304 2758 1349 2791 (ita
1369 2757 1388 2784 C
1400 2758 1429 2788 D,
1448 2758 1537 2790 plures
1556 2757 1633 2784 codd.
1653 2761 1713 2783 sunt
1737 2757 1834 2784 dubiiie
1852 2758 1979 2790 lectionis)
2000 2759 2059 2784 Vat.
2078 2757 2139 2784 dile*

1182 2801 1276 2828 ctionia=
1296 2802 1456 2828 convivium.

1254 2844 1275 2860 ¹⁵³
1296 2846 1370 2872 Vers.
1386 2847 1409 2871 1.
1424 2859 1459 2865 -
1473 2846 1563 2872 610553
1577 2845 1719 2872 ordinaria
1733 2846 1804 2878 apud
1818 2845 1903 2872 strab.
1917 2850 1942 2872 et
1955 2847 2086 2878 Lyranum
2102 2847 2143 2879 (ex

1182 2891 1277 2921 Beda):
1297 2890 1347 2922 Qui
1365 2897 1459 2915 servus
1477 2889 1509 2916 de
1527 2896 1596 2923 aqro
1615 2889 1784 2923 reqreditur,
1805 2897 1879 2921 cum,
1898 2891 2047 2916 intermisso
2061 2897 2142 2922 opere

1183 2934 1367 2966 praedicandi,
1387 2934 1462 2966 quasi
1477 2934 1511 2959 ad
1524 2934 1625 2959 curium
1644 2934 1818 2959 conscientiae
1831 2934 1942 2965 rediens,
1956 2940 2003 2959 5113
2017 2934 2084 2959 dicta
2099 2934 2143 2959 vel

1182 2979 1248 3003 sacta
1263 2981 1414 3010 pertractat,
1429 2978 1470 3002 cui
1487 2978 1613 3003 Dominus
1622 2984 1677 3003 non
1686 2977 1778 3003 statim
1789 2977 1869 3007 iubet,
1879 2977 1913 3002 ab
1924 2978 1972 3002 hac
1985 2977 2037 3002 vita
2052 2979 2142 3003 trans·

1182 3021 1222 3048 ire
1235 3025 1261 3047 et
1278 3025 1382 3047 aeterna
1396 3021 1484 3054 quiete
1498 3021 1625 3051 refoveri,
1645 3021 1691 3046 sed
1705 3019 1780 3046 domi
1788 3027 1892 3054 parare
1905 3019 1978 3053 quod
1990 3022 2093 3051 comme,
2114 3021 2141 3046 id

1181 3069 1221 3092 est
1233 3069 1293 3098 post
1305 3065 1421 3091 laborem
1434 3068 1540 3097 apertae
1559 3064 1696 3090 locutionis
1709 3065 1879 3090 humilitatem
1894 3064 2015 3096 propriae
2033 3071 2142 3090 conver-

1182 3111 1288 3138 sationis
1306 3110 1443 3141 exhibere;
1463 3110 1488 3134 in
1508 3109 1550 3134 1311
1570 3109 1640 3134 enim
1660 3108 1815 3134 conscientia
1847 3108 1916 3133 Deus
1943 3112 2050 3138 coenan
2070 3109 2142 3134 unde

1184 3154 1276 3188 [Apoc.
1296 3155 1326 3185 3,
1345 3153 1413 3187 20.]:
1435 3151 1555 3180 Coenabo
1575 3158 1637 3178 cum
1657 3151 1718 3182 illo,
1737 3153 1763 3177 et
1781 3150 1838 3184 ipse
1856 3157 1969 3176 mecum.

1254 3196 1277 3212 ¹⁸
1298 3199 1373 3224 vers.
1392 3198 1435 3223 23.
1453 3210 1488 3216 —
1508 3196 1630 3229 Sequitur
1650 3197 1666 3221 1.
1687 3196 1751 3221 Petr.
1774 3195 1803 3225 1,
1824 3195 1865 3219 13.
1889 3195 1978 3220 610553
1998 3194 2140 3221 ordinaria

1183 3243 1399 3275 apud1.yranum
1420 3241 1461 3275 (ex
1480 3241 1575 3273 Beda):
1595 3240 1629 3266 Et
1644 3238 1789 3272 praecinge
1808 3240 1840 3269 te,
1855 3238 1882 3263 id
1895 3241 1942 3268 est,
1956 3238 2137 3264 fluctuantium

1183 3287 1371 3319 cogitationum
1391 3286 1475 3316 sinus,
1494 3283 1591 3317 quibus
1610 3290 1716 3315 gressus
1729 3289 1840 3313 operum
1854 3281 1975 3313 impediri
1988 3281 2061 3311 solet,
2080 3288 2140 3307 con-

1183 3331 1290 3363 stringe.
1309 3344 1342 3349 —-
1363 3330 1490 3362 Superius
1508 3335 1557 3360 pro
1576 3327 1604 3353 iu
1623 3334 1677 3361 qua
1696 3325 1803 3360 quilibet
1817 3325 1881 3359 [CG
1894 3324 1965 3359 ᾳιιιζς]
1985 3325 2139 3351 convivium

1180 3376 1265 3408 parat
1283 3375 1303 3400 ll
1319 3381 1370 3408 per
1395 3380 1478 3408 quam
1506 3372 1566 3406 quis
1595 3372 1648 3398 Deo
1676 3369 1827 3397 convivium
1842 3370 2008 3404 praeparat,
2029 3368 2088 3394 Vnt.
2108 3367 2140 3394 in

1184 3425 1239 3452 qua
1257 3417 1409 3445 convivium
1427 3418 1554 3451 paratur.
