2476 3921
200 545 279 567 Tertia.

214 2033 278 2056 Nola.

152 2193 274 2220 Compulsio

160 2221 268 2249 negligen-

182 2251 243 2267 uum.

152 2564 208 2591 Quid
223 2564 266 2586 sint

146 2597 193 2612 viae
208 2593 230 2612 ot
245 2597 278 2613 se-

191 2623 236 2644 pes.

300 238 366 272 374

298 329 479 370 peccatores
500 324 539 356 ad
563 321 783 365 poenitentiam
802 332 833 359 »ς
862 320 946 353 unde
980 322 1011 352 et
1041 318 1187 351 Matthaei
1211 318 1257 350 vi-

299 379 416 421 gesimo
439 377 541 419 primo
571 376 691 408 dictum
713 377 761 407 est
785 372 979 406 Pharisaeis:
1009 385 1024 400 α
1042 371 1202 405 Publicani
1226 374 1257 403 et

298 431 480 464 meretrices
503 428 690 471 praecedent
712 436 768 460 vos
791 426 821 459 in
846 434 978 468 regnum
1002 424 1057 458 Dei
1074 438 1105 456 n.

387 484 439 515 47.
465 481 570 515 Tertio
592 480 685 513 modo
709 480 838 522 legitur,
862 482 898 511 ut
922 482 1033 511 sonent
1057 479 1088 511 in
1112 476 1257 520 defectus

299 537 482 574 virtuosos,
507 538 544 567 ut
565 533 712 567 dicantur
732 542 898 575 pauperes
914 536 945 565 et
961 531 1078 564 debiles
1101 534 1257 574 quantum

297 590 336 622 ad
360 588 519 631 propriam
544 587 796 629 reputationem;
828 589 860 619 et
886 585 956 618 illos
987 585 1114 627 quidem
1142 584 1256 617 intelli-

295 643 401 685 gimus
421 650 600 684 pauperes,
624 640 679 682 qui
696 649 757 672 non
774 639 936 672 confidunt
958 638 997 671 de
1013 638 1108 670 nimia
1124 637 1256 680 opulen-

297 696 369 734 tia;
392 695 430 728 de
454 694 571 737 quibus
595 692 838 725 Proverbiorum
861 691 982 724 decimo
1006 691 1099 724 tertio
1113 692 1142 722 ¹:
1172 703 1189 719 «
1205 690 1257 723 Est

296 749 385 791 quasi
410 757 545 790 pauper,
569 755 642 779 cum
666 746 697 778 in
722 745 831 778 multis
854 745 971 778 divitiis
987 744 1026 777 sit
1042 757 1074 783 »;
1096 744 1165 776 illos
1182 752 1257 776 vero

296 801 432 840 debiles,
460 801 514 843 qui
546 809 608 832 non
640 798 803 832 confidunt
825 798 863 831 de
887 807 945 831 sua
967 798 1114 835 virtute‚·
1136 797 1257 838 primae

295 855 335 888 ad
358 854 535 887 Corinthios
559 852 679 895 primo:
711 865 726 881 α
742 851 831 893 Quod
856 851 1016 883 infirmum
1042 853 1090 883 est
1112 850 1166 883 Dei
1192 850 1257 882 l'or-

298 908 362 940 tius
384 911 431 940 est
454 906 636 939 hominibus
652 917 682 945 »3
707 914 839 943 caecos,
864 904 919 946 qui
944 913 1006 936 non
1030 904 1192 937 confidunt
1218 903 1257 936 de

297 970 355 994 sua
377 960 533 998 scientia,
558 959 589 991 id
612 962 674 997 est,
706 958 761 1000 qui
786 961 934 1000 reputant
957 966 991 990 se
1018 966 1147 996 caecos;
1173 957 1257 990 uude

296 1014 418 1047 loannis
441 1014 566 1046 n0n02:
597 1025 613 1041 «
630 1012 658 1045 Si
684 1011 767 1045 caeci
792 1011 918 1050 essetiS,
942 1014 1104 1053 peccatum
1122 1019 1183 1042 non
1201 1011 1257 1043 ha-

297 1068 433 1107 beretis;
459 1075 544 1100 nunc
571 1069 698 1105 autem,
729 1065 804 1107 quia
835 1064 954 1103 dicitis,
986 1064 1061 1106 quia
1092 1063 1256 1103 videmus;

297 1124 461 1163 peccatum
492 1123 635 1153 vestrum
660 1121 767 1151 manet
783 1130 813 1156 »;
838 1117 995 1156 claudos,
1019 1117 1073 1159 qu'i
1098 1126 1160 1150 non
1184 1125 1258 1149 con-

296 1174 399 1207 fidunt
428 1174 467 1206 de
499 1182 557 1206 sua
589 1171 808 1209 rectitudine‚·
838 1170 922 1204 unde
953 1170 1061 1209 Iacob,
1090 1173 1257 1212 postquam

297 1227 375 1260 vidit
406 1226 594 1264 Dominum,
626 1225 743 1258 dicitur
774 1224 982 1262 claudicasse,
1011 1223 1139 1256 Genesis
1163 1223 1258 1265 trige-

298 1281 377 1313 simo
393 1280 541 1313 secundo.
558 1280 648 1312 Tales
664 1279 817 1311 Dominus
833 1278 1022 1317 introducit,
1039 1278 1157 1310 scilicet
1170 1287 1258 1320 pau-

294 1343 390 1376 peres
426 1342 481 1375 per
517 1336 731 1374 contemptum
764 1335 908 1364 terrenae
938 1331 1138 1372 opulentiae;
1176 1330 1258 1363 Psal-

298 1387 416 1420 nius³:
446 1399 461 1415 α
479 1386 587 1419 Parcet
611 1385 742 1427 pauperi
766 1388 798 1418 et
820 1380 903 1426 inopi
922 1398 938 1413 ι»
966 1388 1043 1423 et‹:.;
1069 1383 1186 1416 debiles
1203 1393 1258 1426 per

299 1443 512 1482 contemptum
545 1439 691 1481 propriae
715 1438 940 1477 confidentiae3
965 1438 1060 1470 Isaiae
1084 1437 1259 1479 quadrage-

299 1494 398 1526 simo:
427 1506 442 1522 «ι
460 1493 519 1534 Qui
544 1495 672 1535 sperant
694 1491 724 1524 in
750 1491 882 1524 Domino
910 1491 1078 1524 mutabunt
1101 1491 1259 1524 fortitudi—

299 1555 370 1579 nem
388 1559 418 1586 »ς
442 1556 556 1579 caecos
579 1555 636 1588 per
660 1549 875 1587 contemptum
900 1545 1047 1586 propriae
1064 1545 1258 1583 industriae;

298 1600 420 1633 Ioannis
442 1609 545 1632 nono:
576 1612 591 1628 «
608 1600 639 1632 ln
664 1598 816 1632 iudicium
839 1607 896 1640 ego
920 1598 990 1631 veni
1014 1598 1046 1630 in
1063 1598 1149 1630 hunc
1167 1607 1258 1630 mun-

298 1653 390 1691 dum,
414 1656 450 1685 ut
473 1652 528 1694 qui
551 1661 613 1684 non
637 1651 760 1690 vident,
786 1651 911 1684 videant
933 1654 1010 1689 etc.;
1035 1650 1173 1683 claudos
1202 1659 1258 1692 per

298 1709 513 1747 contemptum
527 1705 672 1747 propriae
685 1704 835 1742 iustitiae;
854 1704 947 1736 Isaiae
961 1703 1120 1745 trigesimo
1132 1703 1258 1745 quinto:

303 1772 319 1788 «
336 1760 424 1791 Tunc
447 1758 536 1791 saliet
566 1758 649 1790 sieut
680 1766 794 1790 cervus
826 1756 975 1795 claudus,
999 1759 1031 1789 et
1061 1759 1170 1798 aperta
1198 1756 1258 1789 erit

299 1812 406 1855 lingua
428 1816 591 1844 mutorum
609 1824 638 1843 υ.
657 1828 699 1834 -
718 1810 752 1843 Et
764 1819 828 1852 ,pro
844 1809 893 1842 his
909 1809 1056 1842 omnibus
1071 1809 1188 1842 dicitur
1205 1809 1267 1842 su?

298 1875 356 1908 pra
379 1866 510 1907 septimo
522 1866 549 1897 ⁴:
580 1878 596 1894 «
611 1865 699 1897 Caeci
718 1864 841 1902 vident,
859 1863 961 1896 claudi
978 1863 1151 1902 ambulant,
1169 1863 1257 1896 surdi

297 1919 445 1958 audiunt,
480 1918 597 1951 mortui
630 1920 820 1959 resurgunt,
856 1925 1013 1959 pauperes
1043 1916 1258 1958 evangelizan-

298 1977 351 2006 tur
364 1985 395 2012 »3
419 1973 494 2015 quia
517 1972 576 2014 ipsi
599 1971 638 2004 ad
662 1971 757 2003 vitam
784 1970 1030 2002 introducuntur
1046 1974 1077 2002 et
1094 1973 1257 2003 vocantur.

295 2031 342 2050 '—
359 2026 394 2059 Et
411 2026 461 2058 hic
478 2025 609 2058 ultimus
632 2024 809 2057 intellectus
833 2023 958 2055 videtur
982 2023 1079 2065 magis
1102 2032 1259 2056 consonus

298 2078 574 2121 praecedentibus,
598 2077 673 2120 quia
702 2077 814 2109 «Deus
838 2076 984 2118 superbis
1007 2076 1166 2109 resistit».

386 2132 438 2164 48.
464 2131 565 2171 (Vers.
590 2131 668 2171 22).
698 2129 842 2162 Secundo
872 2133 1027 2172 quantum
1050 2130 1089 2163 ad
1112 2131 1258 2173 compul-

297 2185 422 2218 sionem
444 2184 696 2227 neyliyentium,
721 2192 802 2225 quae
819 2183 963 2226 sequitur
979 2183 1174 2217 vocationem
1197 2185 1258 2217 hu-

298 2237 437 2276 milium,
462 2236 585 2270 subdit:
605 2237 643 2269 Et
666 2237 716 2269 ait
730 2246 866 2269 servus.-
886 2236 1032 2275 Domine,
1048 2236 1178 2279 fuctum
1195 2242 1251 2278 est,

298 2295 336 2324 ut
359 2290 543 2333 imperasti,
567 2293 595 2322 et
619 2289 730 2322 adbuc
754 2290 844 2322 locus
867 2294 929 2327 est,·
952 2290 1104 2332 quianon
1123 2294 1166 2324 tot
1183 2295 1257 2325 sunt

297 2344 455 2385 humiles,
480 2346 558 2386 quot
581 2343 801 2385 praedestinati
825 2343 862 2376 ad
887 2344 1002 2383 vitam,
1027 2354 1089 2377 non
1114 2349 1159 2378 tot
1182 2349 1257 2379 sunt

298 2398 337 2430 ad
362 2398 456 2430 vitam
473 2401 632 2430 aeternam
649 2396 851 2436 voluntarii,
868 2400 946 2439 quot
962 2401 1035 2430 sunt
1051 2407 1069 2430 a
1086 2398 1149 2431 Deo
1165 2408 1255 2441 prae-

300 2450 455 2483 destinati.

387 2504 439 2535 49.
464 2503 564 2545 (Vers.
590 2503 666 2544 93.)
700 2503 769 2536 Ideo
801 2504 922 2537 subdit:
956 2505 994 2537 Et
1026 2505 1074 2538 ait
1098 2506 1255 2538 dominus

298 2566 409 2589 servo:
438 2556 501 2589 Exi
523 2556 558 2589 in
582 2557 656 2589 vius
679 2561 708 2589 et
722 2567 821 2600 sepes.
840 2558 896 2590 Per
911 2558 985 2590 vius
1001 2562 1030 2591 et
1045 2568 1153 2601 sepes,
1172 2568 1254 2601 quae

299 2613 374 2642 sunt
395 2614 487 2643 extra
511 2610 622 2642 urbem
635 2636 642 2649 ‚
660 2610 877 2652 intelliguntur
894 2615 1090 2653 peccatores,
1108 2612 1162 2654 qui
1180 2615 1255 2645 sunt

302 2666 395 2696 extra
418 2663 656 2696 ecclesiasticam
689 2664 859 2703 unitatem,
883 2667 914 2697 et
945 2664 1081 2697 maxime
1113 2664 1254 2706 gentiles.

880 230 1074 264 COMMENT.
1099 230 1137 262 ΙΝ
1160 229 1400 262 EVANGELlUM
1421 228 1541 261 LUCAE
1566 228 1598 261 C.
1624 228 1699 261 xlv.

1321 316 1406 350 Unde
1429 317 1644 359 Gregorius⁶:
1674 330 1690 346 «
1705 317 1783 350 Cum
1807 317 1846 350 de
1869 316 1952 349 vicis
1980 320 2009 349 et
2028 317 2148 359 plateis
2171 320 2279 356 vocat,

1321 370 1450 403 ludaeos
1470 370 1640 412 significat,
1657 370 1711 413 qui
1729 373 1836 403 tenere
1859 370 1970 412 Legem
1988 370 2048 402 sub
2063 369 2186 402 urbana
2206 379 2280 403 con-

1321 423 1497 456 versatione
1521 427 1690 462 noverant;
1716 432 1789 456 cum
1813 426 1919 455 autem
1943 422 1982 456 de
2004 423 2069 455 viis
2092 427 2121 455 et
2147 422 2280 465 sepibus

1321 480 1428 515 vocat,
1451 479 1607 518 agrestem
1630 476 1782 518 populum
1799 476 1940 519 gentium
1957 475 2111 518 significat
2123 489 2153 508 n.
2171 476 2207 508 Et
2223 484 2279 518 per

1321 529 1403 562 hanc
1425 529 1555 562 eandem
1581 530 1734 562 rationem
1758 529 1856 562 ceteri
1874 532 2063 572 peccatores
2087 532 2218 571 possunt
2233 529 2281 561 in-

1322 581 1417 624 telligi
1441 585 1473 614 et
1506 582 1646 614 maxime
1677 582 1777 624 pigri,
1800 582 1855 624 qui
1890 581 1929 614 ad
1963 582 2083 614 bonum
2106 582 2280 614 trahuntur

1321 636 1420 668 inviti.
1444 655 1489 659 —-
1513 635 1598 668 Unde
1622 635 1746 668 subdit:
1773 636 1813 668 Et
1842 635 1993 677 compelle
2024 635 2170 673 intrare,
2200 643 2282 668 com-

1320 690 1490 723 miuatione
1513 690 1631 723 scilicet
1653 693 1856 722 aeternorum
1879 688 2108 731 suppliciorum
2131 692 2163 722 et
2177 692 2281 722 osten-

1322 743 1408 776 sione
1443 743 1674 785 praesentium3
1710 742 1802 785 quia,
1844 742 1926 775 sicut
1963 741 2039 775 dicit
2073 741 2244 784 Gregorius
2256 742 2280 781 ⁰,

1326 809 1342 825 α
1359 796 1458 835 mala,
1482 805 1564 838 quae
1588 805 1645 829 nos
1668 796 1720 829 hic
1744 798 1912 837 premunt,
1936 795 1975 827 ad
1998 795 2098 828 Deum
2123 795 2169 828 ire
2197 804 2281 829 com-

1321 850 1443 891 pellunt
1459 861 1490 889 »;
1516 853 1646 891 propter
1669 849 1755 891 quod
1778 849 1810 881 in
1835 849 1972 881 Psalmo:
2003 848 2109 881 «Cum
2125 849 2281 883 occideret

1321 911 1392 941 eos,
1417 902 1611 944 quaerebant
1634 911 1708 935 eum
1724 915 1755 934 ».
1780 901 1867 934 Unde
1898 901 1956 934 hos
1988 901 2146 943 compellit
2168 910 2281 934 servus

1320 956 1391 994 Dei,
1415 956 1541 997 quando
1564 964 1618 988 eos
1642 959 1740 988 terret
1771 954 2011 987 comminatione
2035 954 2210 988 severitatis
2233 954 2282 987 iu-

1321 1008 1408 1047 dicii,
1424 1008 1597 1041 secundum
1615 1008 1691 1041 illud
1709 1008 1865 1041 secundae
1880 1007 1919 1040 ad
1936 1008 2135 1040 Timotheum
2152 1012 2280 1050 quarto:

1326 1074 1342 1090 α
1360 1061 1505 1094 Praedica
1528 1061 1676 1100 verbum,
1701 1061 1782 1093 insta
1805 1065 2001 1103 opportune,
2025 1061 2215 1103 importune,
2231 1071 2282 1095 ar-

1304 1124 1306 1126 ·
1321 1124 1393 1158 gue,
1405 1115 1545 1153 obsecra,
1558 1115 1686 1156 increpa
1702 1127 1718 1144 ι»
1738 1117 1797 1147 etc.
1817 1133 1857 1138 —
1877 1114 1912 1146 Et
1927 1113 2015 1146 ratio
2028 1114 2124 1147 huius
2136 1118 2183 1147 est
2199 1123 2282 1148 com-

1322 1168 1514 1210 plementum
1540 1167 1665 1200 numeri
1690 1167 1881 1205 electorum;
1907 1166 1990 1200 unde
2013 1167 2136 1200 subdit:
2166 1167 2205 1200 Ut
2220 1168 2282 1202 im-

1321 1221 1455 1263 pleatur
1479 1220 1598 1253 domus
1621 1229 1713 1259 mea,
1737 1220 1886 1253 Glossa⁷:
1916 1233 1931 1249 «
1949 1220 2088 1253 Numero
2110 1221 2282 1263 praedesti-

1322 1278 1469 1307 natorum
1493 1274 1650 1312 fidelium,
1675 1275 1729 1316 qui
1761 1282 1916 1307 numerus
1942 1273 2123 1316 inexpletus
2146 1284 2207 1307 non
2233 1284 2282 1309 re-

1324 1328 1462 1361 manebit
1476 1341 1508 1366 »,
1524 1327 1563 1360 de
1579 1337 1644 1369 quo
1658 1336 1792 1360 numero
1808 1327 2007 1369 Apocalypsis
2022 1331 2128 1360 sexto:
2150 1329 2282 1363 «Adhuc

1323 1381 1475 1414 sustinete
1498 1381 1657 1413 modicum
1681 1385 1821 1421 tempus,
1848 1380 1947 1413 donec
1975 1380 2144 1422 impleatur
2171 1391 2282 1415 nume-

1323 1443 1380 1467 rus
1392 1434 1528 1466 fratrum
1549 1438 1728 1467 vestrorum
1743 1447 1773 1466 ».
1788 1434 1866 1466 Haec
1883 1442 1958 1475 ergo
1976 1434 2094 1466 domus
2107 1434 2280 1477 impletur,

1323 1488 1449 1531 quando
1462 1488 1603 1520 salvatur
1616 1487 1806 1520 universitas
1822 1487 2007 1526 electorum,
2020 1487 2058 1520 de
2071 1488 2188 1530 quibus
2203 1489 2282 1531 Apo·
2296 1507 2299 1510 >

1324 1542 1458 1584 calypsis
1481 1541 1656 1583 septimofl:
1680 1554 1695 1570 «
1710 1541 1779 1574 Post
1797 1541 1873 1574 haec
1891 1541 1951 1573 vidi
1971 1541 2096 1574 turbam
2119 1551 2281 1584 magnam,

1323 1604 1418 1637 quam
1442 1595 1644 1628 dinumerare
1668 1603 1759 1627 nemo
1782 1598 1905 1637 poterat
1922 1607 1952 1634 n;
1970 1598 2001 1628 et
2016 1596 2214 1638 Apocalypsis
2230 1596 2283 1629 de-

1323 1648 1404 1681 cimo
1435 1651 1571 1690 quarto:
1610 1661 1625 1677 «
1642 1648 1710 1681 Vidi
1747 1657 1845 1690 supra
1879 1651 2017 1682 montem
2055 1649 2126 1681 Sion
2162 1649 2282 1691 Agnum

1323 1704 1455 1734 stantem
1480 1704 1511 1734 et
1535 1710 1607 1734 eum
1632 1710 1668 1734 eo
1684 1715 1699 1730 »
1729 1704 1799 1740 etc.;
1824 1704 1856 1734 et
1879 1701 1910 1734 in
1934 1701 2061 1735 Cantico
2089 1702 2282 1736 Deuterono-

1323 1756 1376 1788 mii
1402 1755 1562 1797 trigesimo
1586 1755 1724 1788 secundo
1736 1755 1762 1787 ⁹:
1793 1756 1936 1788 «Statuit
1968 1755 2121 1788 terminos
2153 1757 2283 1798 populo-

1323 1818 1395 1841 rum
1421 1809 1512 1841 iuxta
1535 1817 1704 1841 numerum
1728 1809 1865 1841 filiorum
1891 1809 1985 1842 lsrael
2002 1821 2032 1848 ¹³3
2050 1808 2104 1842 ubi
2121 1809 2196 1842 dicit
2211 1809 2283 1843 Gre-

1322 1861 1444 1903 gorius,
1469 1861 1554 1903 quod
1583 1865 1660 1895 «tot
1691 1862 1898 1895 salvabuntur
1930 1862 2091 1901 homines,
2124 1866 2202 1904 quot
2224 1863 2284 1895 An-

1322 1914 1382 1958 geli
1406 1918 1608 1949 steterunt».
1633 1915 1791 1957 Quidquid
1815 1919 1918 1948 tamen
1943 1915 1983 1948 sit
1998 1915 2037 1948 de
2062 1916 2138 1955 hoc,
2160 1919 2282 1949 certum

1322 1973 1386 2008 est,
1411 1968 1495 2011 quod
1518 1967 1685 2011 perfectus
1708 1969 1769 2002 erit
1791 1978 1946 2002 numerus
1969 1969 2161 2009 electorum,
2179 1969 2211 2002 in
2227 1979 2283 2003 cu-

1322 2023 1372 2055 ius
1395 2023 1531 2065 figuram
1555 2022 1672 2055 dicitur
1695 2022 1929 2055 Deuteronomii
1947 2023 2107 2065 trigesimo
2131 2023 2225 2056 tertio
2238 2024 2282 2056 ¹⁰:

1327 2089 1343 2104 (ι
1359 2075 1510 2118 Apparuit
1533 2075 1572 2108 de
1598 2079 1703 2108 monte
1728 2075 1866 2115 Pharan,
1890 2080 1921 2109 et
1944 2085 2017 2110 cum
2041 2085 2079 2109 eo
2095 2077 2281 2111 Sanctorum

1323 2130 1420 2163 millia
1435 2143 1466 2162 n.

2302 1122 2373 1144 natio.

1412 2184 1463 2217 50.
1493 2184 1594 2225 (Vers.
1622 2183 1699 2221 ΞΛ).
1729 2184 1834 2217 Tertio
1857 2187 2011 2226 quantum
2047 2184 2086 2216 ad
2121 2184 2282 2227 repulsio·
2293 2188 2426 2216 Repfflsiocm

1321 2246 1395 2269 nem
1419 2237 1694 2270 contemnentium
1725 2237 1905 2279 subiungit:
1933 2237 2012 2270 Dico
2036 2241 2147 2270 autem
2171 2237 2281 2276 vobis,

1321 2290 1409 2335 quod
1422 2301 1517 2323 nemo
1534 2291 1690 2323 virorum
1713 2290 1859 2330 illorum,
1884 2291 1944 2334 qui
1958 2290 2069 2323 vocati
2083 2294 2177 2330 sunt,
2195 2294 2226 2324 et
2249 2300 2282 2325 se

1321 2347 1556 2378 excusaverunt
1570 2345 1607 2384 ¹¹,
1622 2344 1771 2387 qus-tabit
1787 2353 1921 2377 coenum
1938 2353 2067 2381 meam;
2084 2344 2159 2386 quia
2175 2344 2282 2377 nullus

1320 2398 1358 2430 ad
1383 2407 1511 2431 coenam
1537 2398 1621 2430 illam
1645 2397 1794 2440 pertingit
1818 2397 1876 2430 nisi
1902 2397 2048 2436 humilis3
2067 2397 2211 2430 Matthaei
2228 2397 2282 2431 de-

1320 2451 1401 2485 cimo
1424 2455 1551 2484 octavo:
1582 2463 1598 2479 «
1616 2451 1677 2483 Nisi
1703 2451 1845 2483 conversi
1881 2450 2006 2483 fueritis
2041 2451 2072 2483 et
2103 2450 2280 2484 efficiamini

1320 2505 1401 2538 sicut
1424 2505 1567 2547 parvuli,
1593 2514 1654 2537 non
1679 2504 1836 2537 intrabitis
1859 2504 1890 2536 in
1916 2513 2048 2546 regnum
2073 2504 2231 2537 caelorum
2248 2517 2280 2544 ”3

1319 2558 1403 2591 unde
1434 2561 1465 2590 et
1497 2558 1528 2590 in
1565 2558 1685 2591 Psalmo
1715 2557 1848 2590 dicitur:
1878 2559 2012 2599 «Quam
2036 2566 2149 2599 magna
2173 2557 2279 2590 multi—

1320 2611 1396 2644 tudo
1418 2611 1592 2644 dulcedinis
1618 2615 1709 2650 tuae,
1734 2610 1883 2649 Domine,
1908 2620 2004 2653 quam
2029 2610 2217 2643 abscondisti
2241 2610 2280 2643 ti-

1322 2664 1481 2696 mentibus
1505 2667 1534 2696 te
1551 2667 1581 2696 »t
1615 2663 1817 2696 Timentibus
1840 2663 1922 2696 enim
1948 2663 2099 2696 Dominus
2124 2666 2280 2703 reservat,

373 2814 381 2829 ¹
402 2816 476 2841 Vers.
494 2815 519 2841 7.
538 2829 573 2834 —
593 2816 716 2848 Sequitur
734 2817 751 2841 l.
770 2816 831 2842 Cor.
844 2816 853 2840 i
867 2835 873 2846 ‚
892 2816 940 2846 253,
955 2817 980 2841 in
995 2817 1069 2841 cuius
1083 2818 1133 2842 [ine
1146 2816 1165 2843 C
1176 2818 1256 2843 DFG

300 2862 340 2887 est
357 2860 479 2887 omnibus
499 2859 659 2886 hominibus.
677 2873 712 2879 ——-
732 2860 858 2891 Superius
883 2863 942 2891 post
960 2862 991 2885 ut
1013 2859 1139 2888 dicantur
1157 2868 1257 2894 paupe-

296 2912 350 2935 res.
364 2906 419 2929 Vat.
439 2905 533 2930 omittit
552 2906 577 2930 et
594 2903 688 2929 debiles
697 2913 707 2935 ,’
726 2904 772 2929 sed
792 2905 837 2929 cfr.
858 2904 882 2928 in
902 2908 961 2929 nota
981 2905 1146 2935 praecedenti
1174 2904 1254 2930 verba

299 2948 428 2979 Gregorii.

369 2990 379 3005 ²
400 2992 474 3017 Vers.
494 2991 536 3016 41.
554 3004 590 3014 ——
608 2991 726 3016 Subinde
744 2992 870 3024 allegatur
888 2993 948 3017 (ieu.
970 2992 1018 3025 32,
1038 2993 1079 3018 31.

368 3034 379 3050 ⁸
400 3037 491 3061 Psalm.
511 3036 559 3067 71,
580 3037 622 3061 r13.
641 3049 676 3055 -—
696 3036 761 3061 Tres
789 3043 862 3069 seqq.
890 3037 939 3062 loci
967 3041 1026 3063 sunt
1054 3038 1109 3063 lsni.
1135 3038 1183 3069 40,
1205 3039 1255 3069 313

300 3082 370 3107 loun.
390 3081 420 3111 9,
441 3081 481 3106 39.
501 3083 526 3105 et
545 3080 668 3114 laun-35,
688 3081 712 3105 6.
1219 3090 1221 3093 ·

366 3123 378 3138 ⁴
399 3124 471 3150 Vers.
491 3125 534 3150 22.
552 3138 587 3144 —-
607 3123 724 3151 Subinde
743 3125 869 3157 allegatur
889 3126 904 3151 l.
925 3127 991 3152 Petr.
1010 3127 1038 3159 5,
1053 3127 1077 3153 ὅ.
1092 3126 1151 3160 (lac.
1166 3127 1193 3159 4,
1209 3127 1256 3160 6.).

367 3167 378 3182 ⁶
398 3168 465 3194 Libr.
486 3169 513 3194 ll.
532 3169 624 3195 Homil.
644 3169 670 3195 in
691 3170 788 3201 evang.
808 3171 897 3196 homil.
918 3171 960 3197 36.
979 3178 1006 3197 n.
1025 3172 1050 3200 8.
1069 3174 1094 3197 et
1112 3172 1139 3197 in
1163 3172 1254 3198 Glossa

297 3213 439 3240 ordinaria
458 3214 528 3246 apud
547 3214 678 3246 Lyranum
698 3214 723 3240 in
742 3215 804 3240 Luc.
825 3214 872 3246 it,
892 3216 935 3241 23.
958 3229 992 3234 --
1011 3216 1174 3242 Retinuimus
1193 3223 1254 3242 cuni

298 3259 355 3283 Vat.
375 3257 537 3291 (iream-ius,
556 3265 604 3291 pro
623 3265 677 3291 quo
696 3259 773 3285 codd.
793 3258 961 3286 Ambrosius.

368 3302 379 3316 ⁰
398 3303 466 3329 Haec
485 3304 611 3329 sententia
631 3303 778 3329 insinuatur
797 3311 811 3329 u
830 3304 971 3336 Gregorio,
991 3304 1039 3330 loc.
1057 3304 1100 3331 eit.
1119 3312 1144 3330 n.
1164 3305 1195 3336 9;
1208 3305 1255 3331 el'r.

297 3352 375 3378 supra
397 3353 458 3378 pag.
480 3346 544 3378 146,
562 3350 622 3373 nota
641 3348 666 3373 9.
686 3360 722 3367 —-
740 3348 797 3373 Duo
817 3355 892 3381 seqq.
910 3348 959 3374 loci
979 3352 1038 3374 sunt
1057 3349 1096 3375 ΡΒ.
1112 3348 1159 3380 77,
1173 3348 1215 3375 34.
1229 3352 1255 3375 et

297 3393 324 3416 lt.
345 3392 410 3416 Tim.
433 3391 463 3422 4,
482 3392 507 3416 2.

1390 2815 1400 2830 ⁷
1421 2817 1522 2842 Scilicet
1542 2815 1733 2842 interlinearis.
1754 2830 1787 2834 —-
1807 2815 1923 2841 Subinde
1943 2816 2068 2848 allegatur
2088 2816 2169 2848 Apoe.
2188 2816 2219 2847 6,
2234 2816 2280 2847 lt,

1321 2860 1388 2886 iuxta
1414 2861 1571 2892 Responsor.
1591 2861 1647 2886 lect.
1668 2861 1693 2885 2.
1712 2859 1790 2892 primi
1810 2861 1881 2886 Neet.
1902 2860 1929 2885 iu
1948 2861 2013 2886 resto
2033 2862 2071 2886 Ss.
2092 2861 2278 2886 innocentium.

1320 2904 1368 2930 Pro
1388 2905 1508 2933 fratrum
1527 2906 1681 2930 vestrorum
1701 2905 1789 2936 plui-cs
1808 2904 1887 2930 codd.
1904 2904 2026 2938 flatrum
2045 2906 2213 2931 nostrorum..

1390 2946 1401 2961 Β
1422 2949 1494 2974 Vers.
1515 2949 1545 2979 9,
1565 2949 1607 2974 cui
1627 2948 1796 2980 subiungitur
1818 2949 1864 2980 tt,
1886 2949 1910 2975 l.
2205 2941 2207 2946 ¹

1390 2991 1401 3006 ⁹
1423 2993 1495 3018 Vers.
1515 2994 1541 3018 8.
1570 3006 1603 3011 —-
1632 2993 1761 3018 Sententia
1790 2993 1909 3025 Gregorii
1938 2992 2049 3019 liabetur
2075 2994 2103 3019 ll.
2133 2994 2226 3019 llomil.
2255 2994 2280 3019 in

1320 3038 1418 3069 Evang.
1439 3038 1527 3063 liornil.
1548 3037 1589 3063 at.
1610 3044 1636 3063 n.
1658 3037 1705 3069 Η,
1725 3039 1771 3063 cir.
1791 3041 1853 3063 tom.
1874 3039 1900 3063 ll.
1919 3045 1980 3070 pag.
2001 3038 2066 3071 237,
2087 3041 2147 3064 nota
2168 3039 2191 3063 1l.

1391 3080 1413 3096 ¹⁰
1434 3082 1507 3107 Vers.
1527 3082 1557 3113 25
1577 3081 1641 3107 ibid.
1655 3089 1680 3107 v.
1696 3082 1721 3107 3.
1740 3082 1849 3108 dieitur:
1869 3082 1965 3108 Omnes
1982 3083 2068 3108 Sancti
2082 3082 2107 3107 in
2122 3089 2200 3108 manu
2216 3082 2281 3108 illius

1320 3130 1390 3152 sunt.

1391 3170 1410 3184 ¹¹
1431 3171 1520 3196 Glossa
1540 3170 1722 3197 interlinearis
1736 3171 1777 3204 (ex
1792 3172 1915 3203 Gregor.,
1930 3172 1957 3197 ll.
1970 3171 2064 3197 llomil.
2085 3171 2110 3197 in
2125 3172 2224 3203 Evang.
2238 3172 2281 3196 lio-

1319 3215 1374 3241 mil.
1392 3216 1433 3240 36.
1453 3223 1478 3241 n.
1500 3215 1567 3248 io.):
1589 3215 1675 3248 Nema
1685 3215 1809 3241 virorum
1822 3214 1948 3247 illorum,
1963 3216 2157 3246 excusantium,
2177 3214 2224 3249 qui
2237 3221 2281 3241 vo—

1318 3258 1372 3286 cati
1388 3260 1466 3290 sunt,
1486 3258 1605 3293 gustabit
1623 3265 1733 3286 coenam
1752 3266 1853 3291 meam,
1873 3260 1921 3285 etsi
1935 3266 1981 3291 per
1994 3267 2079 3285 sei-nm
2095 3259 2279 3292 poenitentiam

1318 3303 1458 3337 aliquando
1477 3303 1574 3329 intrare
1593 3307 1734 3337 (plueranu
1755 3304 1825 3330 unde
1843 3304 1938 3329 dicitur
1957 3303 2057 3337 [liluttli.
2073 3304 2122 3335 25,
2138 3303 2189 3337 t2.]
2204 3303 2280 3329 fatuis

1318 3347 1481 3379 virginibus:
1501 3348 1586 3374 Amen
1605 3347 1663 3374 dico
1684 3347 1769 3379 vobis,
1788 3347 1876 3374 nescio
1895 3354 1960 3381 vos,·
1978 3355 2058 3374 nemo
2081 3355 2145 3380 ergo
2171 3351 2281 3374 vocatus

1319 3395 1425 3418 excuset
1443 3399 1484 3418 se.
1497 3405 1533 3411 —
1552 3392 1609 3418 Duo
1628 3399 1702 3425 seqq.
1722 3393 1771 3418 loci
1790 3395 1850 3418 sunt
1869 3393 1956 3426 lllatth.
1976 3393 2024 3424 18,
2038 3393 2069 3425 3,
2082 3396 2107 3418 et
2120 3393 2159 3418 Ps.
2174 3392 2222 3424 30,
2236 3392 2277 3417 20.

2298 2215 2426 2238 temnentiun
