2427 3872
281 276 344 308 826

559 319 626 344 ΒΑΜ

330 365 395 389 Ram
414 378 447 381 —
467 365 526 388 sunt
546 362 614 388 bona
633 369 712 394 opera
733 361 834 387 Christo
851 362 912 387 offe-

277 408 357 433 renda
378 408 409 433 Vl
429 407 480 432 594
500 408 525 437 2,
546 408 561 432 3
581 420 615 425 -
634 407 682 432 Per
701 413 789 431 ramos
810 403 912 430 arboris

276 452 454 483 intelliguntur
472 451 631 477 documenta
643 450 760 476 veritatis
772 450 912 482 proceden-

277 497 310 521 tia
330 503 360 521 ex
379 502 425 520 ore
444 495 567 527 sapientis
586 495 627 520 Vll
648 494 698 519 347
720 494 747 519 41

329 541 432 565 amnon
449 552 486 558 --
503 542 542 564 est
560 538 663 570 gladius
689 537 859 564 absconditus
885 538 912 563 in

276 584 356 609 corde
376 584 408 608 Vl
429 584 479 608 612
502 583 510 607 1

329 628 409 653 nmio
428 642 462 645 —
482 634 535 652 non
563 630 602 652 est
620 627 684 659 quid
703 626 840 658 sensibile,
866 626 912 652 sed

278 671 436 703 intelligibile
456 672 488 696 Vl
508 671 541 696 36
560 678 588 703 q.
610 671 620 696 1
644 685 678 690 -
698 671 816 696 Naturale
839 671 913 696 ratio-

276 717 316 741 nis
335 716 460 741 iudicium
489 715 668 748 sequendum,
688 718 716 740 ut
735 715 855 740 veniatur
879 715 913 740 ad

278 760 356 785 fidem
376 759 428 785 295
448 760 480 784 33
500 773 536 778 -
554 759 679 784 naturalis
698 759 777 785 dictat
790 759 862 792 quod
876 760 912 784 iu-

278 807 346 829 stum
366 807 405 829 est
425 803 467 828 Vll
486 803 536 829 334
558 803 590 828 84
609 817 644 822 —
663 803 749 835 magis
765 803 843 828 debet
862 810 914 829 cre-

278 848 340 873 dere
358 847 442 873 verbo
462 848 506 873 Dei
532 853 612 880 quam
637 847 799 879 suggestioni
819 848 914 886 carnali

277 893 329 918 335
348 893 381 917 86

330 951 365 956 —
384 935 493 962 libenter
511 936 654 961 luxuriatur
668 935 692 960 in
706 936 855 967 cognitione
868 938 914 961 ter-

275 988 399 1006 renorum
419 983 527 1012 propter
546 983 683 1011 peccatum
703 980 781 1011 primi
800 979 914 1011 parentis

277 1024 309 1049 Vl
330 1025 362 1049 18
382 1032 409 1049 ν.
429 1025 460 1049 13
481 1038 515 1043 -
534 1025 553 1049 Α
574 1024 697 1049 caecitate
725 1023 832 1048 rationis
853 1022 913 1048 libe·

276 1069 344 1093 ravit
362 1075 411 1093 nos
430 1068 547 1093 Christus
567 1068 609 1093 Vll
630 1067 662 1092 98
684 1067 716 1092 40

329 1127 363 1130 -
383 1112 487 1137 inferior
515 1114 635 1137 versatur
663 1111 730 1137 circa
750 1112 831 1137 vitam
851 1111 912 1137 acti-

276 1163 337 1181 vam
357 1156 400 1181 Vll
420 1156 470 1181 446
491 1156 523 1181 59
543 1170 578 1175 -
598 1156 703 1181 inferior
725 1163 787 1188 pars
805 1157 912 1182 rationis

275 1200 393 1225 eiusdem
414 1203 520 1226 naturae
539 1204 578 1225 est
593 1207 624 1226 ac
637 1201 757 1233 superior
770 1203 795 1227 et
808 1200 842 1226 ab
856 1201 909 1234 ipsa

276 1244 395 1270 docenda
410 1244 441 1269 Vl
457 1245 503 1270 301
528 1245 560 1270 82
580 1258 615 1263 -
635 1245 695 1271 Pars
713 1246 819 1271 inferior
836 1246 911 1271 ratio-

276 1289 314 1313 nis
342 1288 437 1314 dicitur
455 1288 563 1321 mulier⁷
583 1289 658 1315 cuius
677 1290 717 1315 vir
736 1290 861 1315 naturalis
886 1294 911 1316 et

276 1332 408 1364 legitimus
421 1335 459 1358 est
472 1339 533 1364 pars
546 1333 667 1365 superior
679 1337 749 1359 recte
761 1334 910 1360 diiudicans

275 1376 326 1402 294
346 1377 378 1402 33
401 1390 427 1394 -
441 1377 503 1403 Pars
520 1378 628 1403 inferior
646 1379 754 1404 rationis
772 1380 910 1411 reprehen-

274 1420 359 1451 ditur,
378 1421 483 1454 quando
511 1421 632 1447 sensibus
660 1422 774 1448 deservit
794 1422 854 1449 ibid.
875 1438 909 1442 —

276 1465 381 1490 inferior
400 1465 545 1491 infirmatur
564 1466 650 1497 febre,
669 1467 776 1500 quando
793 1468 911 1501 sequitur

274 1510 510 1541 concupiscentiam
530 1511 576 1535 301
601 1512 633 1536 82

328 1568 362 1571 -
382 1554 507 1585 Superior
526 1555 611 1586 portio
635 1556 741 1581 rationis
769 1559 808 1582 est
824 1557 912 1582 .facies

275 1598 378 1623 animae
398 1599 428 1623 Vl
449 1598 482 1623 65
502 1606 527 1623 v.
549 1600 558 1623 1
584 1613 616 1617 --
639 1599 764 1631 Superior
788 1607 849 1632 pars
874 1608 911 1626 ra-

276 1641 353 1667 tionis
372 1645 430 1667 nata
454 1646 493 1667 est
511 1642 602 1668 videre
621 1643 704 1668 Deum
724 1643 786 1670 ibid.
815 1659 848 1662 —
867 1645 912 1670 Su-

276 1685 372 1716 periori
393 1686 460 1717 parti
479 1686 585 1711 rationis
604 1689 728 1719 tanquam
748 1688 803 1719 regi
829 1691 912 1714 10111111

276 1736 387 1760 regnum
407 1730 510 1755 animae
538 1733 577 1755 est
605 1731 776 1757 commissum
797 1732 830 1757 ad
849 1733 914 1758 iudi-

278 1773 390 1798 candum
411 1774 457 1798 301
483 1774 515 1798 82

330 1831 364 1836 -
385 1818 562 1843 manifestatur
582 1818 605 1843 in
625 1826 705 1850 opere
725 1820 757 1844 vt
777 1820 810 1845 62
831 1827 858 1845 v.
879 1821 912 1846 26

277 1874 311 1880 -
330 1868 417 1886 rerum
446 1865 505 1887 sunt
533 1862 651 1888 difficiles
669 1863 703 1888 ad
724 1864 911 1890 inveniendum

278 1905 310 1930 15
329 1912 355 1930 v.
374 1906 389 1930 8
410 1920 442 1924 -
463 1906 584 1932 Rationes
613 1907 719 1933 latentes
739 1908 808 1933 intus
827 1912 852 1934 et
878 1909 913 1934 in-

275 1949 377 1975 volutas
396 1953 465 1975 extra
490 1950 647 1982 depromere
666 1959 717 1977 non
738 1955 836 1984 potest,
862 1953 912 1978 nisi

275 1994 321 2026 qui
340 1994 457 2025 intelligit
477 1995 509 2020 16
529 2002 554 2027 q.
576 1996 585 2020 1
611 1995 639 2020 3*
658 2009 692 2015 —
711 1996 797 2028 Opera
813 1997 856 2023 Dei
871 1999 912 2023 ha-

275 2037 338 2063 bent
357 2039 483 2064 rationem
505 2040 625 2065 latentem
639 2040 673 2066 72
693 2048 720 2074 q.
741 2041 749 2066 1
773 2057 808 2060 —
827 2042 911 2068 Ratio-

274 2089 334 2107 nem
354 2090 464 2114 operum
485 2084 529 2109 Dei
550 2091 596 2116 per
625 2092 672 2110 nos
698 2092 749 2111 non
770 2093 911 2118 possumus

275 2127 413 2158 indagare,
443 2128 504 2160 quia
533 2135 611 2160 supra
642 2137 689 2155 nos
716 2134 777 2156 sunt
796 2130 858 2157 ibid.
876 2145 912 2150 —-

274 2170 456 2197 Creaturarum
470 2175 495 2197 et
509 2173 619 2198 allorum
631 2180 740 2205 operum
755 2175 801 2200 Dei
815 2176 911 2201 multae

275 2222 288 2239 a
308 2215 385 2240 nobis
402 2216 572 2242 inveniuntur
590 2217 702 2243 rationes
719 2218 781 2244 ibid.

328 2274 360 2278 —-
381 2260 568 2291 congruentiae
582 2261 613 2286 ad
629 2261 824 2293 intelligendum
838 2263 911 2296 quod

276 2304 389 2329 creditur
417 2305 485 2330 fideli
514 2308 573 2331 sunt
601 2306 715 2337 optimae
735 2309 760 2332 et
778 2308 911 2340 efficaces,

275 2348 372 2373 infideli
401 2355 464 2374 vero
493 2356 601 2380 prorsus
625 2350 729 2376 inutiles
750 2354 775 2376 et
793 2351 911 2376 infirmae

277 2391 309 2416 Vl
337 2392 386 2417 243
409 2393 440 2417 10
460 2407 494 2411 -
513 2396 574 2418 511111
593 2394 625 2419 ad
646 2395 822 2425 generandam
843 2395 912 2420 intel-

276 2436 408 2467 ligentiam
429 2440 454 2461 et
473 2437 506 2462 ad
526 2437 604 2462 tidem
624 2439 816 2464 confovendam
830 2442 855 2464 et
868 2446 912 2464 nu-

277 2480 404 2505 triendam
424 2479 457 2506 ib.
479 2480 507 2505 1·
525 2494 560 2499 -
579 2488 629 2506 non
650 2481 746 2507 habent
765 2482 846 2508 robur
864 2483 912 2508 nisi

277 2524 397 2549 fundatae
416 2531 495 2555 super
514 2524 592 2550 fldem
613 2524 674 2550 ibid.
686 2539 722 2544 -
734 2529 857 2557 cogentes
870 2534 912 2552 au-

278 2568 362 2592 ferunt
381 2568 441 2592 fidei
462 2568 599 2598 meritum,
627 2569 673 2594 sed
699 2569 851 2596 inducentes
870 2571 913 2596 ad-

278 2611 368 2636 iuvant
387 2611 504 2636 animum
526 2612 658 2637 infirmum
680 2612 730 2637 518
751 2614 784 2639 67

331 2668 365 2673 -
383 2655 501 2680 omnium
527 2662 614 2681 rerum
640 2660 700 2681 sunt
719 2657 744 2682 in
764 2657 817 2683 Deo
836 2661 861 2684 et
886 2659 911 2684 111

279 2698 337 2729 ipso
356 2698 462 2730 vivunt,
491 2698 552 2731 quia
577 2706 627 2724 non
651 2703 855 2727 transmutantur
881 2703 912 2728 Vl

279 2742 329 2767 249
352 2742 378 2766 11
403 2755 438 2760 -
457 2745 494 2767 051
514 2742 538 2767 111
558 2743 611 2768 Deo
635 2743 742 2775 vivens,
761 2745 821 2777 quIa
841 2746 913 2778 spiri-

280 2785 367 2815 tualis,
400 2793 452 2811 non
484 2787 636 2818 materialis,
670 2788 912 2824 intransmutabilis,

279 2837 331 2855 non
353 2829 497 2863 variabilis,
523 2834 641 2864 aeterna,
666 2839 718 2858 non
738 2834 914 2866 corruptibilis

279 2874 330 2899 250
351 2874 384 2900 15

332 2919 476 2944 ΒΑΉοΝΑιΕ
496 2934 529 2938 -
548 2920 633 2946 Aaron
661 2921 825 2953 significabat
848 2923 913 2949 divi-

278 2969 338 2987 nam
359 2963 551 2995 providentiam
566 2968 590 2990 et
604 2965 799 2997 dispositionem
816 2968 847 2993 Vl
861 2968 912 2994 227

279 3014 305 3032 ν.
324 3006 357 3032 24
376 3021 410 3025 —
430 3008 455 3033 ln
474 3008 591 3034 rationali
619 3013 693 3035 erant
712 3014 824 3043 quatuor
843 3012 913 3038 ordi-

278 3058 324 3076 nes
342 3051 458 3083 lapidum
478 3053 651 3084 pretiosorum
672 3053 732 3080 ibid.
751 3069 784 3073 —
799 3056 913 3088 Singulis

279 3095 409 3126 lapidibus
428 3097 559 3122 rationalis
578 3098 700 3130 inscripta
720 3103 793 3125 erant
811 3100 913 3132 singula

278 3140 381 3164 nomina
406 3140 546 3166 duodecim
573 3141 778 3168 Patriarcharum
799 3142 859 3170 ibid.
878 3158 913 3164 -

279 3183 304 3208 ln
323 3184 461 3209 duodecim
481 3184 613 3216 lapidibus
631 3186 762 3212 rationalis
781 3191 854 3213 erant
871 3195 914 3214 no-

278 3227 346 3253 mina
367 3228 506 3254 duodecim
525 3229 638 3255 filiorum
659 3231 734 3256 lsrael
754 3232 795 3257 Vli
814 3232 865 3258 503
882 3233 908 3258 11

332 3272 433 3298 Remus
451 3287 485 3291 —
505 3274 603 3305 peccati
631 3274 664 3300 ad
693 3282 804 3306 poenam
828 3276 915 3302 intole-

278 3314 385 3341 rabilem
405 3316 511 3349 obligat,
524 3317 582 3343 ideo
598 3318 696 3350 indiget
709 3319 760 3344 tolli
780 3319 813 3345 Vl
833 3319 884 3346 543
899 3319 914 3346 4

332 3361 463 3386 Iit-:attam
477 3374 511 3380 —
525 3362 708 3393 interpretatur
723 3363 833 3389 multum
847 3370 915 3389 com-

280 3403 387 3429 missum
407 3407 432 3430 et
450 3405 579 3436 significat
596 3405 747 3437 superbiam
767 3406 800 3433 Vl
820 3407 871 3433 579
887 3408 901 3433 6

1139 273 1252 305 INDEX
1278 272 1405 306 RERUM

1003 361 1139 387 1100000110
1158 375 1193 380 -
1212 368 1264 386 non
1293 361 1373 387 debet
1401 363 1480 386 homo
1508 368 1523 386 a
1545 368 1592 387 vo-

949 405 1046 431 luntate
1064 405 1207 437 sapientiae
1227 406 1258 430 Vl
1279 405 1313 430 65
1332 413 1358 430 v.
1378 406 1393 430 3

1002 450 1117 475 Fit-:cmlvi
1138 464 1171 468 —
1189 449 1327 475 destruunt
1351 449 1480 482 quidquid
1499 449 1590 475 aediti-

950 497 1076 519 caverunt
1095 494 1129 519 de
1148 493 1218 519 bono
1248 494 1393 519 inchoando
1418 494 1461 519 Vll
1484 493 1535 519 378
1555 493 1589 518 59

950 551 986 557 -
1004 538 1202 564 Recidivatione
1221 538 1383 570 crucifigitur
1401 538 1519 564 Christus
1538 537 1588 563 104

950 582 984 607 63
1013 596 1047 601 -
1070 582 1098 607 111
1126 582 1292 614 impotentior
1320 583 1353 608 ad
1381 582 1588 614 resurgendum,

951 626 1025 658 culpa
1047 626 1074 651 111
1101 626 1229 652 difficilior
1248 626 1281 652 ad
1300 626 1501 657 remittendum,
1520 626 1589 651 Deus

951 670 979 695 111
997 670 1127 696 difficilior
1153 670 1188 696 ad
1216 670 1389 702 placandum,
1416 669 1537 696 diabolus
1561 670 1590 696 111

951 715 1080 740 difficilior
1098 715 1132 740 ad
1152 714 1335 746 expellendum
1355 714 1389 739 Vt
1409 714 1456 739 561
1481 715 1496 739 3

1004 759 1188 784 Reconcitmne
1216 772 1250 776 -—
1279 757 1397 783 Christus
1421 758 1517 783 missus
1544 759 1590 783 fuit

951 802 985 828 ad
996 802 1216 828 reconciliandum
1227 805 1316 827 contra
1326 802 1452 827 offensam
1466 802 1498 827 Vl
1512 802 1563 828 574
1574 803 1589 827 3

1005 847 1150 871 [1001151110
1171 843 1204 864 -’-
1223 838 1263 871 est
1290 853 1358 877 opus
1382 846 1437 871 Filii
1465 846 1590 871 incarnati

952 890 985 914 Vl
1015 890 1065 915 253
1088 890 1120 915 33
1141 904 1173 908 -
1193 890 1241 915 Per
1271 890 1357 921 ipsum
1382 893 1422 915 est
1449 890 1591 922 recreatio,

952 941 999 965 per
1018 941 1097 966 quem
1117 934 1214 959 creatio
1234 932 1296 960 ibid.
1504 947 1509 950 ·

1005 978 1152 1003 Recnreoo
1170 993 1205 996 -—
1225 978 1368 1010 quotuplex
1388 978 1421 1003 sit
1441 978 1483 1004 Vll
1502 977 1536 1004 73
1559 979 1585 1003 11

950 1035 986 1041 —-
1004 1022 1134 1053 figuratur
1155 1029 1204 1054 per
1228 1022 1348 1047 animalia
1369 1022 1510 1048 Ezechielis
1529 1021 1590 1048 ibid.

952 1080 985 1083 —
1003 1067 1125 1097 affectus,
1154 1066 1299 1092 intellectus
1317 1069 1343 1092 et
1361 1067 1468 1092 effectus
1494 1067 1591 1093 faciunt

950 1111 1082 1136 nominem
1103 1113 1203 1136 rectum
1220 1102 1258 1136 'vi
1278 1111 1329 1136 363
1351 1111 1383 1136 47

1003 1155 1104 1180 Racroa
1122 1169 1158 1174 —
1177 1155 1288 1180 Necesse
1300 1158 1340 1180 est
1358 1162 1440 1181 unum
1461 1159 1588 1182 rectorem

949 1199 1065 1225 universi
1093 1206 1192 1231 ponere
1221 1200 1253 1225 Vl
1273 1200 1306 1225 36
1325 1207 1351 1233 q.
1372 1201 1387 1225 2
1407 1214 1441 1220 -—
1460 1201 1590 1226 Ecclesiae

948 1244 1134 1275 concupiscere
1153 1243 1250 1270 debent
1268 1244 1423 1276 sapientiam
1445 1245 1496 1270 147
1514 1252 1540 1271 v.
1557 1246 1588 1271 12

948 1301 983 1307 --
1014 1288 1105 1320 popuii
1136 1287 1216 1314 debet
1246 1288 1344 1314 habere
1375 1289 1511 1315 scientiam
1545 1290 1588 1315 Vll

950 1332 977 1358 41
1003 1332 1053 1358 137

1001 1378 1165 1403 annianum
1184 1392 1219 1397 —
1238 1379 1394 1404 carnalitatis
1413 1379 1512 1404 alienae
1524 1379 1589 1411 figu-

943 1412 1020 1447 *ratur
1040 1429 1086 1453 per
1106 1422 1185 1453 gladii
1205 1423 1416 1454 evaginationem
1432 1424 1474 1449 Vll
1488 1423 1539 1449 554
1555 1424 1587 1449 48

1002 1467 1125 1492 Reum-:ne
1138 1480 1173 1486 —
1187 1467 1287 1493 mundo
1300 1467 1434 1493 reddenda
1447 1471 1508 1493 sunt
1520 1475 1589 1501 quae

949 1514 1009 1536 sunt
1035 1511 1091 1536 eius
1120 1511 1162 1537 Vll
1191 1512 1237 1537 511
1272 1511 1305 1537 32
1324 1525 1360 1530 -
1380 1512 1433 1538 Deo
1460 1511 1589 1539 debemus

949 1562 1045 1587 corpus
1064 1558 1090 1581 et
1108 1556 1223 1581 animam
1242 1555 1304 1582 ibid.

1003 1599 1149 1625 Renemrrto
1173 1614 1206 1618 —
1234 1603 1273 1625 est
1297 1600 1486 1626 declarativum
1515 1602 1590 1627 mise-

949 1642 1078 1668 ricordiae
1097 1643 1124 1668 in
1143 1644 1304 1670 relevatione
1323 1645 1438 1671 hominis
1457 1646 1532 1678 lapsi,
1545 1653 1589 1678 po-

950 1687 1044 1712 tentiae
1064 1687 1089 1711 in
1109 1688 1282 1718 prostratione
1310 1688 1422 1720 diaboli,
1444 1690 1589 1716 manifesta-

950 1730 1034 1756 tivum
1054 1731 1180 1762 largitatis
1200 1731 1223 1756 in
1243 1732 1382 1758 diffusione
1405 1733 1516 1765 Spiritus
1534 1741 1590 1760 san-

950 1774 998 1805 cti,
1018 1775 1135 1800 veritatis
1154 1776 1178 1800 in
1199 1775 1385 1807 adimpletione
1404 1777 1527 1808 promissi
1547 1779 1588 1804 Vll

951 1819 983 1843 32
1005 1818 1037 1843 94
1061 1832 1088 1836 -
1112 1822 1197 1844 nostra
1227 1820 1434 1845 consummanda
1463 1825 1518 1847 erat
1542 1829 1590 1854 per

949 1862 1081 1887 Christum
1101 1862 1297 1894 dispensatione
1322 1864 1509 1897 remediativa‚
1531 1873 1590 1897 pro-

950 1907 1028 1931 missa
1056 1907 1102 1932 fuit
1126 1914 1174 1939 per
1202 1908 1346 1940 Prophetas
1374 1909 1487 1941 Spiritus
1506 1910 1589 1936 sancti

948 1951 1086 1983 vaticinio,
1106 1952 1236 1984 promissa
1258 1953 1305 1978 fuit
1324 1954 1478 1980 Patriarchis
1497 1955 1589 1980 verita-

948 1995 980 2021 tis
993 1995 1140 2022 iuramento
1153 1997 1264 2029 firmata,
1278 1997 1399 2023 inchoata
1414 1998 1461 2024 fuit
1474 1998 1499 2024 in
1514 2006 1589 2031 prae-

948 2047 1055 2066 cursore
1075 2042 1221 2073 prophetaii
1242 2043 1383 2074 praeconio
1403 2043 1436 2068 38
1457 2044 1499 2074 20,
1519 2044 1547 2069 21

999 2098 1035 2103 -
1056 2085 1080 2110 111
1100 2085 1283 2118 redemptione
1297 2087 1405 2112 humani
1419 2088 1524 2119 generis
1536 2095 1590 2114 ma-

947 2129 1083 2155 nifestatur
1095 2129 1141 2155 Dei
1155 2131 1280 2162 potentia,
1295 2131 1433 2163 prudentia
1448 2135 1474 2157 et
1488 2133 1589 2158 miseri-

948 2174 1036 2199 cordia
1050 2174 1092 2199 Vll
1108 2175 1158 2199 386
1175 2174 1207 2199 14
1217 2175 1289 2200 -ln
1304 2178 1391 2200 nostra
1406 2176 1589 2208 redemptione

949 2218 1013 2243 facta
1033 2221 1093 2243 sunt
1112 2225 1170 2249 sex,
1191 2219 1214 2244 in
1234 2218 1331 2251 quibus
1357 2220 1504 2245 radicaliter
1522 2220 1589 2246 clau-

947 2261 1018 2287 ditur
1037 2262 1193 2287 universitas
1212 2269 1323 2294 operum
1343 2263 1515 2295 reparationis
1537 2264 1588 2289 469

949 2305 982 2330 56
1001 2320 1036 2323 —
1056 2306 1081 2331 ln
1101 2306 1284 2338 redemptione
1298 2307 1405 2332 humani
1420 2308 1524 2339 generis
1537 2315 1589 2333 ma-

949 2349 1001 2374 iora
1022 2353 1146 2381 operatus
1165 2354 1204 2375 est
1222 2351 1292 2375 Deus
1305 2357 1385 2383 quam
1407 2351 1432 2376 in
1452 2358 1590 2377 conserva-

949 2393 1017 2418 tione
1031 2393 1108 2418 totius
1122 2394 1296 2419 multitudinis
1311 2395 1429 2420 caelestis
1443 2395 1493 2420 386
1511 2395 1540 2421 14
1554 2411 1589 2414 -

950 2437 975 2461 111
995 2437 1178 2468 redemptione
1198 2438 1306 2463 humani
1327 2439 1430 2470 generis
1449 2439 1533 2465 maior
1552 2443 1591 2466 est

949 2480 1057 2505 materia
1078 2481 1168 2512 gaudii
1187 2489 1267 2514 quam
1282 2483 1308 2508 in
1323 2483 1446 2509 omnibus
1460 2484 1516 2510 allis
1527 2492 1589 2517 opc-

949 2523 1023 2549 ribus
1043 2525 1088 2550 Dei
1109 2524 1171 2551 ibid.
1192 2540 1227 2544 -
1247 2527 1355 2559 Propter
1374 2527 1532 2554 beneficium
1553 2536 1590 2555 re-

949 2568 1108 2601 demptionis
1122 2577 1228 2602 semper
1241 2570 1370 2598 debemus
1383 2572 1490 2599 laudare
1504 2574 1589 2599 Domi·

949 2619 1011 2638 num
1033 2614 1065 2638 37
1087 2614 1137 2639 116

1001 2670 1036 2676 -
1056 2658 1252 2691 Redemptionis
1280 2667 1347 2692 opus
1372 2661 1397 2686 in
1417 2662 1589 2694 conceptione

950 2701 1066 2732 Virginis
1094 2702 1243 2729 inchoatum
1264 2708 1303 2730 est
1322 2705 1363 2730 Vll
1385 2706 1417 2730 32
1438 2705 1472 2731 94
1490 2719 1526 2724 -
1545 2706 1590 2731 Be·

950 2745 1072 2771 neficium
1101 2747 1288 2779 redemptionis
1317 2748 1467 2774 inchoatum
1489 2749 1537 2774 fuit
1562 2750 1588 2774 in

950 2792 1007 2815 ortu
1037 2792 1228 2822 praecursoris,
1252 2796 1464 2818 consummatum
1485 2793 1511 2818 in
1531 2796 1588 2818 ortu

950 2834 1091 2859 salvatoris
1109 2835 1142 2859 38
1167 2835 1214 2860 119

1004 2893 1038 2897 -
1052 2879 1090 2904 Ad
1104 2879 1312 2911 redemptionem
1330 2879 1466 2912 spectabat
1480 2883 1590 2913 uterque

949 2929 1040 2955 sexus,
1059 2923 1126 2949 sicut
1145 2926 1255 2956 uterque
1275 2924 1404 2950 ceciderat
1429 2925 1471 2950 Vll
1492 2925 1525 2950 62
1546 2925 1588 2950 81.

954 2967 1002 2991 108
1023 2967 1056 2992 80

1002 3024 1038 3030 -
1056 3011 1178 3043 Operatio
1202 3011 1392 3044 redemptionis
1417 3015 1472 3037 erat
1499 3019 1589 3044 opera-

950 3054 985 3080 tio
1003 3054 1097 3081 Christi
1109 3056 1255 3081 secundum
1270 3055 1473 3086 humanitatem,
1487 3059 1512 3081 et
1525 3057 1589 3082 haec

949 3102 1049 3125 certum
1077 3102 1182 3131 tempus
1207 3099 1358 3133 requirebat
1377 3099 1409 3125 Vl
1430 3099 1481 3125 342
1504 3100 1535 3126 17
1555 3115 1589 3119 -

949 3143 1067 3169 Christus
1080 3144 1175 3169 missus
1186 3146 1225 3169 est
1234 3143 1268 3169 ad
1279 3143 1462 3169 redimendum
1477 3150 1490 3169 a
1504 3151 1588 3177 poena

951 3186 1001 3212 574
1022 3188 1037 3213 3
1056 3201 1091 3207 -
1110 3187 1227 3213 Christus
1240 3187 1361 3213 liberavit
1374 3194 1421 3213 nos
1434 3188 1589 3215 redimendo

951 3231 999 3257 364
1022 3231 1051 3256 51
1075 3245 1109 3251 -
1128 3232 1198 3257 Deus
1225 3234 1264 3257 est
1290 3231 1456 3264 redemptor,
1476 3233 1522 3265 qui
1541 3240 1589 3266 pro

951 3274 1027 3301 nobis
1045 3282 1139 3307 passus
1158 3279 1197 3301 est
1216 3276 1249 3301 92
1269 3282 1296 3301 v.
1315 3276 1331 3300 2
1350 3288 1385 3295 -
1404 3276 1452 3302 Per
1470 3283 1538 3309 opus
1552 3284 1590 3303 re-

951 3320 1110 3352 demptionis
1129 3319 1247 3345 Christus
1260 3320 1454 3346 consummavit
1473 3324 1588 3347 nostram

952 3364 1062 3389 salutem
1082 3363 1134 3389 297
1159 3363 1192 3389 54
1212 3377 1247 3382 —
1266 3366 1353 3389 nostra
1382 3365 1448 3390 facta
1476 3368 1515 3391 est
1542 3372 1590 3397 per

952 3406 1052 3434 Christi.
1071 3407 1219 3440 passionem
1240 3410 1264 3438 et
1283 3411 1464 3434 consummata
1484 3416 1532 3441 per
1550 3415 1590 3434 re-

1920 318 1984 343 REG

1628 361 1816 387 surrectionem
1837 362 1889 388 250
1909 362 1941 387 17
1954 377 1989 381 -
2003 363 2199 395 Redemptionis
2211 370 2268 395 pre-

1629 405 1693 430 tium
1714 405 1760 430 suit
1778 406 1886 437 sanguis
1906 406 1973 438 Agni
1996 407 2156 432 immaculati
2182 411 2207 433 et
2229 407 2268 432 in-

1627 449 1794 474 contaminati
1824 450 1865 475 Vll
1892 450 1924 475 39
1948 451 1996 476 123
2015 464 2051 470 -
2069 451 2209 483 Redempti
2227 458 2269 477 su-

1628 499 1687 518 mus
1705 500 1760 518 non
1779 500 1845 519 auro
1863 494 1904 519 vel
1920 497 2046 526 argento,
2059 495 2107 521 sed
2120 495 2146 520 in
2159 494 2268 521 brachio

1627 536 1730 562 Domini
1750 536 1812 563 ibid.
2275 572 2278 575 ῃ

1680 595 1716 599 -
1746 581 1866 613 Mysteria
1896 582 2087 614 redemptionis
2114 582 2267 610 abscondita

1627 627 1689 650 sunt
1707 625 1870 657 sapientibus
1883 626 1975 652 mundi
1994 630 2019 652 et
2037 627 2151 653 revelata
2171 635 2270 660 parvu-

1627 669 1657 694 lis
1685 672 1711 695 et
1740 670 1884 696 humilibus
1912 671 1955 696 Vll
1981 670 2032 696 264
2052 672 2086 697 37
2105 686 2140 690 —
2158 672 2269 698 Redem-

1628 713 1724 745 ptionis
1753 715 1908 746 mysterium
1934 715 2002 741 iusto
2031 716 2077 741 Dei
2096 716 2194 742 iudicio
2213 719 2269 742 erat

1629 758 1720 783 mundi
1740 758 1903 791 principibus
1921 760 2106 785 occultandum
2121 760 2172 785 227
2185 760 2220 786 35
2232 775 2268 779 -

1627 801 1763 834 discipulis
1782 803 1958 835 praedicanda
1978 807 2048 836 erat,
2068 805 2192 838 quamvis
2204 812 2269 831 non-

1628 845 1692 871 dum
1713 846 1853 878 capiebant
1872 847 1934 873 ibid.

1681 890 1808 916 Barac-rio
1826 905 1862 910 —
1880 892 1917 917 De
1937 893 2007 918 fonte
2027 893 2126 924 gratiae
2139 893 2269 920 habemus

1628 939 1724 965 aquam
1749 935 1897 961 refectionis
1916 936 1950 961 Vl
1970 936 2022 962 555
2041 938 2056 962 3
2076 951 2111 955 -—
2130 938 2212 964 Nemo
2230 945 2269 964 re-

1628 975 1713 1000 ficitur
1731 976 1897 1008 spiritualiter
1915 978 1966 1004 nisi
1985 979 2149 1005 consentiens
2168 980 2219 1005 324
2234 979 2268 1005 37

1682 1020 1836 1046 Raronmne
1855 1035 1890 1041 —
1909 1022 1960 1048 Res
1979 1023 2123 1059 deformata
2138 1023 2217 1049 debet
2229 1031 2268 1050 re-

1629 1064 1734 1089 formari
1753 1065 1852 1091 lumine
1872 1067 2014 1098 sapientiae
2033 1067 2066 1093 Vl
2087 1068 2138 1094 107
2158 1075 2183 1093 v.
2205 1069 2215 1094 1

1680 1109 1859 1136 ΒΕσΕΝΕιιΑτιο
1878 1124 1913 1129 -
1931 1114 1971 1136 est
1990 1112 2137 1138 necessaria
2155 1113 2189 1138 ad
2201 1113 2268 1139 salu-

1627 1154 1678 1178 tem
1693 1153 1725 1178 Vl
1741 1153 1791 1179 279
1813 1155 1828 1179 8
1844 1169 1875 1172 -
1890 1155 1917 1180 111
1931 1162 1978 1187 per
1992 1156 2190 1182 Sacramentum
2203 1156 2266 1183 ibid.

1628 1211 1661 1215 —
1680 1200 1719 1223 est
1737 1198 1878 1230 spiritualis
1906 1200 1958 1224 280
1989 1200 2029 1232 10,
2056 1201 2083 1225 11
2107 1214 2143 1220 -
2162 1204 2201 1227 est
2225 1208 2267 1227 oc·

1627 1242 1695 1267 culta
1715 1243 1815 1268 homini
1833 1243 1940 1269 animali
1960 1243 1994 1270 ib.
2015 1245 2058 1276 ti,
2078 1244 2112 1270 17

1679 1286 1758 1312 Remo
1776 1300 1812 1306 —
1828 1288 1974 1321 longinqua
1992 1296 2007 1314 a
2028 1288 2081 1315 Deo
2100 1292 2138 1315 est
2156 1296 2204 1322 per
2223 1297 2268 1316 vo·
2289 1310 2291 1312 >

1627 1330 1733 1356 luntatis
1751 1331 2007 1364 dissimilitudinem,
2026 1340 2077 1359 11011
2091 1337 2219 1367 quantum
2232 1334 2268 1361 ad

1626 1374 1705 1400 situm
1724 1376 1832 1401 localem
1852 1377 1895 1402 Vll
1916 1377 1967 1402 390
1987 1377 2020 1403 24

1681 1419 1787 1445 nmium
1808 1434 1841 1438 —
1860 1420 1954 1446 Christi
1973 1424 2012 1447 est
2032 1421 2056 1446 in
2076 1422 2155 1448 caelis
2167 1423 2200 1448 Vl
2216 1422 2267 1448 488

1627 1464 1660 1489 64
1680 1478 1715 1482 —-
1734 1463 1828 1490 Christi
1858 1468 1898 1490 est
1921 1466 2102 1491 venerandum
2122 1469 2147 1492 et
2165 1466 2269 1492 deside-

1627 1507 1722 1539 rabile,
1742 1508 1803 1541 quia
1817 1512 1857 1534 est
1870 1516 1983 1541 regnum
1997 1509 2098 1542 pingue
2112 1510 2212 1536 deliciis
2224 1517 2267 1543 pa-

1626 1552 1721 1583 radisi,
1741 1552 1828 1578 nobile
1847 1556 1872 1578 et
1890 1553 1982 1579 stabile
2001 1553 2053 1579 614
2073 1555 2088 1580 2
2101 1568 2137 1573 -
2150 1554 2269 1581 Christus

1626 1604 1739 1629 regnum
1768 1604 1845 1623 suum
1875 1605 1927 1623 non
1955 1597 2007 1624 sibi
2024 1599 2071 1624 soli
2090 1599 2195 1630 retinet,
2220 1599 2269 1627 sed

1626 1642 1681 1667 suis
1699 1642 1809 1673 largitur
1829 1642 1951 1668 fidelibus
1970 1643 2022 1669 615
2042 1643 2057 1668 3
2077 1657 2113 1662 -
2131 1650 2185 1676 quo
2198 1644 2268 1670 Deus

1626 1689 1720 1717 regnat
1747 1686 1774 1711 in
1799 1687 1914 1717 Sanctis,
1935 1687 1994 1712 facit
2013 1687 2085 1719 ipsos
2104 1688 2212 1714 Sanctos
2230 1695 2269 1714 re-

1627 1737 1709 1761 gnare
1737 1733 1763 1755 et
1789 1737 1848 1756 esse
1875 1738 1952 1762 reges
1976 1731 2020 1757 Vll
2041 1732 2092 1756 280
2114 1732 2146 1757 12
2164 1747 2200 1750 -
2219 1732 2268 1758 Per

1626 1774 1769 1799 adventum
1789 1775 1864 1806 regni
1885 1775 1929 1800 Dei
1949 1782 2001 1800 non
2019 1776 2145 1801 accrescit
2156 1776 2211 1801 Deo
2224 1783 2270 1808 po-

1627 1818 1719 1849 tentia,
1739 1818 1785 1843 sed
1801 1818 1826 1843 in
1840 1818 1992 1844 hominibus
2011 1820 2126 1851 perfecta
2146 1819 2270 1846 obedien-

1626 1861 1661 1886 tia
1680 1860 1742 1887 ibid.
1764 1876 1796 1880 —
1815 1865 1854 1887 est
1879 1866 1995 1894 potestas
2013 1863 2101 1895 regia,
2121 1870 2190 1896 quae
2209 1871 2268 1896 pro-

1627 1905 1690 1937 tegit
1708 1912 1771 1937 nos,
1790 1907 1899 1938 expulso
1919 1907 2023 1933 diabolo
2043 1908 2094 1933 292
2115 1908 2147 1934 46

1679 1964 1714 1969 -
1733 1951 1850 1976 consistit
1878 1951 1904 1976 in
1933 1951 2133 1984 participatione
2162 1953 2268 1979 divinae

1626 1993 1750 2020 honitatis
1764 1995 1806 2021 Vll
1821 1995 1870 2021 147
1888 1995 1920 2021 49
1939 2010 1975 2015 -
1993 2003 2048 2022 11011
2067 2000 2106 2023 est
2124 1997 2195 2023 aliud
2215 1997 2266 2023 11151

1626 2039 1695 2064 Deus
1709 2042 1734 2064 et
1748 2039 1874 2065 Dominus
1894 2040 1963 2066 lesus
1983 2039 2101 2067 Christus
2120 2041 2170 2067 410
2184 2042 2217 2067 20
2232 2055 2268 2061 --

1626 2086 1665 2109 est
1686 2084 1742 2116 ipse
1767 2083 1886 2110 Christus
1906 2084 1956 2110 438
1978 2084 2011 2110 37
2032 2099 2066 2103 -
2085 2085 2133 2110 Ρει·
2151 2092 2266 2117 regnum

1625 2128 1757 2153 caelorum
1779 2128 1929 2160 intelligitur
1947 2135 2023 2154 amor
2042 2129 2088 2154 Dei
2107 2129 2160 2155 347
2181 2129 2213 2155 42

1679 2185 1715 2191 -
1733 2172 1830 2197 dicitur
1849 2173 1939 2198 notitia
1958 2173 1999 2198 vel
2019 2173 2137 2199 doctrina
2153 2174 2270 2200 veritatis

1630 2215 1673 2241 Vll
1689 2215 1740 2241 346
1761 2215 1794 2241 37
1814 2229 1849 2235 -
1868 2223 1922 2242 11011
1941 2219 1981 2242 051
1998 2217 2069 2243 aliud
2088 2224 2169 2250 quam
2188 2219 2270 2250 perfe-

1626 2261 1666 2284 cta
1694 2259 1784 2285 notitia
1812 2260 1929 2285 veritatis
1957 2260 2063 2287 divinae
2091 2260 2153 2287 ibid.
2175 2275 2211 2281 —
2229 2265 2269 2289 est

1626 2303 1787 2334 praedicatio
1806 2304 1939 2336 Evangelii
1959 2304 2021 2331 ibid.
2033 2319 2069 2325 —
2081 2306 2176 2332 dicitur
2193 2313 2268 2333 sacra

1626 2346 1745 2373 doctrina
1766 2347 1816 2373 460
1836 2349 1869 2374 32
1885 2364 1917 2367 —
1931 2349 2026 2375 dicitur
2045 2357 2118 2376 sacra
2134 2350 2268 2383 Scriptura

1628 2391 1677 2416 192
1699 2392 1732 2418 15

1680 2450 1714 2455 ——
1736 2440 1775 2463 est
1804 2437 1914 2469 iustitia,
1939 2438 2108 2470 intelligentia
2136 2438 2269 2470 veritatis,

1626 2481 1679 2506 vita
1698 2485 1801 2508 aeterna
1821 2486 1847 2508 et
1866 2482 1950 2515 gratia
1965 2483 2007 2508 Vll
2022 2482 2073 2508 545
2087 2482 2120 2508 24
2133 2496 2169 2502 —
2182 2486 2268 2515 potest

1625 2526 1676 2552 dici
1687 2527 1804 2552 doctrina
1816 2527 1941 2557 veritatis,
1954 2526 2037 2558 gratia
2051 2527 2163 2559 Spiritus
2176 2528 2267 2560 sancti,

1626 2571 1708 2602 gloria
1728 2574 1833 2596 aeterna
1854 2571 1905 2596 217
1926 2571 1941 2596 3
1958 2585 1992 2589 —
2006 2571 2032 2596 ln
2045 2578 2128 2603 regno
2141 2571 2187 2597 Dei
2200 2572 2268 2598 clau·

1626 2615 1696 2641 ditur
1716 2614 1812 2640 veritas
1831 2614 1980 2646 doetrinae,
2003 2615 2106 2641 bonitas
2125 2615 2224 2648 gratiae
2242 2618 2269 2641 et.

1626 2658 1773 2684 sublimitas
1801 2658 1899 2690 gloriae
1918 2658 1968 2684 258
1991 2659 2023 2685 17
2042 2673 2078 2679 -
2096 2660 2191 2686 dicitur
2211 2666 2269 2692 gra·

1628 2703 1661 2728 tia
1681 2705 1706 2727 et
1726 2702 1808 2733 gloria
1829 2705 1932 2728 aeterna
1956 2703 2005 2729 460
2026 2704 2059 2730 33

1679 2759 1714 2765 —-
1733 2749 1772 2771 est
1790 2746 1816 2771 in
1835 2747 1959 2773 cordibus
1977 2755 2070 2773 eorum
2084 2748 2129 2781 qui
2149 2748 2266 2774 credide-

1626 2793 1686 2815 runt
1705 2790 1731 2815 in
1750 2789 1881 2817 Christum
1903 2792 1945 2817 Vll
1967 2791 2016 2818 438
2037 2792 2071 2818 37
2084 2807 2119 2810 -
2133 2793 2213 2818 estin
2227 2793 2268 2819 1115

1626 2834 1672 2867 qui
1692 2834 1803 2861 verbum
1829 2836 1874 2861 Dei
1894 2836 2043 2868 suscipiunt
2061 2843 2110 2869 per
2138 2836 2217 2863 fldem
2243 2840 2269 2863 et

1627 2886 1674 2910 per
1693 2879 1802 2911 gratiam
1823 2880 1884 2906 111101
1904 2880 1955 2906 258
1980 2880 2013 2905 17
2032 2894 2067 2900 —
2087 2884 2126 2907 est
2145 2881 2171 2906 in
2190 2880 2269 2907 nobis

1627 2929 1674 2954 per
1693 2923 1798 2949 div1nae
1817 2925 1915 2956 gratiae
1935 2924 2093 2951 oblationem
2115 2924 2165 2950 438
2186 2924 2220 2951 37
2234 2938 2268 2944 —-

1627 2967 1652 2993 in
1671 2975 1719 2993 nos
1738 2969 1858 3000 pervenit
1877 2976 1924 3001 per
1943 2969 2054 3001 gratiam
2075 2969 2126 2995 292
2147 2969 2179 2995 46
2193 2983 2224 2988 -
2241 2969 2268 2995 111

1627 3011 1689 3038 1111111
1708 3013 1895 3045 perveniemus
1914 3020 1961 3045 per
1981 3013 2092 3045 gloriam
2112 3012 2175 3039 ibid.

1680 3071 1714 3075 —
1742 3057 1875 3083 caelorum
1903 3057 2024 3089 designat
2055 3057 2194 3083 Ecclesiam
2225 3057 2268 3083 Vll

1628 3101 1678 3126 179
1698 3101 1731 3126 53
1751 3114 1786 3120 -
1810 3101 1966 3127 assimilatur
1995 3108 2077 3133 grano
2105 3101 2205 3133 sinapis
2232 3100 2267 3126 ad

1627 3145 1823 3176 insinuandum,
1833 3145 1904 3178 quod
1916 3148 2003 3171 nostra
2014 3145 2104 3171 notitia
2117 3144 2197 3171 debet
2209 3151 2267 3170 esse

1626 3189 1747 3220 1101111115,
1766 3189 1867 3215 fervida
1886 3192 1912 3214 et
1930 3189 2027 3215 ardens
2046 3189 2097 3215 346
2119 3189 2152 3214 38
2173 3203 2206 3207 --
2219 3189 2266 3214 Dei

1626 3237 1795 3265 comparatur
1813 3233 1904 3259 aestati
1924 3233 1975 3259 537
1996 3233 2024 3259 51

1679 3291 1716 3297 -
1740 3280 1779 3303 est
1803 3276 1939 3303 retributio
1967 3277 2011 3303 Vll
2040 3277 2093 3303 322
2122 3275 2155 3303 43
2175 3291 2209 3296 -
2227 3280 2267 3303 051

1626 3328 1690 3347 vera
1709 3321 1797 3347 cordis
1815 3320 1961 3353 possessio,
1980 3327 2049 3354 quae
2068 3327 2113 3347 cor
2133 3321 2222 3353 implet
2241 3323 2267 3346 et

1627 3365 1723 3391 auferri
1750 3372 1802 3391 non
1826 3368 1913 3397 potest
1932 3363 1966 3391 ib.
1983 3364 2020 3397 ἱ44
2039 3378 2074 3385 -
2094 3363 2203 3390 Habenti
2228 3371 2266 3390 re-

1627 3416 1709 3441 gnum
1729 3409 1775 3435 Del
1794 3408 1857 3435 nihil
1870 3408 1944 3435 deest
1958 3408 2009 3435 274
2028 3409 2063 3434 72
2082 3422 2117 3428 -
2137 3409 2163 3434 111
2182 3414 2266 3440 regno
