2476 3921
145 657 248 678 Primum.

116 763 246 787 Secundum.

144 870 248 891 Tertium.

136 1286 247 1323 Quartum.

140 1457 249 1484 Quintum.

154 1563 250 1585 Sextum.

123 1724 250 1751 Septimum.

106 1777 141 1798 Sic
150 1777 204 1808 bene
213 1783 257 1799 stu·-

149 1806 213 1830 gitur.

107 2364 254 2396 promptitudo

107 2399 128 2413 1n
135 2397 252 2418 exsequen-

271 243 332 275 130

356 331 407 362 69.
434 329 469 361 Et
492 332 583 366 nota,
607 327 692 369 quod
717 326 777 359 sub
801 326 860 359 ista
882 325 1104 358 distributione
1128 324 1229 357 inclu-

103 391 248 439 lghsrefgffldp
266 384 388 417 duntur
410 382 530 420 omnia,
541 387 636 424 quae
658 380 834 422 impediunt
856 379 895 417 ad
920 380 996 418 hoc,
1025 378 1111 421 quod
1134 378 1230 411 homo

112 445 252 472 impedimen·
267 437 428 470 Christum
453 435 591 478 pertecte
605 437 769 476 sequatur,
793 442 875 475 quae
892 436 966 465 sunt
989 435 1123 474 septem,
1147 431 1230 465 56111-

267 493 316 523 661
339 487 500 522 criminale
522 487 707 531 flayitiam,
731 486 895 528 corporale
909 485 1086 523 solacium,
1111 488 1230 527 tempo-

261 545 332 577 rale
348 543 531 586 negotium,
547 541 731 584 personale¹
749 540 910 583 litiyiam,
928 539 1080 581 populare
1096 548 1230 571 comor-

268 598 370 636 tium,
404 596 563 639 paternale
595 594 775 637 hospitium
804 596 836 626 et
864 592 985 635 puerile
1016 592 1228 624 desideriam.

268 671 310 675 —-
325 649 573 692 Relinquendum
589 652 637 681 est
656 646 831 680 criminale
845 645 1030 688 flagitium,-
1047 644 1231 677 Proverbio-

268 714 339 738 rum
364 703 515 746 vigesimo
535 701 691 740 octavo&
721 713 737 729 «
761 700 820 741 Qui
845 698 1008 732 abscondit
1031 698 1151 731 scelera
1173 706 1231 730 sua

268 769 329 792 non
362 758 517 800 dirigetur
538 769 568 787 ».
598 774 639 778 -
668 754 825 793 Secundo,
857 751 1030 795 corporale
1052 751 1229 790 solatiam,

268 803 350 846 sicut
371 811 487 844 Tobiae
515 809 668 843 secundo:
699 821 715 836 «
731 807 867 849 Reliquit
894 805 1080 848 prandium,
1106 805 1232 838 ieiunus

268 865 412 908 pervenit
426 864 465 897 ad
482 871 598 905 corpus
614 876 645 894 ».
659 880 701 885 —
714 860 834 899 Tertio,
853 859 1030 902 temporale
1046 859 1231 902 neyotiam;

268 919 312 952 sic
337 918 464 960 loseph,
494 916 638 959 pallium
661 915 814 947 16·111366
845 913 986 946 mulieris
1011 912 1230 954 Aegyptiacae;

267 971 394 1005 Genesis
418 970 579 1012 trigesimo
594 960 717 1001 nono³2
739 980 754 995 «
772 966 888 999 Relicto
904 966 1016 1008 pallio,
1040 965 1121 1007 sugit
1134 977 1168 1003 »3
1186 965 1231 997 sic

269 1026 402 1064 Eliseus‚
438 1023 531 1056 boves
562 1027 591 1054 et
622 1025 800 1058 aratrum,
837 1020 921 1052 tertii
958 1020 1076 1061 Regum
1111 1018 1232 1051 decimo

268 1088 363 1117 nono;
383 1078 427 1110 sic
443 1076 590 1119 Apostoli,
606 1075 703 1113 retia,
716 1074 798 1107 sicut
810 1073 926 1106 dicitur
943 1072 1088 1105 Matthaei
1101 1075 1230 1114 quarto:

274 1146 289 1160 «
306 1131 431 1164 Relictis
454 1130 591 1167 retibus,
615 1128 713 1161 secuti
731 1130 805 1160 sunt
828 1135 901 1159 eum
914 1139 945 1157 ».
963 1126 1021 1158 Per
1045 1125 1130 1158 retia
1147 1128 1232 1157 recte

269 1184 488 1227 intelliguntur
511 1182 635 1224 negotia
663 1179 904 1222 terrena,·quia
933 1192 948 1207 «
964 1178 1019 1221 qui
1052 1178 1163 1211 volunt
1185 1177 1232 1210 di-

269 1240 348 1271 vites
371 1237 439 1270 fieri
464 1236 607 1269 incidunt
629 1235 660 1266 16
679 1234 880 1267 tentationem
899 1246 915 1261 ι»
944 1236 1019 1270 616,
1048 1231 1169 1274 primae
1193 1231 1232 1264 ad

268 1292 467 1325 Timotheum
492 1293 592 1323 sexto.
607 1308 650 1312 -—
667 1289 800 1329 Quarto,
826 1285 1070 1328 relinquendum
1095 1288 1142 1318 est
1157 1295 1232 1327 per-

268 1346 380 1379 §ortale
396 1345 558 1387 litiqium;
584 1342 787 1376 Ecclesiastici
806 1340 956 1383 vigesimo
976 1343 1087 1372 octavo
1100 1340 1127 1371 4;
1147 1352 1163 1367 «
1176 1339 1233 1372 Re-

254 1400 377 1442 .linque
409 1399 556 1448 proximo
584 1401 640 1430 tuo
671 1395 793 1429 nocenti
818 1398 866 1433 te,
890 1398 922 1427 et
953 1399 1029 1427 1666
1052 1393 1233 1436 deprecanti

270 1454 324 1487 tibi
338 1456 464 1495 [1666313
476 1452 639 1485 solventur
653 1464 683 1482 ».
700 1469 739 1473 -
753 1449 870 1491 Quinto
883 1457 970 1487 vero,
980 1447 1146 1491 populare
1158 1456 1234 1479 eon-

236 1529 240 1531 -
269 1508 432 1544 cortinam
450 1506 598 1539 Ieremiae
614 1503 855 1547 quadragesimo
878 1505 1002 1535 octavo:
1025 1514 1041 1529 α
1057 1500 1234 1542 Relinquite

270 1561 412 1595 civitates
435 1564 466 1593 et
490 1559 628 1592 habitate
652 1558 682 1590 in
709 1561 798 1600 petra
816 1570 845 1588 ».
863 1575 906 1580 —
934 1556 1046 1594 Sexto,
1060 1553 1236 1597 paternale

262 1613 470 1656 hospitium
503 1611 650 1644 Ieremiae
678 1610 880 1643 duodecimo:
911 1622 927 1637 «
951 1608 1073 1650 Reliqui
1103 1607 1233 1639 domum

271 1676 372 1700 meam
400 1670 431 1699 et
446 1665 548 1698 dimisi
572 1664 776 1697 hereditatem
796 1671 896 1695 meam
913 1676 929 1691 »
947 1665 1006 1694 616.
1021 1679 1063 1685 -
1077 1660 1233 1702 Septimo,

268 1720 396 1764 puerile
412 1719 628 1756 desideriam;
647 1717 890 1749 proverbiorum
909 1725 1005 1748 nono:
1029 1728 1044 1743 α
1059 1713 1235 1756 Relinquite

269 1774 429 1807 infantiam
445 1787 460 1802 »
478 1776 536 1805 etc.
548 1771 659 1813 —Qui
674 1771 751 1803 haec
764 1770 869 1802 omnia
881 1769 1043 1810 relinquit,
1057 1768 1109 1800 ille
1121 1770 1169 1800 est
1179 1767 1233 1809 qui

270 1828 348 1860 bene
372 1827 502 1869 samin
526 1825 580 1868 qui
597 1825 781 1866 designatur
798 1832 855 1865 per
871 1823 1002 1854 Paulum
1028 1829 1233 1859 conversum,

269 1881 308 1914 (16
331 1890 394 1923 quo
418 1882 551 1913 Actuum
577 1878 700 1911 n0n05:
731 1890 745 1905 «
764 1876 912 1909 Surrexit
935 1880 1041 1907 3111661
1066 1874 1180 1907 Saulus
1196 1874 1234 1907 de

270 1939 369 1972 terra,
386 1933 568 1976 apertisque
584 1932 701 1969 oculis,
720 1930 798 1963 nihil
823 1929 948 1962 videbat
965 1941 1000 1967 »3
1023 1928 1098 1970 quia
1115 1927 1234 1960 homini

269 1988 308 2020 ad
331 1987 492 2019 Christum
525 1993 677 2018 converso
701 1987 732 2016 et
764 1984 834 2015 luce
857 1982 926 2015 eius
949 1981 1126 2013 illuminato
1156 1980 1235 2012 nihil

270 2050 337 2074 6556
355 2040 479 2072 videtur
503 2043 684 2076 terrenum;
702 2037 739 2069 ad
766 2036 914 2078 Ephesios
929 2035 1063 2077 quinto:
1086 2047 1101 2062 «
1118 2035 1232 2075 Surge,

271 2095 324 2137 qui
348 2094 485 2132 dormis,
510 2097 541 2125 et
564 2100 703 2133 exsurge
727 2100 745 2122 a
768 2089 918 2128 mortuis,
942 2092 973 2121 et
997 2087 1188 2120 illuminabit
1204 2089 1235 2119 te

270 2149 461 2181 Christus».
496 2147 532 2179 Et
555 2145 610 2188 qui
643 2145 686 2177 516
715 2143 883 2186 expeditus
914 2142 1016 2185 surgit
1046 2145 1149 2184 potest
1178 2150 1235 2183 per

271 2203 352 2234 viam
370 2200 570 2244 perfectionis
586 2199 690 2242 sequi,
708 2201 744 2230 ut
760 2197 858 2239 possit
873 2197 977 2229 dicere
995 2196 1072 2228 illud
1087 2195 1138 2228 1011
1151 2195 1235 2238 vige-

272 2256 350 2288 simo
374 2255 467 2287 tertio
479 2255 511 2286 ⁶:
542 2267 557 2282 ι(
574 2252 710 2294 Vestigia
733 2251 802 2284 eius
818 2254 946 2284 secutus
962 2253 1010 2283 est
1025 2259 1080 2291 pes
1096 2258 1187 2282 meus
1202 2262 1233 2281 ».

362 2310 414 2341 70.
441 2308 476 2340 Et
499 2307 648 2340 velociter
672 2306 732 2338 hoc
756 2305 845 2343 secit;
871 2304 989 2337 sciebat
1016 2303 1118 2342 enim,
1150 2303 1235 2345 quod

276 2376 293 2392 α
309 2362 416 2395 nocuit
432 2352 567 2394 'differre
589 2359 707 2402 paratis
724 2371 754 2397 »ς
772 2358 855 2391 116(16
880 2357 1004 2390 nolebat
1035 2357 1138 2389 facere
1165 2365 1236 2389 con-

271 2420 321 2449 tra
352 2415 428 2448 illud
460 2414 702 2447 Proverbiorum
740 2411 875 2445 tertio⁷:
906 2424 921 2440 «
945 2411 987 2443 Ne
1018 2410 1104 2443 dicas
1134 2409 1236 2442 amico

273 2474 345 2503 tuo:
372 2469 455 2501 Vade
479 2471 510 2501 et
534 2470 709 2505 revertere,
734 2470 765 2498 et
789 2474 859 2498 cras
882 2464 962 2497 dabo
986 2464 1057 2502 11111,
1082 2472 1156 2496 6616
1171 2466 1235 2496 sta·

272 2524 327 2555 tim
354 2522 454 2565 possis
477 2521 552 2553 dare
569 2533 606 2558 »;
632 2519 685 2553 sed
710 2518 787 2551 illud
813 2517 1054 2550 Proverbiorum
1086 2516 1236 2558 vigesimo

871 223 1064 269 COMMENT.
1091 236 1126 268 lN
1150 235 1391 269 EVANGELlUM
1415 235 1532 268 LUCAE
1557 235 1588 267 C.
1615 236 1649 267 V.

1294 324 1450 357 secundo:
1479 337 1495 353 α
1513 324 1622 356 Vidisti
1639 323 1743 356 virum
1769 324 1907 356 velocem
1926 323 1956 355 16
1981 332 2076 365 opere
2099 332 2158 356 suo
2171 326 2184 355 ἶ)
2199 323 2256 355 Co-

1295 386 1362 410 ram
1387 377 1516 419 regibus
1540 376 1680 409 stabit».

1384 431 1437 462 71.
1464 430 1687 462 Verumtamen
1703 429 1743 462 de
1763 430 1827 462 1106
1843 430 1949 483 arguit
1961 438 2042 462 6616
2063 428 2258 471 Porphyrius
2277 437 2406 485 eggffinrus
2457 471 2458 478 ἵ

1296 483 1474 516 haereticus
1486 483 1511 522 ⁸,
1535 483 1610 525 quia
1640 483 1744 516 statim
1777 483 1843 516 5166
1878 482 2102 518 deliberatione
2130 486 2260 515 secutus

1294 540 1343 569 est
1377 545 1450 569 eum
1481 539 1631 578 tanquam
1664 536 1790 569 stultus.
1811 553 1862 564 .-
1889 536 1933 568 Ad
1964 544 2058 578 quem
2092 534 2257 577 respondet

1293 589 1403 622 Glossa
1415 589 1439 627 ⁹,
1456 589 1540 631 quod
1569 603 1584 618 ι
1602 599 1664 622 606
1681 589 1806 622 16ν11316
1829 589 1959 627 ductus,
1977 588 2030 621 sed
2047 589 2166 621 virtute
2185 596 2258 629 ope-

1295 651 1369 675 rum
1398 646 1527 675 secutus
1550 646 1597 675 est
1621 651 1742 681 eum»;
1767 642 1888 674 viderat
1912 642 1995 674 enim
2020 641 2137 674 Christi
2164 641 2259 673 mira-

1295 696 1376 729 cula.
1394 696 1480 729 Unde
1501 696 1709 738 Hieronymus
1724 696 1753 720 ¹⁰*
1772 695 1963 737 dicitfquod
1992 708 2008 724 (ι
2021 695 2125 737 fulgor
2141 694 2259 727 Divini-

1296 750 1368 782 tatis
1391 750 1547 788 occultae,
1572 758 1654 792 quae
1678 750 1709 781 in
1734 749 1873 782 humana
1896 748 1974 781 facie
1997 748 2113 781 Christi
2138 748 2259 781 reluce-

1296 803 1363 841 bat,
1387 803 1548 845 extemplo
1572 803 1610 835 ad
1635 812 1668 837 se
1700 803 1842 835 videntes
1865 802 1993 835 trahere
2016 804 2141 844 poterat
2170 810 2259 843 aspe-

1296 860 1359 889 ctu.
1377 857 1464 889 Sicut
1480 857 1528 889 vis
1543 857 1575 889 in
1591 860 1735 898 magnete
1752 855 1853 897 lapide
1869 864 1937 888 esse
1949 855 2080 894 dicitur,
2097 859 2134 887 ut
2149 855 2260 897 anulos

1296 913 1327 942 et
1352 909 1500 951 stipulam
1526 909 1583 942 sibi
1608 909 1748 951 copulet;
1773 911 1892 951 quanto
1916 908 2016 950 magis
2039 910 2259 940 creaturarum

1296 963 1449 995 Dominus
1473 963 1511 995 ad
1536 972 1569 995 se
1584 963 1713 996 trahere
1729 965 1852 1004 poterat
1872 971 1952 1004 quos
1977 961 2142 994 volebat».
2168 961 2260 994 quta

1296 1016 1380 1058 quod
1404 1016 1479 1049 dicit
1502 1025 1617 1058 sponsa
1633 1016 1664 1048 16
1689 1016 1823 1049 Canticis
1847 1015 1943 1048 illud:
1974 1028 1989 1043 «
2005 1016 2028 1047 T
2032 1015 2108 1047 rahe
2125 1023 2174 1047 me
2191 1018 2261 1056 post

1297 1074 1344 1108 te,
1370 1069 1400 1101 in
1425 1069 1553 1102 odorem
1578 1078 1746 1102 curremus
1769 1073 2006 1111 unguentorum
2031 1071 2160 1101 tuorum
2178 1081 2208 1099 ».

1387 1124 1439 1154 72.
1465 1123 1567 1163 (Vers.
1593 1123 1671 1160 29).
1701 1122 1807 1155 Tertio
1831 1131 1907 1158 vero
1935 1121 2112 1155 ostenditur
2140 1121 2261 1154 vocatio

1297 1175 1436 1217 perfecta
1459 1184 1500 1208 ex
1536 1177 1626 1217 parte
1656 1175 1764 1207 devoti
1795 1174 1943 1218 obsequii
1976 1174 2199 1216 subsequentis
2228 1174 2262 1205 16

1296 1228 1517 1267 ministrando,
1534 1237 1607 1261 cum
1630 1228 1761 1261 dicitur:
1782 1229 1821 1260 Ec
1843 1227 1922 1270 feeit
1936 1229 1967 1260 ei
1986 1228 2175 1260 convivium
2190 1236 2262 1259 ma-

1295 1292 1402 1325 gnum
1426 1283 1503 1314 Levi
1527 1282 1561 1314 in
1586 1282 1682 1314 domo
1698 1292 1774 1314 saa.
1799 1282 1942 1315 Faciebat
1958 1282 2134 1314 Matthaeus
2150 1290 2261 1314 secun-

1296 1336 1372 1369 dum
1409 1336 1605 1378 propositum
1631 1336 1803 1378 Sapientis,
1838 1337 1893 1378 qui
1929 1336 2052 1368 dicebat
2087 1335 2262 1377 Sapientiae

1297 1391 1461 1423 octavo¹¹z
1492 1404 1507 1419 «
1532 1390 1683 1432 Proposui
1719 1390 1902 1432 sapientiam
1927 1389 2084 1422 adducere
2115 1389 2192 1421 mibi
2224 1388 2263 1421 ad

1297 1443 1543 1482 convivendum,
1561 1444 1676 1482 sciens,
1693 1444 1843 1485 quoniam
1869 1443 2114 1476 communicabit
2136 1451 2261 1484 mecum

1297 1497 1335 1529 de
1360 1497 1450 1529 110615
1466 1497 1533 1529 suis
1549 1510 1580 1528 ».
1600 1497 1661 1528 lam
1685 1496 1716 1528 16
1734 1506 1771 1529 60
1795 1496 1960 1538 impletum
1985 1499 2053 1529 erat
2068 1484 2261 1528 desiderium

1298 1551 1429 1589 Christi,
1462 1550 1636 1583 secundum
1669 1551 1747 1583 illud
1771 1550 1970 1592 Apocalypsis
2001 1550 2112 1582 tertio:
2143 1549 2263 1588 «Ecce,

1299 1607 1347 1637 sto
1366 1604 1405 1636 ad
1429 1604 1545 1636 ostium
1567 1607 1599 1636 et
1623 1604 1729 1646 pulso3
1759 1604 1783 1636 si
1809 1604 1882 1645 quis
1906 1603 2068 1645 aperuerit
2096 1602 2192 1641 mihi,
2217 1602 2263 1634 16-

1299 1657 1390 1689 trabo
1413 1656 1453 1689 ad
1480 1656 1570 1689 illum
1594 1660 1626 1689 et
1649 1656 1787 1689 coenabo
1811 1665 1884 1689 cum
1914 1656 2009 1697 ipso»
2031 1659 2090 1687 etc.
2115 1655 2179 1687 lam
2198 1664 2264 1687 ma-

1299 1709 1446 1741 nifestum
1471 1712 1519 1741 est
1546 1708 1697 1751 gaudium
1730 1708 1829 1741 Patris
1853 1708 1991 1747 aeterni,
2015 1707 2053 1740 de
2086 1717 2150 1749 quo
2182 1707 2264 1739 infra

1298 1763 1420 1796 decimo
1437 1763 1548 1805 quinto
1562 1763 1602 1794 ¹2:
1625 1775 1640 1791 «
1655 1762 1779 1804 Epulari
1793 1762 1958 1804 oportebat
1974 1765 2006 1794 et
2020 1761 2173 1803 gaudere,
2191 1761 2266 1803 quia

1299 1818 1383 1850 [ilius
1407 1817 1458 1849 1116
1482 1820 1629 1849 mortuus
1652 1816 1757 1849 fuerat
1780 1820 1812 1849 et
1835 1816 2061 1849 resurrexit».

1400 1871 1452 1904 73.
1486 1871 1522 1902 Et
1557 1871 1705 1912 quoniam
1742 1870 1925 1912 magnitudo
1960 1869 2094 1903 convivii
2130 1869 2266 1911 requirit

1301 1925 1535 1958 multitudinem
1573 1925 1826 1963 convivantium,
1863 1924 1932 1956 ideo
1956 1924 2080 1957 subdit:
2119 1925 2159 1956 Et
2192 1927 2266 1956 erat

1299 1978 1402 2011 larba
1425 1978 1531 2010 malta
1553 1978 1815 2020 publicanorum
1846 1982 1875 2010 et
1906 1976 2074 2015 aliorum,
2103 1977 2163 2021 qai
2188 1987 2264 2009 cum

1299 2033 1382 2075 ipsis
1401 2033 1426 2051 ¹³
1450 2036 1547 2065 erant
1581 2031 1829 2064 discumbentes.
1867 2031 2055 2064 Invitaverat
2078 2031 2161 2063 enim
2197 2031 2266 2063 illos

1300 2087 1492 2125 Matthaeus,
1510 2090 1560 2125 ut,
1578 2086 1660 2119 sicut
1676 2085 1802 2118 fuerant
1826 2085 1901 2118 socii
1926 2085 1957 2117 16
1974 2085 2081 2127 culpa,
2106 2085 2150 2118 516
2171 2085 2266 2118 etiam

1299 2143 1404 2173 essent
1428 2140 1459 2172 in
1484 2139 1688 2181 poenitentia,
1713 2138 1887 2171 secundum
1908 2137 1985 2170 illud
2002 2138 2201 2180 Apocalypsis
2217 2138 2265 2170 ul-

1300 2195 1395 2226 timo:
1426 2206 1441 2222 «
1458 2193 1516 2235 Qui
1541 2193 1629 2225 audit
1652 2192 1752 2225 dicat:
1778 2192 1853 2225 Veni
1872 2204 1906 2231 »;
1931 2191 2015 2224 unde
2040 2192 2264 2234 Hieronymus:

1304 2261 1320 2277 α
1338 2248 1491 2281 Videbant
1516 2247 1734 2289 publicanum,
1756 2256 1777 2278 a
1802 2245 1937 2288 peccatis
1965 2245 2003 2278 ad
2035 2245 2165 2278 meliora
2193 2254 2266 2278 con-

1300 2311 1448 2340 versum,
1473 2302 1576 2334 locum
1612 2301 1768 2333 invenisse
1800 2299 2026 2342 poenitentiae,
2059 2302 2090 2332 et
2120 2299 2161 2332 ob
2189 2299 2267 2332 illud

1299 2354 1392 2386 etiarn
1412 2354 1469 2396 ipsi
1488 2354 1734 2395 non'desperant
1751 2353 1884 2385 salutem
1897 2366 1927 2384 ».
1946 2352 2152 2385 Attendebant
2167 2353 2265 2391 enim,

1300 2408 1384 2450 quod
1407 2421 1422 2436 «
1438 2400 1551 2440 melius
1567 2411 1614 2441 est
1630 2407 1736 2440 vocari
1760 2407 1799 2439 ad
1822 2407 1908 2440 olera
1924 2416 1996 2439 cum
2020 2406 2150 2439 caritate
2170 2416 2267 2449 quam

1299 2462 1338 2494 ad
1363 2462 1497 2494 vitulum
1522 2461 1698 2503 saginatum
1717 2470 1788 2494 eum
1813 2461 1928 2499 odio»,
1954 2460 2196 2493 Proverbiorum
2213 2460 2266 2493 de-

1299 2516 1380 2548 cimo
1404 2515 1515 2557 quinto
1530 2516 1565 2547 ¹4.
1592 2516 1670 2548 ilaec
1698 2518 1803 2547 autem
1829 2515 1923 2547 turba
1956 2515 2196 2557 publicanorum
2228 2514 2266 2547 ad

346 2708 353 2722 ¹
378 2710 434 2734 Vat.
454 2709 495 2734 1116
514 2713 539 2734 et
558 2708 665 2733 inferius
681 2705 861 2741 particulare.

345 2752 355 2768 ²
377 2754 451 2779 Vers.
472 2755 513 2779 13.
533 2767 568 2772 -
588 2753 712 2785 Sequitur
733 2751 799 2777 Tob.
821 2753 852 2783 2,
872 2751 897 2776 3.

311 2824 314 2828 ,
345 2797 355 2812 ⁸
377 2799 450 2824 Vers.
471 2799 518 2829 12,
539 2801 599 2829 post
624 2804 704 2830 quem
734 2797 770 2822 111.
801 2796 865 2827 Reg.
888 2795 934 2826 19,
954 2795 1002 2825 20;
1034 2795 1121 2819 11131111.
1141 2793 1172 2824 4,
1192 2794 1236 2819 20,

276 2844 331 2875 (cfr.
351 2850 431 2875 supra
450 2850 476 2867 v.
498 2843 550 2875 11.)
571 2845 596 2868 61
616 2843 632 2867 l.
652 2842 719 2867 Tim.
740 2842 770 2873 6,
790 2841 831 2870 9.,

346 2886 356 2901 ⁴
377 2888 450 2912 Vers.
470 2888 495 2912 2.
508 2900 544 2905 -
558 2887 710 2919 Sequuntur
731 2886 777 2910 ler.
799 2885 844 2916 48,
859 2885 902 2909 28.
922 2887 947 2909 61
967 2884 1014 2914 12,
1034 2883 1063 2915 7;
1079 2884 1154 2908 Prov.
1169 2883 1198 2913 9,
1213 2882 1237 2906 6.

345 2930 356 2945 ⁶
376 2932 450 2957 Vers.
471 2932 495 2956 8.
515 2945 549 2950 -
568 2930 687 2956 Subinde
707 2931 834 2965 allegatur
853 2930 918 2960 Eph.
937 2929 968 2959 5,
989 2928 1033 2953 14.

346 2975 357 2990 ⁶
377 2977 451 3002 Vers.
472 2977 515 3001 11.

347 3019 356 3034 ⁷
378 3021 452 3046 Vers.
473 3021 515 3051 28,
536 3023 596 3052 post
614 3026 694 3052 quem
715 3019 826 3049 22‚.29.
846 3031 879 3036 -
899 3018 982 3049 Supra
1013 3017 1056 3042 cit.
1076 3015 1157 3041 verba
1177 3017 1238 3041 sunt

278 3066 390 3095 Lucani,
411 3066 444 3091 de
464 3065 533 3090 Bello
553 3065 635 3097 civili,
656 3065 674 3089 l.
694 3072 718 3088 v.
739 3064 808 3089 253:

420 3127 490 3153 Tolle
510 3134 612 3158 moras,
631 3133 736 3158 semper
756 3126 843 3151 nocuit
862 3125 967 3150 differre
987 3123 1092 3156 paratis.

348 3197 358 3212 Β
378 3200 409 3224 Ut
436 3199 514 3223 refert
542 3199 662 3228 Hieron„
682 3198 700 3223 l.
718 3195 866 3223 Comment.
885 3196 909 3221 in
929 3196 1016 3221 Mattli.

278 3246 389 3273 constat,
421 3242 610 3273 Porphyrium,
640 3241 729 3266 Plotini
759 3240 918 3272 discipulum
947 3243 972 3264 et
999 3238 1059 3264 tldei
1083 3237 1238 3263 christianae

278 3287 429 3318 inimicum,
450 3287 528 3312 fuisse
548 3285 716 3317 baptizatum.
1138 3293 1141 3295 ·

349 3328 360 3343 ⁹
380 3331 482 3356 Scilicet
501 3329 643 3356 ordinaria
662 3329 687 3355 in
707 3330 794 3355 Matth.
815 3330 844 3360 9,
864 3329 895 3354 9:
919 3338 931 3351 ιι
945 3329 1028 3354 Lucas
1042 3327 1144 3360 plenius
1162 3326 1238 3352 dicit:

281 3375 384 3403 Relictis
403 3374 542 3406 omnibus,
562 3376 670 3401 seculus
682 3375 721 3400 est
739 3381 815 3405 eum,
836 3377 889 3398 tam
911 3380 1022 3405 corpore
1042 3379 1123 3405 quam
1137 3375 1237 3402 mente;

280 3428 331 3447 non
350 3421 454 3446 levitate
473 3417 580 3451 ductus,
600 3419 646 3445 sed
667 3418 775 3444 veritate
794 3425 906 3449 operum
926 3420 951 3443 et
971 3417 1059 3443 divina
1074 3416 1188 3448 potentia
1203 3416 1238 3441 in-

1035 3195 1064 3226 9,
1085 3184 1110 3219 9⁴.
1129 3207 1164 3213 --
1183 3180 1254 3218 Non*

1304 2708 1345 2728 tus
1363 2706 1489 2734 operante
1509 2705 1606 2727 tractus
1620 2711 1645 2726 ».
1664 2701 1733 2726 Haec
1752 2700 1841 2725 Glossa
1871 2698 2008 2724 exhibetur
2028 2697 2078 2724 sub
2097 2698 2203 2724 nomine
2223 2697 2265 2723 Be·

1303 2747 1353 2773 dae
1373 2748 1429 2777 (cfr.
1450 2747 1466 2772 1.
1487 2747 1512 2772 16
1533 2747 1609 2772 Marc.
1630 2747 1660 2777 2,
1684 2745 1725 2771 14.
1747 2748 1772 2770 61
1791 2745 1819 2770 ll.
1838 2744 1862 2769 iu
1880 2744 1943 2769 Luc.
1965 2743 1996 2774 5,
2016 2743 2080 2775 28.>.
2101 2742 2167 2768 Vide
2187 2742 2265 2768 etiam

1304 2792 1417 2823 theron„
1437 2792 1452 2816 l.
1473 2791 1618 2817 Comment.
1639 2791 1665 2815 111
1686 2790 1774 2815 11131111.
1792 2790 1821 2821 9,

1304 2837 1414 2868 pliyrius
1433 2839 1458 2861 et
1477 2836 1590 2861 lulianus
1609 2836 1771 2867 Augustus...
1790 2833 1865 2866 quasi
1890 2831 2101 2858 irrationabiliter
2120 2831 2263 2865 quemlibet

1303 2884 1441 2906 vocantem
1463 2880 1595 2906 hominem
1625 2880 1677 2904 5161
1701 2879 1792 2908 secuti,
1816 2885 1878 2904 cuin
1907 2880 1991 2903 tautae
2011 2877 2120 2903 xirtutes
2141 2879 2264 2909 tantaque

1303 2926 1378 2956 signa
1393 2924 1597 2957 praecesserint,
1611 2931 1679 2957 quae
1693 2923 1840 2955 Apostolos,
1855 2925 1994 2954 antequam
2009 2921 2154 2953 crederent,
2168 2920 2265 2946 vidisse

1303 2977 1362 3004 non*
1375 2969 1486 2995 dubium
1506 2972 1553 2994 est.

1375 3012 1397 3028 ¹⁰
1416 3015 1476 3042 Loc.
1496 3012 1539 3039 cit,
1560 3028 1592 3032 —
1612 3012 1730 3039 Subinde
1749 3013 1877 3043 allegatur
1897 3010 1970 3037 Cant.
1995 3011 2021 3041 1,
2042 3012 2066 3036 3.

1375 3058 1395 3073 ¹¹
1417 3059 1492 3084 Vers.
1511 3059 1535 3083 9.
1555 3072 1590 3077 —
1610 3058 1733 3090 Sequitur
1752 3057 1834 3088 Apoc.
1854 3056 1884 3087 3,
1905 3056 1948 3080 20.

1375 3102 1396 3117 ¹²
1417 3104 1492 3129 Vers.
1511 3104 1559 3135 32,
1580 3102 1624 3128 ubi
1645 3102 1756 3133 Vulgata
1775 3101 1863 3134 frater
1882 3101 1945 3126 tuus
1964 3107 2012 3132 pro
2031 3099 2104 3133 filius
2124 3102 2150 3124 et
2167 3097 2267 3125 revixit

1304 3148 1348 3182 [ita
1368 3149 1446 3174 etiam
1467 3149 1488 3174 D
1501 3155 1515 3173 a
1535 3147 1650 3173 secunda
1671 3153 1750 3172 163611
1770 3148 1795 3171 61
1814 3144 1850 3178 G]
1869 3152 1917 3176 pro
1941 3143 2106 3171 resur-remit.
2127 3157 2162 3162 —
2186 3143 2266 3174 Supe-

1302 3193 1356 3218 rius
1376 3200 1424 3225 pro
1443 3193 1502 3219 lam
1520 3191 1695 3225 manifestum
1717 3190 1774 3215 Vat.
1793 3189 1926 3222 Magnum
1945 3187 2034 3215 etiam.

1375 3235 1397 3251 ¹⁸
1417 3238 1529 3268 Vulgata
1550 3235 1614 3262 illis.
1634 3250 1667 3254 —
1687 3234 1805 3260 Subinde
1828 3234 1955 3264 allegatur
1974 3232 2055 3264 Apoc.
2076 3232 2124 3262 22,
2147 3231 2188 3262 17,
2207 3234 2266 3263 post

1302 3289 1382 3315 quem
1396 3282 1521 3307 sententia
1535 3281 1639 3306 Hieron.
1648 3299 1654 3309 ,
1668 3280 1685 3305 1.
1698 3278 1845 3305 Comment.
1859 3277 1887 3302 16
1900 3277 1988 3302 Matth.
2001 3276 2026 3308 9,
2042 3276 2050 3300 l
2059 3276 2083 3301 0.
2096 3283 2160 3308 seq„
2173 3275 2200 3300 in
2213 3280 2265 3308 qua

1304 3327 1361 3352 Vat.
1381 3333 1442 3352 cum
1463 3325 1584 3358 pluribus
1602 3324 1681 3350 codd.
1692 3330 1742 3355 pro
1760 3321 1887 3348 Videbam
1905 3320 2081 3355 publicanum
2101 3320 2149 3353 (ita
2163 3321 2185 3345 D
2204 3327 2265 3345 cum

1303 3375 1371 3397 textu
1391 3370 1525 3402 originali)
1546 3368 1680 3395 substituit
1702 3366 1830 3393 Videbam
1845 3365 1986 3400 publicani
2003 3365 2072 3398 (Vat.
2091 3365 2164 3391 addit
2182 3366 2264 3391 eum).

1374 3414 1397 3429 ¹⁴
1418 3415 1492 3440 Vers.
1516 3414 1558 3439 17.
1571 3427 1606 3433 --
1618 3413 1676 3438 Duo
1695 3419 1769 3444 seqq.
1782 3411 1830 3437 loci
1845 3413 1905 3436 sunt
1919 3410 2006 3435 Matth.
2021 3411 2051 3443 8,
2072 3409 2115 3435 11.
2128 3409 2208 3440 6121,
2223 3409 2265 3433 31.

2280 1127 2361 1149 Tertio.

2284 1875 2396 1906 Multitudo

2284 1908 2395 1932 convivan-

2316 1931 2376 1950 uum.

1841 2790 1871 2814 9:
1898 2788 1991 2820 Arguit
2010 2788 2035 2813 in
2057 2788 2107 2813 hoc
2130 2788 2187 2813 loco
2209 2788 2267 2812 Por·
2304 2794 2307 2796 ’
