2476 3921
19 912 155 935 Concluditur

27 939 144 968 principale

33 966 137 988 intentum

10 1022 11 1036 χ
25 992 145 1020 tripliciter.

9 1039 11 1050 1

9 1061 10 1075 l

20 1389 156 1412 Commenda-

8 1422 40 1438 tur
64 1418 87 1438 ut
107 1422 157 1444 pur-

6 1444 54 1470 gata
74 1448 87 1468 a
108 1448 157 1470 pec-

6 1469 60 1506 16114).

5 1530 7 1594 i

2 2327 4 2345 l

2 2366 4 2383 l

2 2384 4 2401 1

2 2437 3 2451 1

2 2467 3 2481 1

8 2241 10 2249 ’
17 2237 44 2259 Ut
57 2238 151 2265 porrecta

24 2264 46 2286 in
59 2265 143 2287 merito.

763 180 956 213 COMMENT.
982 180 1018 213 1N
1042 160 1281 213 EVANcffluM
1306 180 1423 213 11161111
1447 181 1478 213 c.
1505 181 1563 213 vu.

172 280 244 304 cum
278 270 457 312 subiungit:
493 269 567 302 Oleo
603 274 705 311 caput
737 278 845 301 meum
880 278 947 301 ηοη
982 268 1112 300 unxisti
1119 279 1131 306 ;

172 324 256 366 quod
280 327 348 357 erat
372 323 469 356 moris
493 327 569 356 tunc
600 323 752 364 temporis
785 322 815 354 in
847 322 972 364 signum
998 322 1131 354 laetitiae

171 381 203 410 et
226 377 465 416 exsultationis,
489 377 662 410 secundum
700 375 778 409 illud
814 375 957 408 Matthaei
995 376 1129 408 sext01:

177 443 193 458 α
209 430 256 463 Tu
280 433 405 468 autem,
429 438 502 462 cum
526 429 664 468 ieiunas,
691 438 773 470 unge
796 431 891 470 caput
916 432 1006 460 tuum
1032 431 1063 460 et
1087 427 1130 459 sa-

171 482 249 515 ciem
269 486 354 515 tuam
368 482 436 515 lava
449 496 478 514 ».
493 501 536 505 -
548 482 638 514 Haec
655 485 765 514 autem
781 485 948 523 unquento
967 480 1062 512 unxit
1075 489 1130 522 pe-

170 535 232 568 des·
249 545 354 574 meos,
379 535 463 577 quod
486 539 533 568 est
557 535 726 577 pretiosius
741 535 819 567 oleo.
844 534 929 567 Unde
946 533 1131 575 pretiosiora

170 588 321 621 offerebat
344 588 421 621 haec
445 588 559 620 mulier
582 588 722 626 Christo,
747 587 921 620 secundum
945 586 1022 618 illud
1046 586 1130 618 loan-

170 641 219 674 nis
242 641 472 674 duodecim02:
505 640 631 673 «Maria
665 649 740 682 ergo
771 640 891 681 accepit
928 639 1038 671 libram
1071 648 1129 671 un-

170 694 276 736 guenti
302 693 391 726 nardi
415 693 516 735 pistici
543 693 687 734 pretiosi,
712 696 743 725 et
766 692 860 725 unxit
897 692 989 733 pedes
1014 691 1128 723 lesu».

171 747 203 779 In
228 747 277 779 his
301 755 376 788 ergo
409 746 511 779 tribus
542 745 716 778 dilectionis
739 745 861 778 indiciis
889 745 1001 787 probat
1025 743 1130 776 Domi-

169 808 248 839 nus,
265 799 350 841 quod
374 798 534 841 peccatrix
559 798 666 831 verius
689 801 720 831 et
736 797 909 830 ferventius
932 797 1053 829 dilexit.

260 853 311 884 78.
337 852 438 893 (Vers.
464 852 541 889 47.>.
580 852 722 893 Propter
756 851 844 894 quod
878 850 951 882 (lieo
987 849 1047 882 tibi
1069 853 1127 882 etc.

170 905 223 938 Hic
247 908 316 947 post
347 905 492 947 generale
528 904 678 937 iudicium
710 908 746 946 et,
772 904 907 946 speciale
931 904 1128 945 propositum

170 958 327 991 concludit
355 957 544 1000 principale
575 958 753 996 intentum,
785 957 869 999 quod
901 960 948 989 est
972 965 1130 989 commen-

169 1012 253 1045 datio
278 1011 419 1044 mulieris
442 1020 638 1053 consequens
661 1020 702 1043 ex
719 1010 909 1052 praemissis.
927 1010 1131 1043 Commenda-

170 1068 224 1098 tur
247 1069 351 1097 autem
377 1065 453 1097 haec
477 1064 592 1097 mulier
609 1064 776 1106 peccatrix
793 1073 812 1096 a
828 1063 959 1096 Domino
971 1072 1130 1096 commen-

169 1118 293 1151 datione
316 1118 422 1160 plena,
447 1118 548 1160 quia³
573 1121 608 1150 ut
630 1121 783 1160 puryata
807 1127 829 1149 a
850 1120 983 1159 peceato
1000 1121 1130 1158 propter

168 1171 343 1204 dilectionis
366 1171 527 1209 affectum,
552 1174 589 1204 ut
609 1170 758 1213 perlecta
786 1171 822 1202 in
853 1170 969 1202 merito
1002 1173 1130 1211 propter

168 1224 342 1257 dilectionis
373 1224 533 1263 effectum,
558 1228 594 1257 ut
624 1224 818 1266 praeposita
843 1222 1029 1256 Phari-eaeo
1058 1232 1130 1264 pro-

169 1281 239 1319 pter
262 1277 437 1310 dilectionis
460 1286 636 1310 excessum.

258 1331 344 1364 Unde
371 1331 525 1372 approbat
560 1330 611 1363 hic
643 1330 795 1362 Dominus
829 1329 1025 1362 dilectionem
1062 1329 1130 1362 eius

168 1384 285 1426 primo,
310 1383 384 1426 quia
407 1383 531 1416 dilectio
554 1392 622 1415 eam
647 1392 669 1414 a
689 1386 823 1424 peccato
843 1381 1129 1424 parqavit‚·‘quod

168 1439 273 1475 notat,
298 1444 370 1469 cum
399 1435 488 1468 dicit:
528 1435 667 1477 Propter
690 1435 778 1478 quod
809 1434 882 1467 dieo
907 1433 983 1472 tibi,
1008 1433 1039 1466 id
1064 1437 1129 1472 est,

168 1492 297 1532 propter
313 1497 397 1521 nunc
414 1488 585 1530 praemissa
600 1488 774 1521 dilectionis
790 1487 903 1520 indicia
926 1496 1033 1520 assero
1058 1487 1128 1520 tibi:

169 1541 393 1575 Remttcumur
417 1541 446 1573 ei
466 1544 603 1583 peccata
627 1540 733 1573 multa
757 1544 834 1579 etc.;
859 1545 890 1573 et
914 1541 957 1573 ita
980 1540 1040 1572 iam
1069 1549 1129 1572 non

168 1595 260 1628 debet
283 1586 301 1627 a
325 1598 355 1627 te
376 1594 595 1633 condemnari,
624 1594 676 1627 sed
706 1594 804 1636 magis
836 1594 1022 1632 beatificari,
1055 1594 1130 1636 quia

168 1648 199 1680 111
231 1648 352 1681 Psalmo
380 1647 532 1689 scriptum
565 1648 656 1681 est4:
685 1648 820 1686 «Beati,
853 1657 990 1690 quorum
1020 1648 1131 1680 remis-

169 1710 221 1735 sae
256 1704 330 1734 sunt
365 1701 564 1743 iniquitates,
600 1704 631 1733 et
663 1710 801 1742 quorum
833 1705 915 1734 tecta
949 1705 1024 1734 sunt
1059 1710 1130 1743 pec—

169 1758 237 1788 cata
253 1767 284 1794 »;
301 1758 333 1788 et
348 1754 386 1787 ad
411 1754 564 1787 Romanos
579 1757 708 1796 quarto:
731 1767 745 1782 a
760 1754 791 1786 Ei
809 1754 863 1796 qui
881 1764 943 1787 non
967 1758 1129 1796 operatur,

169 1808 307 1842 credenti
325 1808 357 1840 in
373 1816 445 1840 eum
464 1807 517 1849 qui
535 1807 683 1840 iustificat
700 1807 843 1849 impium,
868 1811 1036 1850 reputatur
1053 1808 1130 1841 fides

168 1862 237 1895 eius
260 1861 299 1894 ad
322 1861 472 1894 iustitiam
497 1860 669 1893 secundum
694 1861 892 1903 propositum
920 1861 1039 1904 gratiae
1064 1861 1128 1894 Dei.

169 1915 255 1948 Sicut
275 1918 306 1947 et
329 1914 426 1947 David
450 1914 525 1947 dicit
548 1914 773 1947 beatitudinem
799 1915 952 1954 hominis,
970 1915 1021 1948 cui
1046 1915 1130 1948 Deus

168 1971 295 2010 accepto
318 1968 379 2000 fert
402 1967 553 2000 iustitiam
570 1967 637 2000 sine
657 1968 835 2010 operibus»
866 1968 962 2011 Legis.
988 1968 1073 2001 Unde
1098 1968 1127 2000 in

168 2021 228 2054 ista
254 2021 417 2063 impletum
442 2024 489 2053 est
512 2020 590 2053 illud
622 2021 776 2054 Psalmifi:
807 2034 823 2050 «
839 2021 928 2060 Dixi,
956 2021 1129 2054 confitebor

167 2074 334 2107 adversum
358 2082 408 2106 me
432 2073 616 2106 iniustitiam
647 2083 749 2107 meam
780 2074 929 2114 Domino;
954 2077 985 2107 et
1014 2077 1048 2106 tu
1081 2082 1129 2106 16-

169 2127 279 2160 misisti
304 2127 495 2168 impietatem
519 2127 636 2169 peccati
663 2128 771 2160 mei».

258 2181 309 2212 79.
336 2179 496 2219 Secundo,
521 2180 596 2223 quia
618 2180 742 2214 dilectio
758 2181 795 2213 in
815 2180 931 2213 merito
944 2178 1082 2222 perfecit
1095 2179 1129 2217 ⁶,-

167 2236 297 2275 propter
321 2232 405 2275 quod
428 2232 529 2266 addit:
555 2233 722 2274 Quoniam
745 2233 859 2266 dilexit
889 2232 1041 2264 multum.
1066 2232 1129 2264 Ma-

168 2285 298 2328 gnitudo
321 2286 404 2319 enim
436 2286 610 2320 dilectionis
641 2286 810 2329 amplificat
844 2285 993 2318 meritum
1017 2288 1049 2317 et
1072 2294 1128 2318 ex-

168 2338 256 2380 pellit
289 2342 472 2381 peccatum;
508 2340 629 2382 primae
664 2339 745 2372 Petri
781 2338 939 2380 quarto⁷:
980 2337 1129 2370 «Caritas

168 2391 270 2434 operit
294 2392 527 2426 multitudinem
552 2396 752 2435 peccatorum
769 2403 800 2429 »3
825 2394 856 2424 et
886 2390 1128 2424 Proverbiorum

169 2444 306 2478 decimo:
336 2458 351 2474 «
368 2445 482 2478 Odium
506 2446 636 2478 suscitat
659 2444 764 2483 rixas,
788 2448 819 2477 et
843 2444 992 2477 universa
1015 2444 1129 2477 delicta

168 2497 270 2540 operit
293 2498 408 2531 caritas
424 2512 454 2530 ».
479 2498 565 2531 Unde
588 2501 620 2534 et
643 2497 674 2529 in
698 2497 806 2530 Glossa
828 2496 963 2530 dicitur:
998 2510 1014 2526 «
1029 2497 1129 2530 Ardor

169 2551 308 2584 caritatis
329 2551 361 2584 in
396 2560 433 2584 ea
466 2551 642 2593 rubiginem
672 2553 873 2591 peccatorum
909 2551 1128 2584 consumsit».

168 2603 230 2637 Nec
253 2604 354 2637 solum
378 2608 493 2647 purgat
516 2613 534 2636 a
558 2606 703 2645 peccam,
720 2602 774 2635 sed
791 2603 883 2636 etiam
909 2607 1082 2637 conservat
1097 2604 1128 2637 111

169 2657 299 2698 11161110,
324 2658 497 2691 secundum
522 2656 599 2689 illud
615 2656 653 2689 ad
669 2656 867 2690 Colossenses
891 2657 984 2690 tertio
997 2657 1024 2689 ⁸:
1047 2670 1063 2686 «κ
1076 2657 1129 2690 Su-

241 2852 250 2868 ¹
271 2854 344 2879 Vers.
366 2853 407 2879 17.

239 2896 249 2912 ²
269 2898 345 2923 Vei-s.
363 2897 389 2923 3.

239 2939 250 2955 ⁸
270 2941 327 2967 Vat.
346 2940 453 2969 scilicet.

239 2984 250 2999 ⁴
270 2986 363 3012 Psalm.
382 2987 424 3019 31,
440 2987 463 3019 1,
483 2990 543 3019 post
567 2994 648 3021 quem
667 2988 743 3021 Rom.
764 2988 792 3020 4,
807 2987 832 3013 5.
851 2994 907 3021 seq.
926 3001 961 3007 —
973 2987 1056 3014 Codd.
1076 2987 1128 3014 CD

170 3030 271 3056 addunt
289 3029 339 3063 ibi,
359 3031 381 3057 Η
400 3031 463 3064 legit
481 3030 629 3066 beatificari
646 3031 725 3059 iuoeta
745 3031 814 3058 illud
832 3031 944 3058 Psalmi.

240 3073 251 3088 ¹⁵
271 3075 364 3101 Psalm.
384 3075 428 3106 34,
447 3076 472 3102 5.

239 3117 251 3133 ⁶
270 3119 328 3145 Vat.
344 3119 475 3153 prosecil‚·
494 3121 541 3145 611.
560 3123 648 3146 tamen
666 3127 746 3152 supra
765 3128 791 3146 n.
810 3120 855 3146 78.

240 3161 250 3177 ⁷
270 3164 345 3190 Vera.
365 3164 394 3195 8,
414 3167 472 3196 post
492 3170 573 3196 quem
593 3164 668 3190 Prov.
690 3165 738 3196 10,
760 3165 800 3190 12.
820 3167 851 3197 ,et
868 3165 959 3191 Glossa
984 3164 1128 3191 ordinaria

171 3208 327 3240 (secundum
346 3208 470 3240 Gregor.,
489 3208 517 3234 11.
541 3208 636 3236 Homil.
657 3208 681 3234 in
707 3209 806 3241 Evang.
826 3209 915 3234 homil.
936 3209 978 3235 33.
997 3216 1024 3235 n.
1045 3209 1080 3241 4.)
1100 3209 1128 3235 in

169 3252 231 3278 Luc.
250 3251 277 3283 7,
297 3251 338 3277 47.
960 3251 971 3266 '¹
990 3253 1064 3279 Vers.
1086 3253 1128 3289 14.

241 3293 253 3309 ⁹
272 3296 348 3321 prov.
368 3295 409 3327 31,
430 3296 479 3327 28,
498 3299 558 3328 post
575 3303 656 3330 quern
675 3303 701 3321 v.
721 3295 763 3321 29.
783 3299 808 3322 61
827 3296 870 3322 30.

242 3337 264 3353 ¹⁰
283 3340 341 3365 vat.
355 3338 383 3365 in
395 3338 446 3366 hac
465 3339 619 3374 quaestione
637 3339 816 3372 concluditur,
835 3347 904 3373 quae
922 3340 1000 3366 etiam
1019 3341 1128 3367 interius

2095 184 2155 215 187

1196 277 1252 310 per
1276 269 1381 300 omnia
1414 269 1490 301 haec
1522 270 1682 302 caritatem
1710 271 1839 309 habete,
1864 270 1946 312 quod
1972 274 2019 303 est
2048 271 2155 303 vincu-

1197 322 1261 354 lum
1288 322 1485 363 perfectionis
1502 336 1531 354 ».

1285 375 1337 406 80.
1370 375 1476 407 Tertio
1513 384 1586 407 vero
1621 377 1792 417 approbat,
1825 377 1899 418 quia
1933 377 2057 409 dilectio
2088 386 2155 409 eam

1196 426 1384 459 Phar-isaeo
1404 428 1621 469 praeposuit,-
1645 432 1773 469 propter
1790 429 1873 470 quod
1897 430 1996 461 addit:
2017 429 2079 461 Cui
2094 439 2156 461 αα-

1196 483 1257 512 tem
1281 480 1394 512 minus
1418 480 1618 519 dimittitur,
1637 481 1753 513 scilicet
1778 482 1960 520 Pharisaeo,
1978 483 2091 514 minus·
2108 483 2155 514 di-

1196 533 1284 574 liyit,
1310 542 1407 574 quam
1431 533 1489 565 ista
1519 534 1569 565 cui
1594 533 1721 566 dimissa
1745 538 1818 566 sunt
1844 535 1951 567 multa.
1980 536 2013 567 Et
2038 536 2078 567 ita
2115 545 2154 568 ex

1196 586 1255 618 hoc
1279 585 1496 624 concluditur,
1522 586 1604 627 quod
1632 587 1721 628 longe
1757 587 1827 628 plus
1851 597 1944 629 quam
1973 588 2157 620 Pharisaeus

1160 638 1163 642 '
1195 638 1363 671 Dominum
1387 639 1521 677 amavit,
1546 642 1577 671 et
1603 639 1670 671 ideo
1693 640 1828 681 amplius
1846 640 1908 672 Deo
1932 644 2058 681 accepta
2083 641 2156 678 suit;

1194 695 1226 724 et
1249 696 1416 733 propterea
1446 705 1461 719 «
1477 701 1545 725 eam
1572 692 1708 725 laudavit
1726 693 1773 724 vir
1790 693 1858 725 eius
1872 693 1884 712 9
1897 707 1927 731 »,
1945 695 2032 735 quasi
2051 694 2157 726 11166115

1195 745 1252 777 sibi
1278 745 1354 777 illud
1381 745 1622 778 proverbiorum
1648 746 1774 777 ultimo:
1806 747 1950 779 «Multae
1976 747 2056 779 filiae
2085 756 2156 779 6011-

1194 803 1407 840 gregaverunt
1430 798 1572 837 divitias,
1599 803 1632 831 tu
1658 808 1863 840 supergressa
1887 808 1919 831 es
1944 800 2108 832 universas
2126 813 2156 837 »;

1195 851 1269 893 quia
1298 851 1425 883 «fallax
1450 852 1568 893 gratia,
1593 855 1624 884 et
1649 861 1728 884 vana
1750 856 1797 884 est
1821 853 2018 894 pulcritudo;
2045 853 2157 886 mulier

1196 903 1310 936 timens
1334 904 1517 942 Dominum,
1544 904 1610 946 ipsa
1637 904 1814 936 laudabitur
1832 918 1861 936 ».
1880 923 1922 927 —
1948 906 2033 938 Patet
2050 905 2156 947 igitur,

1195 957 1352 998 quomodo
1369 957 1399 989 in
1418 957 1476 989 hac
1489 957 1689 990 conclusione
1702 957 1859 990 clauditur
1876 958 1900 976 ¹0
1917 958 2055 999 perfecta
2072 967 2155 991 com-

1195 1009 1352 1042 mendatio
1368 1013 1399 1042 et
1414 1010 1598 1052 approbatio
1614 1011 1770 1053 diligentis
1787 1015 1896 1043 contra
1912 1003 2061 1043 iudicium
2081 1012 2156 1044 Pha-

1196 1063 1287 1096 risaei
1305 1064 1403 1105 ipsam
1422 1065 1663 1102 contemnentis,
1681 1064 1756 1106 quia
1773 1065 1939 1106 reputabat
1952 1074 2018 1097 eam
2034 1066 2155 1106 plenam

1196 1116 1331 1157 peccatis
1347 1120 1378 1149 et
1395 1126 1525 1149 vacuam
1541 1117 1674 1155 meritis,
1693 1121 1723 1149 et
1740 1117 1783 1149 sic
1801 1117 1927 1150 viluisse
1945 1118 1973 1149 111
1988 1122 2157 1159 conspectu

1196 1169 1323 1211 superni
1349 1169 1469 1202 iudicis.
1503 1169 1591 1210 Quod
1617 1174 1715 1202 totum
1741 1171 1945 1203 exsufflatum
1971 1175 2018 1203 est
2044 1171 2072 1202 in
2100 1172 2156 1203 hac

1195 1223 1412 1261 conclusione,
1437 1231 1510 1255 cum
1528 1223 1594 1264 ipsa
1609 1223 1786 1256 ostenditur
1810 1224 1976 1256 iustificata
1992 1234 2007 1256 a
2032 1229 2156 1265 peccato

1194 1279 1226 1308 et
1249 1275 1454 1316 multiplicata
1478 1276 1508 1307 in
1536 1276 1647 1308 merito
1670 1280 1701 1308 et
1724 1277 1897 1318 anteposita
1922 1278 2095 1309 Pharisaeo.

1284 1329 1336 1360 81.
1363 1328 1397 1359 Et
1422 1332 1512 1367 nota,
1536 1329 1619 1370 quod
1644 1329 1674 1360 in
1711 1330 1768 1361 hac
1796 1331 1995 1363 conclusione
2020 1331 2154 1363 insertur

1194 1381 1423 1413 commendatio
1447 1381 1621 1414 dilectionis
1645 1382 1758 1415 Christi
1793 1388 1937 1424 respectu
1964 1384 2155 1416 remissionis

1194 1434 1312 1475 peccati
1338 1443 1393 1475 per
1418 1434 1546 1466 modum
1571 1444 1695 1467 causae
1718 1440 1748 1467 et
1773 1445 1828 1477 per
1865 1436 1990 1468 modum
2015 1435 2154 1478 effeetus:

1194 1487 1279 1520 Unde
1304 1487 1448 1520 remissio
1473 1488 1587 1529 peccati
1610 1489 1855 1530 praemittitur,
1873 1494 1904 1522 et
1922 1491 2062 1523 remissio
2086 1500 2157 1532 pec-

1195 1541 1253 1574 cati
1276 1541 1507 1583 postponitur,
1532 1545 1563 1574 et
1586 1541 1709 1574 dilectio
1739 1543 1971 1584 interponitur.
1999 1544 2049 1576 Est
2073 1545 2155 1577 enim

1195 1594 1348 1626 remissio
1379 1594 1482 1636 quoad
1511 1604 1673 1636 poenam,
1699 1598 1729 1627 et
1758 1595 1835 1628 haec
1867 1600 2016 1629 causatur
2040 1606 2058 1628 a
2080 1597 2156 1630 dile-

1195 1647 1314 1686 ctione;
1340 1651 1370 1680 et
1394 1648 1497 1690 quoad
1529 1648 1679 1690 culpam,
1705 1652 1737 1681 et
1768 1649 1844 1682 haec
1877 1649 1995 1682 inducit
2019 1650 2158 1683 dilectio-

1195 1710 1276 1733 nem.
1302 1701 1338 1733 Et
1363 1710 1476 1734 rursus
1500 1705 1547 1734 est
1570 1702 1696 1734 dilectio
1721 1701 1873 1745 affectus,
1899 1707 1929 1735 et
1955 1704 2034 1735 hanc
2067 1704 2158 1736 indu-

1195 1754 1237 1787 cit
1261 1754 1377 1796 peccati
1404 1755 1560 1794 remissio,
1586 1755 1758 1787 secundum
1785 1755 1869 1797 quod
1894 1758 2028 1797 supra¹¹
2055 1761 2158 1789 osten-

1195 1816 1265 1840 sum
1292 1807 1350 1839 fuit
1374 1808 1404 1839 111
1430 1808 1585 1840 Pharisaei
1603 1808 1727 1840 iudicio.
1751 1808 1786 1840 Et
1802 1812 1849 1840 est
1865 1809 1992 1840 dileetio
2009 1808 2156 1851 effeetus,

1194 1863 1226 1894 et
1250 1861 1326 1893 haec
1351 1860 1469 1893 inducit
1493 1860 1611 1902 peccati
1636 1861 1851 1893 remissionem
1872 1862 1975 1903 quoad
1996 1872 2156 1903 poenam,

1195 1914 1369 1947 secundum
1393 1913 1477 1955 quod
1501 1913 1658 1955 colligitur
1679 1922 1720 1945 ex
1735 1913 1858 1955 ¹triplici
1880 1914 2053 1946 dilectionis
2078 1915 2155 1947 indi-

1195 1967 1242 1999 cio
1257 1967 1292 1998 ¹⁵².
1317 1966 1404 1999 Unde
1428 1966 1486 1998 ista
1508 1966 1667 1999 conclusio
1683 1969 1836 2007 quantum
1861 1966 1899 1999 ad
1924 1967 2058 2009 primam
2084 1978 2154 2009 par-

1195 2023 1256 2052 tem
1290 2019 1458 2060 respondet
1488 2019 1659 2051 inductioni
1684 2019 1782 2052 factae
1811 2020 1841 2051 in
1866 2020 1956 2053 bonis
1984 2021 2153 2062 operibus3

1194 2075 1349 2113 quantum
1373 2071 1412 2103 ad
1436 2071 1605 2104 secundam
1630 2072 1798 2113 respondet
1818 2073 1992 2114 quaestioni
2017 2073 2055 2106 de
2078 2074 2156 2106 duo-

1194 2124 1254 2157 bus
1269 2124 1465 2157 debitoribus
1489 2128 1520 2156 et
1536 2124 1704 2166 respondet
1724 2125 1818 2157 simul
1834 2126 1982 2158 omnibus
2005 2127 2155 2168 praemis-

1194 2177 1245 2210 sis.
1276 2195 1316 2199 —
1346 2177 1447 2218 Super
1472 2177 1530 2209 hoc
1554 2177 1648 2210 etiam
1671 2177 1862 2211 advertenda
1885 2183 1932 2211 est
1960 2179 2075 2212 Christi
2099 2190 2155 2212 sa-

1192 2229 1318 2272 pientia
1341 2229 1374 2262 in
1397 2230 1600 2272 approbando
1616 2232 1840 2272 peccatricem,
1859 2241 1952 2274 quam
1972 2233 2157 2265 Pharisaeus

1193 2283 1464 2316 condemnaverat.
1491 2284 1647 2326 Approhat
1679 2294 1748 2318 eam
1772 2294 1813 2318 ex
1837 2285 1916 2318 datis
1940 2295 1958 2318 a
1991 2286 2156 2319 Pharisaeo

1194 2339 1225 2369 et
1240 2345 1283 2369 ex
1299 2337 1455 2370 concessis
1468 2337 1505 2376 ²³,
1529 2337 1640 2370 deinde
1657 2347 1698 2370 ex
1714 2338 1887 2371 manifestis
1904 2338 2037 2377 indiciis;
2055 2339 2156 2380 primo

1193 2390 1283 2432 quasi
1308 2390 1536 2433 syllogizando,
1561 2391 1698 2424 secundo
1723 2391 1812 2433 quasi
1837 2391 2029 2430 inducendo;
2048 2392 2156 2433 primo

1194 2444 1225 2476 in
1249 2444 1405 2486 generali,
1430 2444 1567 2477 secundo
1599 2444 1630 2476 in
1654 2444 1797 2486 speciali;
1830 2445 1932 2486 primo
1961 2445 2155 2486 parabolice,

1193 2497 1332 2531 secundo
1362 2506 1522 2540 expresse.
1555 2498 1598 2530 Ad
1629 2498 1707 2530 haec
1730 2498 1834 2530 omnia
1866 2498 2033 2540 respondet
2061 2498 2157 2530 illatio

1194 2551 1403 2584 conclusionis
1426 2551 1625 2593 praemissae.

2173 385 2198 405 [ἰ
2214 389 2302 411 praepo-

2178 411 2218 431 nia
2229 410 2301 432 Phari-

2212 443 2269 458 saco.

2178 913 2284 939 Epilogus.

2175 1338 2280 1358 Notauda.

2191 1549 2272 1576 Duplex
2291 1555 2322 1570 re-

2177 1577 2250 1597 missio
2261 1579 2281 1597 et
2292 1576 2323 1597 di-

2177 1603 2248 1624 lectio.

2175 2186 2302 2216 Christi-sa-

2199 2214 2287 2239 pientia.

2181 2566 2259 2589 Tertio.
2276 2565 2302 2586 de

2169 2592 2320 2618 benignissima

1284 2605 1336 2636 82.
1362 2604 1463 2645 (Vers.
1497 2604 1575 2644 48).
1609 2604 1701 2636 Dixit
1732 2609 1843 2637 autem
1876 2605 1922 2636 ad
1952 2604 2053 2636 illarii.
2088 2605 2156 2637 Post
2175 2618 2310 2639 absumus

1194 2657 1360 2699 benignam
1396 2657 1625 2699 susceptionem
1662 2657 1837 2690 accedentis
1876 2661 1907 2690 et
1943 2657 2155 2699 benigniorem

1194 2861 1242 2886 pro
1262 2853 1371 2881 viluisse
1389 2853 1522 2880 substituit
1548 2853 1663 2886 venisse,
1691 2855 1711 2879 D
1732 2853 1833 2880 ciuisse.
1859 2853 1977 2879 Subinde
2001 2861 2049 2885 pro
2070 2853 2156 2879 mulli-

1190 2898 1294 2933 plicata
1315 2899 1334 2924 D
1353 2898 1528 2932 amplificata.

1264 2940 1285 2956 ¹¹
1305 2943 1382 2968 Num.
1399 2942 1444 2968 74.
1463 2949 1537 2975 seqq.
1550 2956 1585 2962 —
1599 2943 1656 2968 Vat.
1676 2943 1751 2975 legit:
1771 2941 1845 2968 Unde
1858 2941 1962 2968 dilectio
1981 2941 2082 2975 ‹inplea-
2101 2944 2154 2968 est:

1192 2987 1281 3014 altera
1299 2986 1420 3021 effectus,
1440 2988 1464 3014 el
1483 2986 1554 3014 hanc
1573 2986 1721 3014 introducit
1732 2986 1855 3013 remissio
1871 2986 1976 3020 peccati
1994 2985 2084 3020 quoad
2102 2986 2155 3013 cul<

1193 3039 1271 3066 pam,
1290 3031 1439 3058 secundum
1458 3030 1530 3065 quod
1548 3038 1635 3065 supra
1654 3033 1791 3058 ostensum
1809 3032 1849 3057 est
1872 3038 1907 3057 ea·
1929 3030 2071 3057 Pharisaei
2089 3030 2155 3056 iudi-

1193 3075 1243 3103 cio.
1265 3074 1357 3102 Altera
1375 3076 1413 3102 est
1433 3074 1536 3102 dilectio
1555 3075 1683 3110 affectus,
1705 3076 1728 3101 et
1748 3074 1812 3101 haec
1832 3078 1880 3100 etc.

1264 3118 1285 3134 ¹²
1306 3120 1390 3152 Supra
1410 3127 1436 3145 n.
1456 3119 1498 3145 75.
1518 3127 1608 3153 seqq.,
1628 3119 1673 3145 ubi
1693 3119 1772 3145 etiam
1799 3119 1917 3145 inductio
1942 3119 1975 3145 de
2001 3118 2156 3144 benevolen-

1193 3164 1242 3190 tiae
1261 3163 1400 3196 operibus,
1420 3164 1466 3190 cir.
1486 3171 1566 3196 supra
1585 3164 1663 3190 61111111
1683 3171 1708 3189 11.
1728 3163 1771 3189 67.
1790 3163 1833 3189 78.

1262 3206 1285 3222 ¹⁸
1304 3208 1366 3234 Sive
1378 3215 1410 3234 ex
1423 3211 1581 3241 argumento
1593 3207 1630 3234 ad
1647 3207 1800 3240 hominem;
1814 3209 1859 3233 611.
1874 3208 1990 3239 Aristot.,
2006 3208 2033 3233 11.
2046 3207 2152 3232 Elench.

1192 3259 1215 3278 c.
1228 3252 1254 3278 3.
1267 3251 1302 3285 (6.
1316 3252 1383 3285 22),
1403 3255 1429 3278 et
1447 3255 1510 3278 tom.
1531 3253 1546 3277 1.
1572 3259 1633 3284 pag.
1654 3252 1718 3283 ⁴04,
1731 3255 1791 3278 nota
1809 3252 1849 3277 11.
1862 3255 1887 3278 et
1900 3258 1961 3284 pag.
1981 3252 2037 3281 131,
2057 3254 2116 3276 nota
2130 3250 2155 3275 6.

1191 3309 1227 3315 -
1240 3296 1277 3321 De
1294 3295 1452 3330 syllogismo
1474 3299 1500 3322 et
1522 3295 1675 3322 inductione
1693 3296 1756 3322 vide
1775 3297 1893 3327 Aristot„
1913 3296 1940 3321 11.
1967 3295 2047 3320 Prior.
2069 3301 2092 3320 c.
2112 3294 2154 3319 23.

1192 3340 1227 3374 (c.
1247 3339 1311 3373 253.
1329 3354 1364 3360 —
1384 3341 1511 3373 Superius
1529 3343 1589 3373 post
1603 3340 1782 3374 peccatricem
1803 3341 1860 3366 Vat.
1879 3340 1953 3365 addit
1968 3338 2154 3373 poenitentmn.

2176 2644 2305 2675 poenitentis

2217 2674 2265 2692 lna.
