2476 3921
187 409 249 430 Ratio
264 410 284 430 3.

175 725 281 747 Secunda.

156 778 280 800 Miraculum

160 811 266 832 magnum.

155 1412 278 1442 lilii-aculam

183 1445 250 1465 pium.

307 262 347 294 302

305 349 477 390 septimo¹t
507 361 521 375 «
540 347 660 379 Beatior
688 350 793 378 auten]
829 346 906 384 erit,
931 346 956 378 si
980 346 1024 378 sic
1052 346 1262 388 permanserit

304 401 476 434 secundum
499 409 604 432 meum
629 399 793 432 consilium
810 412 839 430 ».
866 417 907 422 —
932 399 1002 431 Fuit
1025 399 1118 431 etiam
1143 398 1261 431 beatis-

302 456 389 488 sima
404 457 533 496 propter
546 452 762 494 privileyium
776 450 1002 494 fecunditatis,
1019 454 1148 493 propter
1163 461 1260 493 quam

303 511 424 540 ceterae
447 505 595 538 mulieres
619 504 843 539 beatissimam
860 513 928 536 eam
944 504 1140 545 praedicant,
1156 505 1260 537 Canti-

301 569 410 593 corum
435 562 542 591 sexto:
572 571 587 586 ιι
604 557 759 590 Viderunt
782 566 849 589 eam
875 557 957 589 filiae
980 557 1051 589 Sion
1081 561 1111 590 et
1146 556 1259 590 beatis-

301 614 411 645 simam
436 611 698 654 praedicaverunt
714 624 743 642 ι».

391 667 441 697 92.
468 665 568 704 (Vers.
594 665 671 705 49).
689 663 831 696 Secunda
855 664 934 696 ratio
958 664 1103 696 laudandi
1127 667 1175 697 est
1197 664 1260 696 mi-

300 719 457 752 racula-m
488 718 669 760 potentiae,
694 717 778 759 quod
812 717 871 749 fuit
903 726 1064 760 inaquam
1088 720 1131 749 'et
1150 718 1257 759 pium.

301 772 380 814 Quia
403 771 580 814 maynum,
604 771 695 803 dicit:
723 771 812 811 Quia
835 769 914 812 fecit
944 769 1028 803 milti
1049 780 1177 813 mayna
1201 772 1261 814 qai

298 829 410 867 potens·
426 828 480 856 est.
498 824 559 856 Hoc
587 823 724 855 refertur
741 823 779 855 ad
804 822 1027 855 incarnationis
1055 823 1258 864 mysterium,

300 878 381 911 sicut
403 877 478 909 dicit
502 876 582 909 Beda
606 876 637 908 in
660 875 811 914 Glossa²;
836 878 867 908 et
890 875 928 907 de
963 876 1022 908 hoc
1054 876 1106 908 lob
1129 876 1258 917 quinto:

306 944 321 958 «
337 930 395 971 Qui
420 929 492 962 facit
515 938 627 970 magna
650 931 681 961 et
704 928 920 960 inscrutabilia
943 931 974 961 et
1002 928 1157 960 mirabilia
1189 928 1260 960 abs-

300 992 362 1025 que
386 991 519 1015 numero
537 995 565 1013 ι».
590 981 813 1013 lncarnationis
836 981 1021 1022 mysterium
1046 984 1093 1013 est
1109 990 1259 1022 magnum

300 1040 331 1068 et
356 1034 643 1076 imperscrutabile,
668 1036 700 1066 et
724 1034 791 1066 ideo
815 1033 1014 1071 admirabile;
1044 1036 1076 1076 et
1100 1034 1159 1066 hoc
1182 1032 1259 1075 fecit

301 1089 359 1132 qui
378 1092 492 1129 potens
515 1092 579 1125 est,
603 1088 677 1128 quia
706 1087 765 1118 «in
790 1087 886 1119 rebus
909 1086 1117 1124 mirabilibus,
1134 1090 1170 1119 ut
1185 1087 1260 1119 dicit

300 1140 492 1182 Augustinus
504 1140 527 1177 ³,
553 1142 616 1171 tota
639 1139 719 1171 ratio
742 1139 814 1171 tacti
838 1143 885 1171 est
909 1138 1047 1180 potentia
1069 1139 1211 1172 facientis
1227 1152 1258 1179 ”3

300 1192 501 1225 Ecclesiastae
525 1195 653 1224 octavo:
682 1204 697 1220 «
713 1191 823 1230 Omne,
856 1191 940 1233 quod
964 1191 1114 1230 voluerit,
1147 1191 1256 1231 faciet,

300 1246 374 1288 quia
389 1254 493 1292 sermo
516 1245 601 1277 illius
625 1248 775 1286 potestate
799 1245 911 1286 plenus
934 1248 999 1283 est,
1016 1254 1073 1277 nec
1101 1244 1205 1277 dicere
1229 1245 1256 1278 ei

300 1299 467 1341 quisquam
491 1301 609 1340 potest:
634 1298 739 1339 Quare
762 1298 804 1330 ita
828 1298 903 1331 facis
915 1301 953 1330 »⁴3

390 1352 440 1385 93.
466 1351 535 1383 Fuit
558 1351 650 1383 etiam
671 1351 787 1393 piam,
812 1355 843 1384 et
867 1355 1034 1393 propterea
1057 1351 1146 1383 dicit:
1172 1351 1258 1383 San-

299 1410 388 1438 ctam
412 1414 529 1437 nomen
553 1404 633 1436 eius.
659 1404 744 1437 Unde
768 1408 875 1437 sancta
898 1408 929 1437 et
945 1405 996 1446 pia
1018 1404 1109 1443 facit,
1134 1408 1170 1437 ut
1187 1414 1258 1437 san-

298 1459 435 1491 ctitatem
459 1458 601 1491 ostendat
625 1458 758 1490 nominis
782 1457 849 1497 sui;
866 1458 1002 1490 Danielis
1019 1458 1152 1490 tertio⁴z
1174 1458 1258 1490 «Be-

298 1512 457 1545 nedictum
474 1521 587 1544 nomen
604 1511 721 1553 gloriae
738 1515 825 1550 tuae,
842 1511 926 1553 quod
950 1515 997 1543 est
1021 1514 1163 1544 sanctum
1178 1524 1209 1550 »;
1227 1514 1258 1544 et

300 1565 455 1597 psalmus:
491 1577 506 1592 a
523 1565 670 1596 Sanctum
703 1568 734 1596 et
769 1564 909 1596 terribile
944 1573 1057 1597 nomen
1081 1564 1196 1596 eius».
1222 1565 1259 1596 Et

298 1617 377 1649 ratio
401 1617 497 1649 huius
521 1616 752 1659 praemittitur:
783 1629 798 1645 «
815 1616 1067 1658 Redemptionem
1091 1616 1177 1649 misit
1204 1626 1259 1658 po-

298 1671 373 1713 pulo
396 1680 500 1703 suo».
527 1670 562 1702 Et
585 1670 660 1712 quia
690 1678 803 1702 nomen
839 1669 907 1702 eius
937 1669 1027 1702 decet
1062 1670 1257 1709 sanctitudo,

297 1723 366 1756 ideo
400 1732 545 1755 oramus:
575 1722 824 1755 «Sanctificetur
860 1731 974 1755 nomen
1011 1726 1150 1761 tuum»,
1183 1723 1258 1755 Mat-

296 1777 379 1809 thaei
404 1779 512 1814 sexto;
537 1779 568 1808 et
591 1784 705 1808 rursus
729 1775 886 1808 Psalmus:
917 1788 932 1804 α
949 1776 1083 1808 Domum
1100 1780 1187 1809 tuam
1204 1776 1257 1810 de—

297 1833 345 1863 cet
368 1830 559 1868 sanctitudo,
583 1829 727 1868 Domine,
752 1829 784 1861 in
808 1821 1002 1871 longitudine
1024 1829 1147 1862 dierum
1164 1843 1195 1862 ».
1214 1831 1257 1863 De

298 1883 346 1915 his
369 1883 510 1921 (luobus,
535 1883 651 1915 scilicet
674 1882 906 1925 maym'cudz'ne
929 1885 960 1916 et
979 1883 1119 1925 pietate,
1137 1884 1257 1925 primae

296 1936 334 1968 ad
359 1935 556 1968 Timotheum
582 1935 718 1968 tertio⁵:
748 1948 763 1964 «
782 1936 817 1968 Et
840 1935 1002 1968 manifeste
1034 1945 1182 1978 magnum
1210 1940 1257 1970 est

296 1988 420 2030 pietatis
459 1991 713 2027 sacramentum,
749 1988 833 2030 quod
872 1988 1108 2022 manifestatum
1143 1992 1190 2021 est
1225 1989 1256 2021 in

296 2050 404 2080 carne,
428 2041 632 2074 iustificatum
656 2045 703 2074 est
726 2041 757 2074 in
782 2041 911 2083 spiritu,
935 2041 1082 2083 apparuit
1116 2042 1256 2083 Angelis,

295 2095 510 2136 praedicatum
540 2098 588 2127 est
618 2095 779 2136 gentibus,
807 2094 962 2128 creditum
993 2097 1041 2127 est
1071 2094 1103 2126 in
1127 2095 1276 2133 mundo,v

295 2150 471 2180 assumtum
494 2152 541 2180 est
572 2148 604 2180 in
635 2148 735 2190 gloria
751 2160 782 2187 »;
806 2157 970 2190 magnam
993 2147 1111 2189 quippe
1136 2147 1257 2180 ratione

295 2201 489 2240 Divinitatis‚
513 2205 667 2234 sanctum
698 2201 818 2234 ratione
849 2203 1008 2234 assumtae
1036 2200 1256 2239 humanitatis3

295 2264 392 2297 supra
415 2255 540 2288 eodem:
571 2268 587 2284 (ι
602 2255 692 2296 Quod
714 2256 862 2288 nascetur
885 2263 927 2287 ex
951 2257 982 2286 te
998 2256 1142 2286 sanctum
1166 2262 1258 2286 voca-

296 2308 381 2340 bitur
405 2308 499 2341 Filius
521 2308 575 2341 Dei
589 2321 620 2340 ».
647 2308 683 2340 Et
702 2307 780 2340 rideo
803 2307 898 2349 Virgo
923 2307 954 2339 in
971 2306 1173 2347 conceptione
1197 2305 1257 2338 fuit

295 2361 491 2403 magnificata
506 2364 537 2394 et
553 2360 759 2399 sanctiticata3
778 2360 934 2393 Psalmus:
958 2372 973 2388 «
985 2359 1195 2392 Sanctificavit
1212 2362 1257 2391 ta—

295 2415 502 2448 bernaculum
519 2423 612 2447 suum
637 2413 812 2446 Altissimus
827 2426 858 2445 n.
884 2413 920 2445 Et
943 2413 1020 2445 haec
1043 2412 1107 2445 duo
1128 2421 1257 2455 respon-

294 2468 369 2501 dent
392 2468 517 2500 (luobus
533 2466 731 2508 praemissis,
755 2466 830 2508 quia
852 2466 1049 2508 magnificata
1065 2468 1096 2498 et
1119 2466 1256 2499 sanctifi-

367 2721 374 2735 ¹
397 2722 472 2747 Vers.
492 2721 532 2747 40.
552 2735 587 2741 —
606 2721 723 2748 Subinde
742 2723 868 2755 allegatur
887 2722 958 2749 Cant.
979 2725 1009 2756 6,
1029 2725 1053 2749 8.

366 2765 376 2780 ²
396 2767 484 2791 (ilossa
510 2765 653 2793 ordinaria
682 2767 763 2800 (apud
793 2767 886 2799 Strab.‚
914 2768 991 2794 Card.
1020 2768 1087 2800 Hug.
1107 2771 1133 2794 et
1160 2769 1254 2800 Lyran.

295 2810 396 2843 absque
414 2810 520 2836 nomine
539 2809 651 2843 Bedae):
674 2821 687 2834 «ι
703 2811 772 2843 Quia
791 2811 853 2845 fecit
870 2811 938 2838 mihi
954 2819 1069 2846 maymz,
1089 2812 1151 2845 quia
1172 2813 1198 2837 in
1211 2819 1254 2837 me

295 2861 399 2880 carnem
419 2854 513 2879 sumsit
536 2858 561 2880 et
580 2861 622 2880 me
647 2862 660 2880 a
687 2855 801 2887 peccatis
830 2856 967 2881 mundavit
991 2859 1016 2881 et
1044 2856 1113 2881 dona
1130 2856 1255 2888 'Spiritus

296 2898 375 2924 sancti
397 2899 458 2923 mihi
478 2899 585 2924 contulit
598 2909 622 2924 n.
643 2900 691 2925 Pro
712 2907 736 2925 v.
758 2899 844 2925 46-48.
864 2903 889 2926 et
908 2907 957 2932 pro
983 2899 1071 2926 verbis
1096 2908 1122 2925 v.
1154 2900 1198 2925 49:
1221 2899 1255 2926 Et

295 2944 419 2969 sanctam
438 2949 534 2969 nomen
553 2943 609 2969 eius
628 2946 692 2975 etc„
718 2943 843 2975 allegatur
862 2951 876 2969 a
897 2944 986 2972 Glossa
1005 2943 1149 2970 ordinaria
1169 2944 1253 2976 Beda,

295 2987 369 3012 (silius
387 2987 530 3013 sententiae
548 2990 650 3013 sumtac
669 2991 730 3013 sunt
749 2989 789 3013 vel
809 2995 840 3014 ex
867 2987 1014 3014 Comment.
1032 2989 1059 3013 in
1079 2989 1141 3014 Luc.
1161 2989 1191 3021 4,
1212 2989 1253 3015 46,

295 3039 377 3064 seqq„
397 3032 437 3057 vel
456 3039 485 3057 ex
506 3032 599 3057 Homil.
619 3032 644 3057 in
674 3033 738 3057 sesto
768 3032 927 3058 Visitati0nis
946 3032 973 3057 B.
994 3032 1103 3063 Mariae,
1123 3032 1167 3058 ubi
1196 3040 1254 3059 can-

296 3076 336 3100 tici
357 3076 451 3101 Mariae
470 3079 556 3108 partes
575 3076 643 3101 duae
669 3076 878 3108 distinguuntur:
901 3076 1015 3102 «Primo
1040 3077 1108 3103 dona
1128 3077 1178 3103 sibi
1197 3084 1254 3109 spc-

294 3119 391 3144 ciallter
409 3126 533 3144 concessa
552 3118 688 3145 confltetur
717 3119 832 3153 [Maria];
853 3119 948 3146 deinde
968 3119 993 3153 [a
1013 3128 1040 3145 v.
1059 3121 1106 3145 50:
1127 3120 1161 3147 Et
1178 3120 1253 3147 mis-e-

294 3162 413 3189 ricordia
432 3162 489 3189 eiu-s
508 3161 571 3197 ete]
590 3164 719 3195 generalia
748 3164 793 3189 Dei
823 3163 962 3197 benesscia,
982 3164 1079 3197 quibus
1098 3165 1188 3197 generi
1209 3167 1254 3191 hu·

295 3213 373 3231 mano
392 3206 418 3231 in
437 3209 573 3232 aeternum
598 3207 733 3233 consulere
762 3214 813 3233 non
842 3207 955 3240 desistit,
981 3212 1153 3234 enumerat».
1174 3209 1252 3235 Maria

298 3250 409 3276 «meriti
437 3250 575 3282 privilegio
600 3251 739 3283 singularis
767 3252 893 3284 spirituali
913 3252 994 3284 ipsius
1024 3252 1091 3286 [Dei]
1117 3253 1254 3279 dilectione

297 3294 437 3327 flagrabat,
456 3295 531 3321 cuius
549 3296 678 3327 corporali
697 3296 867 3328 conceptione
887 3296 1027 3328 gaudebat.
1048 3298 1134 3330 Quare
1154 3297 1209 3323 iure
1228 3297 1254 3323 in

296 3339 366 3369 lesu,
386 3338 410 3364 id
430 3342 469 3364 est
486 3339 514 3364 in
533 3339 637 3365 salutari
649 3347 710 3371 suo,
724 3340 827 3372 speciali
848 3347 912 3372 prae
931 3341 1024 3368 ceteris
1042 3341 1142 3367 Sanctis
1156 3341 1253 3373 gaudio

297 3382 382 3412 potuit
399 3379 539 3413 exsultare,
558 3383 619 3415 quia
639 3390 718 3415 quein
738 3386 896 3415 perpetuum
915 3384 1004 3410 salutis
1022 3387 1157 3410 auctorem
1176 3392 1254 3410 nove-

296 3428 347 3456 rat⁷
367 3426 435 3450 hunc
455 3425 541 3456 ipsum
561 3426 698 3456 temporali
718 3429 776 3450 ortu
797 3426 830 3450 de
849 3433 928 3451 carne
946 3434 991 3451 sua
1014 3427 1175 3451 nasciturum
1196 3434 1254 3451 esse

915 257 1107 290 COMMENT.
1134 258 1170 290 IN
1194 250 1433 290 EVANGELlUM
1458 257 1573 290 LUCAE
1598 257 1629 289 C.
1656 258 1675 289 l.

1325 349 1411 384 cata,
1435 345 1504 378 ideo
1521 345 1731 387 magnificavit
1746 348 1778 378 et
1793 346 1981 384 exsultavit3
2007 346 2075 379 ideo
2098 346 2214 388 optime
2231 356 2281 379 ra-

1325 399 1440 431 tionem
1465 398 1575 430 reddit.
1668 400 1672 405 ‘

1414 451 1466 483 94.
1493 452 1531 483 Ει
1554 451 1787 484 misericordia.
1810 452 1882 484 eius
1898 455 1956 484 etc.
1975 452 2140 494 Postquam
2165 452 2281 485 descri-

1324 508 1377 546 pta
1399 508 1447 537 est
1471 504 1625 536 laudantis
1648 504 1769 536 affectio
1793 508 1823 537 et
1847 504 1991 536 laudandi
2017 505 2110 544 ratio,
2136 505 2282 538 subditur

1325 557 1375 590 hic
1395 557 1485 590 tertio
1501 558 1623 590 divinae
1637 557 1748 590 laudis
1760 557 1986 600 amplificatio.
2005 559 2041 591 Et
2054 559 2130 591 haec
2142 558 2283 591 consistit

1324 609 1355 642 in
1379 610 1647 643 commendatione
1671 610 1794 643 divinae
1817 610 2049 643 misericordiae
2065 607 2282 653 quantum'ad

1323 671 1403 704 opus
1419 663 1641 705 redemptionis
1665 663 1838 702 humanae,
1863 663 1924 695 iam
1941 663 1972 695 in
1997 664 2197 705 conceptione
2214 664 2283 696 Vir-

1323 716 1403 757 ginis
1420 716 1591 748 inchoatae.
1608 715 1696 758 Opus
1712 719 1817 748 autem
1842 720 1967 749 nostrae
1991 716 2213 758 redemptionis
2236 720 2284 749 est

1322 768 1548 801 declarativum
1565 769 1815 801 misericordiae
1831 772 1861 802 et
1874 769 2048 811 potentiae,
2065 772 2175 811 estque
2187 770 2199 788 ⁰
2217 778 2282 802 ma-

1323 821 1535 854 nifestativum
1560 821 1729 865 laryitatis
1760 825 1791 854 et
1818 822 1987 854 veritatis:
2013 822 2282 861 misericordiae,

1323 875 1354 907 in
1379 875 1568 907 relevatione
1594 875 1728 908 hominis
1759 875 1854 916 lapsi3
1878 875 2061 917 potentiae,
2087 875 2118 907 in
2142 878 2285 916 prostra«

1323 928 1406 960 tione
1429 927 1559 966 diaboli;
1585 928 1770 970 laryitatis,
1787 928 1819 960 in
1835 928 2001 960 diffusione
2018 928 2153 970 Spiritus
2169 928 2282 967 sancti;

1323 984 1354 1013 et
1377 980 1545 1019 veritatis,
1570 980 1601 1012 in
1625 980 1845 1024 adimpletione
1868 981 2024 1022 promissi.

1414 1034 1465 1066 95.
1491 1034 1591 1075 (Vers.
1618 1034 1694 1074 50).
1719 1033 1822 1066 Primo
1853 1034 1950 1076 igitur
1978 1033 2084 1066 laudat
2114 1034 2281 1066 Dominum

1308 1087 1417 1119 'suum
1442 1086 1473 1119 in
1496 1096 1591 1128 opere
1608 1086 1847 1128 redemptionis,
1864 1087 2037 1119 secundum
2054 1087 2139 1129 quod
2155 1090 2202 1120 est
2217 1095 2284 1119 ma-

1324 1139 1536 1172 nifestativum
1572 1139 1841 1178 misericordiae,
1882 1139 1941 1172 ibi:
1976 1140 2016 1172 Et
2050 1139 2283 1172 misericordia

1324 1192 1395 1224 eius
1419 1202 1441 1224 a
1461 1192 1619 1234 proyenie
1650 1192 1686 1224 in
1713 1193 1888 1235 proyenies
1912 1192 2098 1225 timentibus
2121 1202 2217 1230 emm
2245 1192 2284 1225 ad

1324 1246 1473 1288 Ephesios
1496 1245 1677 1278 secund0⁷:
1707 1259 1722 1274 «
1739 1246 1837 1285 Deus,
1862 1247 1915 1288 qui
1948 1246 2036 1279 dives
2064 1250 2111 1279 est
2135 1247 2165 1279 in
2190 1246 2284 1279 mise-

1323 1298 1475 1337 ricordia,
1499 1302 1629 1340 propter
1653 1298 1780 1331 nimiam
1804 1299 1965 1341 caritatem
1990 1308 2097 1338 suam,
2122 1308 2185 1341 qua
2208 1299 2284 1332 dile-

1324 1351 1372 1384 xit
1396 1360 1469 1390 nos,
1494 1356 1525 1384 et
1549 1360 1621 1384 cum
1652 1360 1794 1384 essemus
1826 1352 1942 1384 mortui
1968 1352 2120 1393 peccatis,
2146 1352 2284 1385 convivi-

1322 1405 1427 1438 ficavit
1457 1414 1514 1438 nos
1537 1405 1662 1438 Christo
1678 1417 1708 1443 »;
1741 1408 1772 1437 et
1803 1405 1834 1437 in
1868 1405 2006 1438 Psalmo:
2041 1418 2055 1434 a
2073 1405 2284 1438 Misericordia

1322 1462 1428 1491 autem
1452 1458 1575 1491 Domini
1599 1458 1639 1491 ab
1662 1462 1790 1491 aeterno
1813 1462 1844 1491 et
1868 1467 1970 1500 usque
1994 1459 2025 1491 in
2049 1462 2214 1491 aeternum
2231 1468 2284 1492 su-

1322 1521 1379 1554 per
1403 1512 1549 1545 timentes
1571 1521 1645 1544 eum
1662 1525 1692 1543 n.
1710 1512 1770 1544 Hoc
1787 1512 1870 1544 enim
1887 1512 1923 1544 fit
1939 1521 2035 1554 super
2052 1522 2163 1545 omnes
2184 1521 2284 1554 quan-

1323 1569 1392 1597 tum
1416 1564 1455 1596 ad
1480 1564 1668 1606 beneficium
1700 1565 1979 1603 conservationis,
2005 1565 2179 1597 secundum
2206 1565 2284 1597 illud

1323 1617 1527 1650 Ecclesiastici
1543 1617 1665 1649 decimo
1678 1620 1787 1649 octavo
1799 1617 1826 1649 ⁸:
1848 1630 1864 1645 <t
1877 1617 2033 1649 Miseratio
2050 1617 2185 1649 hominis
2201 1617 2284 1650 circa

1323 1670 1508 1712 proximum
1543 1679 1657 1708 suum,
1693 1669 1908 1702 misericordia
1946 1673 2052 1702 autem
2092 1670 2146 1702 Dei
2186 1678 2283 1712 super

1321 1732 1447 1756 omnem
1470 1732 1597 1756 carnem
1613 1737 1643 1755 ».
1662 1722 1873 1756 Misericordia
1888 1726 1992 1769 tamen
2010 1722 2154 1755 liberans
2170 1725 2202 1755 et
2216 1722 2284 1755 sal-

1322 1786 1407 1809 vans
1429 1776 1468 1809 ad
1492 1777 1574 1809 solos
1599 1776 1743 1809 timentes
1767 1785 1800 1808 se
1823 1775 1983 1814 extendit,
2009 1775 2090 1808 sicut
2113 1776 2145 1808 in
2163 1776 2283 1808 Psalmo

1322 1829 1475 1872 scriptum
1499 1833 1561 1862 est:
1591 1829 1723 1870 «Quam
1757 1838 1870 1871 magna
1905 1829 2074 1861 multitudo
2109 1828 2283 1861 dulcedinis

1321 1885 1411 1921 tuae,
1436 1882 1582 1921 Domine,
1599 1891 1694 1924 quam
1711 1881 1900 1914 abscondisti
1919 1881 2103 1914 timentibus
2119 1884 2150 1913 te
2162 1882 2192 1912 »!
2212 1880 2282 1913 Ideo

1321 1935 1525 1974 Ecclesiastici
1550 1934 1705 1967 secundo:
1735 1947 1751 1962 «
1768 1934 1827 1975 Qui
1852 1933 1968 1966 timetis
2002 1933 2189 1972 Dominum,
2214 1942 2283 1975 spe-

1322 1992 1389 2020 rate
1412 1988 1444 2020 in
1469 1997 1541 2020 eum
1559 2001 1588 2019 ».

1411 2041 1463 2072 96.
1488 2040 1589 2081 (Vers.
1616 2040 1692 2079 51).
1729 2039 1871 2072 Secundo
1907 2039 2012 2072 laudat
2047 2048 2119 2072 eum
2155 2040 2186 2072 in
2223 2040 2282 2073 hoc

1321 2102 1433 2135 opere,
1458 2092 1632 2125 secundum
1657 2092 1741 2134 quod
1761 2095 1809 2125 est
1832 2092 2098 2125 manifestativum
2114 2093 2281 2135 potentiae

1321 2147 1354 2179 in
1374 2146 1544 2179 deiectione
1560 2146 1757 2178 daemonum
1776 2144 1997 2187 superborum
2013 2149 2045 2179 et
2060 2143 2201 2179 divitum
2217 2146 2282 2179 ini-

1321 2209 1474 2243 quorum.
1501 2199 1631 2241 Propter
1655 2199 1795 2240 primum
1819 2199 1910 2232 dicit:
1938 2199 2024 2232 Fecit
2043 2200 2225 2242 potentiam
2245 2200 2282 2233 in

1322 2251 1458 2285 brachio
1481 2262 1562 2291 suc,
1586 2252 1743 2295 dispersit
1772 2252 1931 2295 superbos
1955 2257 2058 2286 mente
2081 2253 2192 2287 cordis
2215 2254 2279 2286 sui.

1321 2307 1355 2339 In
1379 2307 1439 2339 hoc
1462 2309 1509 2339 est
1538 2306 1608 2339 laus
1638 2305 1694 2339 Dei
1725 2306 1884 2348 specialis;
1914 2306 1966 2339 Iob
1998 2306 2280 2349 quadragesimo⁹:

1327 2373 1342 2389 «
1358 2360 1509 2402 Disperge
1532 2359 1685 2401 superbos
1709 2359 1818 2392 furore
1834 2363 1903 2398 tun,
1920 2362 1952 2392 et
1968 2359 2140 2402 respiciens
2155 2369 2280 2393 omnem

1321 2417 1519 2455 arrogantem
1544 2413 1674 2446 humilia
1692 2426 1722 2445 ».
1749 2413 1784 2446 Et
1807 2413 1851 2446 sic
1875 2413 2040 2455 impletum
2063 2417 2110 2447 est
2134 2413 2213 2446 illud
2229 2413 2281 2457 Ec·-

1321 2466 1483 2500 clesiastici
1507 2466 1645 2500 decimo:
1675 2479 1691 2495 α
1708 2466 1801 2499 Sedes
1831 2466 1950 2499 ducum
1981 2466 2194 2509 superborum
2227 2467 2282 2500 de-

1318 2722 1442 2748 sciebat...
1463 2723 1535 2754 Quae
1554 2720 1725 2754 sequentibus
1753 2727 1861 2752 quoque
1889 2718 1990 2751 verbis,
2010 2727 2091 2752 quam
2111 2719 2171 2745 vilia
2191 2720 2225 2746 de
2250 2727 2279 2746 se

1320 2767 1375 2798 ipsa
1395 2766 1505 2791 senserit
1524 2764 1561 2799 [V.
1581 2762 1630 2790 ts:
1651 2764 1721 2796 Quia
1741 2763 1861 2798 respexit
1880 2763 2059 2791 humilitatem
2078 2763 2155 2798 ete.]‚
2174 2764 2281 2795 edocet,

1319 2813 1344 2836 et
1362 2810 1435 2843 quod
1454 2816 1544 2841 omne,
1563 2808 1694 2841 quidquid
1714 2807 1775 2834 boni
1791 2807 1875 2833 meriti
1894 2807 1999 2839 habuit,
2020 2809 2070 2833 hoc
2089 2814 2203 2840 superna
2223 2815 2280 2840 gra-

1319 2854 1353 2880 tia
1372 2854 1498 2886 largiente
1517 2852 1663 2885 perceperit
1691 2852 1727 2885 [v.
1749 2852 1794 2878 49:
1815 2851 1885 2885 Quia
1912 2852 1974 2886 fecit
2001 2852 2070 2878 mihi
2086 2859 2188 2887 maqna
2207 2851 2280 2886 etc.].

1319 2898 1370 2925 Csr.
1389 2899 1458 2930 llug.
1479 2905 1493 2923 a
1514 2900 1538 2924 S.
1561 2898 1634 2929 Vict.y
1657 2898 1788 2930 Explanat.
1803 2897 1829 2923 in
1843 2897 1939 2923 Cantic.
1954 2898 1981 2923 B.
1997 2898 2100 2923 Mariae.
2115 2912 2150 2917 —
2164 2897 2281 2924 Subinde

1319 2944 1446 2975 allegatur
1464 2943 1509 2969 lob
1528 2943 1559 2974 5,
1579 2943 1604 2968 9.

1390 2986 1401 3001 ⁸
1420 2987 1499 3020 Epist.
1513 2987 1573 3013 437.
1584 2987 1656 3021 (alias
1667 2987 1701 3020 3.)
1713 2994 1736 3013 c.
1748 2988 1771 3012 2.
1783 2994 1810 3012 n.
1827 2988 1852 3012 8.
1867 3001 1900 3005 -—
1911 2986 2032 3020 Sequitur
2045 2987 2127 3013 Eccle.
2141 2988 2170 3020 8,
2183 2987 2208 3012 3.
2221 2994 2278 3021 seq.

1389 3031 1400 3047 ⁴
1422 3033 1493 3058 Vers.
1515 3033 1557 3058 52.
1576 3045 1612 3051 —
1631 3031 1747 3058 Subinde
1760 3031 1903 3063 allegantur
1922 3032 1961 3057 ΡΞ..
1978 3032 2041 3063 ΜΟ,
2061 3032 2090 3063 9,
2111 3031 2157 3057 ubi
2169 3035 2194 3057 ct
2207 3032 2278 3065 quod

1318 3077 1436 3110 sequitur
1461 3076 1672 3111 Redemptionem
1691 3079 1754 3108 ctc.;
1783 3075 1870 3101 Matth.
1896 3076 1925 3108 6,
1946 3075 1970 3100 9.
1995 3078 2020 3100 et
2045 3075 2084 3101 Ps.
2113 3076 2159 3107 92,
2180 3076 2210 3107 5,
2233 3075 2278 3101 ubi

1318 3122 1430 3154 Vulgata
1450 3121 1478 3148 ἐπ
1497 3120 1691 3155 lonyitudlnem
1710 3119 1823 3146 dierum.

1389 3164 1400 3179 ⁶
1419 3166 1494 3192 Vers.
1516 3166 1557 3191 ⁴6.
1570 3178 1606 3184 —
1619 3165 1676 3191 Duo
1689 3171 1762 3197 seqq.
1776 3164 1824 3190 loci
1844 3167 1904 3190 sunt
1917 3164 1978 3190 Luc.
1994 3164 2003 3189 l
2016 3183 2022 3195 ,
2038 3163 2080 3190 35.
2093 3166 2118 3189 et
2131 3165 2171 3190 Ps.
2186 3164 2234 3195 45,
2254 3164 2279 3190 5.

1388 3207 1399 3222 ⁰
1419 3209 1478 3234 Vat.
1497 3215 1637 3241 perperam
1654 3208 1710 3241 (cfr.
1725 3208 1789 3233 intra
1802 3215 1828 3233 n.
1849 3207 1892 3233 97.
1911 3210 1937 3233 et
1955 3207 2009 3240 98.)
2024 3206 2088 3240 quia
2107 3208 2146 3233 est
2165 3207 2199 3241 (G
2210 3214 2279 3241 quae

1317 3254 1377 3285 est),
1397 3260 1466 3286 quae
1484 3253 1563 3278 etiarn
1582 3252 1688 3278 inferius
1701 3259 1750 3284 pro
1762 3251 1924 3278 relevatione
1943 3255 1969 3277 et
1988 3250 2130 3284 diffusione
2145 3250 2278 3277 substituit

1318 3296 1492 3331 reparatione
1510 3299 1535 3322 et
1553 3295 1690 3323 missione.

1390 3338 1400 3354 ⁷
1422 3341 1494 3367 Vei-s.
1516 3340 1540 3366 t.
1560 3354 1593 3359 -—
1612 3340 1735 3373 Sequitur
1754 3340 1795 3365 ΡΞ.
1816 3339 1880 3371 102,
1901 3339 1944 3365 47.

1388 3383 1399 3397 ⁸
1417 3383 1491 3410 Vers.
1513 3385 1554 3410 ⁴2.
1567 3397 1603 3403 —
1616 3383 1733 3409 Subinde
1747 3384 1892 3415 allegantur
1904 3384 1945 3409 ΡΒ.
1959 3383 1993 3409 30
2002 3404 2008 3416 ‚
2021 3384 2063 3409 20.
2077 3386 2103 3409 et
2115 3383 2190 3409 Eccli.
2206 3383 2220 3408 2
2229 3401 2236 3413 ,
2250 3382 2274 3407 9.

1389 3425 1401 3440 ⁹
1420 3427 1495 3451 Vei-s.
1515 3427 1539 3451 6.
1558 3439 1594 3445 -
1612 3426 1736 3458 Sequitur
1755 3426 1832 3451 Eccli.
1855 3427 1899 3458 to,
1921 3426 1963 3451 ⁴7.

2302 460 2381 481 Laudis
2395 467 2438 483 am-

2311 487 2420 513 plincatio.

2311 719 2437 752 Redemptio'

2302 751 2422 773 manifestat
2433 752 2445 773 t

2301 1041 2421 1072 Manis-estat

2301 1073 2421 1090 misericor·

2301 1094 2358 1115 diam
2363 1111 2368 1116 .

2300 2048 2420 2079 Manisqstai

2300 2077 2424 2102 potentiam.
