2476 3921
207 787 296 808 Divisio.

173 1156 204 1186 De
219 1155 297 1186 unione

188 1188 282 1209 impetn.

160 1791 192 1812 De
206 1790 302 1817 partitio-

160 1823 187 1838 ne
197 1817 257 1844 regni
270 1817 302 1838 ln-

160 1843 225 1865 daici.

313 222 356 252 70
916 215 1107 247 COMMENT.
1134 215 1169 246 lN
1196 214 1431 246 EVANGELIUM
1456 213 1572 245 LUCAE
1596 213 1626 244 C.
1653 213 1697 244 ΙΙΙ.

315 307 432 339 turbas
456 310 513 338 etc.
539 306 676 337 Primum
703 304 829 345 respicit
852 303 936 344 quod
960 306 1007 335 est
1029 307 1144 340 extra,
1163 311 1274 334 secun<

313 361 406 398 dum,
431 358 515 400 quod
538 367 666 399 supra,
691 357 838 394 tertium,
863 355 946 397 quod
971 358 1018 387 est
1041 355 1143 386 intra.
1170 355 1206 386 Et
1229 354 1273 386 sic

313 421 369 454 per
392 420 516 443 omnem
542 410 669 442 modum
692 410 739 442 est
763 409 831 441 eius
855 408 1044 450 praedicatio
1071 410 1101 439 et
1132 407 1274 439 doctrina

313 464 461 506 perfecta.

325 577 488 605 Praenestis,
507 576 612 603 Ioannis
630 576 711 610 primo
733 574 923 601 commendatur
943 573 1024 608 quoad
1044 572 1265 608 opportunitatem

643 619 766 653 temporis
785 618 939 653 tripliciter.

404 731 562 770 Quantum
586 727 624 759 ad
648 727 786 768 primum
822 724 1008 761 notandum,
1037 723 1120 765 quod
1156 733 1273 765 oppor-

317 783 444 815 tunitas·
476 780 630 822 temporis
661 779 818 820 colligitur
853 786 894 810 ex
933 777 1048 815 tribus,
1081 776 1197 808 scilicet
1232 785 1273 808 ex

317 836 437 868 unione
460 833 593 875 imperii
627 831 785 869 Romani,
821 840 862 863 ex
893 830 1071 872 partitione
1095 829 1190 871 reym'
1218 829 1273 860 la—

316 888 408 920 ‹Iaz'ci
430 890 460 919 θῖ
484 896 524 919 ex
549 885 707 917 diuisione
729 883 908 916 sacerdotii
931 883 1072 920 levitici;
1095 891 1135 914 ex
1158 882 1274 923 quibus

317 941 483 982 colligitur
497 938 714 980 opportunitas
730 936 879 978 temporis
890 962 897 974 ‚
914 936 988 977 quia
1003 935 1090 967 illum
1108 934 1273 966 annuntia-

316 995 369 1027 bat
393 994 536 1030 Ioannes,
554 991 608 1032 qui
625 998 811 1031 synagogam
829 988 1013 1020 Iudaeorum
1030 987 1228 1028 dispergebat
1243 991 1274 1019 et

316 1046 455 1089 gentium
473 1044 639 1076 varietates
652 1043 682 1074 in
697 1042 846 1074 unitatem
861 1041 1012 1073 Ecclesiae
1028 1040 1237 1081 congregabat
1250 1041 1271 1071 ¹.

405 1100 434 1131 02.
461 1098 561 1139 (Vers.
583 1097 634 1136 1.).
659 1096 817 1136 Quantum
841 1094 879 1126 ad
903 1094 1058 1125 unionem
1074 1092 1209 1134 imperii
1227 1092 1273 1124 di-

316 1154 415 1186 citur:
431 1152 457 1185 A
465 1160 530 1183 ‘nno
547 1149 784 1193 quintodecimo
801 1147 936 1189 imperii
958 1146 1081 1178 Tiberii
1105 1145 1272 1184 Caesaris,

315 1206 346 1238 in
370 1214 433 1247 quo
469 1203 586 1236 scilicet
619 1202 680 1234 iam
717 1204 784 1233 erat
816 1204 940 1241 tempus
963 1199 1116 1231 adventus
1139 1198 1272 1236 Christi,

314 1259 388 1301 quia
412 1257 528 1290 scilicet
550 1260 621 1288 ante
645 1254 804 1287 Tiberium
830 1253 889 1285 suit
914 1252 1012 1284 lulius
1034 1256 1065 1284 et
1088 1251 1272 1293 Pompeius;

314 1316 345 1345 et
369 1311 465 1343 lulius
489 1309 637 1342 contrivit
660 1307 858 1348 Pompeium,
883 1310 914 1338 et
939 1309 1007 1347 post
1042 1305 1099 1337 hos
1123 1303 1274 1336 successit

296 1352 466 1397 *Tiberius
494 1363 528 1395 Et
552 1362 593 1394 ita
628 1361 689 1393 iam
726 1360 921 1392 verificatum
946 1361 1013 1390 erat
1037 1357 1114 1389 illud
1137 1356 1274 1389 Danielis

314 1417 451 1451 secundo
464 1417 475 1435 ²
499 1415 537 1448 de
554 1417 667 1457 quarto
684 1422 794 1455 reguo,
811 1412 928 1445 scilicet
945 1411 1171 1448 Romanorum,
1189 1408 1273 1451 quod

319 1485 333 1500 «
350 1471 409 1503 fuit
432 1479 473 1502 ex
498 1473 586 1510 parte
610 1467 744 1500 solidum
768 1469 799 1499 et
822 1475 863 1498 ex
888 1468 976 1506 parte
1000 1463 1169 1496 contritum
1188 1475 1218 1502 »;
1243 1466 1273 1495 et

315 1524 383 1556 ideo
406 1526 474 1555 erat
497 1526 624 1562 tempus
652 1518 873 1551 verificationis
904 1516 988 1549 illius
1016 1515 1101 1557 quod
1129 1515 1273 1557 sequitur

315 1576 445 1609 ibidem:
476 1574 540 1605 «ln
565 1573 676 1605 diebus
712 1571 771 1603 illis
806 1569 969 1602 suscitabit
1001 1569 1084 1600 Deus
1116 1568 1191 1600 caeli
1224 1576 1273 1600 re-

315 1637 428 1671 gnum,
451 1627 534 1669 quod
551 1626 581 1658 in
598 1629 761 1658 aeternum
778 1632 840 1655 non
855 1621 1073 1663 dissipabitur,
1090 1624 1121 1653 et
1138 1624 1273 1662 potestas

316 1682 384 1715 eius
405 1681 494 1713 alteri
521 1679 635 1721 populo
658 1686 720 1709 non
745 1676 887 1709 tradetur
905 1689 933 1706 ».

405 1734 434 1766 3.
460 1734 618 1775 Quantum
655 1733 760 1763 autem
792 1729 830 1761 ad
856 1728 1072 1771 partitionem
1100 1728 1195 1770 requi
1218 1728 1273 1759 la-

315 1789 408 1821 ctaici
431 1787 591 1820 subditur:
610 1785 820 1816 Procurantc
840 1782 954 1814 Pontio
972 1781 1081 1814 Pilato
1100 1781 1272 1819 Iudaeam,

316 1841 376 1874 sub
399 1849 462 1883 quo
485 1839 603 1872 scilicet
637 1837 789 1869 Dominus
812 1839 859 1868 est
882 1835 1071 1887 cru-ciliaus,
1090 1834 1272 1867 vsecundum

316 1894 400 1937 quod
436 1896 543 1925 narrat
575 1891 706 1923 historia
736 1890 875 1922 omnium
909 1888 1194 1930 Evangelistarum;
1232 1892 1273 1919 te-

317 1945 457 1980 trarcha
481 1948 591 1977 autem
619 1942 787 1976 Galilaeae
803 1942 947 1980 Herode;
963 1942 1021 1974 iste
1044 1941 1103 1974 fuit
1126 1941 1186 1974 sub
1210 1950 1273 1983 quo

316 2000 410 2033 etiam
426 1998 580 2031 Dominus
597 1996 771 2029 crucifixus
795 1998 858 2034 est,
875 1995 956 2027 infra
977 1995 1127 2037 vigesimo
1144 1994 1237 2027 tertio
1250 1994 1273 2033 ³,

316 2057 347 2086 et
370 2052 424 2095 qui
448 2050 603 2084 interfecit
626 2050 770 2082 Ioannem
786 2049 970 2091 Baptistam,
993 2047 1164 2081 secundum
1190 2047 1274 2090 quod

387 2226 395 2240 ¹
416 2226 467 2252 Csr.
486 2227 602 2258 Gregor.,
622 2226 638 2251 1.
659 2225 751 2251 Homil.
772 2226 796 2250 in
817 2226 917 2257 Evang.
939 2225 1028 2250 homil.
1049 2225 1090 2250 20.
1111 2232 1138 2249 n.
1160 2225 1181 2249 l.

387 2269 397 2284 ²
418 2271 491 2296 Vers.
513 2270 560 2302 42,
580 2273 638 2302 post
656 2277 735 2302 quem
755 2271 882 2301 allegatur
909 2277 936 2294 v.
956 2268 998 2294 44.
1017 2282 1052 2287 —
1071 2269 1109 2293 De
1128 2268 1190 2293 lulio
1209 2267 1273 2293 Cae-

315 2323 387 2346 sare,
406 2315 531 2347 Pompcio
550 2318 576 2340 et
595 2314 700 2340 Tiberio
729 2315 774 2339 cfr.
798 2315 904 2339 Sueton.
925 2313 1083 2346 Tranquilli,
1103 2313 1140 2337 De
1159 2311 1273 2338 Caesari-

316 2360 379 2391 bus,
399 2359 443 2385 lib.
464 2361 479 2385 1.
501 2360 548 2389 (De
567 2360 628 2385 lulio
648 2362 673 2385 et
692 2359 826 2391 Pompeio)
848 2359 874 2384 ll.
900 2358 944 2391 (de
973 2358 1130 2393 Octaviano,
1149 2356 1200 2382 sub
1219 2360 1272 2389 (μισ

314 2407 389 2430 uatus
407 2406 446 2438 est
464 2403 594 2435 Christus;
615 2403 676 2429 vide
694 2410 774 2434 supra
794 2409 818 2428 c,
840 2403 864 2427 2.
884 2409 910 2427 n.
931 2402 965 2433 3.)
986 2404 1012 2427 et
1030 2401 1068 2426 ΙΙΙ.
1089 2401 1132 2433 (de
1145 2399 1273 2432 Tiberio).

385 2446 396 2461 ³
415 2449 490 2473 Vers.
508 2448 533 2473 7.
553 2461 588 2466 —
608 2447 729 2480 Sequitur
749 2447 834 2472 Matth.
856 2446 904 2477 lli,
924 2446 953 2476 43
974 2446 1020 2470 csr.
1040 2445 1116 2470 Marc.
1137 2444 1168 2474 6,
1193 2444 1231 2468 18.

384 2491 395 2505 ⁴
414 2493 489 2518 Vers.
508 2492 538 2523 7,
558 2495 617 2523 post
635 2498 715 2524 quem
734 2491 810 2516 Prov.
831 2490 879 2521 28,
900 2491 924 2515 2.

384 2535 395 2550 ⁵
414 2536 490 2562 Card.
511 2537 602 2567 nugo,
621 2535 646 2560 in
667 2536 728 2560 Luc.
749 2536 779 2565 3,
804 2535 830 2559 l:
849 2533 1000 2559 Tetrarchia
1030 2535 1069 2558 cst
1098 2534 1191 2564 quarta
1212 2538 1273 2563 pars

313 2581 402 2613 regni,
421 2588 434 2606 a
454 2582 550 2611 tetras,
570 2580 643 2613 quod
661 2582 700 2605 est
719 2582 847 2611 quatuor,
866 2580 891 2602 et
915 2576 1029 2608 archos,
1053 2576 1125 2609 quod
1145 2579 1182 2601 cst
1202 2575 1273 2607 prin-

313 2626 413 2657 cipatus
434 2625 566 2657 (propi-ie:
584 2623 726 2657 princep3;
747 2623 840 2648 melius
859 2625 1000 2654 poneretur
1014 2615 1102 2656 ἀρχή).
1116 2634 1151 2639 -
1166 2620 1273 2646 inferius

313 2676 361 2702 pro
380 2669 518 2703 deportato
538 2668 617 2693 CDF
636 2667 774 2693 damnato.

383 2712 395 2727 ⁶
413 2713 483 2739 Libr.
504 2713 519 2738 Ι.
540 2713 565 2737 in
583 2713 646 2737 Luc.
666 2712 695 2742 3,
717 2712 746 2736 il:
768 2721 781 2733 u
794 2711 925 2740 Herodes,
945 2710 1077 2742 Philippus
1096 2712 1121 2735 et
1134 2710 1271 2741 Lysanias,

313 2758 358 2791 qui
377 2765 438 2783 cum
457 2757 550 2788 Pilato,
570 2755 691 2787 praeside
711 2756 841 2785 Romano,
856 2755 976 2780 iudaeam
991 2754 1129 2786 regebant,
1150 2755 1192 2780 sslii
1212 2757 1272 2780 sunt

313 2802 424 2828 Herodis
442 2802 522 2831 illius,
542 2800 593 2826 sub
612 2807 665 2832 quo
686 2800 812 2824 Dominus
832 2802 907 2824 natus
920 2803 972 2830 est;
987 2799 1051 2824 inter
1064 2807 1132 2831 quos
1145 2802 1170 2824 et
1182 2799 1270 2831 ipsum

313 2845 444 2871 Herodem
464 2844 605 2870 Archelaus
625 2844 702 2868 frater
721 2850 812 2868 corum
832 2843 924 2868 decem
944 2842 1019 2867 annis
1039 2843 1166 2874 regnavit.
1187 2843 1235 2876 Qui
1256 2850 1270 2869 a

313 2889 414 2915 ludaeis
442 2887 476 2914 ob
504 2888 691 2913 intolerabilem
725 2887 805 2912 animi
835 2887 993 2912 serocitatem
1022 2888 1093 2919 apud
1122 2888 1269 2920 Augustum

313 2933 480 2964 criminatus,
500 2935 605 2957 aeterno
634 2932 705 2963 apud
731 2931 859 2957 Viennam
889 2931 1006 2963 disperiit
1033 2932 1129 2957 exsilio.
1149 2933 1269 2964 Regnum

313 2984 378 3003 vero
398 2977 521 3007 iudaeae,
539 2983 593 3009 quo
612 2976 700 3001 minus
728 2976 846 3001 validum
874 2976 961 3008 fleret,
981 2976 1051 3001 idem
1070 2977 1204 3008 Augustus
1224 2984 1271 3009 per

314 3021 465 3047 tetrarchias
493 3021 640 3046 discindere
665 3020 773 3045 curavit.
803 3020 883 3045 Porro
911 3020 1006 3045 Pilatus
1025 3020 1183 3046 duodecimo
1203 3028 1270 3046 anno

314 3065 409 3090 Tiberii
428 3065 546 3091 Caesaris
571 3065 598 3090 in
624 3064 746 3090 Iudaeam
776 3064 872 3090 missus
892 3064 1103 3096 procurationem
1127 3065 1212 3097 gentis
1230 3072 1271 3091 ειν

314 3109 396 3141 scepit
413 3113 492 3142 atque
511 3109 573 3135 inibi
594 3116 641 3141 per
660 3109 752 3135 decem
773 3108 909 3134 continuos
927 3116 1009 3134 annos
1028 3116 1111 3142 usque
1129 3109 1163 3135 ad
1183 3109 1270 3140 ipsum

313 3160 381 3185 pene
408 3154 486 3179 [luem
517 3153 613 3179 Tiberii
642 3153 834 3185 perduravit».
863 3153 933 3179 Beda
961 3153 1079 3186 sequitur
1108 3152 1214 3184 Euseb.,
1242 3153 1270 3178 tl.

313 3197 433 3224 Chronic.
455 3197 533 3230 (anno
561 3198 665 3223 Domini
694 3198 744 3230 5.):
765 3198 791 3223 ln
812 3198 921 3223 Herodis
946 3198 1002 3223 loco
1027 3199 1183 3229 Archelaus,
1204 3197 1271 3224 illius

314 3241 384 3273 eius,
402 3241 436 3266 ab
454 3242 573 3273 Augusto
592 3247 636 3266 rex
655 3241 832 3272 constituitur,
852 3244 876 3266 et
903 3243 1046 3267 tetrarchae
1074 3242 1138 3267 flunt
1157 3244 1271 3274 quatuor

314 3287 404 3310 fratres
422 3285 492 3310 eius:
512 3286 636 3316 Herodes,
655 3285 801 3318 Antipater,
821 3285 910 3317 Lysias
929 3289 953 3311 et
973 3286 1117 3318 Philippus.

384 3327 393 3342 ⁷
415 3330 441 3354 ln
468 3329 593 3361 operibus
617 3329 696 3355 Flavii
722 3330 822 3361 losephi
848 3324 971 3361 Lysanias
997 3330 1095 3362 pluries
1123 3330 1271 3355 nominatur

316 3372 371 3406 (cfr.
391 3372 448 3398 XV.
468 3373 592 3405 Antiquit.
611 3380 633 3399 c.
654 3373 696 3399 to.
716 3373 789 3405 [alias
808 3373 871 3407 ⁴3.]‚
885 3373 930 3400 ubi
944 3374 1111 3405 Zenodorus,
1127 3373 1272 3399 conductor

1338 302 1454 334 dicitur
1470 301 1614 333 Matthaei
1632 300 1753 333 decimo
1769 305 1893 342 quarto,
1910 301 1984 342 quia
1999 300 2121 333 dicebat
2137 300 2180 332 ei:
2204 301 2293 332 «Non

1338 355 1409 387 licet
1434 354 1488 386 tibi
1514 354 1629 386 habere
1664 362 1799 386 uxorem
1833 354 1983 395 Philippi,
2007 354 2113 386 fratris
2138 354 2183 386 tui
2200 366 2231 392 »;
2256 353 2294 386 de

1338 416 1402 448 quo
1426 406 1566 448 Philippo
1589 405 1732 438 additur:
1759 404 1912 448 Philippo
1928 410 2057 444 autem,
2074 404 2184 447 fra-tre
2207 406 2293 444 cias,

1338 457 1506 491 tetrarcha
1525 459 1678 490 Ituraeae
1700 462 1728 490 ct
1760 456 2004 490 Trachonitiats
2021 458 2174 500 reqz‘om's.
2193 458 2229 490 Et
2253 459 2295 490 ita

1338 512 1399 544 iam
1424 512 1619 544 verificatum
1636 515 1703 544 erat
1719 511 1795 543 illud
1813 510 1906 544 Isaiae
1923 511 2024 552 primo
2036 513 2067 542 4:
2097 524 2112 539 «
2130 511 2294 553 Regionem

1339 568 1475 597 vestram
1499 574 1603 597 coram
1630 564 1716 597 vobis
1739 564 1830 596 alieni
1854 564 2049 603 devorant»;
2066 567 2096 597 et
2114 564 2295 597 Proverbio-

1339 626 1409 649 rum
1435 617 1584 658 vigesimo
1607 620 1734 649 octavo:
1765 630 1780 645 «
1798 617 1926 658 Propter
1944 620 2069 658 peccata
2085 620 2188 649 terrae
2205 617 2294 649 multi

1339 670 1496 711 principes
1519 668 1629 702 eius».
1657 670 1691 701 Et
1714 669 1782 702 ideo
1799 670 1962 702 subditur:
1990 670 2027 701 Et
2051 670 2200 712 Lysania
2218 669 2296 701 Abi-

1339 722 1425 754 tinae
1453 721 1640 760 tetrarcha,
1665 722 1695 754 id
1719 726 1766 755 est
1797 722 1927 755 alterius
1950 722 2100 763 regionis,
2124 731 2205 764 quae
2229 723 2296 754 erat

1338 778 1450 817 quarta
1485 784 1558 816 pars
1593 775 1691 816 regni.
1717 775 1899 807 Tetrarchia
1923 775 2006 807 enim
2037 774 2152 806 dicitur
2183 778 2296 816 quarta

1337 837 1410 870 pars
1427 828 1531 870 regni,
1548 828 1664 860 dicitur
1687 828 1770 861 enim
1794 838 1812 860 a
1836 832 1939 866 tetra,
1965 828 2048 869 quod
2073 832 2119 860 est
2140 832 2295 870 quatuor,

1337 884 1368 914 et
1384 880 1523 919 archos,
1540 881 1623 923 quod
1641 885 1688 913 est
1704 881 1899 922 principatus
1911 881 1933 911 ⁵.
1952 881 2102 913 Archelao
2118 881 2216 919 enim,
2233 881 2296 912 filio

1338 934 1465 967 Herodis
1493 934 1614 975 magni,
1640 937 1768 975 propter
1793 933 1973 975 superbiam
1997 942 2085 965 suam
2110 933 2140 965 in
2165 933 2297 966 exilium

1337 987 1421 1028 apud
1446 987 1633 1028 Lugdunum
1665 986 1843 1027 deportam,
1876 995 2008 1027 regnum
2034 986 2065 1018 in
2094 989 2231 1028 quatuor
2253 989 2296 1018 te-

1339 1039 1493 1072 trarchias
1524 1043 1571 1071 est
1601 1039 1755 1077 divisum,
1788 1043 1823 1070 ut
1847 1039 1891 1071 sic
1918 1039 2117 1071 minueretur
2149 1039 2297 1080 superbia

1339 1093 1534 1125 Iudaeorum.
1559 1092 1645 1124 Unde
1662 1092 1784 1124 Bedass:
1811 1104 1825 1120 «
1840 1092 1916 1124 Tres
1938 1092 2124 1124 tetrarchias
2149 1092 2298 1134 regebant

1338 1149 1403 1177 tres
1419 1145 1473 1176 filii
1499 1144 1599 1186 magni
1627 1144 1772 1182 Herodis,
1790 1144 1850 1176 sub
1874 1153 1937 1185 quo
1963 1144 2114 1177 Dominus
2131 1147 2224 1177 natus
2240 1149 2295 1177 est.

1339 1197 1455 1229 Pilatus
1482 1206 1557 1228 vero
1573 1199 1760 1238 procurator
1776 1200 1844 1228 erat
1859 1196 1989 1229 alterius
2005 1197 2193 1229 tetrarchiae
2211 1211 2240 1228 ».
2260 1197 2296 1229 Et

1338 1253 1429 1288 nota,
1455 1249 1539 1291 quod
1570 1249 1700 1281 fuerunt
1731 1249 1794 1281 duo
1818 1249 1984 1290 Lysaniae,
2008 1259 2093 1282 unus
2114 1249 2198 1282 filius
2230 1250 2297 1282 Hir-

1338 1302 1424 1341 cani,
1448 1302 1486 1334 de
1510 1311 1573 1344 quo
1602 1302 1794 1343 Iosephus⁷;
1828 1306 1858 1335 et
1890 1303 1969 1335 alter
1994 1302 2139 1341 Herodis,
2164 1303 2202 1335 de
2233 1312 2297 1345 quo

1339 1355 1419 1387 Beda
1443 1355 1592 1396 loquitur.

1427 1408 1457 1440 lt.
1483 1408 1583 1448 (Vers.
1615 1409 1669 1448 2.).
1701 1409 1859 1449 Quantum
1892 1412 1998 1442 autem
2030 1409 2067 1441 ad
2103 1409 2298 1442 divisionem

1337 1460 1516 1498 sacerdotii
1549 1460 1713 1493 subditur:
1747 1461 1814 1493 Sub
1842 1461 2054 1504 principibus
2085 1463 2297 1495 sacerdotum

1340 1515 1439 1545 Amia
1456 1518 1485 1545 et
1503 1513 1647 1555 Caiplta,
1664 1514 1735 1556 qui,
1752 1514 1920 1547 ambitione
1936 1515 2026 1553 moti,
2044 1519 2079 1547 ut
2095 1515 2170 1548 dicit
2185 1515 2266 1548 Beda
2274 1516 2297 1554 ⁸,

1328 1575 1497 1599 'summum
1521 1567 1729 1600 sacerdotium
1756 1568 1900 1600 emebant
1916 1578 1934 1600 a
1950 1569 2104 1601 Romanis.
2123 1569 2208 1601 Unde
2224 1569 2298 1611 quia

1337 1620 1398 1652 iam
1424 1620 1596 1653 secundum
1633 1620 1743 1653 Bedam
1779 1625 1810 1653 ct
1842 1621 2005 1663 losephum
2031 1621 2208 1654 sacerdotes
2235 1630 2297 1653 non

1338 1673 1583 1706 instituebantur
1606 1681 1662 1715 per
1687 1674 1880 1713 unctionem,
1905 1674 1959 1707 sed
1983 1684 2040 1716 per
2064 1678 2222 1707 terrenam
2247 1683 2299 1715 po-

1337 1729 1498 1764 testatem;
1523 1726 1591 1759 ideo
1608 1730 1783 1759 cessaverat
1800 1727 1906 1759 unctio
1922 1727 2123 1759 sacerdotalis
2145 1729 2176 1759 et
2191 1726 2299 1758 unctio

1337 1780 1459 1822 regalis.
1486 1780 1546 1812 lam
1579 1789 1654 1822 ergo
1690 1783 1816 1822 tempus
1847 1780 2033 1818 advenerat,
2066 1783 2102 1811 ut
2136 1779 2298 1812 adveniret

1337 1834 1499 1872 Christus,
1523 1833 1696 1866 secundum
1720 1833 1798 1865 illud
1814 1833 1941 1865 Genesis
1964 1832 2181 1874 penultim00:
2203 1832 2296 1864 «Non

1336 1887 1498 1919 auferetur
1522 1889 1682 1928 sceptrum
1699 1886 1738 1919 de
1762 1886 1836 1918 Iuda
1852 1899 1866 1913 »
1896 1888 1954 1918 etc.
1980 1904 2023 1908 —
2048 1885 2121 1918 Item
2145 1885 2206 1917 iam
2232 1893 2298 1917 ces-

1337 1943 1459 1973 saverat
1495 1939 1602 1972 unctio
1637 1938 1800 1972 sacerdotii
1837 1938 1970 1977 levitici,
2002 1942 2033 1970 et
2069 1938 2138 1971 ideo
2173 1942 2298 1981 tempus

1337 1996 1421 2032 erat,
1446 1996 1482 2025 ut
1506 1992 1627 2025 veniret
1655 1991 1829 2024 «sacerdos
1853 1991 2026 2024 secundum
2058 1991 2200 2025 ordinem
2225 1992 2298 2025 Mel-

1337 2046 1503 2080 chisedech
1517 2045 1543 2064 ¹⁰
1559 2058 1590 2084 n,
1622 2047 1658 2077 ut
1689 2044 1874 2086 impleretur
1905 2044 1982 2076 illud
2019 2044 2113 2077 Isaiae
2149 2045 2298 2087 vigesimo

1337 2222 1433 2248 domus
1452 2220 1591 2252 Lysaniae,
1619 2219 1654 2245 ab
1682 2219 1801 2251 Augusto
1829 2219 1969 2251 deponitur
1993 2223 2018 2245 et
2041 2220 2176 2252 provincia
2201 2221 2297 2247 Herodi

1338 2265 1492 2296 deputatum
1513 2264 1582 2289 xlx.
1602 2270 1623 2289 c.
1645 2263 1669 2289 4.
1691 2266 1716 2288 et
1735 2264 1761 2289 ΙΙ.
1782 2263 1815 2289 de
1834 2264 1903 2289 Bello
1918 2263 2011 2289 iudaic.
2025 2271 2047 2289 c.
2063 2264 2077 2288 8
2088 2284 2094 2295 ,
2109 2263 2152 2290 ubi
2166 2265 2200 2290 dc
2215 2273 2296 2297 regno

1337 2309 1484 2342 Lysaniae),
1497 2308 1543 2334 sed
1559 2308 1697 2341 (quantum
1712 2308 1820 2341 scimus)
1834 2308 1860 2333 in
1880 2315 1932 2334 uno
1952 2312 2052 2334 tantum
2067 2310 2124 2335 loco
2141 2317 2236 2336 nomen
2250 2318 2297 2343 pu-

1337 2353 1383 2379 tris
1395 2353 1562 2385 adiungitur,
1576 2360 1635 2378 nam
1650 2353 1719 2385 ipse,
1733 2353 1792 2379 XV.
1804 2353 1929 2386 Antiquit.
1942 2360 1965 2379 c.
1981 2353 1995 2379 t
2004 2373 2011 2385 ,
2024 2357 2125 2385 narrat,
2139 2355 2279 2381 Antonium
2289 2375 2297 2386 ,

1337 2397 1463 2423 suadente
1476 2397 1625 2429 Cleopatra,
1645 2397 1773 2423 occidisse
1789 2408 1802 2421 α
1813 2398 1960 2430 Lysaniam,
1975 2399 2115 2424 Ptolomaei
2129 2399 2210 2425 fllium
2223 2410 2247 2424 n.
2262 2400 2296 2425 Ex

1337 2449 1390 2474 quo
1404 2445 1489 2474 patet,
1509 2443 1599 2467 salsam
1620 2449 1676 2468 esse
1690 2442 1841 2474 opinionem
1854 2443 2034 2476 quorundum,
2054 2444 2099 2476 qui
2114 2445 2241 2469 referente
2255 2444 2297 2469 Ρθ-

1337 2489 1376 2511 tro
1396 2485 1509 2511 Comest.
1523 2486 1628 2518 (ilistor.
1648 2487 1773 2512 Scholast.
1792 2486 1849 2512 libri
1869 2487 1895 2512 ll.
1915 2487 2033 2513 Machab.
2051 2495 2074 2513 c.
2087 2488 2163 2523 la),
2176 2491 2295 2517 censent,

1337 2531 1407 2556 hunc
1420 2531 1556 2562 Lysaniam
1571 2531 1650 2556 fuisse
1663 2541 1676 2554 «
1687 2534 1776 2563 postea
1790 2531 1907 2557 Abinnae
1920 2531 1995 2566 [sict]
2010 2533 2165 2558 tetrarcham
2179 2541 2204 2556 ιι.
2216 2531 2243 2556 Β.
2258 2531 2297 2556 Al·

1337 2574 1411 2605 bert„
1432 2575 1457 2600 in
1476 2576 1538 2601 Luc.
1558 2576 1573 2600 3
1584 2595 1591 2606 ,
1609 2576 1618 2600 l
1632 2584 1644 2600 z>
1661 2585 1673 2598 α
1688 2576 1766 2601 istum
1786 2576 1923 2608 Lysaniam
1943 2576 2006 2602 dicit
2019 2576 2097 2601 etiam
2112 2575 2182 2601 Beda
2195 2574 2296 2607 antiqui

1336 2620 1446 2645 Herodis
1467 2620 1545 2645 fuisse
1558 2620 1655 2650 tilium,
1675 2620 1748 2653 quod
1767 2620 1875 2653 quidem
1890 2619 2053 2652 probabilius
2071 2623 2124 2650 est,
2143 2619 2205 2651 quia
2224 2618 2296 2643 aliter

1336 2671 1396 2689 cum
1411 2664 1469 2690 ssliis
1482 2664 1592 2690 Herodis
1605 2660 1770 2690 tetrarchiam
1785 2665 1809 2690 in
1823 2665 1994 2690 hereditatem
2014 2671 2066 2689 non
2085 2663 2242 2695 accepisset;
2259 2666 2296 2688 ta-

1337 2715 1396 2734 men
1415 2712 1441 2737 et
1459 2710 1585 2741 losephus
1604 2711 1704 2739 narrat,
1725 2710 1794 2734 hunc
1812 2709 1891 2735 fuisse
1905 2708 1986 2734 illium
2002 2707 2140 2734 cuiusdam
2155 2707 2294 2732 Ptolomaei

1336 2753 1369 2778 de
1388 2752 1532 2778 Libanon...
1551 2753 1603 2778 Sed
1622 2756 1789 2785 potestesse,
1804 2753 1876 2786 quod
1896 2754 1996 2778 fucrant
2014 2749 2067 2777 duo
2080 2750 2206 2782 Lysaniae
2219 2751 2296 2777 unius

1336 2797 1462 2823 nominis:
1478 2805 1560 2828 unus,
1581 2797 1614 2823 de
1633 2805 1687 2830 quo
1706 2797 1769 2823 dicit
1788 2797 1871 2828 neda,
1885 2797 1952 2822 nlius
1965 2795 2088 2826 llerodis;
2108 2795 2179 2827 alter,
2196 2795 2229 2822 de
2242 2803 2297 2829 quo

1335 2845 1422 2867 narrat
1441 2843 1566 2874 losephus
1579 2852 1604 2867 n.
1624 2842 1694 2867 idem
1714 2845 1783 2868 tenet
1802 2842 1948 2871 Gorranus,
1968 2840 1992 2865 in
2012 2840 2075 2865 Luc.
2095 2840 2124 2871 3,
2145 2840 2175 2871 l,
2194 2840 2238 2873 qui
2252 2841 2295 2866 ad-

1336 2886 1427 2918 iungit,
1446 2886 1598 2918 Lysaniam,
1619 2886 1700 2911 illium
1721 2885 1876 2916 Ptolomaei,
1895 2884 2042 2910 secundum
2057 2884 2195 2916 losephum
2217 2885 2295 2911 fuisse

1335 2934 1456 2962 nepotem
1477 2930 1589 2956 Hircani.
1616 2930 1668 2956 Csr.
1697 2931 1775 2956 etiam
1804 2930 1937 2962 tyranus,
1957 2928 1983 2954 in
2009 2929 2071 2954 Luc.
2091 2929 2122 2959 3,
2144 2929 2167 2955 1.
2186 2929 2247 2962 Alii,
2268 2932 2295 2955 ut

1335 2974 1435 3001 Cornel.
1455 2982 1469 3000 a
1490 2975 1603 3007 Lapide,
1622 2975 1720 3000 Calmct
1739 2978 1796 3006 etc„
1815 2974 1841 2999 in
1861 2974 1922 2999 Luc.
1935 2973 1965 3004 3,
1985 2974 2010 3004 1,
2024 2976 2129 3004 putant,
2148 2974 2296 3006 Lysaniam,

1335 3019 1368 3045 de
1387 3009 1543 3052 queLucas
1562 3019 1604 3052 (3,
1626 3020 1660 3052 rl.)
1681 3019 1807 3051 loquitur,
1829 3017 1907 3043 tuisse
1926 3017 1968 3042 vel
1989 3017 2085 3048 mium,
2104 3018 2145 3043 vel
2171 3021 2294 3050 nepotem

1335 3063 1461 3095 Lysaniae
1480 3062 1514 3089 ab
1534 3063 1644 3089 Antonio
1662 3063 1749 3088 occisi.
1778 3061 1830 3088 Csr.
1850 3061 1990 3093 Barouius,
2010 3062 2121 3088 Annales
2139 3062 2172 3088 ad
2196 3069 2294 3088 annum

1335 3107 1428 3134 Christi
1447 3108 1489 3133 34.
1509 3115 1535 3133 n.
1556 3109 1579 3133 6.
1600 3115 1656 3140 seq.

1407 3150 1417 3165 ⁸
1436 3151 1505 3178 Libr.
1526 3152 1543 3177 1.
1563 3152 1588 3177 in
1607 3153 1670 3177 Luc.
1690 3152 1719 3183 3,
1739 3151 1768 3182 2,
1789 3149 1833 3175 ubi
1853 3149 1931 3175 etiam
1946 3157 2001 3183 seq.
2024 3150 2106 3182 ipsius
2125 3150 2249 3176 sententia
2269 3152 2295 3174 et

1336 3196 1418 3222 verba
1437 3197 1538 3228 losephi
1559 3196 1713 3228 allegantur.
1731 3194 1781 3220 Cir.
1811 3197 1874 3219 tom.
1899 3194 1939 3219 Vl.
1968 3201 2029 3227 pag.
2050 3194 2115 3225 4815,
2134 3198 2193 3220 uota
2214 3195 2238 3219 2.
2258 3206 2293 3212 -

1334 3242 1384 3266 Pro
1403 3240 1656 3273 emebantsecunda
1676 3245 1770 3265 manus
1789 3238 1814 3263 in
1833 3237 1852 3263 C
1872 3237 2004 3264 substituit
2022 3239 2151 3265 emerant.

1406 3282 1417 3297 ⁹
1437 3284 1511 3309 Vers.
1532 3284 1574 3309 lO.

1407 3327 1429 3343 ¹⁰
1446 3329 1541 3354 Psalm.
1563 3328 1628 3358 409,
1650 3326 1673 3352 t.
1692 3339 1727 3345 —
1747 3327 1897 3359 Sequuntur
1917 3326 1973 3352 lsai.
1993 3327 2042 3357 22,
2063 3326 2110 3357 1¹93
2129 3333 2156 3351 v.
2176 3323 2217 3351 20'.
2238 3331 2294 3357 seq.

1335 3376 1361 3399 et
1379 3380 1405 3399 v.
1426 3374 1467 3398 22.
1493 3374 1496 3377 ’

2317 1203 2380 1225 Nota.

2314 1416 2345 1438 De
2357 1415 2442 1437 division

2325 1442 2442 1464 sacerdotii.
