2427 3872
809 197 1008 232 EXPOSITIO
1031 197 1233 232 ORATIONIS
1255 198 1470 233 DOMINICAE.

147 289 265 321 sexto¹:
292 301 307 316 α
321 288 447 319 Liberati
467 297 485 318 a
507 288 637 325 peccato,
660 288 736 317 servi
762 287 858 316 autem
880 287 948 316 facti
969 287 1028 316 Deo
1042 297 1070 322 ”3
1092 295 1110 315 a

145 340 221 370 malo
241 339 392 374 miseriae;
412 337 450 367 ad
468 337 611 367 Romanos
625 336 738 366 octavo:
758 347 773 362 α
787 335 927 365 ereatura
940 335 1110 365 liberabitur

145 398 163 418 a
191 387 329 417 servitute
356 386 562 423 corruptionis,
592 386 624 415 in
653 385 817 414 libertatem
846 385 954 421 gloriae
985 385 1110 415 filiorum

145 437 237 472 Dei»;
258 445 276 466 a
296 436 372 465 malo
387 442 500 472 poenae
512 436 673 476 'aeternam
693 433 763 463 Osee
784 434 890 463 decimo
911 433 1011 463 tertio:
1039 445 1054 459 α
1068 433 1110 463 De

145 493 232 514 manu
251 484 352 514 mortis
371 483 498 513 liberabo
518 491 581 519 eos,
603 483 636 512 de
657 481 748 512 morte
769 482 906 511 redimam
926 490 973 511 eos
984 493 1013 510 ι.
1034 481 1111 511 Dicit

145 541 227 571 ergo:
250 533 309 563 Sed
329 533 423 562 libera
441 540 496 561 nos
516 531 579 567 etc„
606 543 621 557 α
635 531 717 568 quasi
737 530 828 560 dicat:
860 531 897 560 da
928 530 1010 560 nobis
1030 531 1111 567 spiri-

145 582 360 618 izumitimorisy
374 581 408 611 31
422 589 473 618 per
492 581 575 609 illum
594 580 747 609 vincamus
767 579 865 616 mala,
886 588 937 616 per
957 580 1109 616 virtutem,

145 631 174 660 id
194 630 239 660 est
259 639 310 667 per
324 630 531 666 paupertatem
550 629 685 665 spiritus,
700 628 775 657 bona
794 628 999 664 adipiscamur,
1015 628 1111 665 quate-

145 688 215 715 nus,
235 680 357 709 exclusis
377 679 423 707 his
454 678 484 708 et
513 677 684 714 contemptis
716 677 852 712 terrenis,
884 677 1040 706 habeamus
1067 686 1111 707 ae-

145 729 244 764 terna,
266 727 373 758 scilicet
393 727 606 760 beatitudinem,
621 727 706 763 reqm·
726 726 889 763 caelorum,
910 735 996 763 quam
1009 727 1111 756 lucifer

145 778 175 807 et
195 778 280 815 prim
300 777 434 814 parentes
449 785 500 813 per
520 776 623 806 vitium
636 776 738 805 inanis
750 775 866 812 qloriae
887 775 1046 805 amiserunt
1060 775 1109 805 ²».

218 938 228 953 ²
247 939 325 964 Vers.
344 938 387 964 48.
404 951 440 957 -
458 937 516 963 Duo
535 944 610 971 seqq.
629 936 678 963 loci
706 939 767 963 sunt
785 938 862 963 Rom.
882 938 913 970 8,
933 938 976 964 21.
996 941 1022 964 et
1040 938 1121 965 Osee'

147 975 195 1015 ⁴3¹,
206 974 225 1014 'l
233 974 257 1000 4.
275 988 311 994 —
329 974 456 1014 Superius
466 973 528 1013 ‘fide
540 972 562 999 A
575 972 761 999 substituimus
778 972 912 1000 Liberaiio
931 980 949 1000 a
972 973 1045 1000 malo
1058 973 1107 1001 tri-

142 1009 209 1045 phm
217 1008 523 1076 ’pfgngzsetngbelffifzgig
535 1008 627 1070 gagg:
647 1043 728 1077 Quasi
746 1044 892 1070 diceretur:
911 1044 949 1070 Da
968 1044 1044 1071 nobis
1057 1045 1107 1077 spi-

146 1081 226 1107 ritum
245 1081 346 1107 timoris
364 1083 390 1107 et
407 1082 590 1113 paupertatem
610 1080 731 1112 spiritus,
751 1082 780 1105 ut
798 1087 845 1112 per
863 1080 985 1112 spiritum
1006 1081 1106 1107 timoris

146 1116 260 1144 vitemus
279 1117 362 1148 111313,
380 1123 428 1149 per
447 1118 629 1148 paupertatem
642 1115 750 1148 spiritus
768 1114 923 1142 abdicemus
943 1115 1022 1147 bona,
1043 1123 1107 1149 qua-

146 1155 222 1179 tenus
240 1155 288 1178 etc.
308 1153 357 1178 Pro
376 1151 562 1186 adipiscamur
580 1151 624 1177 ed.
644 1151 669 1177 4.
687 1149 845 1181 αάίίιῑίενηιιε
867 1151 1069 1185 (abiiciamus‘t).

218 1186 229 1201 ³
248 1188 328 1220 Epist.
348 1188 391 1214 28.
419 1187 493 1221 (alias
519 1186 589 1214 438.)
618 1194 645 1212 11.
664 1186 690 1213 4.
721 1185 747 1222 'et
772 1187 796 1213 6.
823 1187 891 1213 Vide
915 1188 994 1213 etiam
1023 1188 1106 1219 ipsius

146 1223 295 1250 Comment.
313 1224 340 1249 in
358 1224 445 1249 Matth.
466 1223 496 1255 6,
516 1223 558 1248 43.
587 1222 637 1249 Cfr.
662 1223 806 1255 innocent„
835 1223 885 1249 loc.
912 1223 955 1249 cit.
974 1230 997 1249 c.
1017 1223 1059 1249 37.
1080 1223 1106 1249 in

2072 203 2134 235 635

1255 287 1303 316 13.
1324 287 1430 317 Amen.
1451 289 1642 326 Hieronymus
1654 289 1665 305 ⁸
1686 290 1741 319 ait:
1768 302 1782 316 ι
1797 291 1871 320 Scire
1885 291 1980 320 autem
1994 291 2134 325 debemus,
2155 295 2187 317 ne
2202 296 2279 317 Amen.

1173 337 1250 373 apud
1269 337 1413 367 Hebraeos
1434 339 1463 367 in
1484 338 1540 367 fine
1561 339 1698 368 librorum
1719 348 1807 368 unum
1828 348 1842 368 e
1858 339 1951 368 tribus
1966 340 2055 369 solere
2071 340 2134 368 sub-

1172 385 1263 421 necti,
1284 386 1319 415 31
1338 386 1390 415 331
1409 386 1501 416 Amen
1522 388 1663 422 scribant,
1685 388 1737 417 331
1757 388 1835 422 Sela,
1858 389 1910 417 331
1923 389 2026 418 Salom.
2042 389 2134 417 Amen

1173 435 1317 471 significat
1336 444 1415 470 vere,
1436 436 1482 464 vel
1503 429 1640 471 fidelite‘t3
1661 437 1755 466 Salom
1777 437 1919 474 significat
1940 446 2052 473 pacem3
2070 438 2134 466 Sela

1173 483 1317 520 significat
1347 492 1496 520 semper».
1518 485 1608 519 Nota,
1641 485 1715 521 quod
1745 486 1799 514 dici
1831 486 1919 520 solet,
1940 486 2014 522 quod
2042 486 2134 514 Amen

1173 532 1340 568 quandoque
1371 532 1486 562 tenetur
1515 534 1722 570 nominaliter,
1743 534 1776 562 31
1802 535 1989 571 Apocalypsis
2010 534 2132 563 13111οἧ

1178 592 1193 606 α
1208 581 1286 610 Haec
1306 581 1374 610 dicit
1394 581 1499 616 Amen,
1521 582 1604 610 testis
1624 582 1716 611 fidelis
1742 583 1770 611 et
1791 591 1890 616 verus,
1912 585 1960 619 qui
1991 584 2035 612 est
2057 584 2133 619 prin-

1173 631 1277 666 cipium
1293 630 1444 659 *creaturae
1466 631 1518 660 Dei
1532 643 1561 659 ι».
1583 631 1754 668 Quandoque
1785 632 2004 668 adverbialiter,
2025 633 2059 661 111
2080 632 2132 661 ibi:

1178 678 1311 714 «Amen,
1343 688 1426 708 amen
1456 680 1516 709 dico
1543 680 1623 709 vobis
1642 692 1670 708 ι.
1699 680 1869 717 Quandoque
1896 681 2068 717 verbaliter,
2100 682 2142 713 31,

1172 726 1234 756 hic:
1256 726 1369 764 Amen,
1389 727 1418 756 id
1445 727 1507 762 est,
1534 729 1628 757 omnia
1649 728 1792 764 praedicta
1820 729 1892 758 fiant
1912 729 1994 759 nobis
2022 738 2055 758 ex
2083 729 2135 758 tua

1172 776 1269 813 gratia
1280 775 1302 804 ⁶.

1171 938 1231 965 fine.
1244 952 1280 958 --
1294 939 1341 964 Ed.
1361 939 1385 964 4.
1404 937 1485 964 verba
1505 938 1658 970 Hieronymi
1671 941 1697 964 et
1708 945 1777 972 quae
1790 938 1885 964 deinde
1900 941 2047 972 sequuntur
2060 939 2135 964 omit·

1171 975 1208 1000 tit.
1228 973 1293 1000 Cod.
1314 974 1335 999 Α
1354 973 1436 999 verba
1456 974 1562 999 Hieron.
1581 975 1728 1006 transponit
1747 975 1772 999 in
1793 974 1880 999 tinem.

1242 1009 1254 1024 ⁴
1274 1010 1350 1035 Vers.
1370 1009 1411 1035 44.
1437 1023 1472 1027 -
1499 1009 1623 1042 Sequitur
1649 1010 1716 1035 ioan.
1743 1010 1771 1042 4,
1798 1009 1841 1035 51.
1861 1024 1896 1028 —
1921 1009 1985 1035 Cod.
2010 1010 2029 1035 A
2057 1009 2133 1041 legit:

1170 1045 1258 1073 Amen
1275 1044 1424 1078 aliquando
1444 1046 1548 1071 tenetur
1567 1044 1767 1071 nominaliter...
1781 1044 1899 1071 secundo
1914 1043 2134 1071 adverbialiter...

1170 1080 1248 1107 tertio
1267 1080 1412 1107 verbaliter
1431 1084 1480 1106 etc.
1780 1082 1782 1085 ’

1241 1115 1253 1130 ⁵
1272 1117 1362 1142 Glossa
1382 1115 1525 1142 ordinaria
1545 1115 1586 1148 (ex
1605 1115 1685 1148 Beda)
1706 1115 1731 1141 in
1751 1116 1839 1142 Matth.
1859 1116 1890 1147 6,
1911 1116 1941 1141 9:
1956 1115 2042 1142 Amen
2055 1115 2134 1147 signi-

1170 1152 1230 1178 ficat
1249 1152 1274 1177 in
1293 1151 1419 1177 omnibus
1438 1152 1478 1177 his
1497 1151 1675 1183 petitionibus,
1696 1151 1874 1177 indubitanter
1895 1158 1908 1176 a
1922 1151 2034 1177 Domino
2054 1150 2132 1176 tribui

1170 1187 1244 1220 quod
1264 1188 1374 1220 petitur,
1394 1188 1415 1213 si
1435 1187 1542 1213 ultimae
1560 1187 1716 1213 conditionis
1736 1190 1842 1219 pactum
1857 1193 1963 1212 servare
1983 1193 2037 1212 non
2056 1187 2134 1218 negli-

1171 1224 1273 1256 gimus;
1294 1223 1363 1249 unde
1382 1222 1486 1249 subdit:
1506 1222 1539 1249 Si
1556 1221 1711 1249 dimiseritis
1731 1225 1780 1248 etc.
