2476 3921
338 229 361 262 X
1150 222 1425 257 PROLEGOMENA
1449 223 1481 256 C.
1507 224 1527 256 I.

339 318 364 343 S.
386 317 514 343 Francisci
534 316 699 347 Assisiensis,
718 315 777 341 cod.
797 314 943 340 membran.
963 313 990 338 in
1016 313 1090 344 solio,
1110 312 1205 339 saeculi
1231 312 1300 338 XIV.

338 372 407 397 circa
420 371 490 396 med.
504 371 531 396 In
547 370 624 396 135013
638 368 840 395 membranacea
853 367 933 393 asseri
946 366 1084 399 posteriori
1098 366 1211 392 exterius
1224 366 1300 391 affixa

338 424 445 457 legitur:
466 422 577 450 Postilla
602 429 683 456 super
709 422 811 448 Lucam
829 419 979 447 secundum
1000 419 1165 453 maqistrum
1183 419 1301 453 fratrem

339 478 560 504 Bonaventuram
578 475 610 502 de
628 474 729 502 Balnea
748 474 823 509 reyio
843 473 947 500 ordinis
966 472 1124 505 Minorum‚·
1148 473 1300 506 reponatur

340 537 432 558 versus
451 529 581 557 orientem
600 529 629 555 in
647 528 731 555 banco
756 528 810 554 Vll.
829 541 864 546 —
883 527 954 553 Folio
975 527 1000 552 1.
1018 533 1039 552 r.
1053 526 1175 552 columna
1197 526 1221 550 1.
1240 525 1301 551 1001-

339 584 376 616 pit
395 584 451 609 sine
470 583 522 609 ullo
543 583 629 609 titulo:
650 581 769 616 Spiritus
789 580 898 607 Domini
915 587 998 614 super
1011 586 1062 612 me,
1077 585 1107 605 eo
1127 578 1199 613 quod
1217 585 1301 605 unate-

338 636 375 663 rit
393 643 435 663 me
448 635 484 663 ad
496 634 723 662 annunciandum
748 633 896 660 mansuetis
915 635 1000 665 terre,
1019 635 1049 659 ut
1066 631 1189 659 mederer
1204 631 1301 659 contri-

339 692 379 717 tos
398 688 478 716 corde
491 690 516 715 et
536 688 707 722 predicarem
726 686 837 721 captivis
856 686 1056 720 indulqenciam
1068 687 1093 712 el
1112 685 1212 713 clausis
1226 692 1299 719 aper-

339 741 449 768 cionem.
463 739 700 768 Considerantibus
719 738 794 766 nobis
813 742 862 765 etc.
886 739 983 765 Desinit
1005 739 1047 764 tol.
1067 739 1157 764 ultimo
1175 745 1197 764 r.
1211 738 1259 764 col.
1272 738 1298 764 2.

340 795 381 822 Ad
399 802 478 829 quem
495 794 577 829 finem
596 801 645 820 nos
661 793 796 827 perducat
808 793 866 820 Ihes
879 793 920 820 Xs
934 792 977 819 dei
988 792 1061 827 filius
1070 800 1121 827 per
1135 791 1301 819 intercessio-

339 855 400 875 nem
413 847 567 874 dulcissime
586 847 682 873 matris
702 853 750 873 sue
769 848 792 873 et
811 845 959 873 beatissimi
972 847 1041 873 Luce
1057 845 1232 880 evangeliste,
1255 845 1303 880 qui

339 907 401 927 cum
421 901 502 927 Patre
521 902 546 926 et
564 899 670 933 Spiritu
688 900 783 926 sancto
803 898 868 926 vivit
885 905 918 925 ac
936 900 1035 932 regnat
1061 899 1132 925 Deus
1155 898 1182 924 in
1209 898 1302 925 secula

339 953 502 981 seculorum.
522 954 617 979 Amen.

410 1007 530 1033 Genuino
541 1006 735 1033 Commentario
748 1006 790 1032 hic
804 1006 862 1032 cod.
876 1006 974 1038 passim
986 1006 1061 1037 plura
1074 1008 1100 1031 et
1113 1005 1210 1037 prolixa
1220 1005 1303 1036 addit,

339 1068 408 1094 quae
428 1061 494 1086 ultra
508 1060 609 1085 tertiam
629 1062 731 1091 partem
744 1059 807 1084 editi
826 1059 913 1090 operis
935 1060 1099 1090 excrescunt,
1120 1058 1153 1083 ita
1173 1060 1202 1083 ut
1221 1057 1303 1083 verba

339 1113 487 1141 secundum
515 1113 737 1139 Bonaventuram
766 1111 873 1144 proprie
901 1111 952 1143 ipsi
979 1111 1145 1136 conveniant.
1170 1111 1303 1136 Interdum

339 1167 468 1200 quasdam
488 1166 629 1198 particulas
648 1165 742 1191 omittit
762 1165 803 1190 vel
816 1165 950 1197 immutat,
964 1164 1118 1196 praesertim
1137 1163 1304 1189 difficiliores.

339 1220 405 1246 Cum
419 1223 507 1245 autem
521 1220 585 1244 haec
598 1219 734 1244 manifeste
753 1217 787 1243 ab
801 1218 850 1243 alio
864 1217 1010 1249 posteriore
1029 1219 1136 1242 auctore
1155 1217 1220 1242 sacta
1239 1217 1304 1249 sint,

340 1273 381 1299 hie
400 1272 460 1298 cod.
479 1272 522 1297 vix
542 1272 575 1298 ad
595 1271 665 1297 aliud
691 1270 791 1296 servire
815 1270 899 1302 potuit
918 1269 967 1295 nisi
986 1269 1020 1295 ad
1043 1269 1236 1295 confirmandas
1260 1275 1305 1301 ge-

340 1316 433 1352 nuinas
452 1326 564 1352 aliorum
578 1325 700 1351 codicum
719 1325 843 1350 lectiones
855 1327 881 1349 et
894 1330 994 1356 paucos
1011 1323 1083 1349 locos
1102 1325 1240 1355 corruptos
1253 1322 1306 1348 illu-

340 1379 470 1405 strandos.
492 1392 525 1396 —
545 1379 669 1410 Signatur
687 1377 770 1403 littera
790 1378 821 1402 H.

412 1433 436 1457 2.
458 1430 627 1458 Darmstadii
645 1431 671 1456 in
696 1430 851 1462 Germania,
874 1429 993 1456 biblioth.
1013 1429 1132 1460 Duealis,
1159 1429 1217 1455 cod.
1245 1428 1306 1454 369.

341 1487 423 1511 chart.
442 1492 509 1511 saec.
532 1485 588 1510 XV.
609 1485 678 1510 circa
698 1484 767 1510 med.
790 1485 879 1509 Manus
908 1483 1038 1515 posterior
1063 1483 1183 1509 eiusdem
1209 1482 1307 1508 saeculi

343 1538 467 1571 apposuit
487 1539 530 1563 sol.
551 1539 575 1563 l.
594 1545 615 1563 1·.
635 1539 702 1563 hanc
721 1536 892 1562 memoriam:
913 1536 958 1562 Ea:
974 1537 1054 1569 parte
1073 1534 1233 1561 venerabilis
1252 1541 1307 1560 ma-

344 1591 424 1625 qistri
447 1590 563 1617 Martini
580 1589 611 1616 de
630 1589 772 1621 Monialve,
793 1587 930 1623 quondam
946 1587 1125 1614 Prouincialis
1143 1586 1224 1613 huius
1245 1594 1307 1620 pro-

344 1643 426 1670 vincie
446 1645 471 1670 et
488 1642 539 1677 filii
557 1642 638 1668 huius
660 1643 806 1668 conventus
821 1641 922 1674 (recens
938 1647 1032 1666 manus
1051 1640 1165 1666 addidit:
1191 1639 1310 1666 Carmeli

343 1696 490 1731 aquensis),
507 1698 533 1722 et
545 1694 608 1722 obiit
620 1702 693 1721 anno
712 1694 822 1721 Domini
835 1693 1104 1721 MCCCCLXXXIX.
1124 1693 1181 1727 ipso
1192 1693 1233 1719 die
1246 1700 1307 1720 san-

343 1750 379 1778 cti
399 1749 531 1777 Theodori
551 1748 683 1775 martiris.
704 1748 783 1780 Incip.
803 1748 844 1774 rol.
865 1748 890 1773 3.
903 1755 939 1773 r.:
959 1747 1079 1781 Spiritus
1103 1746 1207 1773 domini
1224 1754 1307 1781 super

343 1811 385 1831 me
404 1807 453 1829 etc.
464 1814 470 1835 ς
491 1803 515 1829 10
530 1803 580 1828 tine
602 1803 735 1829 adduntur
755 1803 818 1828 haee
833 1802 893 1827 alia:
912 1801 1071 1835 Expliciunt
1084 1800 1193 1835 postille
1210 1800 1308 1835 fratris

344 1858 532 1884 Bonaventure
550 1863 632 1890 super
651 1857 762 1882 Lucam.

414 1911 497 1936 Etiam
517 1910 558 1936 hic
577 1910 709 1943 interdum
729 1908 808 1935 habet
824 1909 1017 1939 additamenta,
1043 1908 1090 1934 sed
1116 1907 1222 1940 brevia,
1241 1915 1310 1940 quae

343 1965 452 1998 quidem
472 1971 524 1990 non
550 1970 610 1989 raro
629 1963 707 1989 etiam
730 1963 757 1988 in
776 1963 819 1988 ed.
844 1962 904 1987 Vat.
923 1961 1065 1992 habentur,
1090 1962 1137 1987 sed
1164 1961 1260 1987 desunt
1283 1961 1309 1986 in

344 2017 536 2051 antiquioribus
556 2017 634 2043 codd.
654 2017 723 2042 Solet
742 2016 820 2041 etiam
840 2023 900 2041 cum
921 2015 979 2041 Vat.
999 2015 1123 2047 supplere
1151 2015 1223 2040 locos
1242 2015 1310 2040 Scri-

344 2076 452 2104 murae,
476 2071 585 2104 quando
604 2071 630 2096 in
649 2071 699 2096 illis
725 2070 839 2102 antiquis
863 2069 941 2095 codd.
965 2070 1083 2095 consulto
1107 2069 1193 2102 aliqua
1213 2069 1310 2094 omissa

345 2126 385 2152 vel
405 2129 504 2151 tantum
526 2132 574 2157 per
592 2126 640 2151 etc.
659 2124 773 2150 indicata
792 2126 862 2149 sunt.
883 2137 918 2142 ——
937 2123 1009 2155 Sign.
1027 2123 1074 2149 litt.
1095 2124 1127 2149 G.

417 2180 440 2204 3.
470 2177 638 2209 Florentiae,
665 2177 784 2202 biblioth.
809 2177 1124 2208 Mediceo-Laurentiana,
1144 2176 1202 2202 cod.
1228 2176 1310 2203 Conv.

345 2238 437 2263 suppr.
457 2230 518 2256 847.
542 2229 623 2255 modo
643 2229 709 2261 360,
729 2229 762 2254 de
781 2235 835 2261 quo
861 2228 939 2254 locuti
958 2235 1051 2253 sumus
1071 2231 1134 2253 tom.
1160 2228 1203 2253 VI.
1229 2228 1312 2253 Prole-

346 2290 418 2315 gom.
438 2290 501 2315 pag.
521 2282 591 2308 XXII
611 2289 635 2307 0.
656 2282 681 2307 5.
701 2281 911 2308 Commentaritis
930 2281 957 2306 in
979 2281 1153 2312 Evangelium
1172 2281 1257 2306 Lucae
1277 2281 1312 2306 ln-

346 2338 409 2370 cipit
429 2338 470 2363 sol.
491 2338 517 2362 2.
535 2344 570 2367 r.‚
591 2336 633 2362 cui
653 2343 747 2361 manus
766 2342 836 2361 saec.
855 2335 913 2360 XV.
927 2335 1080 2366 praemisit:
1101 2334 1213 2361 Postilla
1226 2341 1309 2368 super

348 2391 448 2417 Lucam
473 2390 624 2417 Conventus
643 2390 735 2415 sancte
762 2387 848 2415 Marie
880 2387 982 2414 novelle
1011 2387 1042 2413 de
1066 2387 1205 2414 Florentia
1235 2387 1313 2413 Ordi-

346 2444 388 2470 nis
408 2443 624 2470 Predicatorum.
646 2442 743 2468 Deinde
763 2442 884 2467 columna
906 2442 930 2466 1.
948 2440 1069 2474 Spiritus
1094 2439 1203 2466 Domini
1227 2447 1309 2474 saper

347 2505 389 2524 me
407 2501 454 2523 etc.
476 2497 573 2523 Desinit
593 2497 635 2522 sol.
657 2497 706 2521 128
727 2504 752 2521 v.
773 2496 820 2521 eol.
843 2496 851 2519 1
878 2495 903 2520 10
917 2495 975 2520 1100.

418 2551 473 2576 Νο0
493 2556 588 2581 parum
608 2548 733 2574 mendose
753 2551 791 2573 est
803 2548 931 2580 scriptus,
951 2547 1106 2579 praesertim
1126 2546 1188 2579 quia
1202 2553 1249 2578 per
1268 2547 1314 2571 sal-

348 2606 403 2629 tum
423 2603 497 2635 plura
516 2602 598 2628 verba
612 2605 637 2627 et
655 2602 768 2633 integras
787 2601 868 2626 lineas
887 2607 967 2632 saepe
986 2600 1089 2626 omittit.
1111 2599 1207 2625 Textus
1227 2601 1314 2624 tamen

349 2656 523 2681 communiter
542 2655 664 2680 convenit
677 2661 738 2680 cum
754 2654 773 2680 C
788 2655 821 2686 D,
841 2661 902 2680 cum
916 2653 1014 2687 quibus
1027 2653 1158 2679 constituit
1177 2653 1313 2678 meliorem

349 2709 482 2734 familiam.
501 2722 536 2727 —
556 2708 630 2739 Sign.
649 2707 695 2732 litt.
714 2707 743 2732 A.

422 2761 446 2787 4.
467 2760 578 2792 Ibidem,
594 2761 659 2785 I‘lut.
672 2760 715 2785 XI.
729 2760 797 2785 dext.
817 2760 874 2785 cod.
889 2760 914 2784 3.
934 2759 1046 2784 membr.
1064 2759 1089 2784 in
1104 2759 1146 2784 l'ol.
1162 2766 1230 2784 saec.
1245 2759 1314 2784 XIV.

351 2815 448 2840 ineunt.
468 2813 568 2846 Incipit.
588 2814 629 2839 tol.
649 2814 674 2838 3.
693 2821 714 2838 r.
734 2813 790 2838 sine
809 2813 858 2838 ulla
873 2815 945 2838 nota:
966 2811 1085 2846 Spiritus
1106 2812 1215 2838 Domini
1231 2819 1314 2846 super

350 2874 392 2893 me
411 2871 459 2892 etc.
479 2866 577 2892 Desinit
598 2867 639 2891 sol.
661 2866 719 2891 114.
740 2873 760 2891 r.
782 2869 809 2891 ut
828 2867 854 2891 10
873 2866 944 2891 edito
963 2866 1168 2892 Commentario.

422 2921 479 2945 Non
499 2919 604 2945 exhibet
624 2920 754 2951 integrum
774 2919 1012 2950 CommentarIum,
1033 2919 1079 2944 sed
1106 2919 1203 2951 passim
1225 2918 1314 2944 verbis

352 2973 490 2999 contractis
509 2979 615 2998 sensum
636 2972 770 3004 exprimit,
790 2973 831 2996 vcl
851 2972 928 2997 etiam
948 2972 1113 3005 aliquatenus
1132 2972 1260 2997 immutat.
1275 2971 1314 2997 Ad

352 3027 498 3057 marginem
518 3029 542 3051 et
561 3026 658 3051 calcem
677 3032 756 3057 saepe
782 3025 860 3050 habet
885 3025 1031 3051 additiones
1050 3025 1154 3051 alienas.
1179 3039 1214 3044 —-
1240 3025 1313 3056 Sign.

353 3079 398 3104 litt.
418 3080 446 3104 B.

425 3133 448 3157 55.
470 3131 583 3163 Ibidem,
600 3132 683 3158 Conv.
696 3138 787 3163 suppr.
803 3131 868 3163 645,
882 3131 961 3157 modo
981 3132 1024 3156 99.
1039 3131 1099 3156 455.
1113 3131 1181 3157 Vide
1199 3137 1268 3164 quae
1281 3131 1315 3155 de

354 3186 403 3210 1100
422 3184 512 3210 0011100
532 3184 645 3209 diximus
665 3187 727 3209 tom.
748 3184 788 3209 VI.
810 3184 955 3215 prolegom.
979 3191 1039 3216 pag.
1060 3184 1130 3209 XXII
1151 3191 1175 3208 n.
1197 3183 1220 3208 4.
1241 3183 1314 3209 Com-

354 3238 497 3263 mentarius
517 3237 606 3269 incipit
632 3238 672 3263 tol.
693 3237 734 3262 84.
760 3244 780 3262 r.
800 3237 850 3262 sub
876 3236 980 3262 rubrica
1006 3237 1111 3262 alterius
1137 3244 1249 3262 manus:
1269 3237 1314 3262 Po-

354 3290 427 3316 stilla
447 3297 528 3324 super
542 3291 653 3316 Lucam.
666 3291 742 3316 Hinc:
762 3290 881 3324 Spiritus
894 3289 951 3316 eius
972 3290 1030 3323 (sic)
1045 3297 1127 3324 super
1145 3297 1187 3316 me
1207 3293 1255 3316 etc.
1270 3291 1315 3315 De-

354 3344 414 3369 sinit
433 3344 475 3369 sol.
495 3344 544 3369 142
566 3351 591 3369 ν.
611 3345 660 3369 001.
679 3345 703 3369 2.
724 3347 752 3369 01
772 3344 796 3369 10
815 3344 938 3370 editione.

1436 311 1519 337 Etiam
1539 312 1581 337 hic
1602 314 1699 338 textum
1719 315 1881 338 contractum
1901 312 1994 344 habet;
2015 313 2084 339 unde
2103 316 2242 347 postquam
2262 313 2327 339 vidi-

1365 371 1439 397 mus,
1458 372 1519 391 eum
1540 365 1566 390 10
1585 365 1633 391 11115
1652 365 1786 398 partibus,
1805 373 1871 398 quas
1890 365 1982 399 habet,
2001 367 2090 399 quoad
2109 374 2215 393 sensum
2229 370 2255 393 et
2273 367 2327 399 plu-

1364 417 1431 443 rima
1451 417 1533 443 verba
1546 424 1607 443 cum
1621 418 1677 444 aliis
1691 417 1768 444 codd.
1782 418 1939 450 convenire,
1953 420 2108 445 cessandum
2122 427 2179 446 esse
2198 427 2212 446 a
2232 427 2328 452 parum

1366 470 1421 496 utili
1440 470 1530 496 labore
1549 470 1725 497 decrevimus.
1744 485 1780 490 -
1799 471 1871 503 Sign.
1890 471 1937 497 litt.
1957 473 1973 497 l.

1437 524 1462 549 6.
1481 523 1599 557 Matriti,
1619 523 1737 550 biblioth.
1760 524 1909 555 Escorialis,
1929 525 1987 551 cod.
2008 525 2046 551 III.
2070 526 2100 551 R.
2120 526 2145 551 2.
2165 525 2277 552 membr.
2302 526 2328 552 10

1367 578 1409 603 sol.
1428 584 1498 603 5300.
1517 577 1581 603 XIII.
1598 580 1701 603 exeunt.
1716 578 1805 603 Manus
1823 584 1893 603 saec.
1911 578 1982 603 XIV.
1993 578 2129 610 praemisit
2148 578 2174 603 in
2193 578 2329 610 superiore

1366 632 1440 662 parte
1458 632 1528 655 recta
1548 630 1627 662 primi
1646 630 1698 656 solii
1717 631 1781 656 haec
1795 630 1891 656 verba:
1910 631 1994 657 Istam
2003 629 2144 664 postillam
2162 630 2224 664 fecit
2242 631 2328 665 frater

1365 684 1558 710 Bonaventura
1578 683 1688 710 Ordinis
1707 683 1845 710 Minor-um
1859 684 1999 711 Generalis
2013 683 2136 711 Minister
2155 686 2180 711 et
2199 684 2329 719 Magister

1366 737 1395 764 in
1413 737 1547 771 theologia
1570 744 1603 764 ac
1627 737 1802 771 postmodum
1820 736 1975 764 cardinalis
1991 736 2141 772 Episcopus
2160 737 2330 765 Albanensis.

1366 792 1427 817 Post
1445 792 1510 817 11300
1528 791 1614 823 prima
1634 798 1743 816 manus:
1757 790 1893 824 Incipiunt
1907 790 2015 824 postille
2030 790 2128 824 fratris
2141 791 2330 818 Bonaventure

1365 851 1448 878 super
1467 845 1580 871 Lucam.
1598 843 1718 878 Spiritus
1737 843 1840 871 domini
1857 851 1939 878 super
1958 851 2002 870 me
2020 847 2069 870 etc.
2089 844 2187 870 Desinit
2206 845 2250 870 sol.
2269 845 2331 870 212.

1366 906 1394 925 ν.
1413 898 1510 924 Eadem
1530 898 1615 930 prima
1635 905 1729 924 manus
1747 897 1865 923 subiicit:
1884 897 2044 932 Expliciunt
2058 897 2166 932 postille
2185 904 2268 932 super
2281 898 2332 924 Lu-

1367 958 1428 978 cam
1446 951 1544 986 fratris
1564 951 1635 978 Bone
1650 952 1790 978 aventure.

1439 1004 1486 1030 Hic
1505 1006 1605 1030 tantum
1624 1004 1772 1030 secundum
1792 1003 1894 1029 initium
1919 1006 1945 1029 et
1963 1004 2092 1037 quasdam
2111 1007 2200 1036 partes
2224 1004 2332 1030 collatus

1367 1058 1420 1087 est;
1440 1063 1494 1089 quo
1514 1055 1590 1081 nobis
1608 1058 1727 1081 constare
1746 1055 1845 1088 potuit,
1864 1062 1926 1081 eum
1945 1055 1971 1081 in
1990 1058 2060 1082 textu
2080 1056 2255 1082 communiter
2273 1063 2332 1082 con-

1368 1110 1459 1135 venire
1477 1116 1538 1135 cum
1558 1110 1665 1135 meliore
1684 1109 1779 1135 familia
1798 1109 1889 1135 ACD.
1908 1123 1943 1129 -—
1963 1110 2037 1142 Sign.
2055 1110 2100 1136 litt.
2120 1111 2153 1135 K.

1440 1162 1466 1188 7.
1486 1162 1585 1190 Montis
1614 1162 1761 1195 Alvernae,
1791 1162 1909 1189 biblioth.
1938 1162 2102 1196 Conventus,
2131 1163 2191 1189 cod.
2220 1163 2333 1189 membr.

1370 1216 1395 1241 in
1415 1216 1473 1247 sol.,
1492 1216 1526 1242 de
1550 1223 1604 1249 quo
1629 1216 1790 1242 mentionem
1810 1216 1919 1242 fecimus
1944 1219 2007 1242 tom.
2028 1217 2071 1242 VI.
2096 1217 2243 1249 Prolegom.
2268 1224 2332 1249 pag.

1371 1269 1453 1295 XXIII
1472 1276 1497 1295 n.
1514 1269 1540 1294 9.

1444 1323 1481 1348 De
1495 1323 1545 1348 hoc
1558 1322 1629 1348 idem
1644 1323 1726 1354 valet,
1743 1322 1816 1355 quod
1831 1322 1864 1348 de
1881 1322 1940 1348 cod.
1954 1323 1975 1348 G
1990 1322 2113 1348 diximus.
2127 1323 2262 1348 Praeterea
2275 1329 2336 1355 pas—

1372 1377 1421 1404 sim
1441 1377 1522 1402 1110113
1541 1376 1637 1402 omittit
1655 1378 1680 1401 et
1693 1383 1707 1401 a
1722 1382 1745 1401 0.
1766 1376 1813 1408 19,
1834 1375 1876 1401 48.
1890 1375 1994 1408 penitus
2013 1375 2109 1402 deficit.
2128 1375 2335 1402 Observavimus

1372 1432 1476 1461 autem,
1495 1428 1569 1461 quod
1589 1428 1646 1453 illae
1659 1428 1802 1460 praecipue
1814 1430 1903 1459 partes
1922 1428 2091 1459 omittuntur,
2110 1434 2179 1461 quae
2199 1427 2224 1453 in
2238 1427 2336 1453 missali

1372 1489 1426 1507 non
1444 1485 1504 1507 sunt
1522 1484 1643 1513 receptae
1656 1484 1685 1507 ut
1700 1481 1841 1513 pericopae
1854 1481 1947 1507 diebus
1961 1481 2100 1507 dominicis
2119 1484 2145 1506 et
2159 1481 2229 1507 restis
2250 1481 2336 1513 legen-

1373 1535 1437 1567 dae,
1453 1542 1521 1568 quae
1534 1534 1613 1560 etiam
1628 1534 1660 1560 ad
1676 1534 1822 1566 marginem
1837 1534 1935 1560 codicis
1948 1534 2104 1560 indicantur.
2118 1535 2234 1566 -sign
2247 1535 2292 1560 litt.
2306 1535 2334 1560 F.

1446 1588 1469 1613 8.
1490 1587 1630 1621 Neapolis,
1651 1586 1771 1612 biblioth.
1792 1587 1945 1618 Nationalis‚
1966 1587 2025 1612 cod.
2047 1586 2143 1612 V11.A.
2157 1586 2200 1612 42.
2219 1586 2333 1612 membr.

1374 1642 1400 1667 in
1420 1642 1463 1667 sol.
1482 1648 1551 1667 saec.
1570 1641 1638 1667 XIV.
1659 1643 1718 1667 ante
1737 1640 1809 1666 med.
1828 1640 1958 1666 postillam
1978 1640 2003 1666 10
2025 1640 2197 1672 Evangelium
2217 1640 2337 1666 Matthaei

1372 1701 1532 1727 anonymam
1547 1694 1665 1727 sequitur
1678 1695 1742 1720 haec
1755 1694 1782 1719 in
1795 1693 1967 1726 Evangelium
1981 1694 2068 1720 Lucae
2080 1693 2178 1726 pariter
2195 1701 2338 1726 anonyma.

1373 1748 1464 1780 Incipit
1482 1751 1507 1774 et
1527 1747 1621 1773 desinit
1640 1750 1668 1773 ut
1686 1748 1712 1773 in
1732 1747 1816 1773 editis.

1445 1801 1491 1826 Hie
1511 1800 1590 1826 habet
1608 1801 1731 1826 lecti0nes
1751 1807 1803 1826 non
1822 1807 1881 1826 raro
1901 1800 2043 1832 speciales,
2062 1800 2216 1832 praesertim
2235 1800 2262 1826 in
2281 1807 2338 1826 cor-

1373 1854 1546 1885 rectionibus,
1565 1861 1634 1888 quae
1653 1853 1686 1880 ab
1706 1854 1754 1879 3113
1773 1861 1853 1879 manu
1873 1854 1907 1879 ad
1926 1854 2073 1886 marginem
2094 1854 2195 1886 positae
2214 1856 2284 1880 sunt.
2304 1868 2338 1872 —

1374 1909 1447 1941 Sign.
1467 1909 1513 1934 litt.
1533 1909 1561 1934 E.

1446 1962 1472 1986 9.
1493 1960 1603 1987 Tuderti
1621 1961 1647 1986 in
1666 1960 1789 1993 Umbria,
1808 1959 1928 1986 biblioth.
1947 1959 2028 1985 sancti
2048 1960 2195 1991 Fortunati,
2215 1960 2275 1986 cod.
2295 1959 2337 1985 47.

1375 2014 1489 2041 membr.
1511 2014 1535 2039 in
1557 2015 1599 2039 sol.
1619 2020 1687 2039 saec.
1706 2014 1770 2039 XIII.
1789 2020 1883 2039 versus
1896 2013 1974 2038 tinem
1995 2016 2124 2038 exaratus.
2143 2013 2235 2045 Incipit
2251 2013 2293 2038 sol.
2314 2013 2338 2038 3.

1375 2076 1396 2094 r.
1410 2069 1458 2094 col.
1479 2069 1507 2093 1;
1527 2066 1647 2101 Spiritus
1666 2066 1777 2093 Domini
1793 2074 1875 2100 super
1894 2073 1937 2093 me
1955 2069 2013 2097 etc.,
2026 2069 2051 2092 et
2070 2066 2166 2092 desinit
2185 2067 2227 2092 sol.
2248 2066 2298 2092 150
2312 2073 2338 2091 V.

1377 2127 1460 2153 prope
1472 2120 1564 2145 finem:
1578 2118 1648 2145 Vivit
1656 2125 1689 2145 ac
1699 2120 1798 2152 reymt
1809 2119 1878 2145 Deus
1889 2118 1918 2144 in
1927 2118 2019 2145 secula
2032 2118 2196 2145 seculorum.
2208 2118 2301 2145 Amen.

1448 2174 1491 2199 Est
1509 2173 1571 2199 satis
1590 2175 1707 2198 correcte
1726 2179 1740 2197 a
1760 2172 1846 2204 prima
1866 2178 1946 2197 manu
1966 2171 2091 2204 scriptus,
2110 2174 2136 2197 et
2158 2171 2220 2197 vitia
2241 2171 2340 2197 librarii

1376 2234 1470 2260 saepe,
1490 2227 1537 2252 sed
1557 2233 1608 2252 non
1634 2232 1748 2258 semper,
1767 2225 1801 2251 ad
1826 2225 1973 2257 marginem
1993 2231 2008 2250 a
2033 2231 2113 2250 manu
2133 2225 2211 2256 paulo
2236 2225 2340 2250 iuniore

1377 2283 1493 2307 correcta
1513 2282 1584 2306 sunt.
1603 2280 1677 2305 11000
1696 2281 1721 2304 et
1740 2281 1894 2311 sequentem
1914 2278 2058 2310 plurimum
2084 2278 2165 2304 secuti
2184 2285 2285 2304 sumus.
2305 2292 2341 2298 —

1378 2335 1451 2366 Sign.
1471 2334 1516 2359 litt.
1536 2333 1564 2359 C.

1450 2387 1492 2411 10.
1512 2385 1624 2418 Ibidem,
1646 2386 1705 2412 cod.
1731 2386 1775 2411 60.
1799 2384 1913 2410 membr.
1934 2385 1960 2410 in
1986 2385 2029 2410 sol.
2053 2391 2122 2410 saec.
2149 2385 2218 2410 XIV.
2242 2384 2341 2410 ineunt.

1377 2440 1430 2465 Fol.
1452 2440 1474 2464 1.
1494 2447 1519 2464 v.
1540 2446 1634 2464 manus
1654 2439 1732 2471 03010
1758 2438 1885 2470 posterior
1907 2438 2019 2464 notavit:
2038 2439 2089 2464 lsle
2109 2437 2175 2464 liber
2194 2439 2234 2464 est
2261 2437 2340 2472 depu-

1378 2494 1451 2518 tatus
1471 2492 1507 2518 ad
1525 2499 1608 2518 usum
1627 2491 1724 2525 fratris
1744 2491 1870 2519 Munaldi
1888 2491 1918 2517 cle
1940 2491 2055 2518 Tuam-to
2076 2490 2199 2523 tectoris;
2219 2490 2341 2524 quicum-

1379 2551 1429 2578 que
1442 2551 1504 2570 eum
1523 2544 1681 2571 alienaverit
1694 2544 1794 2578 absque
1813 2543 1869 2570 eius
1884 2543 2002 2575 licentia,
2025 2543 2171 2570 aitathema
2190 2543 2233 2569 sit.
2245 2543 2341 2569 Parum

1379 2598 1459 2623 intra:
1479 2597 1590 2624 Postilla
1610 2597 1798 2623 Bonaventure
1816 2604 1898 2630 super
1918 2597 2028 2623 Lucam.
2050 2598 2199 2629 Sequuntur
2213 2597 2342 2629 quaestio-

1378 2658 1424 2676 nes
1444 2651 1477 2676 de
1502 2651 1607 2676 scientia
1628 2650 1721 2676 Christi
1747 2651 1825 2676 etde
1844 2650 1965 2682 Mysterio
1989 2650 2136 2680 Trinitatis,
2162 2650 2209 2675 sed
2234 2649 2267 2675 ab
2293 2650 2342 2675 alia

1379 2707 1404 2730 et
1418 2704 1558 2737 antiquiori
1572 2711 1651 2729 manu
1665 2704 1785 2735 scriptae,
1800 2706 1827 2728 ut
1841 2702 2058 2734 praemonuimus
2072 2705 2133 2728 tom.
2148 2702 2179 2727 V.
2193 2703 2341 2735 Prolegom.

1379 2765 1402 2784 c.
1424 2759 1447 2783 l.
1466 2758 1481 2790 S
1502 2758 1525 2782 2.
1544 2760 1569 2782 et
1583 2757 1607 2782 4.
1627 2764 1651 2782 n.
1672 2758 1696 2781 2.
1716 2756 1927 2782 Commentarius
1947 2755 1971 2780 in
1991 2755 2161 2787 Evangeiium
2176 2756 2262 2780 Lucae
2281 2755 2343 2781 inci-

1379 2812 1417 2844 pit
1438 2812 1481 2836 101(
1494 2811 1537 2835 31.
1550 2818 1585 2835 r.:
1605 2809 1724 2843 Spiritus
1737 2808 1847 2835 Domini
1858 2816 1940 2842 super
1953 2816 1996 2835 me
2009 2812 2056 2834 etc.
2071 2808 2170 2834 Desinit
2184 2809 2226 2834 sol.
2247 2809 2306 2834 177.
2320 2816 2340 2834 r.

1380 2872 1426 2897 per
1446 2863 1541 2889 verba:
1562 2863 1615 2888 Deo
1634 2861 1752 2895 wactas.
1773 2862 1896 2894 Sequitur
1913 2862 1990 2887 index
2004 2869 2092 2887 rerum
2111 2861 2203 2888 ordine
2222 2861 2342 2893 alphabe-

1379 2917 1430 2942 tico
1450 2918 1579 2942 exaratus.

1451 2970 1497 2996 IIic
1517 2970 1542 2994 in
1563 2972 1632 2994 textu
1658 2976 1672 2994 a
1698 2969 1783 3001 prima
1802 2976 1882 2994 manu
1908 2969 2006 3000 scripto
2032 2968 2108 2994 valde
2133 2968 2256 2993 convenit
2281 2975 2343 2993 cum

1380 3023 1560 3056 praecedenti,
1580 3023 1639 3048 licet
1657 3029 1709 3048 non
1729 3022 1812 3054 possit
1829 3028 1887 3047 esse
1911 3022 2030 3047 eiusdem
2054 3022 2254 3053 apographum,
2280 3028 2342 3047 0001

1380 3078 1517 3110 aliquoties
1537 3076 1631 3102 habeat
1656 3076 1787 3109 quaedam
1814 3075 1911 3106 verba,
1936 3082 2005 3107 quae
2028 3075 2053 3100 in
2082 3075 2124 3100 illo
2149 3075 2343 3100 desiderantur.

1380 3131 1492 3163 Saepius
1513 3130 1596 3162 prima
1617 3137 1711 3155 manus
1731 3129 1755 3155 in
1775 3131 1825 3155 hoc
1838 3136 1919 3162 quam
1938 3129 1963 3153 in
1977 3128 2020 3153 illo
2033 3128 2142 3159 erravit,
2163 3128 2210 3153 5011
2224 3128 2302 3153 011301
2317 3128 2343 3153 10

1381 3184 1500 3215 margine
1525 3183 1623 3215 pluries
1648 3182 1682 3208 ab
1701 3183 1749 3208 alia
1777 3189 1856 3207 manu
1876 3184 1915 3206 cst
1940 3183 2085 3212 correctus,
2107 3183 2133 3206 et
2151 3180 2249 3211 passim
2264 3180 2343 3206 etiam

1380 3238 1443 3263 31135
1462 3237 1584 3262 lectiones
1603 3235 1639 3261 ibi
1655 3235 1767 3268 praebet
1786 3242 1816 3260 ac
1835 3235 1894 3260 cod.
1914 3234 1942 3260 C.
1961 3248 1996 3253 —
2015 3234 2086 3265 Sign.
2106 3234 2151 3258 litt.
2172 3234 2201 3258 D.

1453 3290 1495 3315 11.
1518 3288 1634 3315 Turonis
1654 3289 1678 3314 in
1703 3289 1798 3319 Gallia,
1820 3287 1938 3313 biblioth.
1964 3286 2093 3318 Civitatis,
2119 3286 2178 3311 cod.
2205 3286 2253 3317 27,
2279 3286 2342 3312 01101

1382 3344 1407 3369 S.
1426 3343 1540 3369 Gratiani
1561 3343 1607 3375 43,
1628 3341 1740 3368 membr.
1754 3342 1779 3367 10
1800 3342 1841 3366 sol.
1861 3347 1928 3366 5300.
1950 3340 2012 3365 XIII.
2033 3342 2091 3371 post
2104 3339 2175 3366 med.
2194 3340 2268 3366 IIunc
2283 3340 2342 3365 cod.
