2427 3872
444 233 506 259 SAT

827 191 864 224 ΙΝ
887 191 1181 225 COMMENTARIOS
1204 193 1233 225 S.
1258 193 1485 226 SCRlPTURAE

2091 200 2154 233 835

1803 240 1862 267 sca

159 277 227 304 Patri
251 279 367 309 tantum,
385 277 432 303 sed
458 278 537 304 etiam
567 278 642 304 matri
670 279 799 305 Ecclesiae
837 279 867 305 lis
886 280 997 313 relinqui
1017 280 1115 306 veritas
1142 288 1194 306 non
1218 280 1297 307 debet
1316 280 1387 313 ibid,
1407 283 1422 307 3
1442 295 1478 302 -
1494 284 1498 328 Ι
1515 282 1580 309 dicit
1597 283 1791 317 cognitionem,
1810 286 1943 311 contristat
1961 288 2155 313 occasionaliter

161 324 212 350 473
232 324 266 350 32
284 337 320 343 --
340 324 494 350 satisfacere
512 327 551 350 est
569 331 663 351 causas
681 328 798 357 peccato-

157 375 219 394 rum
237 367 358 394 excidere
377 371 403 394 et
421 368 459 394 eis
478 369 605 400 peccandi
624 369 726 395 aditum
746 375 798 394 non

156 412 296 445 indulgere
313 412 366 438 394
386 413 419 438 32

211 470 247 476 -
265 457 313 483 Ρει·
331 456 448 482 laborem
468 457 650 483 satisfactionIS
669 457 796 483 munditia

156 501 297 534 spiritualis
324 504 496 534 recuperatur
523 501 556 527 Vt
582 501 634 526 600
661 500 676 526 4
695 515 730 519 -
750 501 797 526 Ρεῐ·

155 545 358 571 satisfactionem
377 547 500 577 peccator
518 545 638 571 redditur
656 545 733 570 matri
754 545 798 570 Ec-

155 590 250 616 clesiae
270 590 312 616 Vll
333 589 382 615 473
409 590 442 615 32
462 603 497 607 -
515 589 632 615 Mortuus
655 588 797 620 spiritualis

155 633 211 660 abit
229 634 255 660 in
283 633 458 659 satisfactione
486 633 518 659 Vl
539 633 586 658 594
611 633 626 658 3
647 646 681 651 -
699 632 797 664 colligit

155 679 256 711 lapides
275 678 425 704 offensionis
449 678 478 703 31
503 684 529 702 ν.
548 678 563 701 8
583 689 619 696 —
637 676 795 708 impeditur,

137 743 140 746 .
154 723 233 755 ligata
253 729 331 748 manu
345 729 392 754 per
406 721 582 747 inordinatum
596 723 729 753 torporem
743 720 794 746 593

153 774 181 793 v.
202 766 234 793 44
253 781 289 785 —
307 766 422 792 iniuncta
440 765 572 798 peccatori
585 764 725 791 absolvite
738 764 795 790 vin·

153 811 220 837 culis
238 810 346 843 triplicis
363 809 522 836 difficultatis
542 809 592 835 406
612 809 645 834 63

208 854 349 882 'snunms
367 868 403 874 —
420 853 537 880 consistit
550 853 575 879 in
588 855 667 886 gustu
687 852 794 879 divinae

154 898 278 926 honitatis
297 900 339 925 Vll
366 898 417 925 447
437 899 471 925 49
490 913 525 917 -
548 897 665 924 Saturari
684 898 793 929 dicitur,

153 944 261 977 quando
279 944 339 977 quis
357 950 411 970 non
430 944 487 970 vult
503 943 617 975 amplius
630 942 664 969 de
676 949 708 968 eo
721 942 793 975 quod

153 988 323 1014 desiderabat
341 988 375 1014 Vl
395 988 428 1014 46
447 995 473 1021 q.
493 989 509 1013 2
527 994 585 1020 arg.
604 988 620 1013 2

159 1041 161 1044 ⁴
207 1034 273 1059 saur.
291 1047 326 1051 —
346 1033 412 1065 Vas,
431 1040 485 1066 quo
511 1032 632 1058 inunctus
651 1031 699 1058 fuit
718 1032 792 1062 Saul,

153 1080 209 1103 erat
227 1077 361 1109 lenticula,
381 1077 479 1104 scilicet
501 1084 549 1103 vas
574 1077 666 1109 fragile
690 1076 735 1102 Vll
758 1076 792 1101 39

150 1121 205 1148 424
224 1136 260 1140 --
277 1128 339 1147 cum
359 1121 406 1148 fuit
424 1122 560 1154 inunctus,
578 1120 747 1153 prophetavit
760 1120 792 1146 Vl

153 1165 204 1191 408
224 1166 258 1191 69
277 1180 311 1184 -
337 1166 364 1191 ln
390 1166 452 1191 Saul
479 1173 532 1192 non
557 1165 652 1191 mansit
681 1164 793 1197 Spiritus

151 1214 257 1237 sanctus
276 1209 328 1236 441’
347 1211 382 1236 25
400 1224 435 1229 -
454 1209 633 1242 superbiendo
646 1209 734 1235 amisit
752 1216 793 1235 re-

152 1255 226 1287 gium
245 1255 359 1281 chrisma
379 1255 422 1280 Vll
443 1254 494 1280 485
514 1254 547 1280 37
757 1286 759 1289 ἱ

205 1299 285 1325 Scan
304 1313 340 1317 —
358 1293 434 1324 lacob
452 1298 583 1330 significat
598 1298 730 1325 Christum
750 1299 793 1324 Vll

152 1343 203 1369 588
223 1344 239 1368 6
257 1357 293 1363 -
312 1344 359 1369 Ρει·
378 1344 475 1369 scalam
495 1342 571 1369 lacob
590 1343 727 1375 designata
746 1343 793 1369 fuit

151 1387 227 1414 beata
256 1388 338 1420 Virgo
364 1388 403 1413 27·
420 1387 455 1413 70
483 1401 518 1407 —
546 1387 668 1419 designat
695 1387 791 1413 librum

151 1432 301 1464 Scripturae
320 1435 345 1458 et
372 1435 508 1458 creaturae
537 1432 589 1458 235
609 1432 642 1458 59
661 1446 697 1450 -
716 1431 792 1458 iacob

147 1476 280 1508 significat
305 1476 483 1503 obedientiam
509 1477 541 1502 Vl
572 1476 622 1502 474
651 1483 679 1501 v.
699 1477 731 1501 40
756 1491 792 1494 -

151 1520 199 1546 Per
223 1528 282 1547 eam
311 1521 488 1547 conscendere
515 1520 614 1546 debent
642 1521 792 1546 sacerdotes

150 1565 217 1591 sicut
236 1565 299 1591 boni
318 1565 513 1597 contemplativi
533 1565 576 1591 Vll
595 1565 647 1591 588
668 1565 683 1590 6

202 1611 353 1636 Scannxtna
363 1624 398 1628 ——
407 1616 461 1635 non
475 1612 514 1635 est
526 1609 574 1635 nisi
588 1609 614 1635 in
627 1611 680 1635 hoc
690 1609 791 1635 mundo

149 1654 182 1680 Vl
202 1653 253 1680 489
273 1654 306 1680 67
326 1661 383 1686 arg.
400 1668 436 1673 —
453 1657 493 1680 est
510 1654 632 1686 impietas
649 1654 791 1686 spiritualis

149 1698 193 1724 Vll
213 1698 263 1724 426
284 1699 299 1725 4
317 1712 354 1718 -
372 1701 421 1730 est,
439 1705 500 1724 cum
514 1699 575 1732 quis
587 1699 656 1725 malo
669 1699 790 1731 exemplo

148 1743 262 1769 animam
282 1743 394 1776 proximi
420 1743 527 1774 occidit,
549 1746 574 1769 et
597 1743 658 1769 ideo
676 1743 734 1775 ipse
752 1743 789 1769 di-

147 1794 216 1819 gnus
235 1791 320 1813 morte
338 1788 449 1813 efficitur
468 1786 530 1814 ibid.
543 1801 579 1806 —
597 1790 636 1813 est
649 1790 787 1819 peccatum

147 1830 230 1863 grave
248 1831 274 1857 in
293 1831 418 1857 omnibus
438 1831 488 1857 427
509 1832 524 1856 6
544 1845 579 1850 -—
597 1834 637 1857 est
649 1834 787 1863 peccatum

146 1882 230 1907 grave
249 1876 362 1902 maxIme
381 1876 405 1901 in
426 1875 466 1901 his
484 1881 598 1908 quorum
612 1874 666 1900 vita
679 1874 788 1900 trahitur

146 1920 172 1945 in
192 1920 342 1952 exemplum
360 1918 423 1945 ibid.

199 1977 236 1983 —
253 1966 299 1989 aut
316 1965 356 1988 est
374 1970 406 1988 ex
425 1962 574 1988 infirmitate
587 1962 654 1988 sicut
666 1963 692 1987 in
711 1961 788 1988 disci-

145 2008 229 2040 pulis,
249 2009 294 2033 aut
312 2014 342 2032 ex
362 2006 523 2038 malignitate
549 2006 618 2032 sicut
643 2006 669 2031 in
694 2005 788 2032 scribis

144 2054 172 2077 et
190 2050 336 2076 Pharisaeis
355 2050 399 2076 Vll
419 2050 469 2075 -t76
490 2049 523 2076 44
542 2064 578 2068 -
590 2050 733 2083 aliquando
747 2057 788 2076 oc-

145 2094 277 2120 casionem
297 2094 379 2120 sumit
391 2101 442 2120 non
456 2094 542 2120 solum
555 2095 589 2121 de
602 2095 679 2128 malo,
693 2102 787 2121 verum

146 2139 225 2165 etiam
244 2139 278 2165 de
296 2138 367 2165 bono
388 2138 438 2165 426
459 2140 474 2165 2
495 2153 529 2158 --
550 2139 621 2166 ve'nit
638 2146 653 2165 a
673 2140 748 2166 malis
761 2142 787 2166 et

145 2190 193 2216 per
211 2183 294 2210 malos
311 2182 374 2211 ibid.
386 2198 422 2202 —
437 2183 528 2210 Active
547 2184 723 2211 scandalizant
740 2185 785 2218 qui

143 2235 193 2261 per
211 2228 311 2254 dictum
325 2229 366 2255 vel
380 2230 476 2255 factum
496 2229 584 2255 minus
596 2232 697 2256 rectum
711 2236 787 2262 prae-

147 2272 209 2299 bent
226 2273 391 2300 occasionem
410 2274 503 2300 ruinae
521 2273 556 2301 ib.
576 2273 590 2300 4
611 2288 645 2293 -
663 2274 784 2307 spiritum

144 2317 215 2342 vitae
224 2317 249 2342 in
260 2319 330 2343 fonte
342 2317 430 2344 cordis
439 2318 580 2351 exstinguit
590 2317 651 2345 ibid.
661 2332 696 2338 —
709 2320 785 2345 Scan-

145 2360 260 2387 dalizans
278 2363 361 2388 aufert
378 2361 480 2388 Christo
499 2362 559 2389 illud
580 2363 653 2396 quod
672 2363 786 2389 maxime

145 2408 217 2431 amat
235 2405 286 2431 427
306 2407 322 2432 6

198 2463 234 2469 -
252 2457 365 2482 poenam
385 2458 510 2484 magnam
536 2454 652 2477 meretur
671 2452 713 2478 Vll
734 2451 784 2478 427

147 2493 163 2519 5
188 2507 223 2514 —-
250 2495 377 2522 Scandalo
406 2499 435 2522 ut
461 2496 534 2528 operi
563 2495 785 2522 deaediflcationis

149 2545 245 2571 magna
268 2538 381 2566 debetur
408 2546 493 2572 poena
518 2538 553 2566 ib.
572 2540 587 2565 6
607 2553 643 2559 -
660 2540 786 2566 scandali-

145 2589 207 2609 zans
225 2582 356 2616 obligatur
376 2591 429 2610 non
456 2584 542 2610 solum
567 2583 601 2609 ad
620 2584 785 2611 reddendam

145 2626 260 2653 animam
280 2635 371 2659 suam,
398 2634 493 2654 verum
522 2627 600 2654 etiam
625 2631 651 2654 et
669 2628 785 2655 animam

145 2671 345 2698 scandalizatam
364 2671 425 2699 ibid.

198 2728 234 2734 —
247 2716 404 2742 scandalum
414 2716 528 2743 activum
542 2716 610 2742 bene
624 2719 709 2748 potest
725 2717 785 2750 quis

146 2758 246 2784 evitare
265 2759 309 2785 Vll
339 2759 388 2785 426
417 2762 433 2786 2
461 2774 496 2780 -
521 2761 676 2787 Scandalum
705 2761 785 2793 passi-

145 2809 211 2828 vum
234 2803 333 2829 evitare
352 2810 403 2829 non
423 2807 461 2831 est
480 2805 506 2831 in
525 2808 652 2838 potestate
670 2805 785 2832 hominis

145 2846 208 2873 ibid.
227 2860 261 2866 -
280 2846 413 2874 Debemus
430 2849 547 2881 separari
574 2849 652 2875 etiam
671 2848 704 2874 ab
723 2849 785 2875 ami-

145 2891 192 2922 cis,
211 2891 231 2917 si
251 2891 428 2918 scandalizant
455 2892 506 2919 427
526 2893 541 2919 4
560 2907 595 2911 -
613 2900 666 2919 non
684 2896 723 2919 est
742 2900 784 2926 pa-

144 2936 263 2962 tiendum
283 2943 331 2968 pro
351 2943 403 2962 uno
431 2937 500 2963 malo
527 2940 614 2963 contra
642 2944 784 2970 congrega-

144 2980 241 3006 tionem
261 2981 388 3007 iustorum
418 2980 465 3006 544
496 2980 510 3007 4
539 2994 574 3000 -
601 2980 719 3007 Caritatis
745 2984 784 3007 est

145 3024 185 3050 uri
204 3024 239 3051 de
257 3025 341 3051 alieno
359 3025 483 3051 scandalo
502 3025 552 3051 402
572 3024 606 3050 52

197 3082 234 3088 -
253 3070 361 3101 Propter
388 3069 540 3095 scandalum
566 3075 619 3094 non
643 3071 682 3094 est
700 3069 784 3096 dimit-

145 3113 223 3139 tenda
242 3113 362 3139 doctrina
381 3113 414 3139 Vl
434 3113 480 3139 294
506 3113 539 3138 42
559 3119 614 3144 arg.
636 3113 645 3138 4
671 3126 704 3131 ——
717 3112 783 3140 Cum

145 3157 256 3189 scimus,
269 3157 415 3183 doctrinam
429 3160 543 3183 nostram
558 3156 684 3188 prodesse
696 3156 783 3190 bonis,

145 3201 194 3227 etsl
212 3200 338 3234 sciamus,
359 3201 418 3227 inde
438 3200 607 3227 scandalizari
627 3201 718 3232 malos,
732 3208 783 3229 non

145 3244 276 3271 debemus
294 3249 380 3271 tacere
399 3246 445 3271 334
469 3245 504 3271 77
524 3258 557 3264 -
577 3251 590 3270 a
620 3244 684 3270 viris
711 3245 785 3272 iustis

146 3287 226 3314 debet
243 3288 349 3320 evitari,
367 3292 497 3322 quantum
517 3287 572 3314 fleri
592 3291 692 3321 potest,
711 3289 784 3315 saiva

144 3332 254 3359 veritate
273 3332 366 3365 triplici
387 3333 428 3359 vlt
449 3332 500 3358 426
520 3333 536 3358 2
555 3346 590 3351 —-
609 3332 657 3359 Pro
676 3333 784 3360 scanda-

837 324 945 356 Propter
972 324 1125 350 scandalum
1156 332 1206 351 non
1235 328 1274 351 est
1292 326 1477 352 dimittendum

835 368 909 400 quod
928 371 967 393 est
986 369 1117 400 perfectae
1136 369 1249 395 iustitiae
1268 369 1330 396 ibid.
1342 384 1377 389 -
1391 370 1476 402 Opera

836 412 1002 443 perfectionis
1029 419 1081 438 non
1106 416 1166 438 sunt
1194 413 1348 439 dimittenda
1369 418 1478 446 propter

835 456 988 481 scandalum
1007 455 1069 482 ibid.
1089 470 1124 475 —
1143 457 1268 489 Exemplo
1287 457 1382 484 Christi
1402 458 1478 484 indif-

835 500 942 525 ferentia
960 503 1021 526 sunt
1034 500 1189 526 dimittenda
1203 504 1310 533 propter
1322 502 1475 528 scandalum

834 542 897 569 ibid.
915 558 950 561 —
969 544 1078 576 Propter
1104 544 1258 570 scandalum
1286 545 1406 571 Christus
1424 553 1475 571 non

834 587 933 613 dimisit
957 588 1116 613 documenta
1140 589 1257 614 veritatis
1284 588 1347 615 ibid.
1373 590 1476 623 —Qui

833 632 1042 658 scandalizantur
1059 639 1140 664 super
1159 633 1273 664 lapidem
1287 632 1419 659 Christum
1433 641 1476 659 ca-

834 676 898 702 dunt
919 676 970 702 509
991 676 1024 702 24

887 721 980 746 Scarus
1000 734 1033 738 —-
1057 720 1202 746 imitatores
1229 721 1357 746 scelerum
1382 721 1475 747 alieno-

832 759 892 790 rum
928 767 989 790 sunt
1026 765 1166 797 participes
1201 765 1394 797 suppliciorum
1431 766 1473 791 Vll

834 807 884 833 424
904 807 937 833 58

886 852 1040 878 ΞεΕΝοΡΕῦιΑ
1059 865 1094 871 -—
1118 854 1175 877 erat
1200 853 1294 878 festum
1323 851 1474 878 tabernacu-

831 896 931 927 lorum,
957 896 1029 929 quod
1055 895 1170 922 debebat
1197 896 1252 922 fleri
1279 896 1304 922 in
1324 896 1473 928 Septembri

832 941 864 967 Vl
885 940 937 966 340
958 942 972 966 3

885 985 1043 1011 Scatsmrict
1061 1000 1097 1004 —
1109 985 1238 1018 dissipant
1250 985 1355 1012 vineam
1369 985 1473 1011 Domini

831 1031 875 1056 Vll
896 1031 945 1056 463
968 1030 1018 1056 402

886 1075 1001 1101 Seu-:nrm
1012 1089 1046 1093 —-
1060 1074 1158 1101 Omnes
1168 1075 1289 1100 homines
1302 1077 1393 1100 natura
1405 1074 1473 1100 scire

831 1119 982 1145 desiderant
1001 1120 1034 1145 Vl
1054 1120 1082 1145 21
1107 1127 1133 1152 q.
1152 1133 1187 1138 -—
1212 1119 1275 1144 vera
1295 1121 1334 1145 est
1357 1115 1472 1151 cognitio

831 1167 900 1189 certa
920 1167 946 1189 et
964 1164 1026 1189 nulli
1047 1164 1149 1190 falsitati
1172 1164 1300 1196 permixta
1323 1163 1373 1190 455
1392 1171 1418 1189 v.
1440 1163 1472 1189 ’17

827 1221 866 1227 —
884 1211 923 1234 est
941 1208 1065 1240 perfectio
1083 1208 1268 1240 intelligentiae
1287 1209 1332 1234 464
1357 1215 1384 1234 v.
1403 1208 1418 1234 4
1439 1222 1472 1226 —-

830 1255 869 1278 est
888 1252 982 1278 nobilis
1001 1254 1139 1278 thesaurus
1157 1253 1259 1278 animae
1279 1252 1331 1278 454
1349 1259 1376 1278 v.
1392 1252 1424 1278 14
1437 1267 1471 1271 -

831 1297 879 1323 Per
896 1297 1021 1323 decorem
1040 1297 1164 1323 scientiae
1182 1297 1332 1323 ornandum
1352 1300 1391 1323 est
1411 1300 1472 1322 tem-

831 1342 904 1374 plum
924 1342 1028 1367 animae
1046 1342 1098 1367 550
1121 1342 1152 1367 10
1171 1356 1206 1360 -
1231 1341 1352 1368 sublimis
1377 1342 1472 1367 dicitur

829 1386 929 1412 ratione
947 1386 1109 1412 certitudinis
1128 1385 1174 1411 241
1200 1386 1215 1411 6

882 1444 919 1450 -
937 1431 1024 1456 omnis
1043 1431 1076 1456 de
1104 1438 1201 1463 genere
1228 1430 1360 1456 bonorum
1379 1434 1418 1457 est
1437 1431 1470 1456 Vl

831 1476 882 1501 205
906 1483 932 1501 ν.
953 1475 968 1500 4
988 1490 1023 1494 -
1042 1476 1129 1501 omnis
1156 1482 1170 1501 a
1201 1475 1254 1501 Deo
1279 1478 1318 1501 est
1346 1474 1406 1501 ibid.
1437 1489 1470 1493 —

828 1522 868 1545 est
885 1519 985 1545 donum
1005 1519 1109 1552 pietatis
1128 1520 1180 1545 362
1201 1519 1228 1545 44
1253 1527 1310 1551 arg.
1333 1533 1369 1539 —·
1393 1520 1470 1546 datur

1516 327 1557 353 vel
1577 331 1684 360 propter
1704 328 1895 354 immunditiam
1909 331 2082 357 conscientiae
2099 339 2155 364 pro·

1516 371 1601 403 priae,
1619 373 1662 397 vel
1683 376 1791 405 propter
1816 377 1951 406 aspectum
1977 376 2155 407 perversitatis

1515 415 1615 440 alienae
1635 417 1663 441 21
1688 424 1714 449 q.

1567 472 1602 478 -
1622 460 1706 485 Homo
1725 467 1772 492 per
1793 462 1935 487 humanam
1956 463 2091 488 scientiam
2107 465 2155 489 fre-

1514 505 1626 534 quenter
1645 504 1736 530 irridet
1754 505 1838 530 Deum
1858 509 1883 531 et
1911 506 1948 531 sic
1967 507 2077 532 efllcitur
2096 509 2155 533 stul-

1515 549 1556 571 tus
1577 547 1616 572 Vll
1637 547 1689 572 245
1708 548 1742 573 9-2
1762 563 1796 567 —
1810 550 1891 575 Stulta
1905 555 1944 576 est
1957 551 2072 582 scientia,
2086 558 2155 583 quae

1513 590 1615 616 deridet
1633 592 1788 622 sapientiam
1809 592 1870 619 ibid.

1566 647 1602 653 -—
1620 633 1782 662 Christianus
1800 636 1880 663 debet
1898 645 2016 664 crescere
2034 639 2061 664 in
2075 639 2155 665 scien-

1514 678 1547 702 tia
1568 678 1612 703 Dei
1639 679 1671 704 Vl
1697 679 1747 704 554
1769 681 1783 705 8
1813 695 1846 699 —
1876 682 2068 708 Praedicatores
2093 683 2154 709 boni

1513 723 1646 753 replentur
1673 729 1687 747 a
1716 723 1828 749 Domino
1857 726 1962 751 scientia
1984 727 2017 751 90
2039 735 2063 751 ν.
2084 728 2099 752 6
2120 742 2153 746 —-

1512 765 1598 791 Clavis
1617 766 1739 792 scientiae
1758 772 1887 800 quantum
1907 770 1940 795 ad
1969 771 2085 796 officium
2105 772 2155 797 dis-

1512 811 1673 842 pensationis
1692 811 1826 838 doctrinae
1844 814 2021 846 principaliter
2035 819 2074 840 est
2086 815 2156 841 Chri-

1511 855 1543 880 sti
1563 857 1688 888 tanquam
1707 857 1804 882 summi
1824 857 1939 883 doctoris
1959 858 2000 884 Vll
2019 859 2070 884 309
2084 860 2118 884 99

1564 913 1600 918 -
1619 903 1658 925 εει
1676 901 1786 932 pecunia
1806 901 1883 929 nobis
1907 909 2031 928 concessa
2051 904 2085 929 ad
2105 905 2155 929 fru-

1511 943 1679 970 ctificandum
1701 945 1743 970 Vll
1764 945 1816 971 485
1836 946 1868 971 36
1895 960 1930 965 -
1958 946 2096 973 distributa
2117 955 2154 974 re-

1511 988 1574 1020 cipit
1593 989 1782 1015 incrementum
1803 990 1834 1016 Vl
1857 990 1907 1016 454
1927 998 1952 1016 v.
1968 991 2001 1016 44
2014 1005 2049 1015 w-
2063 992 2154 1018 Sciens

1511 1036 1616 1065 peccat,
1635 1033 1657 1059 si
1675 1041 1729 1060 non
1748 1035 1926 1060 communicat
1944 1035 2089 1061 doctrinam
2110 1037 2152 1062 Vll

1511 1078 1558 1103 251
1584 1078 1634 1103 408

1564 1136 1599 1141 -
1619 1122 1669 1155 Qui
1687 1123 1736 1149 scit
1753 1123 1832 1149 debet
1850 1124 1928 1149 etiam
1950 1126 2035 1150 facere
2055 1125 2086 1150 Vl
2102 1125 2151 1150 428

1511 1167 1539 1192 21
1565 1181 1598 1185 -
1617 1166 1667 1193 Ubi
1687 1167 1772 1193 maius
1790 1171 1830 1193 est
1848 1168 1948 1194 donum
1968 1169 2100 1200 scientiae,
2115 1169 2150 1194 ibi

1511 1213 1689 1243 transgressor
1717 1212 1808 1238 maiori
1836 1211 1954 1238 subiacet
1983 1214 2076 1245 culpae
2108 1214 2150 1239 Vll

1511 1255 1562 1281 259
1582 1256 1625 1281 24.
1645 1257 1696 1281 329
1716 1256 1750 1281 67

1562 1315 1595 1319 -
1616 1301 1705 1327 salutis
1723 1304 1763 1327 est
1780 1309 1824 1334 ea,
1844 1302 1900 1327 sine
1918 1309 1970 1335 qua
1990 1310 2042 1328 non
2061 1306 2100 1328 εει
2112 1309 2150 1328 sa-

1509 1345 1550 1370 lus
1572 1346 1612 1371 Vll
1634 1345 1662 1371 44
1689 1346 1740 1371 437
1759 1359 1794 1365 -
1813 1347 1902 1372 salutis
1921 1351 1959 1372 est
1979 1347 2005 1372 in
2018 1347 2149 1373 remissio-

1509 1396 1569 1415 nem
1590 1393 1759 1422 peccatorum
1779 1389 1841 1417 ibid.

1562 1435 1693 1460 setarum
1713 1449 1746 1453 —
1766 1436 1792 1461 ln
1810 1435 1919 1461 scintilla
1944 1439 2057 1469 quatuor
2075 1436 2150 1462 dotes

1509 1478 1627 1510 corporis
1653 1479 1739 1504 notari
1765 1483 1876 1511 possunt
1900 1480 1933 1505 Vl
1964 1481 2014 1506 428
2034 1488 2059 1506 v.
2079 1481 2095 1506 7
2115 1495 2150 1499 —

1508 1522 1600 1548 Anima
1616 1523 1740 1548 scintillae
1759 1527 1927 1556 comparatur
1946 1528 2053 1557 propter
2076 1529 2150 1551 natu-

827 1571 841 1590 a
870 1564 925 1590 Deo
950 1564 985 1590 27
1009 1572 1036 1590 v.
1056 1565 1090 1590 26
1114 1578 1150 1583 -
1174 1564 1287 1590 hominis
1311 1571 1362 1590 non
1388 1567 1428 1590 est
1455 1572 1469 1590 a
1507 1574 1552 1593 rae
1571 1566 1739 1593 subtilitatem
1765 1571 1791 1593 et
1818 1571 1905 1594 motus
1933 1569 2074 1600 agilitatem
2100 1570 2148 1595 149

827 1616 870 1640 εε,
889 1609 937 1635 sed
956 1616 970 1634 a
990 1609 1043 1635 Deo
1062 1610 1096 1635 76
1118 1617 1144 1635 ν,
1164 1610 1197 1635 42
1221 1624 1257 1627 -
1285 1612 1324 1635 est
1352 1609 1399 1635 Dei
1426 1616 1471 1641 po·
1507 1618 1533 1636 v.
1553 1612 1569 1637 2

828 1654 879 1680 tius
897 1660 978 1687 quam
998 1657 1085 1680 nostra
1106 1654 1148 1680 Vll
1169 1653 1219 1679 485
1239 1654 1272 1679 36

879 1713 915 1718 -
934 1699 971 1724 De
990 1698 1116 1725 creaturis
1136 1698 1267 1724 habentur
1280 1699 1378 1724 multae
1391 1698 1470 1724 scien-

827 1743 877 1769 tiae
907 1744 940 1770 Vl
967 1743 1002 1769 72
1031 1751 1056 1776 q.
1077 1744 1093 1769 2
1121 1757 1156 1762 -
1179 1747 1301 1769 secantur
1320 1743 1346 1768 in
1366 1749 1409 1769 res
1428 1743 1470 1769 Vll

826 1788 842 1813 6
861 1784 895 1813 22

878 1846 914 1850 -
933 1831 1018 1857 omnis
1037 1838 1084 1863 per
1103 1838 1131 1857 se
1150 1834 1189 1857 est
1216 1831 1251 1857 de
1270 1830 1341 1856 bono
1359 1834 1385 1857 et
1404 1838 1468 1856 vero

827 1876 858 1900 Vl
877 1875 893 1901 7
913 1882 940 1908 q.
961 1876 976 1900 2
997 1874 1025 1900 t·
1044 1889 1078 1893 —
1097 1875 1135 1900 De
1148 1874 1320 1900 mutabilitate
1332 1878 1468 1900 creaturae

825 1922 864 1944 est
883 1919 990 1944 scientia
1009 1926 1057 1950 per
1076 1926 1104 1944 se
1125 1918 1157 1945 ib.
1177 1926 1204 1952 q.
1227 1919 1242 1944 2
1256 1932 1291 1938 -
1304 1925 1356 1944 non
1375 1922 1414 1944 est
1433 1919 1467 1944 de

824 1962 939 1988 vanitate
956 1962 1111 1995 privationis
1123 1963 1292 1989 omnimodae
1304 1962 1366 1989 ibid.
1385 1976 1420 1982 —
1433 1963 1467 1989 de

825 2010 943 2033 creatura
964 2010 992 2033 ut
1011 2007 1129 2033 mutabili
1149 2010 1188 2033 est
1205 2014 1268 2033 vera
1283 2006 1346 2033 ibid.
1364 2021 1398 2026 --
1412 2011 1466 2040 pot-

824 2054 864 2077 est
882 2058 939 2077 esse
958 2052 992 2078 de
1011 2059 1095 2082 vano,
1115 2051 1140 2077 in
1164 2055 1292 2085 quantum
1319 2056 1358 2078 est
1382 2059 1413 2078 ex
1431 2053 1467 2078 ni-

825 2096 877 2122 hilo
896 2095 960 2123 ibid.
981 2111 1014 2115 —
1034 2103 1088 2122 non
1107 2099 1145 2122 est
1164 2097 1198 2123 de
1217 2104 1270 2122 non
1284 2096 1467 2124 exsistentibus

826 2141 877 2167 455
897 2148 924 2167 ν.
945 2141 977 2167 47

877 2201 913 2204 -
932 2186 1077 2220 acquiritur
1096 2186 1238 2213 certamine
1251 2190 1276 2213 ει
1289 2186 1468 2219 disputatione

825 2231 858 2257 Vl
878 2231 929 2257 465
949 2239 976 2257 ν.
990 2231 1022 2257 48
1038 2246 1071 2250 -
1084 2231 1195 2258 habetur
1207 2239 1255 2264 per
1267 2232 1466 2265 acquisitionem

824 2275 875 2302 342
895 2276 924 2301 21
948 2289 984 2295 -
1003 2276 1167 2302 Desiderium
1186 2277 1311 2302 scientiae
1329 2284 1382 2303 non
1399 2284 1468 2303 com-

822 2321 908 2353 pletur
926 2320 954 2346 51
978 2328 1005 2347 v.
1023 2320 1040 2346 7

876 2379 912 2384 —
930 2366 1038 2398 semper
1057 2366 1175 2399 quodam
1201 2366 1281 2392 modo
1305 2370 1467 2392 renovantur

823 2410 857 2436 Vl
877 2410 911 2436 97
936 2418 962 2436 v.
989 2411 1022 2436 42
1044 2424 1077 2429 --
1100 2410 1201 2436 Sufficit
1225 2411 1293 2437 scire
1311 2411 1465 2442 necessaria,

823 2462 876 2481 non
894 2462 964 2480 nova
984 2454 1046 2481 ibid.

877 2513 913 2519 —
932 2506 1058 2531 praesens
1077 2498 1190 2525 hominis
1210 2499 1295 2531 magis
1314 2502 1400 2531 potest
1412 2499 1463 2526 dici

824 2543 967 2569 similitudo
986 2543 1108 2569 scientiae
1127 2550 1207 2576 quam
1232 2543 1339 2569 scientia
1360 2544 1392 2569 Vl
1413 2544 1463 2569 462

824 2595 850 2613 v.
870 2588 885 2613 8
904 2601 940 2607 —
959 2594 1084 2620 praesens
1112 2587 1225 2613 hominis
1253 2587 1350 2613 multae
1374 2587 1464 2614 dubie-

824 2632 869 2658 tati
889 2635 914 2658 et
932 2632 1095 2666 ignoragtiae
1114 2634 1153 2657 est
1171 2632 1299 2664 permixta
1318 2630 1380 2658 ibid.

876 2691 912 2696 —
930 2677 1122 2709 contemplatur
1140 2676 1224 2702 Deum
1249 2676 1277 2702 in
1304 2676 1359 2703 suis
1377 2677 1464 2709 operi-

823 2720 874 2747 bus
892 2721 925 2747 Vl
944 2721 979 2747 75
998 2729 1023 2747 v.
1042 2722 1057 2747 9
1073 2736 1107 2740 -
1121 2728 1173 2747 non
1186 2724 1225 2747 est
1237 2721 1309 2754 apud
1321 2721 1417 2747 inferos
1429 2721 1462 2747 ad

822 2765 1054 2798 contemplandum
1067 2766 1150 2792 Deum
1166 2766 1190 2791 in
1201 2766 1255 2792 suis
1265 2765 1391 2798 operibus
1401 2765 1463 2792 ibid.

875 2823 910 2829 —
929 2810 1045 2842 disponit
1064 2810 1097 2836 ad
1118 2810 1256 2836 consilium
1276 2810 1318 2836 Vll
1333 2810 1384 2836 474
1397 2810 1414 2836 7
1428 2825 1462 2828 —

822 2853 928 2885 respicit
962 2854 1115 2886 temporalia
1153 2854 1329 2887 dispensanda
1360 2854 1394 2880 Vl
1427 2854 1461 2880 27

821 2904 849 2923 v.
868 2898 901 2923 26

874 2956 909 2960 -
929 2943 954 2968 ln
973 2942 1087 2968 scientiis
1106 2942 1219 2969 inventis
1247 2942 1282 2968 ab
1310 2942 1462 2968 hominibus

821 2985 960 3012 auctoritas
979 2985 1058 3012 habet
1077 2993 1189 3018 parvum
1209 2986 1290 3013 robur
1311 2987 1342 3012 Vl
1357 2986 1407 3012 243
1428 2987 1460 3011 40

821 3043 856 3048 -
875 3030 1001 3056 Scientiae
1019 3031 1136 3056 veritatis
1160 3034 1199 3056 est
1224 3031 1361 3056 ostendere
1380 3033 1405 3055 ct
1423 3037 1461 3056 re-

821 3073 935 3105 probare
953 3081 1070 3100 errorem
1092 3075 1107 3099 8
1127 3081 1153 3107 q.
1173 3075 1188 3100 3
1208 3088 1242 3093 -—
1257 3075 1311 3100 Non
1325 3075 1405 3100 scitur
1419 3074 1460 3099 ali-

821 3116 886 3149 quid
904 3118 1032 3149 perfecte,
1061 3117 1109 3144 nisi
1135 3121 1308 3150 cognoscatur
1336 3118 1393 3143 eius
1416 3125 1461 3149 op-

822 3159 935 3191 positum
957 3160 988 3185 49
1008 3167 1035 3186 ν.
1055 3160 1088 3185 47

874 3216 909 3222 —-
927 3204 1044 3229 veritatis
1067 3204 1188 3237 delectat,
1216 3204 1363 3230 secundum
1388 3204 1460 3236 quod

821 3246 884 3272 dlcit
901 3254 1024 3279 saporem
1045 3248 1077 3274 vl
1097 3248 1125 3274 24
1150 3256 1176 3281 q.
1189 3262 1224 3267 —
1238 3251 1290 3274 tam
1304 3255 1366 3273 vera
1379 3255 1459 3281 quam

1561 1657 1640 1681 Scopa
1660 1671 1696 1674 —
1714 1657 1885 1683 confessionis
1904 1658 2015 1683 mundat
2033 1661 2150 1690 peccato-

1508 1707 1563 1726 rem
1585 1701 1615 1727 Vl
1637 1701 1688 1726 600
1708 1701 1723 1727 4

1561 1746 1667 1771 Sconrto
1687 1759 1721 1765 —
1741 1746 1861 1778 designat
1879 1746 2091 1779 desperationem
2106 1747 2149 1772 vtl

1507 1789 1559 1814 287
1579 1790 1612 1814 33

1559 1834 1666 1858 ΞοηιεΑΕ
1679 1847 1714 1852 -
1727 1836 1800 1859 erant
1813 1834 1846 1860 de
1859 1837 1930 1860 secta
1948 1835 2146 1860 Pharisaeorum

1506 1876 1549 1902 Vll
1569 1877 1620 1902 516
1650 1877 1683 1903 45
1705 1892 1737 1895 -
1757 1877 1948 1909 praecellebant
1975 1879 2075 1904 ratione
2102 1879 2146 1905 do-

1504 1921 1602 1946 ctrinae
1631 1921 1682 1946 227
1701 1921 1735 1946 36
1754 1936 1790 1939 -
1818 1922 2004 1948 desiderabant
2033 1924 2146 1949 honores

1503 1964 1554 1990 519
1575 1964 1608 1990 54
1628 1979 1663 1983 -
1682 1966 1710 1991 ln
1728 1965 1821 1991 scribis
1846 1969 1901 1992 erat
1927 1968 2008 1992 fastus
2036 1971 2145 1999 propter

1503 2009 1679 2035 excellentiam
1699 2010 1856 2042 cognitionis
1875 2011 1921 2036 504
1946 2012 1962 2036 2

1557 2067 1592 2073 -
1605 2053 1728 2080 volebant
1737 2054 1842 2080 salutari
1853 2055 1878 2080 in
1890 2056 1945 2081 loco
1955 2055 2061 2087 publico
2072 2056 2146 2088 prius

1505 2101 1638 2131 tempore,
1666 2099 1749 2124 altiori
1775 2106 1842 2125 voce
1869 2103 1895 2125 et
1918 2100 2041 2126 inclinato
2060 2101 2145 2133 capite

1504 2143 1548 2169 Vll
1569 2143 1620 2169 519
1641 2143 1674 2169 54
1694 2158 1728 2162 -
1747 2143 1931 2170 desiderabant
1949 2145 2048 2177 primas
2062 2147 2146 2171 cathe-

1504 2188 1566 2214 dras
1585 2188 1611 2213 in
1630 2189 1773 2221 synagogis
1792 2193 1899 2221 propter
1918 2190 2028 2221 gloriam
2049 2190 2072 2215 in
2092 2191 2145 2216 offi-

1504 2233 1545 2259 cio
1565 2232 1625 2259 ibid.
1646 2247 1679 2252 —-
1698 2233 1883 2260 desiderabant
1911 2234 2011 2267 primos
2029 2234 2145 2261 discubi-

1505 2281 1546 2304 tus
1566 2278 1593 2303 in
1618 2278 1747 2304 conviviis
1775 2282 1902 2312 quantum
1931 2279 1965 2305 ad
1990 2280 2098 2312 gloriam
2120 2280 2144 2306 in

1504 2323 1580 2354 signo
1600 2321 1662 2349 ibid.
1681 2337 1715 2341 —
1735 2324 1975 2356 reprehenduntur,
1995 2325 2057 2357 quia
2077 2325 2145 2350 inde-

1505 2366 1557 2393 bite
1576 2367 1761 2393 desiderabant
1790 2368 1924 2399 honorari‚
1954 2375 2006 2394 non
2035 2372 2144 2401 propter

1503 2412 1677 2437 excellentiam
1698 2412 1833 2444 dignitatis
1852 2412 1913 2439 ibid.

1555 2469 1590 2475 —
1609 2455 1767 2485 videbantur
1787 2457 1835 2482 viri
1855 2457 1908 2483 ilde
1927 2458 2000 2489 digni
2021 2458 2046 2483 in
2061 2458 2142 2484 verbo

1501 2502 1527 2525 et
1544 2500 1662 2526 imitandi
1682 2501 1708 2526 in
1727 2501 1847 2533 exemplo
1867 2502 1908 2527 Vll
1929 2502 1978 2527 518
1994 2503 2027 2528 53
2042 2517 2076 2522 -
2090 2510 2141 2528 nou

1500 2547 1561 2569 sunt
1580 2544 1697 2570 imitandi
1726 2552 1774 2570 nec
1799 2548 1928 2578 quantum
1957 2546 1990 2572 ad
2011 2548 2143 2573 carnalita-

1501 2591 1552 2613 tem
1572 2594 1620 2613 nec
1639 2591 1766 2620 quantum
1788 2589 1820 2615 ad
1845 2590 2015 2621 cupiditatem
2036 2591 2086 2616 549
2109 2592 2141 2617 55

1499 2645 1535 2650 -
1553 2635 1627 2658 erant
1646 2632 1811 2658 simulatores
1840 2633 1964 2660 virtutum
1985 2635 2018 2661 ad
2039 2639 2143 2667 captan-

1500 2676 1561 2702 dam
1581 2676 1685 2702 laudem
1705 2681 1730 2702 et
1749 2677 1888 2708 pecuniam
1910 2677 1971 2704 ibid.

1552 2733 1586 2739 -
1614 2723 1688 2746 erant
1712 2721 1832 2747 efficaces
1860 2721 1893 2747 ad
1919 2722 2068 2748 nocendum
2099 2724 2142 2749 Vll

1500 2764 1551 2790 518
1580 2765 1614 2791 53
1633 2765 1839 2791 —invidebant
1867 2766 2009 2798 sapientiae
2038 2767 2140 2793 Domini

1499 2809 1532 2834 Vl
1552 2808 1604 2835 354
1630 2809 1645 2834 4
1672 2822 1709 2828 —
1727 2812 1834 2841 propter
1857 2809 2027 2836 ambitionem
2057 2813 2141 2838 cathe-

1499 2853 1562 2878 drae
1582 2852 1739 2884 magistralis
1757 2853 1920 2886 quaerebant
1938 2854 2069 2881 Christum
2085 2863 2141 2887 per-

1498 2897 1561 2922 dere
1580 2903 1628 2928 per
1655 2897 1747 2923 odium
1772 2898 1941 2930 malignitatis
1966 2899 2008 2925 Vll
2034 2900 2086 2925 500
2105 2900 2139 2925 74

1497 2953 1532 2960 -
1552 2941 1640 2966 minus
1657 2948 1738 2974 quam
1758 2941 1799 2967 alii
1818 2941 1942 2968 volebant
1954 2944 2089 2973 sustinere,
2104 2944 2139 2969 vi-

1498 2984 1531 3010 tia
1551 2991 1598 3010 sna
1618 2985 1689 3017 tangi
1710 2984 1770 3011 ibid.
1786 2999 1818 3004 —
1833 2986 1959 3012 timebant
1971 2987 2082 3019 perdere
2096 2988 2139 3012 ho-

1497 3035 1590 3054 norem
1610 3036 1689 3055 suum
1709 3033 1734 3055 et
1753 3029 1788 3055 ob
1816 3031 1882 3055 hanc
1906 3037 2013 3056 causam
2039 3031 2138 3057 occide-

1497 3075 1557 3098 runt
1575 3072 1706 3099 Christum
1733 3072 1794 3100 ibid.
1813 3087 1849 3093 -—
1867 3081 1919 3099 non
1945 3074 2138 3100 conveniebant

1497 3117 1564 3142 sicut
1583 3117 1694 3143 humiles
1719 3118 1752 3143 ad
1778 3117 1984 3149 addiscendum,
2004 3119 2050 3144 sed
2070 3119 2137 3144 sicut

1497 3159 1603 3192 superbi
1632 3161 1666 3186 ad
1694 3161 1907 3187 calumniandum
1928 3161 1974 3186 501
2000 3163 2015 3187 2
2035 3175 2069 3181 -
2089 3169 2136 3194 per

1497 3204 1623 3230 invidiam
1644 3205 1773 3231 excaecati
1792 3209 1853 3231 sunt
1871 3204 1932 3231 ibid.

1551 3249 1673 3274 SCRlBERE
1692 3262 1727 3268 -
1746 3249 1823 3281 Quod
1841 3249 1963 3275 scribitur
1991 3250 2091 3275 t'lrmius
2110 3253 2135 3275 ct

821 3290 924 3316 curiosa
943 3291 1016 3317 addit
1044 3291 1162 3318 dolorem
1187 3291 1361 3324 poenitentiae
1381 3292 1413 3317 19
1434 3299 1459 3317 v.
1496 3292 1594 3318 diutius
1617 3292 1742 3318 retinetur
1769 3293 1800 3319 Vl
1822 3293 1871 3318 408
1897 3300 1922 3318 v.
1942 3293 1957 3318 3
1978 3306 2013 3313 --
2032 3293 2089 3319 Mali
2108 3294 2135 3319 in

823 3333 864 3359 48.
884 3334 912 3359 24
937 3341 963 3360 ν.
983 3335 998 3360 3
1017 3347 1053 3354 -
1071 3335 1202 3369 veritatis,
1222 3335 1368 3362 secundum
1387 3336 1460 3369 quod

1497 3339 1565 3362 terra
1584 3335 1734 3362 scribuntur
1753 3336 1804 3362 354
1824 3337 1839 3361 9
