2427 3872
386 219 451 247 citu
472 219 527 253 (22)

137 279 173 285 -
191 265 218 291 1η
237 264 394 291 eucharistia
413 264 464 291 sub
488 264 583 291 nebula
602 265 714 291 candida
735 272 779 291 su-

132 302 217 336 'mitur
236 309 297 336 ibid.
316 324 352 329 --
370 309 421 335 sub
441 309 609 335 sacramento
623 309 711 335 altaris
723 316 778 335 cae-

136 355 196 381 litus
216 357 338 387 paratur,
356 354 384 380 id
402 357 441 380 est
461 354 558 380 virtute
577 354 680 380 caelesti
700 354 778 380 contl-

135 400 203 428 eitur
221 398 284 425 ibid.

188 458 224 464 —
241 443 344 476 Corpus
364 443 458 469 Christi
486 450 539 469 non
568 443 729 469 convertitur
751 443 777 469 in

135 496 196 521 nos,
215 489 263 515 sed
282 495 330 514 nos
350 488 376 513 in
395 488 483 520 ipsum
502 487 536 513 vt
560 487 612 512 334
632 487 665 512 90
684 494 741 519 arg.
761 489 776 513 2

135 547 170 552 —
188 534 390 565 Incorporamur
413 531 516 558 Christo
545 534 571 557 et
598 531 633 557 ab
657 538 690 557 eo
715 538 777 557 con-

135 585 273 605 servamur
292 584 339 610 per
358 576 587 602 manducationem
613 575 776 608 spiritualem

134 623 212 650 etiam
241 622 296 648 sine
324 620 507 647 sacramentali
535 620 586 646 335
614 621 649 645 92
672 634 706 638 -
726 620 777 652 Qui

134 668 277 694 manducat
295 673 392 699 corpus
411 665 504 692 Christi
523 664 557 690 de
576 664 669 697 spiritu
683 663 775 690 Christi

135 712 214 738 habet
232 712 313 738 vitam
334 710 433 743 gratiae
457 709 508 735 332
529 709 563 734 83
581 722 617 728 -
637 708 686 741 Qui
706 715 778 734 man-

134 757 214 783 ducat
232 762 338 782 carnem
358 754 452 781 Christi
471 753 620 779 vivisscatur
645 753 669 779 in
689 753 775 778 anima

134 805 159 828 et
178 801 202 827 in
222 807 334 833 corpore
359 806 407 832 per
432 798 650 824 resurrectionem
671 798 722 823 333
742 797 776 823 84

133 861 169 865 —
187 845 289 878 Corpus
308 843 401 870 Christi
421 846 460 869 est
485 843 519 869 ad
547 842 774 868 conservationem

134 891 203 916 vitae
221 889 364 922 spiritualis
383 887 435 914 335
454 887 488 913 94
507 901 543 907 -
561 887 641 912 vitam
654 887 776 919 spiritua-

133 936 184 961 lem
204 934 337 961 continuat
350 934 374 959 in
388 936 525 958 aeternum
538 932 564 957 in
577 932 659 963 digne
672 938 774 957 sumen-

132 979 204 1006 tibus
223 980 274 1005 333
294 979 337 1004 88.
356 977 408 1003 335
428 976 461 1002 94

186 1038 222 1044 —-
234 1024 351 1050 aufertur
364 1029 379 1048 a
399 1021 534 1054 discipulis
550 1028 598 1053 per
618 1023 729 1046 mortem
749 1023 775 1046 et

133 1069 283 1102 passionem
304 1067 346 1093 Vll
361 1067 411 1092 133
431 1067 465 1091 82
482 1080 517 1084 —
537 1065 672 1091 modicum
691 1071 775 1091 reces-

133 1114 199 1140 sita
223 1112 372 1144 discipulis,
398 1111 460 1144 quia
485 1110 572 1136 statim
599 1112 659 1141 post
677 1109 775 1141 passio-

133 1165 193 1185 nem
213 1157 330 1184 visitavit
354 1163 401 1182 eos
424 1155 457 1181 Vl
479 1155 525 1181 461
556 1154 589 1180 27
609 1168 645 1173 -
664 1154 688 1179 in
714 1160 774 1186 pas-

133 1203 206 1230 sione
224 1201 339 1228 debebat
357 1208 410 1226 non
423 1199 523 1230 videri,
542 1199 608 1232 quia'
624 1198 671 1223 ivit
683 1198 717 1224 ad
731 1198 774 1223 l‘a-

133 1251 199 1274 trem
219 1245 281 1273 ibid.
300 1260 336 1264 —
355 1248 384 1270 ut
403 1243 513 1270 visibilis
532 1243 637 1276 reliquit
660 1242 774 1274 discipu-

133 1292 173 1318 los
192 1292 217 1317 in
236 1290 403 1320 ascensione,
423 1292 451 1315 ut
464 1287 594 1321 passibilis
612 1287 639 1312 in
652 1286 774 1319 passione

135 1336 186 1363 463
205 1336 239 1362 35
258 1349 293 1355 -
312 1333 427 1361 debebat
449 1333 573 1359 recedere
598 1339 612 1357 a
638 1331 774 1363 discipulis

133 1384 160 1408 et.
172 1380 224 1413 pati
239 1383 265 1406 et
277 1378 433 1412 glorificari,
447 1381 475 1403 ut
487 1377 561 1403 daret
574 1376 700 1408 Spiritum
715 1382 774 1401 san-

133 1429 204 1452 ctum
225 1425 276 1451 460
295 1423 330 1450 24
343 1438 378 1442 —
391 1422 490 1448 recedit
509 1424 618 1454 propter
638 1420 773 1446 utilitatem

134 1470 186 1496 438
207 1470 238 1495 13
258 1482 294 1488 -
312 1475 327 1494 a
347 1467 483 1499 discipulis
501 1473 555 1491 non
579 1464 686 1491 omnino
706 1471 774 1490 rece-

133 1515 186 1546 dit,
205 1514 252 1540 sed
271 1520 318 1539 eos
337 1511 485 1545 praecedit,
504 1514 533 1536 ut
546 1517 591 1536 eos
610 1512 727 1535 assumat
739 1508 772 1534 ad

133 1559 244 1592 gloriam
264 1557 316 1584 435
336 1557 345 1582 1

186 1617 222 1623 -
239 1609 292 1629 non
311 1601 391 1628 exivit
409 1608 423 1627 a
444 1600 585 1626 coenaculo
604 1598 691 1624 statim
714 1600 774 1630 post

133 1649 279 1674 orationem
298 1653 347 1679 pro
373 1645 509 1677 discipulis
529 1644 560 1669 vl
585 1643 635 1669 478
656 1643 671 1668 5
692 1657 726 1661 —
745 1643 770 1667 in

134 1693 223 1719 ultima
243 1699 324 1718 coena
344 1691 423 1716 slnem
449 1689 574 1721 imposuit
594 1688 712 1721 paschati
730 1694 773 1713 ve-

134 1738 182 1764 teri
200 1737 244 1763 Vll
263 1736 315 1762 545
334 1736 367 1761 23

186 1797 222 1801 —-
240 1781 359 1808 Christus
384 1779 534 1813 praemunit
559 1779 663 1804 Petrum
683 1779 773 1803 contra

133 1818 301 1853 tentationem
322 1829 447 1858 tanquam
468 1823 639 1856 principalem
659 1821 773 1853 lapidem

133 1862 161 1897 et
185 1871 404 1900 tundamentum,
435 1867 598 1894 ostendendo
626 1866 773 1899 periculum

133 1922 240 1948 pugnae
263 1914 363 1941 hostilis
391 1914 434 1939 Vll
463 1913 515 1939 552
541 1912 574 1937 42
593 1911 775 1943 —praedicit

133 1961 209 1986 Petro
228 1960 352 1991 modum,
372 1962 477 1990 tempus
496 1960 521 1983 et
536 1963 677 1982 nnmerum
696 1963 774 1988 nega-

134 2005 210 2031 tionis
229 2005 280 2030 553
302 2003 335 2029 45
350 2017 383 2022 —
396 2003 464 2029 sicut
481 2001 630 2027 misericors
644 2002 718 2027 Petro
732 2008 775 2026 au-

132 2049 220 2076 xilium
239 2055 303 2074 suae
321 2047 485 2081 defensionis.
503 2046 631 2079 promittit
649 2044 710 2072 ibid.
740 2059 775 2064 —

133 2093 311 2127 praedicendo
330 2092 497 2124 negationem
512 2092 614 2117 locutus
633 2093 672 2116 cst
685 2090 717 2116 ad
732 2090 774 2115 re-

132 2141 202 2164 trum
222 2138 289 2163 sicut
311 2135 430 2162 medicus
448 2136 482 2162 ad
496 2138 648 2167 aegrotum,
662 2135 707 2167 qui
721 2141 773 2160 cre-

132 2183 179 2213 dit,
191 2176 226 2208 ‘se
244 2189 302 2208 esse
321 2188 414 2207 sanum
442 2179 506 2207 ibid.
525 2194 558 2198 -
577 2179 705 2211 praedixit
733 2186 775 2204 ne—

133 2227 265 2259 gationem
290 2233 343 2251 non
368 2225 501 2250 incitando
528 2224 563 2250 ad
594 2223 774 2255 negationem,

132 2272 180 2297 sed
192 2270 386 2303 compescendo
401 2269 622 2302 praesumtionem
637 2271 663 2294 et
678 2274 774 2293 vanam

132 2315 316 2342 confidentiam
336 2313 396 2340 ibid.
419 2328 454 2333 —
479 2313 623 2339 Praedictio
649 2314 714 2338 tacta
731 2312 775 2337 Pe-

134 2364 173 2386 tro
193 2360 217 2385 in
240 2360 309 2385 nullo
323 2358 525 2391 praeiudicavit,
538 2357 585 2383 sed
598 2357 686 2389 potius
699 2363 774 2388 prae-

133 2404 262 2430 nuntiavit
279 2403 378 2429 arbitrii
403 2402 548 2428 libertatem
574 2400 637 2428 ibid.
663 2415 697 2419 -
721 2408 773 2426 non

133 2449 274 2479 revelavit,
299 2448 346 2473 sed
365 2447 493 2480 praedixit
516 2447 592 2472 Petro
617 2446 720 2478 lapsum
741 2445 774 2470 Vt

134 2492 186 2518 435
206 2493 239 2518 55

186 2550 222 2556 -
241 2536 359 2568 permisit
377 2536 544 2567 negationem
564 2534 630 2560 Petri
654 2533 774 2566 plurimis

133 2588 164 2607 ex
183 2581 269 2607 causis
288 2581 330 2606 Vll
344 2580 395 2605 562
414 2580 444 2605 71
461 2592 498 2598 -
516 2578 650 2611 permittit,
670 2579 773 2603 Petrum

134 2625 238 2656 cadere,
265 2625 298 2651 ad
323 2628 440 2650 nostram
466 2624 640 2649 eruditionem
661 2623 711 2648 553
741 2622 774 2647 45

133 2677 240 2695 —non
269 2669 386 2701 rogavit,
412 2672 440 2694 nt
467 2669 558 2694 Petrus
582 2675 636 2693 non
655 2667 774 2698 caderet,

135 2714 181 2740 sed
201 2717 228 2739 ut
253 2721 304 2739 non
324 2713 447 2739 deiiceret
468 2713 519 2738 552
546 2712 578 2737 43
598 2727 633 2730 ——
661 2711 775 2743 respexit

134 2759 238 2784 Petrum
262 2765 314 2783 non
340 2758 462 2783 humanis
485 2757 580 2789 oculis,
605 2756 653 2782 sed
678 2756 775 2782 divinis

134 2803 186 2828 562
205 2802 240 2828 72

171 2848 205 2872 22
224 2860 259 2865 -
277 2847 506 2879 appropinquante
531 2847 595 2872 sesto
620 2852 773 2877 azymorum

134 2890 227 2917 debuit
245 2891 310 2916 tradi
332 2891 374 2916 vtt
394 2891 444 2916 540
464 2892 480 2916 2
499 2905 534 2909 -—
553 2891 578 2915 ln
598 2890 641 2916 die
655 2889 772 2915 lilercurii

135 2937 272 2960 tractatum
291 2937 330 2960 cst
348 2934 382 2960 dc
406 2935 463 2960 eius
488 2934 635 2971 proditione
660 2933 723 2960 ibid.
740 2948 773 2952 —

135 2981 243 3011 propter
255 2979 451 3010 congruentiam
469 2979 595 3011 temporis
607 2978 775 3011 exspectabat

136 3026 240 3055 tempus
253 3023 375 3054 paschale
388 3023 421 3048 ad
435 3023 643 3055 redemptionem
658 3025 774 3048 nostram

135 3067 296 3098 operandam
316 3066 349 3092 Vl
375 3066 426 3092 342
448 3067 480 3092 18
501 3081 534 3086 -
554 3068 621 3093 mori
640 3067 724 3093 voluit
750 3067 774 3092 in

136 3112 273 3142 paschate,
291 3110 353 3144 quia
365 3118 443 3136 suum
459 3111 525 3137 mori
539 3112 649 3137 transire
663 3112 710 3138 suit
724 3112 775 3138 425

137 3155 162 3180 2.
183 3155 224 3180 vn
244 3154 295 3180 540
321 3156 336 3180 2
357 3169 390 3174 -
409 3158 559 3187 exspectare
583 3156 666 3182 voluit
690 3156 776 3188 crucis

137 3198 301 3231 triumphum
322 3199 363 3224 Vll
386 3200 434 3225 103
454 3199 487 3224 59

190 3256 224 3261 -
244 3250 367 3274 egressus
381 3244 414 3269 de
433 3243 537 3270 civitate
550 3247 620 3270 trans
635 3247 774 3270 torrentem

137 3285 239 3312 Cedron
259 3287 292 3313 Vl
318 3286 368 3313 478
389 3288 404 3313 2
423 3301 459 3307 -
477 3287 523 3313 ivit
547 3288 573 3313 in
599 3289 704 3314 hortum
723 3295 776 3314 non

139 3333 264 3363 tanquam
283 3331 386 3363 rugiens
409 3331 450 3357 vel
475 3331 639 3359 abscondens
662 3339 704 3364 se,
728 3332 776 3358 sed

809 177 845 209 ΙΝ
868 176 1162 211 COMMENTARIOS
1186 179 1215 211 S.
1240 179 1466 213 SCRIPTURAE

816 265 932 298 quietem
958 273 1088 299 quaerens
1114 266 1148 293 ib.
1171 269 1201 299 2,
1220 267 1235 292 7
1256 281 1292 287 —
1312 270 1460 301 frequenter

817 309 870 336 ibat
889 310 923 336 ad
943 314 1059 336 montem
1084 311 1176 336 Oliveti
1197 311 1230 338 ib.
1251 313 1266 338 3
1285 327 1320 331 —
1340 317 1459 339 assuetus

816 357 872 380 erat
890 360 966 380 orare
985 355 1012 380 in
1031 358 1120 381 monte
1134 356 1269 382 olivarum
1290 357 1333 382 vn
1353 357 1405 383 555
1425 357 1453 382 51

815 411 851 418 ·-
869 399 978 425 avulsus
996 403 1035 425 est
1053 407 1068 425 a
1087 400 1223 432 discipulis
1242 404 1268 426 et
1286 405 1393 433 propter
1418 409 1458 427 se-

815 446 915 469 cretum
929 444 1066 475 orationis,
1081 447 1108 470 ut
1121 445 1282 477 ostenderet,
1302 453 1329 471 se
1349 453 1362 471 a
1384 446 1458 471 disci—

815 488 884 519 pulis
903 488 936 514 ad
957 489 1091 514 modicum
1105 491 1283 521 separandum
1303 490 1354 515 556
1375 491 1407 515 53
1421 505 1456 510 -—

814 532 922 558 sollicite
939 532 1032 558 orabat
1049 537 1075 559 et
1094 533 1127 559 ad
1147 534 1291 560 orationem
1315 534 1458 566 discipulos

814 576 968 602 sollicitabat
992 576 1027 603 ib.
1052 577 1086 603 52
1105 591 1140 596 -
1159 577 1251 604 orabat
1274 579 1365 610 positis
1385 579 1457 610 geni-

816 620 879 651 bus,
894 623 921 646 ut
934 621 1083 647 ostenderet
1096 622 1272 654 devotionem,
1286 623 1456 649 humilitatem

814 667 840 690 et
858 666 1033 691 reverentiam
1053 666 1141 692 cordis
1160 666 1194 693 ib.
1214 667 1247 692 53
1273 681 1308 686 -
1333 667 1458 693 mirabili-

815 708 865 735 bus
884 710 1004 742 suspiriis
1016 713 1042 736 et
1060 711 1220 737 elamoribus
1233 712 1320 737 cordis
1337 715 1362 737 et
1375 713 1457 738 anxiis

814 754 951 780 desideriis
975 754 1106 781 clamabat
1129 756 1163 781 ad
1189 757 1272 782 Deum
1297 757 1348 782 557
1369 756 1402 782 56
1422 771 1457 776 -

813 798 839 824 in
860 800 935 825 horto
955 799 1002 825 suit
1026 803 1134 832 captus,
1153 801 1271 833 sepultus
1295 804 1320 827 et
1339 804 1398 833 post
1417 808 1457 827 re—

813 843 1001 870 surrectionem
1022 844 1144 870 inventus
1164 846 1195 871 Vl
1215 846 1262 870 6tl
1288 853 1313 871 v.
1334 846 1343 871 1

867 902 902 908 --
922 888 1049 914 Turbatio
1064 889 1090 915 in
1107 888 1210 916 Christo
1230 890 1326 915 nullam
1346 890 1456 916 faciebat

813 932 1058 964 deordinationem,
1087 934 1212 967 quoniam
1243 935 1371 960 voluntati
1401 938 1456 961 erat

812 977 929 1003 subiecta
955 978 1107 1004 sensualitas
1132 982 1157 1004 et
1182 979 1327 1005 voluntarie
1352 979 1454 1005 turbata

813 1022 845 1048 Vl
867 1022 912 1048 431
938 1023 970 1048 38
989 1038 1025 1041 -
1041 1024 1187 1049 secundum
1202 1024 1395 1050 sensualitatem
1411 1031 1454 1056 ap-

812 1067 952 1098 prehendit
981 1071 1091 1093 mortem
1122 1069 1234 1093 suturam
1262 1075 1308 1100 per
1329 1068 1455 1100 imagina-

812 1111 909 1137 tionem
930 1112 955 1137 in
975 1112 1000 1137 vi
1014 1111 1128 1138 sensibili
1144 1112 1267 1143 interiori,
1281 1120 1332 1138 non
1347 1120 1360 1138 a
1375 1120 1452 1139 sensu

811 1156 1011 1189 procedentem,
1031 1156 1077 1182 sed
1097 1163 1110 1181 a
1130 1157 1237 1182 rationis
1256 1157 1406 1189 cognitione
1420 1156 1453 1183 ib.

811 1200 845 1225 39
865 1214 900 1220 -
920 1200 1039 1227 turbatus
1058 1204 1098 1227 est
1123 1201 1272 1233 cognitione
1291 1202 1383 1227 mortis
1409 1202 1453 1227 im-

812 1244 933 1270 minentis
951 1252 1012 1271 cum
1041 1246 1174 1271 voluntate
1202 1245 1326 1271 turbandi
1354 1253 1397 1277 se,
1426 1249 1454 1272 ut

811 1290 973 1322 ostenderet,
993 1296 1022 1316 se
1034 1297 1092 1316 esse
1105 1297 1199 1316 verum
1220 1290 1353 1316 hominem
1368 1289 1402 1317 ib.
1418 1290 1451 1316 40

864 1348 900 1352 -
929 1334 1003 1359 Ratio
1028 1334 1214 1360 dominabatur
1232 1335 1402 1367 sensualitati,
1427 1338 1453 1360 et

812 1378 867 1410 ipse
886 1377 1041 1404 subiiciebat
1067 1379 1227 1404 voluntatem
1251 1380 1337 1405 carnis
1361 1380 1453 1405 volun-

812 1423 856 1448 tati
875 1422 982 1448 rationis
994 1425 1019 1448 et
1039 1423 1165 1448 voluntati
1179 1423 1325 1449 Divinitatis
1342 1423 1384 1449 Vll
1400 1423 1451 1448 556

811 1466 844 1492 54
863 1481 899 1485 -
918 1467 993 1493 Ratio
1012 1470 1138 1500 tanquam
1158 1467 1286 1493 discretus
1308 1470 1334 1492 et
1352 1468 1452 1499 peritus

810 1511 956 1537 advocatus
969 1511 1113 1537 orationem
1134 1511 1271 1543 proposuit
1283 1518 1332 1543 pro
1348 1518 1452 1537 sensua-

811 1555 894 1587 litate,
913 1559 1015 1581 servata
1043 1556 1124 1581 forma
1145 1556 1227 1581 divini
1251 1555 1314 1581 iuris
1340 1555 1391 1581 557
1417 1555 1451 1581 54

809 1615 845 1620 -
863 1601 964 1627 orando
982 1600 1130 1626 secundum
1144 1600 1305 1626 voluntatem
1325 1600 1451 1625 sensuali-

811 1646 869 1671 tatis
887 1645 1075 1671 condescendit
1093 1648 1119 1670 et
1142 1646 1253 1670 sormam
1273 1644 1346 1670 dedit
1371 1651 1452 1670 mem-

810 1690 866 1716 bris
893 1690 1004 1716 inllrmis
1032 1688 1094 1715 ibid.
1124 1703 1160 1709 -—
1189 1689 1315 1715 Voluntas
1345 1689 1452 1714 rationis

810 1742 915 1767 semper
943 1734 1084 1760 conformis
1112 1737 1150 1760 est
1180 1735 1233 1760 Deo
1259 1734 1284 1759 in
1313 1734 1408 1764 volito,
1427 1736 1452 1759 et

810 1785 950 1813 propterea
969 1786 1074 1811 semper
1093 1779 1243 1810 exauditur;
1264 1779 1311 1804 sed
1332 1780 1453 1804 voluntas

811 1824 982 1850 sensualitatis
1002 1824 1029 1849 iu
1043 1824 1122 1850 volito
1135 1823 1269 1849 discordat
1284 1831 1298 1849 a
1318 1824 1452 1849 voluntate

811 1869 871 1901 Dci,
891 1868 938 1894 sed
957 1875 1010 1894 non
1030 1868 1055 1893 in
1075 1868 1156 1894 modo
1175 1868 1296 1898 volendi,
1316 1868 1387 1893 unde
1401 1875 1452 1894 non

811 1921 917 1946 semper
935 1916 1053 1939 assecuta
1081 1915 1120 1938 est
1139 1913 1211 1945 quod
1240 1912 1323 1938 voluit
1344 1913 1375 1938 vt
1401 1912 1452 1938 412

813 1958 846 1984 42
871 1972 907 1977 -
934 1958 1000 1984 Caro
1028 1957 1122 1983 Christi
1150 1956 1299 1989 refugiebat
1327 1960 1452 1989 mortem,

813 2003 882 2029 unde
901 2006 958 2028 orat
977 2009 1025 2035 pro
1044 2002 1101 2028 eius
1114 2001 1280 2034 liberatione,
1299 2001 1345 2027 sed
1359 2008 1411 2026 non
1426 2004 1454 2026 ut

812 2048 992 2078 exaudiretur,
1011 2047 1059 2072 sed
1084 2049 1113 2072 ut
1132 2046 1308 2072 infirmitatem
1333 2045 1454 2071 ostende-

811 2095 851 2118 ret
865 2092 914 2118 418
929 2092 962 2117 39
983 2090 1210 2117 —liberationem
1224 2097 1299 2116 suam
1315 2090 1388 2122 petiit
1401 2097 1454 2115 non

812 2137 846 2162 ad
865 2136 1073 2168 impetrandum,
1092 2136 1138 2161 sed
1158 2135 1190 2161 ad
1205 2142 1253 2160 nos
1272 2135 1453 2161 instruendum

814 2181 863 2207 4l9
880 2180 912 2206 42
928 2179 956 2205 fl·
968 2194 1004 2199 —
1017 2181 1109 2205 Sermo
1120 2179 1162 2204 ille
1173 2180 1300 2204 formatus
1313 2182 1351 2204 est
1364 2185 1454 2204 secun-

812 2226 876 2251 dum
896 2225 1037 2256 imperium
1051 2224 1173 2254 rationis,
1192 2226 1218 2248 et
1230 2223 1295 2249 ratio
1315 2223 1454 2255 proposuit

813 2269 964 2302 petitionem
978 2271 1003 2294 et
1021 2275 1070 2300 pro
1084 2267 1249 2293 sensualitate
1266 2267 1387 2299 petebat,
1407 2274 1453 2292 nec

813 2315 862 2339 hoc
881 2312 986 2339 volebat
1005 2312 1038 2338 ib.
1060 2312 1087 2337 3·

865 2372 900 2376 —
919 2358 1080 2383 confortatus
1093 2359 1131 2382 est
1144 2356 1178 2381 ab
1197 2356 1296 2388 Angelo
1320 2363 1373 2381 non
1396 2363 1453 2387 pro-

812 2406 870 2435 pter
882 2409 957 2428 suam
972 2401 1160 2433 indigentiam,
1173 2401 1219 2426 sed
1234 2404 1342 2433 propter
1353 2402 1453 2426 consor-

812 2448 935 2473 tationem
963 2450 1079 2472 nostram
1103 2446 1146 2471 Ytt
1167 2445 1217 2471 557
1239 2445 1272 2470 55
1291 2460 1326 2463 -
1345 2448 1453 2476 propter

812 2499 860 2517 nos
876 2491 955 2517 tristis
965 2494 1003 2517 est
1015 2494 1041 2516 et
1054 2493 1163 2522 propter
1176 2497 1223 2515 nos
1242 2491 1411 2520 confortatur,
1425 2492 1453 2514 ut

812 2543 860 2562 nos
873 2537 1051 2561 confortemur
1070 2534 1132 2560 ibid.

866 2595 901 2599 —
914 2580 1014 2605 orando
1027 2579 1060 2604 ad
1082 2580 1164 2604 Deum
1179 2586 1229 2604 non
1249 2577 1453 2604 obliviscebatur

812 2625 903 2650 ovium
924 2631 1032 2650 suarum
1046 2624 1089 2649 Vll
1109 2623 1160 2648 358
1181 2624 1214 2649 57
1234 2637 1269 2643 —
1289 2627 1327 2648 ter
1347 2623 1453 2648 interru-

812 2670 851 2702 pit
869 2669 1029 2699 orationem,
1050 2672 1076 2694 ut
1095 2668 1193 2694 rediret
1211 2668 1244 2694 ad
1258 2668 1401 2699 discipulos
1414 2675 1453 2693 ex-

812 2714 931 2740 citandos
950 2712 1011 2739 ibid.
1031 2728 1066 2731 -—
1085 2713 1157 2738 venit
1176 2713 1209 2738 ad
1228 2712 1371 2744 discipulos
1389 2712 1454 2737 solli·

813 2759 880 2784 citus
899 2758 966 2783 sicut
984 2758 1078 2789 gallina
1098 2757 1131 2782 ad
1151 2758 1236 2789 pullos
1256 2756 1317 2783 ibid.
1330 2763 1454 2781 —orans

814 2803 878 2828 mira
894 2801 1128 2834 circumspectione
1142 2805 1179 2827 ter
1197 2801 1274 2827 rediit
1286 2801 1320 2826 ad
1338 2801 1454 2832 discipu-

814 2848 853 2873 los
871 2847 905 2872 ad
925 2847 1091 2872 excitandum
1111 2846 1244 2872 etiterum
1266 2850 1303 2871 ter
1321 2846 1354 2871 ad
1370 2846 1452 2871 Deum

813 2891 943 2917 orandum
964 2890 997 2916 ib.
1018 2891 1051 2915 58
1070 2904 1105 2910 -
1124 2894 1162 2916 ter
1179 2890 1292 2915 visitavit
1312 2890 1454 2921 discipulos

811 2936 845 2962 ad
874 2938 990 2961 nostram
1018 2935 1193 2961 cruditionem
1222 2933 1284 2960 ibid.
1309 2948 1343 2952 —-
1368 2935 1454 2966 arguit

811 2980 1011 3006 somnolentiam
1036 2979 1225 3011 discipulorum
1246 2978 1307 3004 ibid.

865 3038 899 3043 —-
919 3023 1035 3055 suscepit
1052 3024 1171 3049 osculum
1197 3031 1211 3048 a
1234 3023 1310 3053 luda,
1329 3023 1388 3048 licet
1409 3023 1455 3048 sci-

812 3071 851 3094 ret
870 3068 1058 3100 proditorium,
1087 3067 1199 3093 maxima
1225 3066 1382 3099 benignitate
1412 3067 1453 3092 Vll

813 3113 864 3139 559
884 3113 913 3137 61

865 3170 901 3176 -
931 3156 1189 3188 Comprehendentes
1217 3155 1348 3182 Christum
1378 3162 1455 3181 cave-

814 3200 890 3232 bant,
909 3208 942 3226 ne
967 3203 1056 3232 posset
1075 3201 1154 3226 latere
1179 3201 1220 3226 vel
1244 3207 1273 3226 se
1298 3200 1454 3230 defendere,

814 3244 876 3278 quia
896 3245 957 3270 nihil
981 3245 1101 3270 divinum
1121 3244 1148 3270 in
1174 3251 1205 3270 eo
1231 3243 1387 3276 credebant,
1406 3243 1454 3270 sed

814 3290 956 3314 humanam
975 3291 1076 3315 tuntum
1096 3288 1238 3321 potentiam
1259 3288 1291 3314 Vl
1313 3287 1363 3314 478
1385 3288 1400 3313 4
1419 3302 1454 3306 -

813 3334 1020 3366 comprehensus
1047 3336 1123 3359 nocte
1151 3333 1186 3359 ob
1217 3333 1336 3359 timorem
1369 3331 1454 3358 turba-

1747 227 1811 254 cna
1832 229 1888 261 (23)
2075 188 2134 219 711

1498 278 1571 303 rum,
1591 279 1659 304 quae
1678 279 1738 298 eum
1759 273 1792 299 <ie
1812 273 1854 299 die
1879 273 2058 307 sequebantur
2087 276 2139 301 479

1500 316 1530 340 10
1550 329 1585 335 -
1604 316 1809 348 Comprehensio
1829 317 1921 344 Christi
1947 319 2026 345 flebat
2051 324 2140 346 aucto-

1496 360 1570 385 ritate
1590 361 1733 393 maiorum,
1750 362 1812 394 ipsis
1833 363 2014 394 praesentibus
2030 365 2070 390 vtt
2086 365 2137 390 560

1497 405 1530 430 65
1549 419 1583 423 *—
1603 408 1810 438 comprehensus
1829 408 2004 440 ignominiose
2029 412 2053 434 et
2073 410 2137 441 liga-

1497 452 1537 475 tus
1557 454 1681 482 tanquam
1700 451 1764 476 latro
1783 455 1807 477 et
1822 453 1971 478 malefactor
1991 453 2022 478 ΥΙ
2038 453 2088 478 480
2103 454 2136 479 20

1495 507 1530 512 —-
1549 494 1657 526 ligatus,
1677 502 1710 520 ne
1729 497 1828 527 sugeret
1849 496 1909 522 ibid.

1548 552 1583 557 —-
1603 539 1808 571 Comprehensio
1827 541 1920 566 Christi
1949 542 1993 567 tuit
2020 543 2136 568 volunta-

1495 583 1531 607 ria
1553 583 1585 609 Vt
1609 583 1656 609 479
1678 585 1704 609 tt
1729 598 1764 603 —
1784 588 1884 617 poterat
1910 586 2043 612 declinare
2067 593 2136 612 com-

1495 629 1681 659 prehensores,
1707 632 1846 662 antequam
1874 630 1992 656 venirent
2016 630 2078 656 ibid.
2100 645 2136 650 —

1494 679 1522 697 se
1550 673 1695 698 xoluntarie
1723 673 1816 699 obtulit
1848 675 2135 706 comprehendentibus

1495 715 1555 742 ibid.
1577 717 1623 748 14,
1647 718 1677 743 15
1697 733 1731 736 -
1749 725 1801 743 non
1822 719 2014 750 agnoscebatur
2033 727 2046 745 a
2062 726 2135 745 com-

1494 762 1698 793 prehensoribus
1711 764 1854 788 excaecatis
1874 763 1906 789 ib.
1922 765 1963 794 12,
1982 765 2019 789 15.
2036 764 2080 789 481
2101 765 2128 789 21

1494 820 1529 825 -
1547 814 1575 832 se
1588 807 1722 833 offerendo
1741 811 1838 833 stantes
1861 807 2002 840 prostravit
2022 808 2072 834 479
2088 809 2132 839 12,

1496 852 1527 876 13
1538 865 1573 870 -
1586 851 1843 883 Comprehendentes
1861 853 1960 878 confusi
1984 856 2135 878 averterunt

1494 895 1585 921 faciem
1617 902 1631 920 a
1659 895 1761 922 Christo
1784 896 1817 922 ib.
1850 897 1879 922 13
1904 897 1984 922 -in
2013 904 2134 929 compre—

1493 940 1617 966 hensione
1637 941 1750 966 ostendit
1771 940 1935 966 Divinitatem
1962 945 1987 966 et
2012 942 2132 967 humani-

1493 987 1570 1010 tatem
1595 985 1646 1011 502
1667 985 1699 1010 60

1545 1044 1580 1048 —
1601 1030 1704 1055 Petrum
1730 1030 1891 1055 resistentem
1919 1030 2080 1062 compescuit
2100 1030 2132 1055 Vt

1493 1073 1543 1099 480
1575 1074 1621 1106 18,
1643 1074 1674 1099 19
1699 1087 1735 1093 -
1754 1081 1807 1100 non
1836 1075 1969 1106 praecepit
1998 1075 2133 1106 discipulis

1492 1121 1597 1149 portare
1616 1119 1731 1150 gladIOS,
1751 1119 1813 1152 quia
1833 1119 1909 1145 vellet
1930 1126 1958 1144 sc
1977 1119 2133 1149 defendere,

1491 1162 1539 1188 sed
1567 1166 1595 1188 ut
1620 1163 1769 1189 ostenderet
1794 1163 2061 1196 comprehensoribus
2087 1171 2134 1196 pa—

1492 1207 1622 1238 tientiam,
1641 1208 1718 1240 quia,
1739 1215 1799 1233 cum
1820 1207 1927 1234 haberet
1943 1215 2030 1240 arma,
2050 1208 2132 1234 noluit

1491 1251 1528 1276 eis
1549 1251 1585 1276 uti
1606 1251 1651 1276 481
1677 1253 1709 1277 23

1543 1309 1579 1315 —
1604 1297 1811 1328 comprehensus
1835 1297 1939 1323 relictus
1964 1301 2002 1323 est
2021 1297 2091 1323 solus
2118 1304 2132 1322 a

1491 1340 1626 1372 discipuliS
1648 1341 1689 1366 Vll
1709 1340 1755 1366 561
1781 1341 1814 1366 67
1828 1356 1862 1359 -
1876 1341 2019 1373 discipulos
2039 1341 2133 1366 libcra-

1490 1384 1528 1409 vit
1546 1385 1602 1410 solo
1621 1385 1748 1416 imperio,
1760 1392 1788 1411 se
1803 1386 1888 1418 ipsum
1908 1385 2054 1411 voluntarie
2074 1386 2134 1411 offe-

1489 1428 1573 1454 rendo
1595 1429 1625 1454 Vl
1652 1429 1702 1454 479
1731 1430 1763 1455 15
1787 1444 1822 1448 —
1843 1429 1963 1455 liberavit
1987 1430 2133 1462 discipulos

1490 1472 1596 1504 propria
1617 1473 1714 1498 virtute
1734 1473 1845 1504 48015,
1868 1474 1908 1498 16.
1929 1474 1974 1498 481
1999 1475 2033 1499 22
2053 1489 2087 1492 -
2107 1475 2134 1499 li-

1490 1516 1568 1542 beros
1581 1517 1664 1542 voluit
1677 1518 1836 1549 discipulos,
1857 1518 1918 1550 quia
1933 1519 2004 1544 solus
2023 1519 2076 1550 pati
2091 1524 2134 1544 vo-

1490 1561 1536 1586 luit
1555 1560 1606 1586 480
1627 1561 1659 1586 16
1687 1576 1722 1580 —
1752 1562 1816 1587 mira
1843 1561 2005 1594 benignitate
2030 1563 2134 1588 sanavit

1489 1612 1597 1630 servum
1622 1605 1648 1630 in
1667 1609 1726 1631 actu
1751 1606 1941 1638 persecutionis
1967 1606 2133 1632 vulneratum

1489 1648 1533 1674 Vll
1548 1648 1599 1673 560
1619 1648 1652 1674 64
1667 1663 1700 1666 -
1716 1649 1779 1674 mira
1794 1649 1909 1681 potentia
1923 1650 1978 1675 solo
1996 1652 2064 1675 tactu
2079 1650 2134 1675 uni-

1489 1693 1528 1718 vit
1546 1693 1670 1719 dissoluta
1691 1692 1752 1719 ibid.

1544 1752 1577 1756 —
1598 1737 1707 1763 traditus
1727 1737 1891 1770 principibus
1911 1738 2083 1763 sacerdotum
2100 1738 2132 1763 Vt

1493 1782 1543 1808 478
1573 1782 1588 1808 4
1607 1797 1642 1801 ——
1660 1790 1712 1812 non
1742 1783 1788 1808 suit
1818 1782 1928 1808 traditus
1957 1786 1983 1807 ut
2010 1783 2134 1814 ignorans

1491 1827 1541 1852 336
1566 1827 1612 1852 100
1633 1841 1668 1846 -
1692 1827 1816 1859 cognovit
1842 1827 1946 1853 consilia
1974 1827 2129 1852 ludaeorum

1490 1875 1582 1897 contra
1601 1879 1630 1898 se
1649 1872 1692 1897 Vll
1709 1872 1757 1897 139
1778 1872 1812 1898 20
1831 1886 1866 1891 -
1885 1871 2007 1897 venditur
2027 1871 2130 1903 triginta

1490 1916 1621 1948 argenteis
1640 1916 1696 1942 sive
1716 1917 1837 1942 trecentis
1856 1916 1972 1942 denariis
1992 1915 2038 1942 541
2063 1916 2078 1941 6
2098 1929 2134 1934 -

1490 1967 1520 1986 ex
1541 1960 1679 1986 traditione
1693 1961 1772 1986 iudae
1791 1968 1843 1986 uon
1857 1964 1896 1986 est
1915 1961 2072 1991 minoratus,
2086 1960 2132 1986 scd

1491 2004 1647 2030 sublimatus
1667 2005 1700 2030 vt
1721 2004 1772 2030 425
1792 2005 1816 2030 3.
1838 2004 1888 2030 434
1908 2006 1941 2030 52
1961 2019 1997 2023 —-
2016 2004 2132 2030 Traditio

1491 2048 1585 2075 Christi
1604 2049 1820 2081 contemplanda,
1840 2052 1868 2074 ut
1887 2056 1917 2074 ex
1936 2049 1993 2075 eius
2016 2052 2135 2075 contem-

1491 2094 1606 2126 platione
1625 2093 1656 2119 ad
1671 2094 1836 2119 dilectionem
1857 2093 2033 2119 accendamur
2051 2094 2102 2119 615
2116 2094 2132 2119 2

1490 2153 1525 2156 -
1544 2138 1637 2164 Christi
1658 2139 1807 2170 exemplum
1828 2138 1854 2163 in
1870 2138 2008 2164 traditione
2034 2138 2133 2164 imitan-

1491 2183 1554 2208 dum
1575 2183 1626 2208 616
1649 2182 1664 2208 4

1544 2241 1578 2245 -
1598 2227 1644 2253 suit
1664 2227 1756 2252 iniuste
1780 2226 1889 2252 traditus
1914 2233 1929 2251 a
1952 2226 2027 2257 luda,
2053 2233 2068 2251 a
2097 2226 2133 2252 lu-

1490 2272 1562 2297 dacis
1581 2275 1606 2297 et
1625 2279 1638 2296 a
1660 2272 1739 2297 Pilato
1759 2272 1789 2296 Vl
1804 2271 1855 2296 615
1870 2271 1894 2296 1.
1907 2271 1958 2295 616
1979 2270 1994 2295 4
2008 2285 2043 2288 -
2057 2271 2134 2296 tradi-

1491 2320 1532 2342 tus
1551 2316 1598 2341 suit
1618 2315 1736 2342 hostibus
1755 2323 1769 2341 a
1790 2315 1864 2347 tuda,
1885 2315 1962 2341 iudici
1982 2322 1997 2340 a
2017 2315 2131 2345 ludaeis,

1490 2360 1631 2386 tortoribus
1651 2367 1665 2385 a
1685 2360 1772 2386 iudice
1792 2360 1843 2386 615
1864 2360 1878 2385 3
1897 2373 1933 2378 -
1951 2359 2017 2384 tradi
2038 2359 2130 2389 voluit,

1491 2409 1518 2430 nt
1536 2412 1583 2430 nos
1608 2412 1621 2430 a
1642 2405 1782 2430 traditione
1808 2404 1900 2436 triiilici
1929 2403 2049 2429 liberaret
2068 2402 2132 2429 ibid.

1489 2462 1524 2468 -—
1542 2449 1568 2474 in
1582 2449 1720 2475 traditione
1739 2449 1816 2475 ludae
1831 2449 1875 2474 tuit
1895 2448 2030 2478 venditus,
2051 2447 2076 2472 in
2089 2447 2130 2472 illa

1489 2493 1645 2519 ludaeorum
1666 2494 1713 2518 snit
1732 2493 1935 2523 condemnatus,
1954 2492 1980 2517 in
2000 2492 2038 2516 illa
2059 2491 2131 2516 Pilati

1489 2537 1628 2563 erucillxus
1647 2536 1679 2562 ib.
1700 2538 1715 2562 2
1735 2551 1770 2555 -
1790 2537 1899 2562 traditus
1918 2539 1956 2562 est
1975 2543 1988 2560 a
2013 2536 2066 2561 Deo
2087 2536 2132 2560 Pa-

1489 2585 1528 2608 tre
1556 2589 1586 2607 cx
1615 2582 1724 2614 pietate,
1753 2588 1767 2606 a
1796 2581 1937 2613 semetipso
1961 2588 1991 2606 cx
2011 2580 2129 2609 caritate,

1490 2633 1504 2651 a
1524 2627 1585 2652 luda
1606 2633 1637 2651 cx
1651 2626 1806 2658 cupiditate,
1820 2633 1834 2650 a
1854 2625 1955 2651 ludaeis
1969 2632 1998 2651 ex
2019 2622 2130 2654 invidia,

1490 2678 1504 2696 a
1526 2671 1603 2696 Pilato
1622 2677 1653 2695 cx
1672 2670 1795 2696 iniustitia
1808 2670 1855 2695 601
1880 2677 1907 2695 v.
1926 2670 1954 2695 21
1973 2669 2132 2694 —traditus

1492 2716 1571 2741 suita
1598 2716 1671 2740 Patre
1697 2722 1744 2746 per
1772 2714 2024 2740 abundantissimam
2050 2714 2132 2745 picta-

1490 2764 1555 2791 tem,
1575 2767 1588 2784 a
1612 2766 1640 2784 se
1664 2766 1711 2790 per
1724 2759 1934 2784 ardentissimam
1955 2758 2103 2788 caritatem,
2117 2764 2131 2782 a

1490 2804 1624 2836 proditore
1649 2810 1696 2835 per
1725 2803 1936 2828 scelestissimam
1961 2802 2131 2833 cupiditatem

1491 2848 1532 2873 Vll
1553 2847 1604 2872 542
1623 2847 1638 2872 7
1660 2861 1693 2865 ——
1714 2847 1824 2873 traditur
1843 2854 1872 2872 cx
1892 2846 2027 2872 clcmcntia
2049 2853 2063 2870 a
2077 2846 2132 2871 Deo

1490 2892 1577 2922 Patre,
1597 2898 1626 2917 ex
1646 2891 1794 2917 obedientia
1815 2898 1828 2916 a
1849 2898 1876 2916 sc
1891 2891 1947 2922 ipso
1967 2894 1992 2915 et
2011 2897 2041 2915 ex
2062 2890 2132 2915 mali—

1491 2936 1522 2961 tia
1543 2943 1557 2960 a
1578 2935 1639 2961 luda
1659 2936 1793 2967 proditore
1812 2935 1863 2960 242
1883 2935 1916 2960 83

1527 2980 1560 3005 23
1578 2993 1615 2998 -
1633 2979 1880 3005 Condemnationcm
1901 2978 1994 3004 Chr1sti
2014 2985 2132 3010 praeces-

1490 3024 1523 3049 sit
1542 3024 1675 3056 multiplex
1695 3023 1850 3048 examinatio
1872 3022 1903 3048 vt
1925 3022 1970 3047 481
1996 3023 2029 3048 26
2048 3036 2083 3042 -
2106 3022 2131 3047 ln

1490 3067 1584 3094 Christi
1603 3067 1792 3093 examinatione
1817 3069 1873 3092 erat
1896 3066 2013 3092 detectus
2043 3066 2132 3092 iudicii

1491 3119 1521 3138 ex
1541 3115 1615 3144 parte
1634 3111 1717 3144 iniqui
1743 3110 1849 3142 iudicis,
1875 3114 1900 3135 et
1924 3110 2042 3136 desectus
2063 3110 2134 3136 testi-

1491 3156 1570 3182 monii
1584 3163 1614 3181 ex
1630 3159 1702 3188 parte
1718 3155 1781 3180 Petri
1796 3154 1916 3186 negantis
1930 3153 1992 3181 ibid.
2006 3167 2043 3174 —
2057 3161 2133 3187 prae-

1490 3203 1605 3226 sentatus
1624 3199 1713 3232 iniquo
1727 3198 1806 3224 iudici
1825 3197 1886 3224 ibid.
1907 3212 1941 3217 —-
1961 3198 2090 3225 iudicatus
2103 3206 2132 3225 se

1491 3243 1608 3269 exhibuit
1627 3243 1756 3268 minorem
1776 3242 1881 3268 homine
1901 3242 1947 3268 551
1973 3243 1989 3268 5

1544 3302 1579 3307 -
1598 3286 1648 3313 sub
1667 3287 1759 3313 iisdem
1780 3286 1945 3319 principibus
1963 3286 2130 3313 sacerdotum

1492 3338 1585 3364 passus
1604 3334 1655 3362 est,
1675 3330 1725 3357 sub
1738 3330 1835 3364 quibus
1849 3330 2011 3363 praedicavit
2024 3331 2131 3356 loannes
