2476 3921
16 432 18 443 l

16 444 18 452 y
36 466 160 495 Diffleultas.

68 625 158 647 Solutio.

29 2225 106 2247 ationis
113 2232 162 2248 con-

30 2252 127 2275 firmatio.

771 204 965 238 COMMENT.
993 206 1029 238 [N
1053 205 1294 239 EVANGELIUM
1318 207 1436 240 LUCAE
1461 207 1493 240 C.
1518 208 1580 240 XX.

177 298 418 337 poterunt,··ex
442 304 507 337 quo
523 294 686 337 sequitur,
711 294 795 337 quod
819 303 939 327 uxores
963 304 1025 327 non
1049 295 1145 328 habe-

180 348 269 381 bunt.
293 348 381 382 Unde
404 347 529 381 Beda¹:
560 361 576 377 «
592 348 670 381 Cum
695 348 852 381 connubia
884 352 1013 390 propter
1046 348 1144 388 filios,

179 401 234 434 filii
259 404 390 444 propter
406 401 654 440 successionem,
677 402 834 435 successio
850 402 890 434 sit
914 405 1044 444 propter
1060 411 1145 435 mor-

179 457 258 494 tem;
275 455 330 488 ubi
344 464 421 497 ergo
436 464 499 487 non
516 457 565 488 est
581 464 677 494 mors,
694 464 798 498 neque
814 455 972 488 connubia
985 468 1015 487 ».
1029 475 1072 479 -
1085 456 1144 488 Sed

179 511 255 541 tunc
270 511 373 551 potest
396 517 438 541 ex
455 509 515 541 hoc
538 508 648 551 argui,
666 508 751 551 quod
774 518 847 542 cum
865 509 896 541 in
917 509 1064 551 paradiso
1081 519 1142 542 non

178 565 260 595 esset
283 571 370 595 mors
392 565 466 595 ante
482 565 665 604 peccatum,
689 562 774 604 quod
798 562 957 595 connubia
979 572 1041 595 non
1067 563 1142 597 fuis-

177 618 256 648 sent.
274 634 318 639 —-
334 615 371 648 Et
388 615 550 658 responsio
566 619 614 649 est
637 615 676 648 ad
700 616 774 655 hoc,
791 616 876 658 quod
895 616 966 649 licet
983 625 1043 649 non
1060 620 1143 650 esset

178 678 264 702 mors
287 678 329 702 ex
345 669 548 709 necessitate,
573 669 655 703 sicut
671 679 772 709 nunc,
797 673 866 703 erat
890 673 993 703 tamen
1010 679 1052 703 ex
1066 680 1142 713 pos-

176 722 348 763 sibilitate,
373 723 448 766 quia
471 723 565 765 primi
582 726 730 765 parentes
753 723 911 757 habebant
934 733 1051 766 corpus
1068 724 1142 757 ani-

175 776 278 816 male,
303 776 357 810 sed
392 779 462 819 post
497 776 765 810 resurrectionem
796 777 858 809 erit
893 786 1010 819 corpus
1039 778 1141 820 spiri-

176 829 283 868 tuale,
308 829 483 862 secundum
508 828 586 862 illud
609 829 730 871 primae
757 829 796 862 ad
819 829 998 863 Corinthios
1021 830 1142 864 decimo

175 882 287 925 quinto
303 882 330 915 2:
360 895 376 911 α
393 882 572 915 Seminatur
595 891 712 924 corpus
735 882 886 923 animale,
916 887 1026 926 surget
1048 884 1140 926 spiri-

174 935 276 974 tuale;
301 926 477 969 seminatur
509 936 540 968 in
565 935 768 976 infirmitate,
801 940 911 979 surget
939 937 970 970 in
1003 937 1139 977 virtute;

175 988 350 1021 seminatur
374 988 405 1021 in
429 988 639 1030 ignobilitate,
664 992 775 1031 surget
791 989 821 1022 in
846 990 947 1032 gloria
962 1004 993 1022 n.
1011 991 1140 1024 -Ideo

174 1041 298 1074 subdit:
331 1041 494 1086 Aequales
526 1042 613 1075 enim
638 1043 774 1086 Anyelis
804 1047 884 1076 sunt
911 1048 939 1076 et
968 1043 1034 1086 sitii
1062 1048 1141 1084 sunt

176 1094 249 1134 Dei,
281 1104 360 1127 cum
389 1095 458 1128 sint
491 1095 557 1138 filii
586 1097 862 1136 resurrectionis,
894 1097 924 1129 id
956 1100 1022 1136 est,
1056 1097 1139 1130 sicut

172 1147 277 1191 Angeli
302 1151 377 1182 sunt
400 1149 609 1189 immortales,
634 1149 909 1192 incorruptibiles,
934 1159 1031 1193 supra
1061 1154 1139 1184 tem-

171 1211 233 1244 pus
256 1205 288 1235 et
319 1202 509 1236 variationes
532 1206 678 1237 motuum
710 1205 951 1246 temporalium;
977 1205 1021 1238 sic
1045 1208 1141 1238 erunt

172 1255 264 1295 boni,
287 1256 363 1299 quia
386 1259 456 1299 post
479 1257 746 1290 resurrectionem
770 1261 846 1291 tunc
875 1252 995 1291 erimus
1023 1268 1139 1301 aequa-

171 1309 217 1342 les
251 1309 375 1352 Angelis
403 1309 577 1343 secundum
613 1310 731 1353 gloriae
765 1311 970 1354 dignitatem;
1008 1316 1138 1354 propter

171 1362 256 1405 quod
279 1363 479 1406 Apocalypsis
495 1363 646 1407 vigesimo
669 1364 772 1407 primo
785 1365 812 1397 ³:
843 1378 859 1393 «
875 1365 1021 1398 Mensura
1038 1366 1138 1398 homi-

169 1415 233 1455 nis,
258 1425 340 1459 quae
363 1419 410 1450 est
433 1416 539 1460 Angeli
556 1430 588 1450 n.
613 1418 675 1451 Nec
706 1418 842 1457 mirum,
866 1418 942 1461 quia
972 1422 1049 1452 tunc
1076 1419 1137 1452 eri-

169 1478 243 1503 mus
278 1470 342 1503 Deo
372 1479 430 1513 per
465 1470 596 1513 gloriam
634 1471 818 1511 assimilati,
853 1472 1029 1506 secundum
1060 1472 1137 1505 illud

170 1522 291 1565 primae
315 1523 438 1556 loannis
461 1524 598 1557 tertio4:
632 1537 648 1553 «
666 1525 754 1557 Nunc
778 1524 833 1557 tilii
859 1525 912 1557 Dei
945 1533 1074 1564 sumus,
1106 1528 1138 1558 et

169 1575 309 1609 nondum
342 1577 505 1619 apparuit,
538 1577 615 1620 quid
643 1577 772 1611 erimus.
806 1577 943 1617 Scimus,
969 1578 1136 1620 quoniam,

169 1638 242 1662 cum
266 1630 466 1672 apparuerit,
490 1630 608 1664 similes
631 1631 659 1664 ei
683 1630 818 1670 erimus,
843 1631 993 1673 quoniam
1017 1630 1136 1664 videbi-

170 1691 242 1716 mus
265 1691 353 1722 eum,
371 1683 464 1716 sicuti
485 1687 532 1717 est
548 1697 579 1716 ».
604 1683 692 1717 Unde
709 1682 854 1716 Rabanus
867 1683 896 1715 ⁵.-
926 1696 941 1712 «ι
958 1684 1038 1716 Sunt
1054 1684 1136 1717 sicut

171 1735 277 1779 Angeli
302 1736 358 1769 Dei
382 1736 414 1769 in
439 1737 548 1777 caelis,
572 1737 626 1779 qui
651 1737 752 1779 gloria
780 1737 1024 1770 resurrectionis
1047 1737 1135 1770 inno—

170 1788 251 1828 vati,
275 1788 396 1831 absque
412 1789 478 1822 ullo
502 1790 615 1822 mortis
630 1793 733 1829 metu,
754 1790 875 1832 absque
891 1790 957 1823 ulla
981 1790 1050 1823 labe
1066 1800 1136 1824 cor-

168 1841 344 1883 ruptionis,
368 1842 489 1885 absque
512 1843 578 1875 ullo
606 1843 724 1876 terreni
749 1846 851 1876 status
879 1843 953 1876 actu
981 1847 1135 1886 perpetua

168 1893 222 1927 Dei
247 1894 367 1928 visione
391 1894 555 1928 fruuntur.
573 1896 617 1929 Ad
633 1905 729 1939 quam
746 1905 874 1930 necesse
890 1900 953 1936 est,
977 1897 1135 1939 angelicae

167 1946 328 1990 dignitatis
351 1949 573 1992 aequalitatem
597 1949 743 1993 quisquis
765 1950 935 1984 ascendere
959 1950 1133 1990 desiderat,

167 2000 306 2034 minimis
328 2001 482 2035 fratribus
504 2002 555 2044 pie
578 2002 699 2045 agendo
722 2003 996 2037 condescendat».
1022 2003 1058 2036 Et
1075 2003 1134 2048 hoc

167 2057 254 2087 recte
276 2054 366 2095 dicit,
386 2055 462 2098 quia
485 2065 546 2088 non
564 2059 667 2098 potest
689 2056 813 2099 Angelis
836 2066 905 2090 esse
921 2057 953 2089 in
977 2056 1076 2099 gloria
1092 2057 1133 2090 si-

167 2107 252 2141 milis
275 2108 330 2151 qui
354 2118 416 2141 non
440 2109 509 2142 vult
533 2109 565 2142 in
589 2110 765 2143 ministerio
788 2110 966 2143 assimilari.

222 2203 225 2204 ⁷
256 2161 310 2195 43.
346 2162 449 2204 (Vers.
483 2162 560 2204 37.).
590 2163 696 2196 Tertio
727 2167 882 2206 quantum
915 2163 954 2196 ad
989 2164 1134 2197 rationis

168 2213 452 2257 confirmationem
469 2216 691 2259 subiungitur:
719 2217 807 2258 Quia
822 2227 900 2250 vero
924 2221 1107 2261 resuryant
1119 2218 1132 2238 ⁶

168 2268 311 2308 mortui,
336 2272 364 2301 et
395 2269 523 2313 Moyses
547 2270 686 2303 ostendit
715 2280 810 2304 secus
841 2270 986 2310 rubum,
1022 2271 1053 2303 id
1085 2274 1133 2304 est

166 2320 301 2354 verbum
325 2322 465 2362 Domini,
498 2323 583 2366 quod
614 2323 697 2356 dixit
719 2324 815 2366 Moysi
840 2321 871 2356 i'n
903 2324 1023 2357 visione
1046 2324 1131 2357 illius

167 2374 249 2407 rubi.
263 2375 402 2409 ardentis
425 2378 457 2409 et
472 2385 535 2409 non
559 2377 730 2417 combusti,
747 2377 923 2411 secundum
946 2377 1029 2421 quod
1055 2377 1132 2411 dici-

553 2567 564 2579 ·
680 2579 684 2581 .

237 2586 247 2601 ¹
266 2586 338 2613 Libr.
358 2587 388 2613 V.
407 2587 433 2613 in
453 2588 514 2614 Luc.
529 2589 576 2619 20,
596 2589 630 2614 36
637 2599 645 2621 ς
664 2589 735 2615 idem
754 2590 818 2616 dicit
830 2591 920 2617 Glossa
941 2590 1085 2617 ordinaria
1104 2591 1130 2616 in

165 2631 228 2657 Luc.
248 2632 297 2663 20,
317 2632 360 2658 35.
733 2646 750 2651 «

238 2676 248 2691 ²
270 2677 345 2703 Vers.
366 2677 408 2703 44.
428 2680 454 2704 et
474 2678 515 2704 43.
542 2678 593 2705 Csr.
613 2679 641 2705 ll.
662 2680 732 2706 sent.
758 2680 784 2706 d.
807 2681 848 2706 te.
867 2688 891 2706 a.
911 2682 937 2706 2.
961 2688 988 2714 q.
1014 2681 1039 2706 4.
1057 2684 1083 2707 et
1101 2681 1129 2707 d.

167 2721 210 2747 20.
229 2728 256 2754 q.
276 2722 299 2747 l.
320 2721 355 2747 ad
376 2722 400 2747 ⁴.

237 2764 248 2779 ³
268 2766 342 2792 Vers.
369 2766 412 2792 ⁴7.
430 2780 466 2786 -—
485 2767 613 2800 Superius
637 2775 686 2800 pro
710 2767 928 2803 incorruptibiles
953 2770 985 2801 (H
1009 2770 1082 2795 addit
1107 2771 1132 2796 et

166 2809 371 2843 inqemrabites)
393 2811 451 2837 Vat.
475 2811 676 2846 incorporales,
702 2813 755 2838 AD
774 2812 897 2840 docibiles
924 2813 1004 2847 [toan.
1029 2815 1060 2846 6,
1081 2813 1130 2840 45:

167 2853 201 2882 Et
219 2855 300 2881 erunt
318 2861 409 2882 omnes
429 2854 553 2883 docibiles
573 2855 645 2890 Dei].

236 2897 248 2912 ⁴
266 2899 342 2925 Vers.
362 2900 391 2931 2,
405 2899 450 2926 ubi
470 2900 491 2926 Α
502 2900 521 2927 C
532 2900 553 2926 D
562 2901 598 2926 11:
617 2899 694 2933 Filii,
707 2901 829 2928 noudum
842 2902 987 2937 apparuit,
1003 2902 1069 2937 quid
1081 2902 1131 2930 eri-

165 2948 236 2969 mus.
249 2937 357 2970 Scimus
372 2942 404 2977 [H
417 2944 491 2970 addit
504 2943 614 2979 tamenJ,
628 2951 691 2971 cum
703 2945 873 2979 apparuerit,
886 2946 959 2981 quod
970 2946 1071 2974 similes
1081 2950 1130 2973 etc.

237 2985 248 3000 ⁵
266 2986 338 3014 Libr.
355 2988 399 3014 Vl.
417 2987 565 3015 Comment.
590 2989 618 3015 in
637 2990 724 3016 Matth.
744 2991 793 3022 22,
813 2991 857 3017 30.
878 2998 904 3017 n.
925 2991 955 3023 33
979 2999 1027 3023 pro
1053 2990 1130 3018 mini-

168 3029 220 3057 mis
238 3030 372 3065 fratribus
391 3034 475 3058 textus
494 3033 628 3065 originalis
646 3028 721 3069 nunc
738 3033 868 3061 minimus
886 3034 1030 3069 fratribus.

238 3073 250 3089 ⁶
268 3074 353 3102 Codd.
372 3076 394 3102 Α
404 3076 423 3103 C
434 3077 455 3102 D
473 3079 638 3111 resurgunt,
657 3078 678 3104 G
689 3079 710 3104 H
724 3081 878 3113 resurgent.
890 3094 925 3098 —
940 3080 1066 3112 Superius
1079 3087 1128 3112 pro

166 3118 282 3146 rationis
310 3120 544 3158 confirmationem
572 3122 630 3148 Vat.
657 3122 865 3150 resurrectionis
893 3124 1136 3159 confirmationem-

168 3161 225 3194 (cl’r.
245 3169 269 3188 n.
291 3162 353 3196 40.).

238 3204 249 3220 '
268 3206 344 3233 Vers.
363 3208 389 3234 2.
407 3211 433 3234 et
451 3208 481 3240 6,
499 3212 581 3242 quem
600 3209 684 3235 solum
704 3210 778 3242 Vat.‚
797 3210 918 3243 pluribus
937 3212 1051 3243 omissis,
1069 3213 1130 3238 alle-

169 3250 214 3282 g'at
232 3250 337 3283 legens:
354 3251 467 3279 verbum
485 3253 608 3286 Domini,
628 3253 700 3288 quod
711 3253 783 3281 dixit
796 3255 886 3290 Moysi
896 3255 928 3282 de
949 3256 1036 3283 medio
1049 3256 1128 3284 rubi:

169 3295 199 3320 Et
216 3294 264 3321 ait:
284 3296 339 3327 Ego
357 3302 417 3322 sum
437 3296 507 3323 Deus
519 3296 667 3330 Abraham,
686 3298 757 3325 Deus
775 3299 846 3326 lsaac
859 3303 883 3326 et
896 3300 967 3326 Deus
985 3300 1070 3327 lacob.
1084 3301 1128 3327 Ea:

166 3337 216 3365 hoc
234 3338 294 3366 vult
310 3339 444 3367 Dominus
463 3340 565 3375 inferre
582 3341 809 3370 resurrectionem
832 3343 972 3377 futuram,
998 3351 1061 3371 cum
1085 3344 1129 3371 ad·

166 3381 224 3410 dit:
244 3381 320 3410 Sicut
338 3383 402 3411 dicit
422 3384 569 3412 Dominum
588 3384 637 3413 etc.

2107 214 2168 248 515

1209 297 1262 327 tur
1287 295 1384 329 Exodi
1403 297 1496 329 tertio
1509 297 1539 329 ⁷:
1569 310 1585 326 α
1602 299 1753 340 Apparuit
1770 300 1796 332 ei
1823 300 1976 335 Dominus
1998 303 2027 335 in
2046 303 2171 337 flamma

1209 348 1289 390 ignis
1312 349 1350 382 de
1375 350 1478 383 medio
1506 351 1597 391 rubi,
1621 355 1652 385 et
1677 352 1815 393 videbat,
1840 354 1924 396 quod
1956 356 2058 390 rubus
2081 358 2171 391 arde-

1208 405 1258 434 ret
1281 406 1312 435 et
1336 412 1397 435 non
1431 403 1674 438 combureretur
1690 419 1726 445 n;
1751 410 1782 439 et
1814 408 1976 449 sequitur,
2002 410 2086 452 quod
2111 411 2170 443 Do-

1208 455 1313 488 minus
1337 456 1462 489 locutus
1478 460 1525 490 est
1548 458 1659 498 verba,
1684 469 1765 502 quae
1782 465 1961 503 sequuntur
1987 463 2052 496 hic:
2078 464 2170 497 Sicut

1207 508 1287 541 dicit
1313 509 1493 543 Dominum
1520 511 1623 544 Deum
1644 512 1820 546 Abraham
1843 519 1872 547 et
1896 516 2001 548 Deum
2017 517 2117 550 Isaac
2141 523 2169 550 et

1208 562 1312 595 Deum
1333 563 1448 602 Jacob;
1467 564 1562 597 Exodi
1589 566 1681 599 tertio
1694 566 1722 599 ⁸:
1744 580 1760 596 α
1774 568 1901 602 Vocavit
1917 569 2069 604 Dominus
2087 572 2169 613 Moy-

1206 624 1261 648 sen
1284 616 1322 649 de
1346 617 1450 650 medio
1475 618 1545 651 rubi
1564 633 1579 647 n
1615 622 1675 652 aet
1698 620 1758 653 ait:
1784 621 1847 663 Ego
1871 631 1940 655 sum
1966 623 2050 656 Deus
2073 623 2187 657 Abra-⁴

1207 669 1280 702 ham
1305 673 1336 702 et
1360 670 1443 703 Deus
1468 671 1552 704 lsaac
1576 675 1607 705 et
1630 673 1715 706 Deus
1739 674 1828 708 lacob
1845 689 1875 707 ιι.

1295 723 1347 755 lib..
1375 724 1474 762 (Vers.
1509 724 1585 765 38).
1621 725 1664 758 Ex
1691 727 1750 759 hoc
1778 732 1884 760 autem
1916 730 1985 762 vult
2015 730 2168 764 Dominus

1206 775 1322 809 inferre
1354 778 1620 812 resurrectionem
1653 779 1812 821 suturam,
1837 790 1909 814 cum
1942 783 2048 816 addit:
2082 785 2168 817 Deus

1205 833 1317 862 autem
1333 840 1400 863 non
1417 834 1462 863 est
1477 836 1688 865 mortuorum
1699 860 1708 872 ,
1725 834 1783 867 sed
1805 835 1986 869 viventium
1999 837 2021 869 ⁹.
2050 837 2167 871 Omnes

1205 883 1293 915 enim
1317 884 1434 916 vivunt
1463 885 1501 917 ei.
1528 886 1574 918 Ex
1607 896 1671 928 quo
1695 888 1858 930 sequitur,
1888 890 1972 931 quod
2006 891 2116 924 vivunt
2139 892 2167 925 ei

1205 937 1253 970 vel
1286 941 1360 970 actu
1396 939 1443 971 vel
1478 940 1633 981 potentia;
1665 941 1719 974 sed
1754 951 1863 975 omnes
1886 943 1934 976 isti
1961 948 2052 977 erant
2083 954 2167 978 mor-

1205 991 1250 1023 tui
1268 992 1450 1025 actualiter:
1477 1002 1551 1036 ergo
1576 994 1722 1028 vivebant
1744 995 1808 1029 Deo
1833 1001 1988 1039 quantum
2011 998 2049 1031 ad
2070 1008 2167 1041 posse

1203 1046 1235 1076 et
1257 1044 1501 1087 dispositionem.
1527 1047 1657 1081 Necesse
1681 1052 1728 1082 est
1752 1049 1849 1091 igitur
1879 1050 2020 1084 suturam
2050 1061 2165 1094 ponere

1203 1098 1467 1132 resurrectionem
1484 1100 1517 1132 ¹⁰.
1544 1119 1585 1124 —
1610 1101 1690 1133 Sunt
1719 1105 1826 1136 autem
1857 1104 1956 1136 multa
1988 1105 2165 1138 testimonia

1204 1150 1234 1183 in
1252 1152 1350 1184 veteri
1376 1155 1579 1192 testamento,
1597 1163 1654 1196 per
1677 1164 1759 1197 quae
1780 1156 1906 1197 probari
1932 1161 2034 1199 potest
2059 1167 2165 1191 resur-

1203 1205 1302 1237 rectio
1333 1209 1552 1245 mortuorum;
1585 1207 1680 1240 Isaiae
1712 1208 1861 1251 vigesimo
1893 1212 2044 1243 sext0¹¹z
2074 1224 2089 1240 α
2114 1212 2165 1244 Vi-

1203 1260 1277 1289 vent
1301 1258 1416 1291 mortui
1443 1259 1507 1298 tui,
1533 1259 1685 1293 interfecti
1711 1262 1770 1294 mei
1796 1267 1964 1305 resurgent
1981 1277 2015 1303 »;
2040 1268 2071 1297 et
2093 1265 2164 1297 Eze-

1203 1310 1312 1343 chielis
1337 1311 1496 1354 trigesimo
1513 1313 1662 1355 septimo:
1694 1328 1709 1343 a
1726 1314 1803 1348 Ossa
1826 1316 1930 1356 arida,
1954 1317 2061 1350 audite
2094 1327 2164 1351 ver-

1202 1363 1278 1396 bum
1315 1358 1456 1398 Domini}
1493 1367 1600 1400 Ecce»
1631 1372 1707 1408 etc.;
1741 1368 1833 1408 item,
1858 1370 1994 1403 Danielis
2017 1370 2164 1404 duodeci-

1203 1426 1272 1450 mo:
1301 1431 1317 1446 «
1341 1419 1428 1451 Multi
1460 1419 1498 1453 de
1533 1420 1582 1453 his
1618 1421 1671 1463 qui
1705 1421 1867 1455 dormiunt
1894 1423 1925 1455 in
1954 1427 2058 1457 terrae
2094 1426 2163 1467 pul-

1201 1480 1290 1510 vere,
1316 1472 1509 1514 evigilabunt
1526 1486 1556 1512 1>;
1585 1475 1674 1513 item,
1692 1475 1744 1508 lob
1769 1475 1890 1509 decimo
1914 1486 2013 1510 nono:
2045 1491 2060 1506 a
2077 1478 2162 1518 Scio,

1201 1524 1276 1566 quia
1300 1524 1486 1567 Redemptor
1512 1535 1601 1560 meus
1625 1528 1719 1567 vivit,
1743 1532 1774 1561 et
1798 1529 1829 1568 in
1853 1530 2023 1563 novissimo
2051 1531 2101 1565 die
2125 1532 2163 1565 de

1201 1581 1286 1610 terra
1310 1583 1516 1612 surrecturus
1540 1589 1609 1613 sum
1628 1593 1658 1620 »3
1677 1581 1766 1621 item,
1784 1582 1863 1615 Osee
1888 1587 1979 1616 sexto
1993 1584 2037 1616 ¹²:
2062 1598 2076 1613 a
2094 1585 2164 1618 Post

1200 1630 1280 1664 duos
1314 1631 1380 1665 dies
1415 1633 1584 1666 vivificabit
1611 1643 1686 1673 nos,
1723 1635 1754 1667 in
1790 1635 1840 1669 die
1872 1637 1965 1669 tertia
1999 1638 2164 1671 suscitabit

1199 1693 1256 1717 nos
1273 1697 1308 1724 »;
1333 1685 1423 1725 item,
1442 1686 1529 1719 loelis
1547 1688 1657 1720 tertio:
1686 1700 1701 1717 α
1719 1688 1917 1731 Consurgunt
1940 1694 1971 1723 et
1994 1691 2163 1724 ascendant

1199 1741 1307 1780 gentes
1323 1739 1483 1772 invallem
1504 1740 1647 1782 losaphat
1663 1754 1678 1770 »
1701 1745 1775 1781 etc.;
1793 1742 1878 1782 item,
1895 1744 2023 1777 secundi
2041 1745 2163 1778 Macha-

1200 1791 1351 1825 baeorum
1376 1794 1526 1835 septimo:
1557 1807 1572 1823 «
1589 1794 1656 1836 Ipse
1680 1795 1826 1837 spiritum
1852 1805 1924 1829 cum
1948 1797 2163 1831 misericordia

1199 1844 1287 1877 vobis
1303 1845 1389 1878 dabit
1404 1849 1436 1879 et
1452 1846 1547 1879 vitam
1562 1861 1592 1879 n.
1608 1867 1648 1871 —
1663 1848 1721 1881 Sed
1737 1849 1889 1882 Dominus
1905 1851 2028 1883 nullum
2048 1851 2162 1884 borum

1199 1900 1317 1939 septem
1341 1899 1468 1931 testium
1497 1900 1692 1940 introduxit,
1717 1902 1791 1943 quia
1824 1902 2011 1942 Sadducaei,
2045 1904 2161 1945 quibus

1199 1951 1431 1993 respondebat,
1447 1952 1549 1985 solum
1573 1953 1819 1987 pentateuchum
1845 1955 2053 1997 recipiebant;
2078 1957 2161 1990 unde

1197 2003 1305 2037 Glossa
1319 2005 1363 2037 13:
1392 2018 1408 2034 α
1426 2006 1549 2039 Poterat
1572 2007 1730 2048 apertiora
1753 2008 1791 2040 de
1821 2010 2054 2043 resurrectione
2085 2010 2161 2043 dare

1198 2057 1375 2091 testimonia
1410 2059 1658 2101 Prophetarum,
1695 2061 1748 2093 sed
1783 2061 1954 2104 Prophetas
1990 2062 2159 2096 Sadducaei

1197 2120 1259 2144 non
1284 2112 1488 2154 recipiunt».
1517 2113 1572 2146 Vel
1595 2113 1682 2153 ideo,
1707 2114 1782 2157 quia
1805 2124 1862 2157 per
1894 2115 1955 2149 hoc
1978 2116 2090 2158 probat
2114 2117 2159 2149 vi-

1197 2168 1260 2198 tam
1284 2165 1462 2199 animarum
1486 2170 1556 2209 post
1579 2171 1730 2207 mortem,
1755 2177 1850 2210 quam
1872 2169 2041 2203 Sadducaei
2066 2179 2159 2213 nega-

1197 2218 1290 2257 bant,
1314 2222 1346 2251 et
1369 2219 1447 2253 haec
1470 2223 1538 2253 erat
1554 2220 1647 2253 radix
1670 2221 1718 2254 sui
1736 2222 1865 2255 erroris.
1891 2223 1946 2255 Vel
1971 2223 2057 2263 ideo,
2084 2224 2158 2266 quia

1197 2270 1227 2303 in
1253 2271 1344 2304 istius
1363 2272 1451 2305 verbi
1468 2272 1652 2315 allegatione
1676 2274 1770 2307 simul
1787 2275 1945 2308 clauditur
1970 2277 2156 2318 mysterium

1204 2324 1380 2357 Trinitatis
1404 2325 1434 2358 in
1460 2326 1543 2358 trina
1562 2327 1620 2359 Dei
1642 2326 1822 2367 iteratione,
1844 2329 2029 2370 mysterium
2047 2330 2158 2372 tripli-

1197 2377 1245 2410 cis
1268 2377 1416 2417 virtutiS,
1442 2379 1559 2412 scilicet
1575 2379 1664 2420 fidei,
1690 2381 1756 2422 spei
1780 2384 1811 2414 et
1831 2382 1980 2422 caritatis,
2005 2383 2038 2415 in
2054 2383 2156 2417 tribus

1269 2589 1279 2604 ⁸
1300 2591 1374 2616 Vers.
1395 2590 1418 2616 4.
1438 2593 1463 2616 et
1483 2591 1506 2616 6.
1529 2592 1584 2616 Vat.
1598 2593 1668 2617 hunc
1688 2593 1790 2625 locum,
1809 2593 1875 2619 sicut
1891 2594 1968 2619 etiam
1989 2601 2044 2628 seq.
2064 2602 2148 2628 propo

1197 2635 1318 2660 sitionem
1341 2635 1383 2661 Eu·
1402 2634 1479 2661 hoc...
1498 2634 1586 2667 addit,
1607 2636 1710 2661 omittit.

1268 2677 1279 2692 ⁹
1298 2679 1355 2704 Vat.
1377 2686 1438 2704 cum
1458 2679 1570 2711 Vulgata
1590 2679 1723 2706 vivorum.

1267 2721 1290 2737 ¹⁰
1309 2723 1398 2748 Glossa
1418 2722 1602 2749 interlinearis
1623 2723 1663 2756 (ex
1683 2724 1766 2755 Beda,
1780 2724 1825 2757 qui
1840 2726 1959 2758 sequitur
1978 2727 2097 2758 llieron.‚
2116 2728 2154 2753 lll.

1195 2766 1343 2793 Comment.
1363 2767 1386 2792 in
1408 2767 1493 2792 Matth.
1515 2768 1561 2799 22,
1582 2768 1625 2792 31.
1643 2769 1744 2800 seqq.):
1764 2768 1798 2794 Et
1817 2769 1922 2803 Moyses
1941 2770 2056 2797 ostendit
2078 2778 2155 2798 secus

1195 2810 1310 2843 rubum,
1335 2818 1416 2843 quem
1442 2818 1490 2837 vos
1515 2811 1644 2843 recipitis,
1671 2812 1785 2845 alioquin
1812 2816 1912 2845 poterat
1937 2815 2066 2846 apertiora
2093 2815 2155 2841 dare

1195 2856 1228 2881 de
1241 2855 1431 2881 resurrectione
1451 2855 1597 2881 testimonia
1611 2856 1816 2888 Pmphetarum,
1836 2857 1883 2882 sed
1896 2858 2039 2890 Prophetas
2056 2860 2155 2885 Saddu-

1195 2900 1249 2926 caei
1270 2907 1322 2925 non
1341 2900 1484 2932 recipiunt3
1502 2899 1574 2926 sicut
1590 2899 1655 2927 dicit
1673 2900 1819 2927 Dominum
1832 2901 1919 2927 Deum
1938 2901 2077 2929 Abraham
2091 2907 2154 2935 etc„

1186 2938 1241 2977 ‘qui
1260 2944 1311 2969 iam
1331 2940 1427 2969 mortu'i
1447 2947 1532 2975 erant,
1551 2943 1657 2977 quando
1683 2945 1731 2970 hoc
1751 2944 1871 2975 dicebat;
1895 2945 1990 2977 probat
2015 2953 2079 2978 ergo
2108 2954 2155 2979 per

1195 2990 1257 3020 hoc,
1277 2989 1377 3014 animas
1396 2991 1455 3021 post
1474 2992 1586 3014 mortem
1606 2995 1777 3021 permanere,
1795 2990 1857 3022 quia
1881 2994 1989 3016 nonest
2008 2991 2077 3017 Deus
2101 2999 2155 3017 non

1195 3033 1374 3065 existentium;
1388 3036 1414 3058 et
1432 3033 1470 3059 sic
1484 3033 1654 3059 introducitur
1668 3040 1808 3066 corporum
1822 3035 1991 3066 resurrectio,
2011 3042 2079 3068 quae
2092 3043 2153 3061 curn

1194 3077 1334 3104 animabus
1354 3077 1421 3104 bene
1440 3078 1482 3103 vel
1502 3078 1569 3103 male
1588 3081 1739 3110 gesserunt;
1758 3078 1829 3104 Deus
1850 3079 1941 3104 autem
1959 3085 2014 3105 non
2033 3081 2071 3106 est
2084 3086 2153 3106 mor-

1194 3124 1321 3154 tuorum,
1342 3121 1389 3148 sed
1407 3121 1545 3153 vivorum,
1564 3129 1678 3155 quorum
1698 3122 1825 3148 Dominus
1845 3126 1870 3148 et
1888 3123 1958 3149 Deus
1976 3127 2022 3149 est.

1267 3166 1288 3181 ¹¹
1309 3167 1383 3193 Vers.
1405 3167 1447 3192 l19.
1466 3180 1500 3186 —-
1520 3167 1670 3200 Sequuntur
1695 3167 1786 3193 Ezech.
1810 3167 1855 3200 37,
1877 3167 1906 3200 4;
1933 3168 1998 3194 Dan.
2020 3169 2065 3201 ⁴2,
2086 3169 2110 3194 2.
2130 3173 2155 3195 et

1194 3210 1240 3238 lob
1260 3211 1309 3244 49,
1329 3211 1372 3237 25.

1265 3254 1287 3270 ¹⁹
1302 3255 1376 3281 Vers.
1390 3255 1414 3280 3.
1427 3269 1460 3273 --
1470 3255 1527 3281 Duo
1540 3262 1595 3288 seq.
1611 3255 1660 3281 loci
1673 3258 1733 3281 sunt
1746 3256 1794 3281 loel
1810 3256 1834 3287 3,
1851 3257 1890 3282 12.
1904 3260 1929 3282 et
1939 3257 1966 3282 ll.
1976 3257 2058 3282 Mach.
2072 3256 2097 3288 7,
2111 3257 2153 3283 23.

1266 3297 1288 3314 ¹⁸
1308 3299 1413 3325 Scilicet
1439 3298 1639 3332 interliroearis,·
1668 3301 1713 3325 cir.
1743 3307 1823 3332 supra
1852 3304 1914 3327 nota
1936 3301 1979 3333 lo,
2009 3300 2054 3327 ubi
2074 3301 2152 3327 etiam

1195 3344 1322 3376 expositio
1342 3344 1420 3369 altera
1439 3343 1591 3369 insinuatur.

2189 733 2308 755 Conclusio.

2185 1106 2316 1127 Testimonia

2185 1132 2196 1152 7
2212 1133 2233 1153 in
2250 1133 2276 1153 V.
2292 1134 2316 1154 T.

2182 1159 2209 1180 de
2224 1165 2318 1181 resurre—

2211 1186 2289 1207 etsone.

2179 1855 2241 1885 Ratio
2256 1855 2319 1885 omis-

2196 1906 2199 1908 ,
2209 1887 2283 1903 sionu.

2181 2120 2256 2142 Aliter.

2181 2227 2256 2248 Aliter.
