2476 3921
3 371 4 375 ,
18 344 144 369 Notandum.

24 1137 108 1165 septem
121 1135 144 1157 in

0 1164 41 1197 ,hac
46 1163 145 1192 parabola

0 1191 152 1219 proponuntur.

3 2244 148 2304 Ἧῖἓέαὲἓῐ

13 2299 153 2327 multandum.

746 242 940 276 COMMENT.
968 243 1004 276 lN
1028 243 1266 276 EVANGELlUM
1292 244 1408 277 LUCAE
1433 245 1464 277 C.
1490 245 1564 277 xvt.

166 336 214 369 sui
232 333 354 376 largus,
371 332 595 366 attendendum
607 358 614 371 ,
631 331 716 374 quod
732 331 809 364 illud
826 331 940 373 partim
958 335 1005 364 est
1021 340 1126 364 exem-

160 388 257 431 plum
279 395 491 429 expressum,
517 385 632 429 partim
653 384 777 417 dictum
792 383 1050 426 parabolicum
1067 384 1126 416 nisi

162 441 245 475 enim
277 443 358 473 esset
388 438 574 481 exemplum
603 447 817 480 expressum,
846 446 907 469 non
933 429 1126 469 subderetur

163 495 194 527 in
223 494 285 527 fine
317 492 528 535 parabolae¹‚
560 491 645 533 quod
673 490 846 523 «laudavit
876 490 1023 522 dominus
1047 489 1126 521 villi—

163 557 235 581 cum
260 545 450 588 iniquitatis,
483 545 558 586 quia
586 544 760 586 prudenter
784 543 929 585 egisset»
958 546 1039 580 etc.;
1073 542 1127 575 sed

163 609 295 638 rursus,
320 598 378 631 nisi
403 601 486 631 esset
506 596 699 639 parabolice
722 596 869 634 dictum,
887 595 1005 628 factum
1022 598 1127 628 tantae

162 653 282 686 fraudis
305 651 382 685 adeo
405 650 624 684 detestandum
649 649 681 682 in
704 649 888 691 exemplum
912 648 1093 681 nullatenus
1109 657 1128 680 a

162 706 295 739 Domino
318 704 450 749 proponi
475 703 614 736 deberet.
640 703 770 744 Propter
787 702 870 744 quod
888 704 1014 743 oportet
1037 700 1126 733 intel-

163 760 277 802 ligere,
301 757 386 801 quod
409 757 591 799 exemplum
617 756 693 789 illud
726 758 851 798 oportet
874 755 989 797 partim
1014 754 1053 787 ad
1077 754 1127 786 lit-

163 816 262 846 teram
283 810 450 854 prosequi,
467 810 583 853 partim
608 809 702 842 etiam
727 808 915 851 parabolice
940 808 1018 840 Cum
1043 807 1126 840 enim

162 865 276 898 habeat
307 864 460 897 rationem
493 862 634 905 exempli
664 866 695 895 et
715 861 901 904 parabolae
925 864 989 894 tam
1023 861 1127 903 ipsum

162 927 257 961 quam
281 917 359 951 illud
374 917 413 950 de
436 917 533 950 divite
556 916 712 958 epulone;
730 915 815 948 istud
832 918 936 948 tamen
954 915 1026 957 plus
1043 918 1127 947 tenet

163 972 316 1005 rationem
339 970 542 1013 parabolae,
568 974 599 1002 et
623 969 701 1002 iilud
725 969 825 1011 magis
850 968 1004 1006 rationem
1020 977 1127 1000 exem-

159 1025 211 1068 pli
231 1018 272 1057 'et
302 1024 372 1057 ideo
403 1024 527 1066 magis²
557 1023 743 1065 intelligitur
767 1021 942 1055 secundum
968 1022 1125 1060 litteram;

162 1077 247 1111 istud
270 1081 376 1110 autem
401 1076 515 1119 partim
541 1075 716 1108 secundum
747 1075 986 1116 metaphoram,
1011 1074 1126 1116 partim

162 1129 336 1163 secundum
369 1129 505 1161 litteram
536 1132 584 1160 est
614 1127 863 1169 intelligendum.
888 1127 998 1158 -.Ad
1030 1127 1128 1159 huius

162 1187 267 1216 autem
300 1181 469 1224 parabolici
501 1180 639 1222 exempli
672 1180 859 1213 evidentiam
884 1179 1127 1219 attendendum,

162 1235 248 1278 quod
270 1235 389 1277 aliquid
414 1233 602 1276 proponitur
618 1233 649 1265 in
666 1242 703 1265 eo
719 1232 971 1275 recoyicandum
982 1258 992 1271 ,
1009 1232 1128 1274 aliquid

162 1287 429 1330 refutandum&
453 1286 573 1328 aliquid
596 1289 633 1318 ut
654 1284 932 1328 formidandum,
956 1285 1075 1327 aliquid
1092 1288 1128 1320 ut

163 1340 389 1379 toleranda-m,
414 1339 532 1381 aliquid
556 1343 592 1371 ut
612 1338 857 1381 providendum
869 1363 876 1376 ‚
893 1338 1013 1380 aliquid
1030 1341 1065 1370 ut
1082 1337 1128 1370 ad

162 1393 364 1426 imitandum
375 1418 384 1431 ‚
408 1395 439 1425 et
455 1391 574 1434 aliquid
591 1394 627 1423 ut
641 1391 951 1423 commendandum.
969 1409 1012 1413 —
1030 1391 1127 1423 Reco-

161 1446 304 1489 9itanda
328 1454 464 1487 namque
487 1448 535 1477 est
557 1444 652 1488 oripo
673 1443 845 1486 potcstatis
869 1442 1057 1481 humanae,
1088 1443 1127 1476 de

163 1509 227 1542 qua
249 1499 291 1532 ibi
305 1499 336 1531 ⁴:
362 1499 466 1531 Homo
490 1498 630 1542 quidam
645 1501 720 1530 erat
742 1497 841 1530 dives.
861 1516 901 1520 -
920 1495 1128 1539 Refuyienda

162 1557 210 1586 est
234 1552 352 1585 abusio
371 1551 543 1594 potestatis
559 1551 772 1588 commissae,
795 1559 890 1592 quam
908 1549 1046 1582 insinuat
1063 1549 1125 1582 ibi:

165 1607 205 1639 Et
231 1604 284 1638 liic
300 1604 497 1648 diffamatus
521 1608 567 1636 est
590 1604 684 1646 apud
708 1603 812 1636 illum.
830 1622 874 1627 -
893 1602 1127 1635 Formidanda

165 1662 213 1693 est
236 1658 399 1691 districtio
423 1657 601 1701 aequitatis
624 1666 809 1699 supernae,
834 1655 873 1689 de
890 1665 955 1698 qua
970 1655 1012 1688 ibi
1026 1655 1061 1687 ⁵:
1089 1655 1126 1687 El

162 1712 294 1745 vocavit
316 1711 410 1744 illum
434 1715 463 1743 et
486 1710 536 1743 ait
559 1710 616 1743 illi.
643 1728 684 1733 --
717 1709 905 1742 Toleranda
928 1713 977 1742 est
1004 1709 1126 1751 imper-

163 1764 260 1808 fectio
284 1764 492 1807 infirmitatis
524 1762 711 1802 humanae,
744 1772 839 1806 quam
871 1763 940 1795 ibi⁶
965 1762 1125 1795 insinuat:

165 1819 224 1852 Ait
244 1823 355 1851 autem
379 1817 510 1850 villicus
534 1818 627 1850 intra
649 1827 692 1849 se.
711 1835 753 1841 -—-
770 1816 986 1850 Providenda
1007 1819 1054 1849 est
1076 1816 1127 1849 in-

164 1872 270 1905 ventio
285 1871 391 1913 fidelis
407 1871 587 1909 amicitiae,
604 1870 646 1903 ibi
660 1871 691 1903 ⁷:
709 1870 796 1909 Scio,
813 1870 895 1913 quia
910 1868 1058 1912 faciam,
1075 1874 1124 1908 ut,

164 1934 241 1957 cum
265 1929 397 1957 amotus
420 1923 526 1967 fuero.
546 1942 587 1947 —
605 1923 777 1956 Imitanda
801 1926 849 1956 est
871 1921 1027 1955 eaehibitio
1051 1921 1127 1954 libe-

164 1976 250 2009 ralis
266 1976 471 2015 clementiae,
489 1976 527 2009 de
543 1985 607 2018 qua
622 1975 683 2008 ibi:
707 1975 902 2008 Convocatis
925 1974 1036 2018 itaque
1057 1974 1126 2006 sin-

162 2029 252 2072 yulis
275 2028 485 2062 debitoribus.
510 2047 555 2052 —
577 2028 769 2061 Laudanda
793 2027 858 2061 sive
882 2026 1128 2060 commendanda

164 2086 213 2116 est
234 2082 388 2115 discretio
410 2083 547 2126 sapacis
560 2081 808 2124 providentiae,
825 2080 864 2113 de
880 2089 944 2122 qua
960 2080 1020 2112 ibi:
1039 2080 1127 2112 Lau-

166 2135 259 2169 davic
282 2135 438 2168 dominus
462 2135 610 2168 villicum
634 2134 832 2178 iniquitatis.

256 2191 286 2222 2.
313 2189 414 2231 (Vers.
442 2189 495 2230 1.).
525 2188 628 2221 Primo
652 2187 749 2229 igitur
771 2186 804 2219 in
828 2186 887 2218 hac
906 2184 1055 2227 parabola
1079 2184 1127 2216 in-

166 2242 312 2275 sinuatur
332 2232 441 2284 0νί90
470 2240 640 2283 potestatis
674 2239 868 2272 mundanae
898 2241 934 2270 ut
965 2237 1127 2278 discipulis

167 2295 396 2337 reeoyitamla,
413 2303 486 2327 cum
504 2293 641 2326 dicitur:
669 2291 803 2324 Dicebat
818 2294 929 2323 aulem
952 2294 982 2322 et
1006 2289 1052 2321 ad
1075 2289 1125 2321 di-

165 2347 311 2389 scipulos
338 2356 436 2385 suos,
468 2345 586 2388 quibus
608 2344 691 2377 dixit
718 2352 816 2385 supra
846 2342 1003 2376 octavo⁸:
1034 2356 1049 2370 «
1067 2342 1126 2375 Vo-

165 2399 214 2432 bis
236 2399 344 2432 datum
369 2403 416 2432 est
439 2407 531 2431 nosse
556 2397 742 2439 mysterium
766 2396 854 2438 regni
872 2396 925 2428 Dei
944 2408 974 2435 »;
992 2398 1023 2428 01
1040 2395 1126 2428 loan-

2081 249 2145 281 403

1190 332 1238 364 nis
1265 332 1386 365 decimo
1416 333 1547 375 quinto:
1578 347 1592 361 α
1611 334 1671 366 Vos
1694 338 1798 367 autem
1823 336 1889 367 dixi
1915 336 2048 374 amicos,
2074 337 2147 377 quia

1189 385 1308 423 omnia,
1332 394 1414 427 quae
1437 386 1541 418 audivi
1566 396 1584 418 a
1608 387 1697 419 Patre
1721 397 1807 426 men,
1833 392 1906 420 nota
1929 388 1986 421 feci
2012 390 2099 421 vobis
2116 403 2145 420 ι».

1191 437 1260 470 ideo
1277 442 1381 471 autem
1401 439 1446 470 aa
1462 439 1642 481 discipulis
1666 440 1805 479 dicebat,
1831 441 1922 482 quia,
1942 442 2060 474 ludaeis
2076 451 2148 474 con-

1190 490 1315 529 futatis,
1340 491 1386 524 eis
1409 491 1542 524 debebat
1562 492 1671 534 pietas
1696 494 1896 534 persuaderi,
1922 495 1958 526 ad
1984 504 2078 537 quam
2098 504 2148 527 ve-

1192 544 1355 576 hementer
1380 544 1488 577 incitat
1511 545 1718 578 consideratio
1742 547 1886 589 oriyinis
1900 549 2070 589 potestatis
2088 552 2149 580 ter-

1191 606 1309 635 renae,
1335 601 1489 639 quantum
1515 598 1553 630 ad
1578 608 1672 640 quam
1689 599 1784 631 dicit:
1803 600 1906 632 Homo
1923 601 2061 643 quidam
2078 606 2149 633 erat
2165 608 2274 629 uichomo
2286 609 2315 629 in-

1191 650 1299 688 diveS,
1324 650 1384 693 qui
1407 649 1545 683 habebat
1561 651 1719 683 villicum.
1738 652 1842 684 Homo
1859 653 1916 685 iste
1933 653 2069 695 quidam
2087 652 2149 686 sin-

1191 703 1310 745 gularis
1333 707 1364 736 et
1388 703 1591 745 singulariter
1619 704 1705 737 dives
1731 710 1814 737 recte
1839 705 2023 747 intelligitur
2049 707 2149 744 Deus,

1191 756 1364 789 secundum
1397 756 1474 788 illud
1506 756 1542 789 ad
1574 757 1725 789 Romanos
1748 757 1915 790 decimo⁹:
1947 772 1961 786 α
1980 759 2058 791 ldem
2093 760 2151 792 00-

1191 809 1296 842 minus
1311 810 1453 842 omnium
1466 836 1473 848 ,
1489 809 1576 842 dives
1594 810 1623 842 in
1641 819 1766 849 omnes,
1784 811 1837 853 qui
1857 811 2000 844 invocant
2019 812 2105 844 illum
2120 827 2148 843 υ.

1192 863 1250 895 lste
1274 863 1360 895 solus
1384 863 1475 895 dives
1498 866 1563 902 est,
1595 864 1670 905 quia
1694 863 1788 896 habet
1811 865 1915 896 omnia
1939 869 1969 897 et
1992 865 2150 901 abundat;

1192 915 1352 947 Psalmus:
1383 928 1398 942 α
1416 915 1502 947 Meus
1525 918 1573 947 est
1596 915 1678 948 enim
1700 916 1787 948 orbis
1812 919 1915 949 terrae
1939 921 1970 949 et
1992 917 2152 958 plenitudo

1190 969 1259 1001 eius
1275 980 1306 1007 »;
1339 972 1370 1001 et
1401 977 1536 1001 rursus:
1575 969 1690 1001 «Meae
1721 974 1795 1001 sunt
1819 979 1928 1002 omnes
1953 970 2035 1003 serae
2060 971 2151 1002 silva-

1191 1030 1263 1054 rum
1280 1034 1311 1059 »;
1335 1025 1367 1054 et
1390 1030 1525 1054 rursus:
1557 1035 1572 1050 α
1588 1022 1710 1054 Domini
1735 1026 1782 1055 est
1807 1027 1892 1055 terra
1923 1027 1954 1055 et
1990 1024 2151 1065 plenitudo

1191 1075 1277 1114 eius,
1301 1075 1387 1108 orbis
1412 1078 1570 1108 terrarum
1589 1089 1604 1104 »
1626 1079 1683 1108 etc.
1702 1094 1743 1099 —-
1769 1076 1866 1108 Huius
1891 1077 2025 1109 hominis
2048 1077 2152 1110 divitis

1191 1128 1322 1160 villicus
1346 1131 1393 1160 est
1417 1128 1549 1170 quilibet
1574 1129 1683 1167 homo,
1709 1129 1762 1170 qui
1789 1129 1882 1161 habet
1910 1130 2034 1171 aliquod
2057 1140 2152 1172 posse

1192 1184 1353 1213 terrenum
1380 1181 1446 1213 sive
1469 1181 1644 1222 dignitatis,
1670 1182 1735 1214 sive
1758 1182 1940 1214 divitiarum
1965 1183 2002 1215 ad
2027 1184 2150 1226 dispen-

1192 1233 1334 1265 sandum.
1359 1233 1445 1266 Unde
1469 1233 1576 1266 Glossa
1591 1234 1637 1265 ¹⁰:
1669 1247 1684 1262 α
1701 1234 1829 1267 Villicus
1845 1239 1909 1273 est,
1928 1236 1976 1268 cui
1996 1236 2079 1268 Deus
2095 1238 2150 1269 ali-

1191 1294 1270 1327 quas
1294 1285 1443 1327 pecunias
1466 1285 1504 1317 ad
1529 1286 1720 1327 erogandum
1739 1287 1931 1328 pauperibus
1947 1289 2103 1321 commisit
2119 1302 2150 1326 »ς

1191 1342 1221 1370 01
1245 1342 1281 1370 ut
1304 1338 1364 1370 alia
1387 1337 1495 1370 Glossa
1518 1338 1613 1370 dicit:
1643 1351 1658 1366 «
1684 1338 1816 1371 Villicus
1839 1344 1887 1372 est
1912 1341 2037 1381 proprie
2060 1342 2150 1374 villae

1191 1394 1314 1437 custos,
1340 1390 1393 1422 sed
1417 1391 1546 1432 ponitur
1571 1391 1622 1423 hic
1640 1400 1697 1432 pro
1713 1400 1900 1431 oeconomo,
1917 1393 1948 1425 id
1965 1398 2011 1426 est
2027 1394 2150 1436 dispen-

1191 1446 1295 1476 satore
1312 1457 1342 1475 ».
1376 1443 1516 1475 Humana
1540 1444 1637 1485 igitur
1662 1447 1815 1485 potestas,
1840 1446 1987 1486 quoniam
2020 1456 2080 1479 non
2105 1452 2152 1480 est

1192 1496 1249 1528 nisi
1273 1496 1313 1528 ad
1337 1499 1461 1537 tempus
1485 1499 1516 1528 et
1539 1496 1578 1529 ab
1601 1497 1662 1529 alio
1686 1497 1813 1535 collata,
1839 1507 1899 1530 non
1917 1502 1964 1531 est
1981 1499 2038 1532 nisi
2057 1509 2152 1541 quae-

1190 1549 1261 1582 dam
1286 1549 1434 1581 villicatio
1457 1552 1489 1581 et
1512 1550 1701 1582 oeconomia.
1727 1550 1813 1583 Unde
1837 1551 1929 1592 primi
1947 1552 2153 1594 Paralipome-

1190 1612 1253 1635 non
1277 1602 1428 1644 vigesimo
1451 1612 1533 1635 nono
1548 1604 1572 1622 ¹¹
1591 1615 1597 1634 :
1629 1616 1644 1631 «
1661 1604 1727 1635 Tua
1743 1607 1818 1636 sunt
1833 1604 1954 1643 omnia,
1972 1609 2002 1637 et
2019 1614 2099 1646 quae
2115 1606 2153 1638 de

1191 1665 1286 1689 manu
1318 1659 1374 1688 tua
1403 1656 1582 1697 accepimus
1612 1656 1755 1689 dedimus
1784 1657 1847 1689 tibi.
1881 1657 2038 1700 Peregrini
2070 1659 2153 1691 enim

1191 1719 1302 1743 sumus
1326 1719 1432 1743 coram
1458 1713 1488 1742 te
1512 1714 1541 1742 et
1566 1709 1703 1742 advenae
1726 1710 1808 1742 sicut
1830 1719 1939 1743 omnes
1962 1715 2068 1753 patres
2099 1721 2153 1744 no-

1191 1763 1258 1796 stri.
1284 1763 1356 1796 Dies
1380 1763 1478 1796 nostri
1503 1763 1592 1804 quasi
1618 1763 1733 1795 umbra
1757 1766 1830 1795 sunt
1854 1772 1950 1804 super
1968 1767 2103 1803 terram,
2121 1769 2152 1797 et

1190 1817 1279 1849 nulla
1302 1820 1349 1849 est
1374 1825 1462 1849 mora
1480 1829 1509 1848 ».
1536 1816 1621 1849 Unde
1644 1819 1675 1849 et
1699 1816 1863 1858 Apostolus
1887 1817 2029 1855 nolebat,
2054 1826 2086 1850 se
2103 1826 2149 1850 ae-

1192 1870 1312 1902 stimari
1337 1869 1518 1907 dominum,
1544 1868 1597 1901 sed
1614 1877 1820 1901 oeconomum
1843 1873 1875 1901 et
1898 1869 2054 1908 villicum,
2080 1879 2151 1903 cum

1190 1922 1312 1955 dicebat
1328 1922 1449 1964 primae
1465 1922 1503 1954 ad
1520 1921 1698 1954 Corinthios
1714 1926 1828 1963 quarto
1843 1921 1868 1941 ¹²
1883 1934 1889 1953 :
1913 1934 1928 1950 «τ
1945 1922 1994 1954 Sic
2011 1931 2066 1955 nos
2082 1924 2150 1955 exi-

1191 1975 1296 2008 stimet
1326 1975 1438 2012 homo,
1471 1977 1507 2006 ut
1537 1974 1698 2006 ministros
1726 1974 1841 2006 Christi
1866 1978 1896 2006 et
1920 1974 2151 2016 dispensatores

1190 2027 1414 2069 mysteriorum
1438 2026 1492 2058 Dei
1511 2040 1525 2055 u
1554 2029 1612 2058 etc.
1638 2026 1743 2058 Talem
1769 2026 1905 2059 villicum
1932 2035 2039 2059 rerum
2061 2037 2151 2069 prae-

1190 2080 1327 2113 sentium
1351 2087 1384 2111 se
1408 2078 1610 2110 existimabat
1627 2078 1694 2117 lob,
1712 2087 1785 2110 cum
1801 2078 1923 2111 dicebat
1947 2079 1999 2112 lob
2027 2080 2149 2121 primo:

1197 2132 1381 2164 «Dominus
1412 2131 1511 2170 dedit,
1543 2131 1696 2163 Dominus
1726 2131 1874 2170 abstulit,
1907 2132 1989 2165 sicut
2020 2133 2151 2167 Domino

1191 2185 1326 2227 placuit,
1351 2185 1394 2216 ita
1417 2184 1533 2216 factum
1558 2188 1605 2217 est
1621 2198 1651 2216 u.
2087 2219 2090 2220 ⁷

1280 2237 1310 2270 3.
1336 2237 1478 2270 Secundo
1506 2241 1659 2279 quantum
1691 2238 1728 2270 ad
1762 2238 1952 2271 abusionem
1983 2241 2152 2282 potestatis

1190 2291 1386 2323 commissae
1415 2290 1455 2322 ab
1485 2290 1632 2323 omnibus
1654 2290 1851 2333 suyienclam
1875 2292 2001 2325 subdit:
2036 2294 2074 2325 Et
2097 2292 2151 2325 bic

1191 2342 1390 2386 diffamatus
1413 2347 1460 2375 esc
1482 2343 1575 2385 apud
1599 2343 1711 2382 illum,
1736 2344 1836 2388 quasi
1856 2345 2049 2386 dissipasset
2065 2345 2150 2378 bona

1192 2396 1284 2429 illius
1296 2397 1330 2429 ¹⁸.
1347 2397 1441 2429 Bona
1455 2406 1591 2439 namque
1603 2397 1656 2429 Dei
1671 2397 1813 2439 dissipat
1826 2397 1879 2439 qui
1895 2398 2076 2439 temporalia
2093 2398 2150 2431 ista

238 2597 246 2613 ¹
269 2599 342 2625 Vcrs.
362 2600 386 2624 8.
405 2613 441 2618 -
459 2598 510 2624 Cir.
532 2599 639 2631 llaym.,
659 2599 753 2624 llomil.
775 2599 834 2624 121.
855 2599 888 2624 (10
910 2599 1042 2632 Tempore
1069 2600 1128 2631 (00-

166 2643 263 2669 1111111οε1
283 2644 324 2668 10.
343 2646 402 2675 post
421 2643 512 2675 Ρο111.).

238 2687 249 2702 ²
268 2687 352 2713 Codd.
371 2687 390 2713 C
402 2688 480 2713 DFG
493 2689 511 2713 11
533 2689 656 2713 omittunt
674 2687 772 2721 mauis.

239 2730 249 2745 ¹³
270 2733 307 2757 Du
327 2731 431 2764 Gange,
459 2732 620 2758 Glossarium
649 2735 714 2758 etc.:
746 2732 886 2765 Refalare,
910 2738 1049 2764 respuere,
1070 2732 1128 2757 reii-

168 2783 242 2809 0010,
261 2776 399 2808 repellere,
419 2776 568 2808 aspernari,
587 2783 705 2802 renuere.
723 2776 773 2802 Csr.
793 2776 914 2808 inferius,
927 2775 972 2801 ubi
986 2783 1034 2807 pro
1056 2775 1129 2808 Resa-

169 2820 267 2854 qienda
286 2821 330 2853 (ita
351 2821 440 2853 codd.)
463 2821 521 2846 Vnt.
540 2820 686 2854 refutanda
705 2821 778 2853 (vide
797 2821 875 2846 etiam
895 2828 919 2846 n.
941 2820 985 2852 3.).

241 2864 251 2879 ⁴
273 2865 345 2891 Vers.
366 2865 390 2896 1,
410 2864 454 2890 ubi
475 2865 552 2890 etiam
574 2864 685 2891 habetur
703 2872 758 2897 seq.
779 2865 939 2890 membrum.

243 2908 253 2923 ⁶
275 2910 349 2935 Vers.
367 2911 391 2934 2.
411 2923 446 2928 —
466 2910 592 2941 Superius
620 2917 669 2941 pro
697 2908 829 2935 districtio
858 2909 902 2941 (itu
934 2910 970 2940 l);
990 2910 1037 2933 cir.
1066 2909 1128 2934 intra

170 2960 196 2979 n.
216 2953 253 2984 4.)
274 2954 331 2979 Vat.
351 2960 411 2979 cnm
431 2953 487 2979 aliis
506 2953 584 2979 codd.
603 2952 744 2980 discussio.

240 2996 252 3012 ⁸
272 2998 346 3024 Vers.
367 2999 391 3023 3.
409 3011 445 3017 —
465 2997 592 3029 Superius
611 3004 659 3029 pro
678 2996 844 3031 infir-mimas
865 2997 922 3022 Vat.
943 2996 1094 3030 impietatis.

241 3039 251 3055 '²
274 3042 347 3067 Vers.
367 3041 390 3066 4.
410 3055 445 3060 —
464 3042 521 3067 Duo
540 3040 661 3067 membru
680 3048 754 3074 seqq.
774 3040 903 3066 habentur
923 3048 949 3066 v.
968 3040 994 3066 5.
1013 3044 1038 3065 et
1057 3047 1083 3065 v.
1096 3041 1130 3065 8:

171 3085 206 3111 El
225 3083 346 3111 laudavit
365 3088 414 3110 etc.

243 3127 254 3142 ⁸
274 3129 348 3154 Vers.
369 3129 415 3161 ⁴0,
435 3132 495 3160 post
517 3136 597 3161 quem
617 3130 685 3154 101111.
707 3128 752 3159 rib,
775 3128 816 3153 15.
836 3142 870 3147 -
889 3128 1015 3160 Superius
1034 3135 1082 3159 pro
1103 3129 1132 3154 ul

171 3171 310 3206 discipulis
331 3173 388 3198 Vat.
406 3179 423 3198 a
443 3172 588 3206 discipulis.
608 3186 643 3192 —
662 3173 752 3198 Glossa
772 3171 916 3198 ordinaria
936 3173 991 3205 (cir.
1010 3172 1091 3204 Beda)
1105 3172 1131 3197 in

172 3217 234 3242 Luc.
255 3217 302 3247 116,
323 3218 352 3242 l:
370 3216 414 3243 Ad
431 3216 585 3250 discipulos.
614 3217 679 3249 Quia
707 3217 837 3242 Pharisaei
867 3215 974 3248 superbi
1000 3220 1026 3241 et
1044 3216 1131 3246 avari,

172 3260 240 3286 sicut
258 3260 407 3292 petentibus
425 3261 544 3291 veniam,
558 3261 591 3286 ita
604 3260 743 3293 egentibus
755 3261 895 3293 pecuniam
909 3259 1053 3291 negabant;
1071 3259 1131 3285 ideo

173 3304 293 3330 salvator
320 3311 389 3330 nunc
417 3304 450 3330 ad
476 3304 545 3335 11105,
564 3311 649 3337 nunc,
668 3304 717 3330 illis
736 3304 915 3336 audientibus,
935 3304 970 3329 ad
988 3303 1132 3335 discipulos

173 3348 207 3374 de
226 3348 320 3380 pietate
340 3347 421 3383 verba
441 3347 507 3374 t'ncit.
532 3348 584 3374 Ctr.
611 3348 731 3379 Hieron„
759 3348 838 3380 Epist.
868 3348 929 3374 121.
958 3347 1032 3381 (alius
1062 3346 1130 3379 151.)

172 3398 232 3424 cap.
251 3392 307 3417 sive
325 3395 427 3432 quaest.
445 3393 474 3423 ὃ,
494 3396 519 3418 01
538 3393 646 3424 ssavum,
665 3392 760 3418 llomil.
779 3393 839 3418 121.
859 3393 893 3418 de
913 3392 1054 3423 Tempore.

1263 2597 1274 2612 ⁹
1296 2600 1369 2624 Vers.
1390 2599 1430 2623 ⁴2.
1452 2612 1485 2616 —
1506 2597 1622 2623 Subinde
1642 2598 1787 2629 allegantur
1814 2598 1853 2623 rs.
1879 2598 1924 2628 49,
1953 2599 1994 2629 12,
2015 2602 2040 2623 et
2064 2599 2101 2623 10.
2121 2605 2150 2623 ac

1192 2644 1232 2669 ΡΞ.
1253 2644 1301 2674 23,
1326 2644 1346 2668 l.
1366 2642 1417 2668 Cir.
1440 2642 1542 2667 llieron.
1563 2646 1587 2666 01
1613 2642 1721 2672 Ητιγηι,
1742 2643 1804 2666 1000,
1825 2642 1890 2671 rim,
1914 2642 2059 2667 secundum
2085 2649 2151 2674 quos

1193 2689 1273 2713 homo
1293 2687 1367 2712 dives
1386 2689 1425 2711 est
1444 2686 1532 2717 Dcas‚·
1553 2686 1622 2710 Paul.
1644 2686 1762 2715 01110011,
1777 2685 1871 2710 11011111.
1891 2685 1946 2710 168.
1968 2685 2000 2710 de
2021 2686 2151 2717 Tempore

1194 2731 1339 2763 (Dominica
1362 2731 1401 2756 10.
1422 2733 1481 2762 post
1495 2730 1590 2762 Dent),
1610 2730 1739 2759 Anselm.,
1754 2730 1847 2754 llomil.
1866 2730 1904 2754 ¹2.
1918 2733 1942 2754 et
1956 2730 2088 2756 innocent.
2100 2731 2165 2759 lll.,*

1194 2777 1278 2802 Serm.
1297 2776 1339 2801 26.
1361 2775 1505 2807 (Dominica
1526 2775 1541 2799 9
1571 2777 1637 2806 post.
1658 2774 1748 2799 Octav.
1770 2774 1864 2805 Dent),
1894 2774 1961 2799 insta
1986 2781 2053 2807 quos
2073 2776 2151 2800 1101110

1193 2820 1268 2846 dives
1286 2822 1325 2845 est
1344 2818 1475 2845 Christus.

1265 2862 1287 2877 ¹⁰
1306 2864 1407 2889 Scilicet
1420 2862 1561 2889 ordinaria
1576 2863 1632 2894 (cfr.
1645 2862 1727 2893 Beda,
1745 2861 1774 2887 V.
1789 2862 1813 2886 in
1828 2862 1888 2887 Luc.
1908 2862 1951 2891 16,
1968 2862 1990 2891 1,
2008 2866 2032 2887 et
2045 2862 2152 2894 naym..

1194 2909 1242 2934 100.
1261 2908 1315 2940 011.)
1344 2907 1415 2939 apud
1443 2908 1590 2938 Lyranum,
1619 2907 1643 2931 in
1672 2913 1724 2938 qua
1754 2913 1801 2937 pro
1821 2905 1956 2931 commisit
1975 2906 1994 2930 D
2014 2905 2091 2932 dedit.
2118 2921 2151 2926 -

1194 2953 1299 2981 Glossa,
1318 2958 1387 2983 quae
1405 2950 1537 2982 sequitur,
1556 2950 1633 2975 etiam
1653 2953 1692 2975 est
1716 2948 1868 2975 ordinaria.
1895 2949 1991 2974 Textus
2019 2950 2152 2981 originalis

1195 2996 1220 3021 in
1239 2996 1291 3021 tine
1309 2995 1399 3021 addit:
1424 2994 1478 3026 Qui
1498 2994 1655 3020 universam
1679 2992 1859 3019 substantiam
1885 2992 1981 3019 domus
2007 2993 2150 3027 dispensat.

1195 3040 1247 3066 Cir.
1272 3039 1389 3069 Hieron,
1419 3038 1498 3069 Epist.
1525 3038 1584 3062 421.
1609 3037 1681 3069 (alias
1710 3036 1777 3068 151.)
1799 3043 1856 3067 cap.
1878 3036 1934 3062 sive
1954 3041 2055 3069 quaest.
2076 3038 2107 3068 6,
2126 3042 2152 3063 et

1195 3084 1301 3115 Hnym.‚
1321 3083 1369 3108 loc.
1390 3082 1432 3107 cit.

1267 3127 1288 3141 ¹¹
1309 3127 1384 3152 Vers.
1405 3126 1445 3151 14.
1465 3129 1491 3151 et
1511 3126 1551 3150 15.
1565 3124 1616 3151 Csr.
1629 3124 1763 3155 Anibi-os..
1778 3125 1828 3150 Vll.
1843 3125 1868 3149 ln
1881 3124 1944 3150 Luc.
1960 3131 1983 3150 0.
1999 3126 2039 3151 15.
2053 3133 2076 3150 n.
2091 3125 2153 3155 245,

1195 3175 1220 3197 et
1238 3166 1425 3202 Theophylact.
1446 3170 1470 3194 in
1491 3170 1551 3194 Luc.
1573 3169 1620 3199 16,
1641 3169 1664 3193 1.
1684 3175 1773 3201 seam,
1792 3168 1838 3201 qul
1858 3168 1966 3199 docent,
1985 3175 2015 3194 ex
2030 3170 2078 3194 hoc
2095 3170 2152 3195 ioco

1195 3219 1326 3246 constare,
1345 3213 1418 3246 qnod
1437 3219 1485 3238 nos
1503 3220 1554 3238 non
1573 3213 1655 3238 simus
1674 3212 1788 3243 domini,
1807 3212 1854 3238 sed
1873 3216 1972 3238 tuntum
1993 3213 2070 3238 villici
2095 3214 2151 3238 sive

1195 3260 1388 3290 dispensatores
1406 3257 1548 3283 alienarum
1569 3263 1672 3288 rerum,
1692 3263 1760 3289 quae
1780 3255 1855 3281 nobts
1874 3256 1988 3282 creditae
2007 3260 2077 3282 sunt.

1267 3301 1289 3317 ¹²
1309 3302 1382 3328 Vers.
1405 3303 1428 3327 1.
1449 3314 1485 3321 —
1503 3301 1620 3327 Subinde
1639 3301 1766 3333 allegatur
1785 3301 1830 3326 lob
1851 3301 1874 3332 1,
1894 3302 1936 3327 21.

1266 3344 1288 3360 ¹¹
1307 3347 1342 3372 lta
1361 3346 1438 3371 0110111
1460 3346 1486 3371 S.
1506 3345 1599 3371 Τ110111.
1616 3344 1680 3377 (Cat.
1693 3351 1772 3371 aurea
1786 3345 1812 3370 111
1826 3345 1888 3371 Luc.
1911 3345 1950 3370 16.
1963 3352 1988 3371 n.
2005 3345 2038 3378 1.)
2052 3346 2153 3371 01001·-

1195 3397 1290 3421 ranus;
1310 3391 1356 3415 cir.
1377 3390 1404 3414 B.
1424 3388 1536 3419 Athea,
1558 3389 1613 3413 Vnt.
1628 3395 1687 3413 cum
1710 3389 1820 3419 Vulgata
1839 3387 1933 3421 ipsius.

2187 635 2287 660 teil-gitur

2211 661 2273 682 neus.

2170 1085 2225 1111 Quid
2240 1085 2267 1105 sit
2280 1085 2315 1104 vil·

2210 1112 2270 1132 lieu..

2171 2245 2300 2268 Secundum.

2179 2272 2207 2293 ad
2222 2272 2302 2298 tugien-

2181 2299 2238 2319 dum.
