2427 3872
398 229 464 255 DON

114 274 204 307 plures
221 274 316 300 domos
334 275 372 299 est
392 273 549 299 curiositatis
566 276 593 299 et
614 273 756 305 reprehen-

115 317 190 344 sibile
209 318 242 344 Vl
262 317 291 343 2⁴
315 324 343 343 ν.
361 317 377 343 *t
396 332 432 336 --
451 316 563 343 hahetur
575 323 623 349 per
636 316 756 349 proprie-

114 364 193 388 tatem
213 361 402 393 possessionis,
421 361 463 387 vel
481 367 530 393 per
548 360 663 394 quietem
684 360 755 386 inha-

115 404 247 431 bitationis
266 405 301 431 ad
319 404 483 431 manendum
504 404 556 430 264
576 404 610 430 84

168 463 202 468 —-
220 449 332 480 corruit,
344 448 409 474 dum
422 448 566 480 negligitur
578 447 695 480 reparari
709 454 757 480 per

114 493 248 526 pigritiam
267 493 301 519 Vl
321 493 354 518 86
371 499 398 518 ν.
419 493 451 518 18
466 506 500 511 —
515 493 541 518 ln
559 492 640 518 domo
660 492 758 524 perstil-

112 538 181 564 lante
194 544 246 563 non
259 539 298 563 est
310 536 410 563 bonum
426 543 474 562 nec
486 543 610 563 securum
624 543 682 562 esse
694 535 758 562 ibid.

166 595 203 601 —
221 581 261 608 Ad
280 581 391 607 domum
411 582 497 607 luctus
516 581 578 607 utile
596 583 635 606 est
655 580 693 606 ire
713 580 755 606 Vll

114 625 167 652 214
186 626 219 651 90
239 640 274 644 -
293 627 354 658 post
372 627 485 651 mortem
505 627 610 650 aeterna
630 626 670 650 est
683 626 757 649 etre-

113 673 155 697 cte
173 670 269 696 dicitur
286 670 384 696 domus
402 668 562 695 aeternitatis
581 669 614 694 Vl
635 668 668 694 94
694 675 722 694 ν.
740 668 756 694 5

166 728 203 734 -
222 714 268 740 Dei
286 716 326 740 est
354 713 465 739 Ecclesia
492 713 527 739 Vl
556 712 589 738 42
613 719 640 738 ν.
661 711 702 738 17.
723 712 757 737 95

113 766 142 785 ν.
159 758 176 784 7
194 773 230 778 -
248 758 274 784 in
292 764 345 791 qua
374 757 402 783 fit
430 757 533 784 curatio
551 756 703 789 paralytici,
722 756 756 782 si-

115 803 221 835 gnificat
238 802 380 829 Ecclesiam
394 802 439 827 Vll
455 802 505 827 ⁴28
520 801 549 827 6⁴
568 815 602 820 —
615 800 758 827 Columnae

113 847 210 874 domus
222 849 282 873 sunt
294 849 395 879 septem
410 846 578 872 Sacramenta
595 844 659 871 ibid.
672 859 707 864 —
723 846 757 871 la-

113 898 166 918 nua
185 891 281 917 domus
309 890 440 922 significat
464 892 619 922 potestatem
638 889 758 915 sacerdo-

115 936 193 962 talem
212 934 275 962 ibid.

168 994 202 999 —
222 982 262 1006 est
280 980 366 1012 figura
393 979 532 1005 Ierusalem
560 985 690 1011 supernae
714 978 758 1003 Vll

117 1024 169 1051 385
189 1025 222 1050 ⁴3
241 1037 277 1043 —
295 1024 473 1050 Perfdomum
486 1023 637 1055 intelligitur
650 1029 758 1054 congre-

116 1068 187 1100 gatio
205 1068 333 1094 iustorum
354 1068 405 1094 399
426 1067 459 1093 44
472 1081 509 1087 —
521 1061 621 1103 inqua
639 1066 758 1093 Christus

118 1115 218 1144 manet,
237 1115 276 1138 est
294 1112 455 1144 septiformis
475 1111 525 1137 476
546 1112 575 1137 ⁴⁴

168 1172 204 1175 —
223 1157 376 1189 disciplinae
404 1159 444 1182 est
471 1156 567 1182 domus
594 1155 759 1181 obedientiae

116 1208 163 1228 seu
181 1201 273 1233 reiigio
293 1201 336 1227 vu
356 1201 407 1226 488
427 1200 461 1226 44
479 1215 515 1219 -
534 1190 701 1228 obedientiae
720 1203 760 1226 est

116 1245 208 1279 religio
228 1246 262 1271 Vl
283 1245 329 1271 411
353 1246 369 1271 9

169 1304 205 1308 -
223 1289 354 1322 significat
372 1288 559 1315 conscientiam
587 1288 705 1322 quietam
725 1288 758 1314 Vl

116 1335 150 1360 22
169 1342 196 1360 ν.
216 1335 240 1360 8.
261 1334 305 1360 Vll
325 1334 358 1360 67
380 1334 430 1360 102
443 1334 518 1359 -ln
531 1334 612 1359 domo
625 1333 759 1359 conscien-

116 1379 167 1405 tiae
185 1378 377 1412 quiescendum
397 1381 437 1404 est
461 1378 494 1404 Vl
521 1379 554 1404 22
573 1384 600 1403 ν.
621 1378 636 1402 8

170 1438 205 1442 —-
225 1430 272 1449 sua
286 1423 416 1456 significat
428 1422 497 1448 bona
511 1422 634 1448 interiora
643 1442 649 1454 ,
663 1421 759 1447 domus

116 1468 200 1494 aliena
214 1467 453 1500 concupiscentiam
474 1467 516 1492 Vll
537 1467 587 1492 ⁴28
608 1466 641 1492 62
660 1480 696 1484 —-
708 1465 759 1498 spi-

115 1513 222 1539 rituales
240 1512 413 1544 designantur
431 1518 479 1544 per
497 1511 620 1537 ecclesias
639 1510 758 1536 materia-

83 1562 91 1571 *
116 1557 154 1583 les
173 1557 224 1583 476
245 1557 273 1582 ⁴⁴

170 1602 260 1627 Donum
280 1615 314 1620 -—-
333 1607 458 1634 praesens
476 1600 613 1626 modicum
631 1601 670 1625 est
689 1605 758 1625 com-

117 1645 252 1678 paratione
278 1647 426 1671 futurorum
455 1645 498 1670 Vll
528 1644 579 1670 482
605 1644 640 1670 27
668 1657 704 1663 -
731 1645 759 1670 ln

117 1689 263 1716 maioribus
281 1690 359 1716 donis
384 1689 470 1715 minor
495 1688 575 1715 dehet
593 1695 650 1715 esse
669 1695 760 1714 nume-

118 1742 178 1766 rus,
198 1737 227 1760 ut
245 1734 334 1761 debita
353 1740 478 1760 mensura
496 1735 616 1759 servetur
636 1733 687 1758 406
708 1733 741 1758 10

171 1793 206 1798 -
225 1779 291 1805 Ιιιιει·
309 1779 379 1805 dona
397 1780 507 1804 naturae
533 1780 703 1810 computatur
722 1776 768 1803 sa-'

118 1824 158 1850 lus
177 1826 203 1849 et
221 1823 345 1849 fortitudo
367 1823 398 1848 vt
418 1822 452 1848 49
471 1829 499 1855 q.
519 1822 534 1848 4
553 1836 589 1841 —
602 1823 670 1848 lnter
688 1822 758 1847 dona

119 1869 238 1894 fortunae
256 1870 425 1900 computatur
449 1866 612 1899 prosperitas
630 1868 657 1892 et
684 1866 760 1899 quies

118 1911 180 1939 ibid.

173 1971 207 1975 -
221 1963 300 1983 omne
313 1959 352 1982 est
364 1956 456 1982 datum
469 1962 483 1981 a
497 1955 552 1981 Deo
565 1955 599 1980 Vl
613 1954 664 1980 287
678 1954 711 1980 50
725 1969 759 1973 -

121 2001 187 2027 Tam
206 2000 275 2027 bona
302 2002 422 2027 fortunae
445 2007 527 2033 quam
551 2002 660 2025 naturae
679 2006 760 2032 quam

121 2046 220 2078 gratiae
238 2048 299 2072 sunt
317 2046 387 2072 dona
406 2045 454 2071 Dei
474 2045 506 2070 49
526 2052 554 2078 q.
574 2043 590 2070 4

172 2105 208 2109 —
227 2090 278 2123 Qui
296 2090 377 2116 donat
395 2096 426 2115 ex
446 2089 538 2115 maiori
566 2088 646 2114 corde
671 2088 761 2120 copio-

121 2135 177 2161 sius
195 2135 276 2161 donat
294 2134 339 2160 Vll
358 2134 404 2160 52⁴
431 2134 446 2159 4

173 2193 208 2198 -
226 2180 292 2206 εοΙει
310 2178 431 2204 venerari
449 2178 492 2203 vel
511 2180 621 2210 propter
639 2177 761 2203 excellen-

121 2224 183 2250 tiam
201 2224 302 2255 dantis‚
319 2224 365 2249 vel·
381 2225 490 2256 propter
508 2222 687 2249 excellentiam
705 2229 761 2247 mu-

121 2268 205 2301 neris,
224 2269 266 2294 vel
286 2271 395 2300 propter
413 2267 585 2300 indigentiam
611 2266 762 2298 recipientis

122 2312 154 2338 Vt
174 2312 226 2339 574
245 2310 272 2338 νζ
291 2313 324 2338 26

176 2581 310 2606 Emonms
329 2594 364 2598 —
377 2579 511 2610 dixerunt,
524 2578 656 2605 Christum
670 2585 699 2603 ex
713 2578 765 2603 Ma-

123 2625 160 2650 ria
180 2631 290 2657 prorsus
314 2625 440 2650 sumsisse
465 2623 602 2650 exordium
623 2623 656 2649 Vl
676 2622 728 2648 247
748 2622 764 2647 5

122 2683 158 2689 ——
186 2676 237 2695 non
266 2669 444 2695 intellexerunt
474 2668 652 2695 aeternitatem
683 2665 764 2692 Verbi

124 2713 185 2741 ibid.
563 2731 566 2734 .

177 2759 294 2784 Ecctssm
314 2772 347 2777 -
367 2760 535 2789 comparatur
558 2757 634 2783 lunae
653 2756 687 2781 Vl
714 2755 763 2781 ⁴39

124 2811 151 2829 v.
171 2804 186 2828 6
205 2817 240 2822 -
264 2802 411 2836 Aliquando
436 2801 608 2834 congregatio
636 2800 765 2826 Ecclesiae

125 2848 220 2873 dicitur
246 2847 363 2872 mundus
391 2846 443 2871 605
471 2853 498 2872 ν.
523 2847 555 2870 18
582 2859 615 2864 -
635 2848 674 2870 εει
693 2848 766 2870 mare

125 2895 234 2924 propter
252 2891 294 2917 sui
313 2891 497 2917 secunditatem
525 2893 551 2915 et
577 2889 766 2922 plenitudinem

126 2937 177 2962 566
198 2937 214 2962 2
233 2950 268 2954 —
287 2935 433 2967 significata
453 2935 501 2960 suit
519 2941 567 2966 per
579 2935 671 2959 Esther
684 2933 736 2959 545
750 2933 766 2958 6

125 2994 161 3000 —-
189 2980 341 3012 designatur
369 2986 421 3016 per·
444 2979 511 3004 Petri
538 2978 688 3003 naviculam
723 2977 766 3003 Vll

127 3026 178 3050 552
199 3024 231 3050 43
250 3038 285 3043 -
304 3024 399 3050 dicitur
418 3030 531 3055 regnum
560 3022 694 3048 caelorum
715 3021 765 3047 ⁴79

126 3069 160 3094 53
180 3083 215 3087 —-
232 3071 272 3094 est
290 3075 402 3100 regnum
422 3067 468 3093 Dei
488 3066 540 3092 545
560 3067 593 3092 22

150 3110 154 3114 ’
181 3127 214 3132 -
232 3115 342 3139 vocatur
361 3113 458 3138 domus
477 3111 511 3137 Vl
531 3111 565 3136 95
583 3117 610 3136 v.
622 3110 649 3136 7.
669 3110 719 3135 ⁴28
734 3110 762 3134 61

126 3172 161 3176 —-
180 3160 219 3183 εει
237 3157 334 3183 domus
359 3157 407 3182 Dei
433 3156 466 3181 42
487 3163 514 3182 ν.
534 3155 577 3180 17.
599 3155 642 3180 Vll
662 3153 712 3179 499
732 3153 767 3179 72

125 3216 162 3221 --
180 3204 219 3228 εει
237 3201 329 3227 civitas
349 3201 423 3226 firma
433 3220 440 3231 ,
453 3201 542 3233 pulcra
557 3202 583 3225 et
597 3198 710 3225 iucunda
724 3199 768 3224 Vll

129 3247 181 3272 543
202 3247 235 3272 ⁴5
253 3260 289 3265 —
308 3248 347 3271 est
364 3245 457 3271 civitas
477 3244 523 3270 Dei
538 3244 570 3270 Vl
583 3244 617 3269 78
637 3250 665 3269 ν.
687 3243 720 3269 15
734 3256 768 3261 --

782 185 819 218 IN
842 184 1135 217 COMMENTARIUS
1159 184 1188 217 S.
1214 185 1439 218 SCRIPTURAE

846 285 883 292 —
900 272 990 298 divina
1005 275 1066 298 sunt
1079 272 1300 298 communicanda
1320 272 1363 298 Vll
1384 273 1435 298 366

794 316 839 341 26.
859 315 910 340 483
935 315 968 341 32
987 329 1022 335 -—
1041 315 1088 341 Dei
1117 323 1170 341 non
1198 315 1277 341 debet
1298 316 1377 341 vendi
1402 316 1435 341 Vl

794 359 846 385 292
867 359 899 384 18

848 417 884 423 -
903 403 973 429 Deus
991 403 1061 429 dona
1081 410 1129 429 sua
1148 410 1200 429 non
1214 403 1259 429 dat
1272 403 1321 429 nisi
1337 410 1437 429 meren-

794 447 864 474 tibus
889 447 921 473 Vl
948 447 998 473 460
1025 447 1058 473 24
1078 461 1114 467 —-
1132 448 1202 473 Deus
1221 454 1273 473 non
1293 448 1350 473 vult
1367 448 1436 473 dona

794 499 841 518 sua
861 491 993 517 contemni
1013 490 1074 518 ibid.

847 549 882 555 —
901 542 1025 561 concessa
1049 538 1157 568 propter
1179 535 1368 568 negligentium
1394 536 1436 561 de

794 580 888 606 sidiam
908 583 934 605 et
961 579 1117 605 abusionem
1141 581 1292 606 auferentur
1311 580 1388 606 etiam
1410 580 1436 605 in

794 624 924 656 praesenti
945 624 986 649 Vll
1007 623 1058 650 485
1078 624 1112 649 37
1126 638 1160 642 -
1173 624 1254 649 utenti
1268 624 1371 656 dantur,
1382 631 1434 649 non

795 668 877 694 utenti
904 669 1058 694 auferuntur
1087 675 1134 700 per
1158 668 1279 694 divinum
1308 667 1434 693 iudicium

795 712 845 737 486
866 712 900 737 39

848 770 884 776 -
897 756 986 782 divina
1000 756 1168 788 suscipienda
1187 759 1248 782 sunt
1267 763 1328 782 cum
1342 756 1436 782 timore

794 803 820 826 et
843 807 938 833 magna
967 801 1114 827 reverentia
1143 801 1186 827 Vll
1215 801 1266 827 260
1296 800 1330 826 25
1349 814 1385 820 -
1398 801 1436 826 De

794 845 872 871 donis
884 845 980 871 divinis
1000 845 1110 878 quidam
1130 845 1268 871 manifeste
1280 846 1435 876 efferuntur,

794 890 862 915 sicut
881 889 915 914 illi
940 889 987 922 qui
1012 889 1061 915 sibi
1081 896 1111 915 ea
1140 889 1298 921 attribuunt;
1326 889 1435 922 quidam

795 934 930 959 manifeste
943 934 1126 965 humiliantur;
1145 934 1255 967 quidam
1274 934 1370 966 partim
1390 935 1435 959 hu-

795 978 926 1004 miliantur
954 978 1051 1009 gratias
1069 978 1184 1011 agendo,
1212 978 1307 1010 partim
1326 979 1435 1004 efferun-

795 1026 837 1049 tur
861 1023 1015 1049 exsultando
1041 1023 1127 1055 inepte
1153 1023 1199 1048 26⁴
1225 1023 1259 1048 30
1278 1037 1314 1041 -
1334 1022 1437 1048 Divino-

795 1075 855 1094 rum
873 1068 1003 1094 donorum
1023 1067 1162 1093 multitudo
1181 1067 1270 1092 multis
1283 1067 1330 1092 suit
1346 1066 1437 1092 ruinae

795 1112 898 1138 occasio
918 1113 970 1138 262
990 1113 1040 1143 32,
1060 1112 1093 1137 33
1118 1125 1153 1130 -
1181 1111 1371 1137 miraculorum
1398 1113 1438 1137 est

796 1155 927 1183 bonorum
947 1159 973 1183 et
991 1156 1121 1182 malorum
1140 1154 1177 1182 zb.
1195 1156 1229 1181 34

848 1214 885 1220 —
896 1201 960 1227 Usui
973 1201 1103 1227 donorum
1117 1200 1259 1232 respondet
1272 1201 1371 1225 tructus
1384 1200 1436 1231 glo·

795 1245 849 1271 riae
868 1245 911 1271 Vll
931 1245 983 1271 328
1003 1245 1036 1270 64
1056 1259 1092 1263 -
1110 1246 1138 1270 ln
1158 1246 1245 1270 tuturo
1270 1244 1368 1270 iudicio
1395 1250 1436 1269 ra-

796 1290 831 1315 tio
857 1289 992 1315 reddenda
1020 1292 1060 1315 est
1091 1288 1222 1315 bonorum
1250 1289 1436 1314 universorum

796 1334 847 1359 330
867 1334 900 1359 69

849 1393 885 1396 -
903 1377 1035 1411 quaedam
1054 1380 1115 1403 sunt
1134 1385 1148 1403 3
1177 1377 1275 1409 Spiritu
1303 1375 1437 1402 sancto'et

795 1429 857 1449 cum
877 1422 975 1455 Spiritu
995 1425 1085 1448 sancto
1105 1424 1130 1447 et
1148 1428 1284 1454 nunquam
1304 1421 1362 1447 sine
1389 1427 1435 1453 eo,

795 1467 927 1501 quaedam
946 1473 1081 1499 nunquam
1102 1472 1164 1492 cum
1177 1473 1218 1496 eo,
1231 1465 1369 1498 quaedam
1377 1472 1436 1497 pos-

795 1515 856 1538 sunt
874 1518 932 1537 esse
951 1517 1011 1537 cum
1031 1517 1063 1536 eo
1082 1511 1124 1536 vel
1144 1510 1200 1535 sine
1219 1516 1250 1536 eo
1270 1510 1305 1535 Vl
1330 1509 1382 1535 515
1402 1509 1435 1535 53

849 1570 884 1574 ——
902 1556 950 1582 Dei
968 1558 1009 1581 est
1027 1555 1139 1587 Spiritus
1158 1557 1265 1580 sanctus
1284 1554 1316 1580 Vl
1331 1554 1383 1580 292
1403 1554 1436 1579 ⁴8

849 1615 884 1619 —
895 1600 1008 1633 Spiritus
1018 1600 1098 1626 sancti
1109 1602 1169 1625 sunt
1178 1602 1279 1631 septem
1291 1598 1333 1624 Vll
1345 1598 1396 1623 377
1404 1597 1437 1624 57

795 1659 831 1663 -
842 1644 954 1677 Spiritus
965 1643 1046 1669 sancti
1057 1650 1110 1669 non
1123 1646 1163 1668 est
1173 1642 1331 1668 eiiciendum
1342 1642 1375 1667 Vl
1386 1642 1438 1667 275

797 1689 831 1714 29
849 1702 886 1708 -
904 1691 929 1714 et
948 1688 1047 1720 gratiae
1066 1687 1179 1720 Spiritus
1205 1687 1288 1713 sancti
1315 1687 1438 1712 dicuntur

797 1734 854 1759 eius
873 1733 981 1759 flumina
995 1733 1046 1758 350
1061 1733 1094 1758 56
1108 1746 1144 1751 -
1157 1731 1269 1764 Spiritus
1281 1731 1363 1757 sancti
1377 1734 1439 1757 sunt

797 1778 898 1810 gratiae
917 1777 968 1802 154
988 1784 1014 1802 ν.
1035 1776 1068 1802 14
1080 1790 1116 1795 --
1129 1776 1169 1802 Ad
1182 1775 1381 1808 suscipiendum
1395 1775 1440 1801 do-

798 1829 862 1848 num
882 1822 982 1854 gratiae
1001 1827 1161 1854 praeparare
1179 1827 1228 1846 nos
1247 1819 1377 1846 debemus
1396 1819 1439 1845 Vll

797 1867 849 1893 329
870 1866 904 1892 67

850 1924 886 1930 ——
906 1910 1017 1942 Spiritus
1036 1910 1119 1935 sancti
1133 1911 1260 1935 vocantur
1279 1908 1387 1940 spiritus
1406 1908 1438 1934 Vl

799 1955 849 1980 157
862 1962 889 1980 ν.
904 1955 936 1980 23
947 1969 983 1973 -
993 1957 1094 1986 septem
1110 1953 1222 1985 Spiritus
1234 1952 1315 1978 sancti
1329 1955 1389 1978 sunt
1398 1959 1440 1977 ne-

798 1999 911 2025 cessaria
919 1999 952 2025 ad
961 1998 1179 2031 propagationem
1191 1997 1353 2029 spiritualem
1363 1996 1414 2022 519
1423 1996 1438 2021 3

851 2058 885 2062 -
905 2043 1008 2076 pietatis
1020 2043 1103 2069 oritur
1116 2049 1146 2068 ex
1159 2041 1367 2067 consideratione
1379 2047 1441 2072 pas-

797 2088 879 2114 sionis
907 2088 951 2114 Vll
980 2087 1031 2113 377
1060 2087 1093 2113 57
1113 2086 1267 2112 -timoris
1294 2085 1436 2118 parvulum

798 2133 859 2158 facit
876 2139 908 2158 ex
927 2131 1136 2158 consideratione
1155 2130 1245 2157 iudicii
1264 2129 1327 2156 ibid.

834 2177 915 2203 Domx
940 2191 976 2195 —
1003 2176 1189 2208 interpretatur
1216 2174 1439 2200 medicamentum

799 2221 973 2254 generationis
994 2221 1025 2246 Vl
1047 2220 1092 2245 ⁴7⁴
1116 2227 1142 2245 V.
1163 2219 1195 2244 19

852 2266 978 2291 Donmrto
997 2278 1032 2284 —
1051 2267 1090 2291 est
1109 2264 1238 2297 pigritiae,
1250 2263 1351 2295 culpae,
1367 2262 1439 2296 quie-

799 2311 840 2342 tis,
859 2310 952 2336 mortis
971 2310 1003 2335 Vl
1023 2310 1074 2335 398
1096 2309 1129 2334 23
1149 2323 1184 2327 -
1203 2308 1298 2341 quietis
1326 2312 1364 2333 est
1383 2307 1441 2333 dor-

1087 2437 1134 2490 E

802 2576 872 2602 bitur
900 2576 926 2601 in
952 2575 1037 2601 Beatis
1062 2574 1113 2600 549
1145 2575 1160 2599 6
1184 2587 1221 2593 -
1239 2577 1278 2599 εει
1306 2573 1398 2599 civitas
1416 2572 1442 2598 in

803 2621 904 2647 excelso
925 2619 986 2646 ibid.
1005 2633 1041 2638 —
1060 2619 1155 2645 dicitur
1173 2618 1266 2644 civitas
1284 2617 1386 2643 ratione
1400 2617 1443 2642 fir-

803 2665 899 2691 mitatis
917 2667 943 2689 et
962 2664 1090 2696 templum
1109 2663 1209 2688 ratione
1227 2662 1369 2687 sanctitatis
1382 2660 1443 2687 ibid.

803 2724 838 2728 -—
856 2709 995 2740 Templum
1016 2708 1144 2734 Ecclesiae
1159 2707 1257 2733 debent
1276 2706 1384 2738 praelati
1404 2712 1444 2731 ae-

803 2754 910 2780 dificare
924 2752 1006 2779 verbo
1020 2752 1236 2784 praedicationis,
1249 2758 1344 2776 ornare
1358 2756 1444 2776 exem-

803 2799 847 2831 plo
866 2797 1088 2827 conversationis,
1101 2796 1235 2822 custodire
1248 2795 1380 2827 vigilantia
1394 2794 1443 2819 sol-

803 2842 943 2868 licitudinis
961 2841 1097 2873 pastoralis
1116 2839 1149 2866 ib.
1167 2840 1183 2865 7

857 2901 892 2906 -
911 2886 1023 2912 militans
1042 2884 1238 2917 significabatur
1257 2890 1305 2915 per
1328 2881 1444 2907 taberna·

803 2932 893 2957 culum
914 2931 940 2956 in
959 2931 1063 2956 deserto
1086 2929 1115 2954 Vl
1137 2929 1187 2953 ⁴68
1208 2935 1233 2953 v.
1254 2928 1269 2951 8
1282 2941 1317 2946 -
1330 2926 1445 2952 militans

805 2976 956 3007 intelligitur
976 2981 1023 3007 per
1042 2974 1157 2999 areolam
1186 2975 1295 3004 propter
1315 2970 1446 2997 arctitudi-

805 3027 865 3046 nem
886 3019 1049 3049 humilitatis,
1069 3025 1116 3050 per
1144 3024 1232 3042 aream
1259 3018 1366 3047 propter
1393 3015 1446 3040 lati-

805 3065 924 3090 tudinem
953 3063 1067 3089 caritatis
1095 3062 1138 3088 vn
1159 3061 1191 3086 80
1221 3060 1253 3086 40
1272 3074 1307 3078 -
1331 3059 1446 3084 militans

806 3112 845 3134 est
864 3109 976 3141 figurata
1003 3109 1029 3133 in
1057 3108 1181 3133 Emmaus
1205 3106 1256 3131 592
1278 3105 1309 3130 18
1329 3118 1363 3123 -
1383 3103 1447 3129 mili-

805 3155 863 3178 tans
875 3156 914 3178 est
927 3154 1018 3178 hortus
1036 3151 1191 3184 voluptatis,
1210 3149 1255 3176 ubi
1269 3152 1390 3175 crescunt
1407 3155 1447 3174 se-

807 3197 878 3222 mina
897 3197 1025 3223 virtutum
1046 3196 1097 3222 346
1117 3196 1150 3220 39
1171 3209 1205 3213 -
1223 3194 1335 3219 militans
1354 3195 1393 3218 est
1409 3199 1447 3218 re-

807 3248 891 3273 gnum
911 3241 957 3267 Dei
977 3241 1010 3266 Vl
1040 3240 1091 3266 ⁴45
1111 3247 1136 3264 v.
1157 3239 1172 3264 5
1192 3252 1225 3257 -
1250 3237 1363 3263 militans
1383 3237 1449 3262 sesti-

128 3293 168 3317 est
187 3291 314 3322 templum
334 3289 473 3315 fundatum
492 3289 518 3314 in
531 3288 663 3320 Apostolis
682 3289 707 3312 et
725 3287 769 3312 Pa·
807 3288 853 3313 nat
870 3285 903 3310 ad
923 3286 1034 3317 patriam
1052 3288 1078 3310 et
1097 3286 1204 3316 superat
1228 3285 1369 3315 potestates
1387 3288 1450 3307 con-

129 3334 260 3367 triarchis,
280 3333 431 3360 aedificatur
450 3333 476 3359 in
495 3333 584 3365 iustis,
603 3337 770 3357 consumma·
807 3330 899 3356 trarias
918 3330 961 3356 Vll
982 3331 1033 3357 592
1055 3331 1087 3355 18

1762 230 1822 257 ECC
2048 188 2113 221 743

1474 273 1546 298 mitio
1566 275 1688 305 naturae;
1707 273 1830 300 dormitio
1849 275 1938 300 salutis
1957 278 1996 300 est
2014 275 2114 301 dormi-

1474 316 1509 341 tio
1527 317 1641 348 gratiam
1660 317 1784 343 dormitio
1812 318 1903 344 mortis
1928 322 1967 344 est
1990 320 2114 346 dormitio
2152 349 2159 356 Ι

1473 360 1567 392 ευΙρ3ε
1588 361 1619 386 Vl
1640 361 1691 386 587
1711 368 1736 386 ν.
1758 361 1786 386 ⁴⁴
1803 375 1838 381 —
1852 363 1966 388 Somnus
1986 363 2010 388 in
2031 365 2115 389 acutis

1474 404 1684 436 aegritudinibus
1703 404 1803 431 bonum
1823 406 1928 437 signum
1949 410 1988 432 est
2007 407 2057 433 398
2078 409 2113 433 22

1473 461 1508 467 —
1528 448 1644 474 Mortuus
1662 448 1716 474 Deo
1736 451 1836 474 tantum
1856 450 1953 475 dormit
1972 449 2006 476 ib.
2026 452 2054 476 2⁴

1527 492 1579 517 Dos
1596 505 1631 511 ·—
1659 493 1777 524 Quatuor
1805 493 1879 518 dotes
1907 494 2025 525 corporis
2053 498 2114 520 sunt

1474 536 1590 567 claritas,
1610 535 1765 568 sublimitas,
1784 537 1900 569 agilitas,
1926 538 2010 563 virtus
2029 539 2113 564 activa

1475 580 1506 605 Vl
1527 580 1578 605 127
1597 587 1623 605 ν.
1651 580 1677 606 7.
1711 580 1773 607 Vide
1790 588 1815 607 v.
1836 580 1948 614 Corpus.
1968 596 2004 601 —
2023 583 2048 608 ln
2068 583 2114 608 do-

1473 623 1543 649 tibus
1561 624 1663 649 animae
1682 627 1708 649 et
1724 625 1843 656 corporis
1855 626 1973 651 consistit
1986 627 2114 657 gaudium

1472 668 1580 700 plenum
1601 668 1651 693 464
1672 669 1704 694 38

1526 712 1649 738 ΠκΛεκκΛ
1668 726 1704 731 -
1722 716 1761 738 εει
1780 720 1906 739 nummus
1930 717 2015 740 certae
2034 722 2116 747 quan-

1473 756 1563 787 titatis,
1584 756 1684 782 habens
1705 757 1846 788 imaginem
1861 758 1932 789 regis
1951 758 1993 783 Vll
2015 759 2065 784 387
2082 759 2115 784 15

1474 814 1508 819 ——
1526 801 1574 826 Per
1593 801 1685 826 decem
1705 801 1846 827 drachmas
1871 802 2049 834 intelliguntur
2067 810 2115 828 no-

1473 852 1534 871 vem
1553 846 1658 871 ordines
1677 846 1837 878 Angelorum
1857 850 1882 872 et
1902 848 1982 872 horno
1995 847 2116 873 decimus

1473 888 1535 916 ibid.
1554 904 1589 909 -
1608 890 1729 922 designat
1748 891 1881 916 hominem
1896 891 1942 916 5⁴⁴
1961 891 1994 916 30
2009 906 2044 910 -
2057 898 2115 923 per-

1473 933 1527 958 dita
1546 938 1585 958 est
1605 926 1718 959 bumana
1745 937 1837 959 natura
1862 934 1934 966 lapsa
1955 935 2006 959 387
2028 935 2060 960 ⁴6
2079 948 2116 954 —-

1474 978 1501 1003 ln
1520 977 1701 1004 reinventione
1728 978 1871 1004 drachmae
1898 979 1926 1004 nt
1945 979 2113 1011 reintegratio

1473 1022 1575 1048 numeri
1610 1022 1752 1048 electorum
1777 1023 1828 1048 388
1850 1024 1881 1048 18
1900 1036 1937 1042 --
1955 1023 2003 1048 Per
2022 1023 2117 1049 drach-

1474 1072 1545 1091 mam
1565 1066 1742 1092 manifestatur
1761 1067 1845 1098 pietas
1864 1067 1910 1092 Dei
1923 1067 1956 1093 ad
1977 1068 2115 1093 hominem

1474 1110 1526 1136 387
1547 1110 1579 1136 15
1599 1125 1633 1129 —
1651 1111 1783 1143 significat
1801 1114 1947 1137 creaturam
1962 1112 2115 1137 rationalem

1474 1154 1563 1180 divina
1583 1155 1698 1187 imagine
1717 1155 1866 1187 insignitam
1886 1155 1948 1182 ibid.

1527 1200 1664 1225 Duerrnio
1682 1214 1717 1218 ——
1741 1200 1813 1226 ducit
1831 1200 1857 1226 in
1876 1200 2069 1233 inquisitionem
2083 1201 2117 1226 Vl

1475 1243 1526 1269 429
1547 1244 1581 1269 29

1527 1288 1644 1314 Βυιεευο
1662 1302 1699 1307 -
1716 1295 1821 1314 summa
1845 1291 1884 1314 est
1910 1289 1934 1314 in
1955 1289 2008 1314 Deo
2028 1289 2061 1314 Vl
2081 1289 2115 1314 90

1474 1339 1501 1358 ν.
1519 1331 1536 1358 7
1555 1346 1591 1351 -
1617 1333 1659 1358 illa
1688 1333 1743 1358 sola
1771 1339 1816 1359 cor
1845 1334 1991 1359 humanum
2020 1334 2115 1359 satiare

1474 1379 1575 1408 potest,
1594 1377 1629 1402 ad
1652 1383 1733 1410 quam
1762 1378 1859 1403 sactum
1885 1381 1924 1403 ost
1950 1378 1982 1402 ⁴7
2000 1385 2027 1410 q.
2047 1379 2062 1403 2
2082 1391 2118 1397 -

1474 1421 1519 1446 Dei
1539 1421 1656 1446 animam
1682 1421 1842 1453 impinguat,
1867 1421 1979 1447 inebriat
2002 1425 2027 1447 et
2051 1422 2119 1448 dele·

1474 1467 1526 1490 ctat
1544 1464 1600 1490 614
1617 1472 1643 1490 ν.
1662 1465 1695 1490 36
1714 1479 1750 1483 -
1769 1465 1815 1490 Dei
1834 1465 1919 1491 deseri
1940 1465 2019 1491 debet
2037 1472 2051 1491 a
2071 1472 2120 1491 vo-

1474 1508 1586 1534 lentibus
1605 1509 1759 1541 promoveri
1779 1509 1804 1535 in
1832 1516 1915 1541 regno
1943 1510 2035 1535 mundi
2054 1509 2116 1536 ibid.

1474 1567 1510 1572 —
1528 1553 1606 1579 trahit
1633 1553 1667 1579 ad
1687 1554 1777 1585 gulam
1803 1557 1829 1579 et
1847 1553 1881 1579 ad
1900 1554 2028 1579 luxuriam
2049 1554 2064 1579 4
2085 1554 2118 1579 ⁴0

1475 1613 1509 1616 —
1522 1598 1630 1630 Asperis
1643 1598 1813 1623 immiscenda
1828 1601 1889 1623 sunt
1902 1598 1988 1624 dulcia
2000 1599 2027 1623 in
2043 1605 2120 1630 prae-

1476 1642 1606 1668 dicatione
1626 1642 1677 1668 294
1698 1643 1730 1668 32
1755 1656 1790 1661 -
1808 1642 1873 1668 Utile
1895 1642 2060 1668 miscendum
2080 1645 2121 1668 est

1475 1686 1547 1713 dulci
1566 1686 1617 1712 543
1639 1687 1648 1711 1

1529 1731 1678 1757 Dupucms
1696 1744 1731 1750 -—
1750 1731 1820 1756 aliud
1833 1731 1945 1757 exterius
1958 1731 2120 1763 praetendit,

1476 1775 1547 1801 aliud
1575 1775 1685 1801 interius
1712 1775 1823 1800 intendit
1842 1775 1873 1800 Vl
1905 1776 1950 1800 ⁴⁴⁴
1984 1782 2011 1800 v.
2039 1776 2053 1800 2
2083 1789 2119 1793 ——

1476 1820 1558 1845 animi
1582 1823 1705 1845 causatur
1724 1826 1739 1844 a
1758 1819 1851 1845 timore
1870 1819 1939 1845 male
1952 1819 2118 1850 humiliante,

1477 1864 1518 1890 vel
1536 1863 1570 1889 ab
1592 1870 1683 1890 amore
1705 1864 1771 1890 male
1790 1863 1947 1890 accendente
1966 1863 2009 1889 vlt
2030 1863 2081 1889 309
2104 1864 2113 1888 1

1476 1922 1512 1927 -
1530 1908 1556 1934 in
1577 1908 1717 1934 serviendo
1737 1908 1925 1934 condemnatur
1946 1907 1995 1933 410
2013 1908 2041 1933 21

1529 1952 1616 1978 Dunus
1643 1966 1678 1971 —
1705 1952 1824 1978 redditur
1852 1954 1932 1978 homo
1965 1951 1998 1977 ab
2026 1952 2117 1984 impie-

1477 1999 1528 2022 tate
1547 1997 1579 2022 Vl
1599 1996 1632 2022 59
1652 2004 1678 2021 ν.
1700 1996 1733 2022 17
1751 2010 1788 2015 -
1801 1996 1916 2022 Duritiae
1929 1998 1967 2022 est
1980 1996 2047 2022 nolle
2059 2002 2116 2022 cre-

1476 2041 1540 2067 dere
1559 2041 1610 2066 5⁴3
1631 2040 1664 2066 48
1683 2054 1719 2059 -
1737 2043 1776 2066 εει
1790 2041 1932 2066 constantia
1945 2041 1974 2066 in
1987 2041 2054 2066 malo
2072 2040 2117 2066 Vll

1477 2085 1528 2110 569
1551 2086 1581 2110 ⁴2
1599 2098 1636 2104 —
1655 2085 1704 2117 Qui
1724 2087 1834 2116 peccant
1853 2092 1901 2117 per
1914 2085 2038 2110 duritiam
2057 2087 2118 2110 sunt

1477 2129 1542 2156 aridi
1562 2129 1595 2155 Vl
1615 2129 1667 2154 305
1687 2128 1720 2154 14

1530 2173 1585 2199 Dux
1604 2187 1639 2192 -
1658 2173 1685 2198 in
1704 2173 1803 2205 proelio
1817 2180 1878 2199 eum
1893 2173 1952 2205 plus
1965 2173 2057 2204 diligit,
2071 2173 2117 2205 qui

1477 2220 1537 2250 post
1556 2219 1647 2250 sugam
1666 2224 1789 2243 reversus
1815 2218 1916 2243 hostem
1943 2217 2041 2243 sortiter
2060 2223 2118 2249 pre·

1478 2263 1538 2293 mit,
1557 2269 1637 2295 quam
1666 2268 1727 2287 eum
1755 2262 1800 2295 qui
1828 2268 1964 2294 nunquam
1984 2262 2050 2293 rugit
2073 2261 2118 2287 Vll

1478 2307 1529 2333 386
1552 2306 1584 2332 14

1534 2586 1570 2592 -
1589 2572 1753 2604 triumphans
1766 2571 1964 2604 significabatur
1986 2578 2033 2604 per
2056 2574 2121 2597 tem-

1482 2618 1554 2649 plum
1575 2618 1599 2642 in
1619 2617 1758 2642 Ierusalem
1780 2616 1811 2641 Vl
1833 2617 1882 2642 ⁴68
1903 2623 1930 2642 ν.
1949 2617 1963 2641 8
1983 2615 2121 2641 —'trium-

1482 2663 1565 2693 phans
1584 2666 1623 2687 est
1642 2661 1754 2693 figurata
1773 2660 1798 2686 in
1811 2661 1951 2686 ierusalem
1966 2660 2007 2685 vn
2021 2660 2072 2685 592
2089 2660 2121 2685 18

1481 2720 1517 2725 -
1535 2706 1602 2731 inter
1621 2706 1774 2731 militantem
1800 2708 1826 2730 et
1848 2705 2053 2736 triumphantem
2083 2708 2122 2729 est

1481 2750 1602 2776 distantia
1631 2753 1732 2781 septem
1760 2752 1873 2774 aetatum
1903 2752 1928 2774 et
1956 2752 2049 2776 octava
2068 2749 2122 2774 iam

1481 2795 1600 2820 inchoata
1620 2793 1681 2820 ibid.
1695 2807 1731 2813 —
1743 2793 1782 2819 Ad
1802 2793 2007 2825 triumphantem
2027 2799 2120 2824 perve-

1482 2840 1552 2864 nitur
1573 2838 1716 2864 sestinando
1729 2838 1763 2863 ad
1783 2837 1882 2863 bonum
1896 2839 1922 2863 et
1934 2837 2122 2869 triumphando

1482 2886 1570 2908 contra
1590 2883 1688 2907 malum
1709 2881 1770 2908 ibid.

1536 2940 1569 2945 —-
1588 2926 1622 2952 de
1641 2925 1764 2958 gentibus
1789 2928 1949 2957 congregata
1968 2929 2007 2951 est
2025 2931 2121 2957 sponsa

1483 2971 1577 2997 Christi
1597 2971 1630 2996 Vl
1650 2971 1702 2996 287
1722 2971 1755 2996 52
1775 2985 1811 2988 -
1829 2974 1869 2996 εει
1888 2977 1984 3002 sponsa
1997 2970 2064 3001 Agni
2078 2969 2122 2995 vn

1484 3015 1535 3041 386
1556 3015 1588 3040 13
1608 3028 1643 3034 -
1663 3015 1708 3040 Vir
1727 3015 1784 3040 eius
1798 3018 1836 3039 est
1849 3014 1967 3040 Christus
1987 3014 2038 3038 522
2058 3014 2073 3038 8
2087 3027 2123 3032 -

1483 3064 1522 3085 εει
1536 3066 1600 3085 uxor
1613 3058 1716 3090 Christi,
1729 3065 1797 3091 quae
1810 3065 1838 3084 se
1851 3057 2019 3090 praeparau't
2031 3057 2065 3083 ad
2078 3064 2125 3082 nu-

1484 3104 1551 3136 ptias
1571 3103 1622 3129 513
1642 3103 1674 3128 37
1695 3116 1730 3122 -
1748 3103 1906 3134 desponsata
1925 3105 1964 3127 est
1982 3101 2084 3127 Christo
2097 3101 2123 3126 in

1485 3148 1571 3174 carnis
1589 3147 1750 3173 assumtione
1769 3146 1803 3172 Vl
1823 3146 1874 3171 270
1896 3146 1928 3170 12
1947 3160 1982 3163 -
1995 3145 2124 3170 Matrimo-

1485 3193 1558 3218 nium
1578 3191 1672 3218 Christi
1691 3194 1716 3217 et
1733 3191 1861 3216 Ecclesiae
1874 3190 1901 3215 fit
1915 3190 1940 3215 in
1954 3188 2124 3214 tabernaculo

1486 3236 1615 3263 Ecclesiae
1634 3235 1685 3261 545
1706 3235 1720 3261 3
1739 3248 1775 3254 -
1793 3234 1933 3260 Ecclesiam
1954 3233 2049 3265 accipit
2062 3239 2127 3258 uxo·

1487 3288 1544 3307 rem
1570 3283 1598 3306 ut
1626 3281 1703 3305 trater
1731 3278 1824 3305 Christi
1848 3278 1893 3311 qui
1919 3277 1985 3309 gerit
2007 3277 2064 3301 eius
2082 3282 2130 3301 cu—

1488 3332 1553 3356 ram,
1567 3327 1595 3350 ut
1608 3326 1716 3356 generet
1729 3323 1795 3348 filios
1808 3322 1955 3354 spirituales
1970 3321 2010 3346 Vll
2025 3320 2075 3345 513
2091 3319 2123 3345 37
