2476 3921
745 219 939 254 COMMENT.
965 222 1002 254 IN
1027 221 1264 254 EVANGELIUM
1288 223 1405 255 LUCAE
1429 223 1460 255 C.
1486 224 1585 256 XVlil.

173 321 257 355 quae
279 315 327 345 est
351 311 447 344 totius
470 310 608 343 iustitiae
630 309 881 343 fundamentum.
907 309 993 342 Unde
1016 309 1132 351 Grego-

174 366 286 398 rius¹:
314 377 330 393 a
347 364 422 397 Eam
445 364 580 406 quippe,
604 372 699 405 quam
731 372 793 395 non
817 362 937 395 invenit
960 362 1131 401 humilem,

172 418 289 452 veritas
311 418 391 461 fugit
415 420 552 450 mentem
565 429 596 456 »3
621 420 652 449 et
675 416 790 449 iterum
815 415 915 448 idem:
944 427 959 444 «ι
977 415 1036 457 Qui
1066 415 1133 448 siue

173 471 349 504 humilitate
365 470 500 503 virtutes
514 472 683 511 congregat
700 468 789 511 quasi
814 469 977 510 pulverem
1002 469 1033 501 in
1058 477 1132 501 ven-

173 529 241 557 tum
277 527 437 566 portat»-
454 541 495 547 —
522 523 557 555 Et
579 523 655 565 quia
689 522 883 564 praesumtio
915 522 963 555 sui
989 521 1077 554 ducit
1101 521 1133 554 in

173 574 389 619 contemptum
414 576 570 618 proximi,
595 574 664 608 ideo
688 574 811 608 subdit:
839 575 878 606 Et
900 574 1134 616 aspernaban-

173 635 231 663 tar
253 634 393 668 ceteros,
417 632 573 671 quantum
598 628 637 660 ad
667 630 882 669 contemptum
915 628 1034 660 scilicet
1067 636 1133 660 me-

172 683 224 716 riti
248 682 358 722 alieni,
391 682 473 716 sicut
504 681 567 721 illi,
590 681 629 714 de
661 680 778 723 quibus
815 680 908 713 lsaiae
937 680 1133 723 sexagesimo

171 736 283 779 quinto
295 736 326 768 ²:
349 748 364 764 α
376 735 435 778 Qui
452 728 579 769 dicunt:
596 734 715 767 Recede
730 743 749 766 a
766 742 825 773 me,
842 743 882 767 ne
897 733 1133 776 appropinques

172 789 260 822 mihi.
286 789 337 822 isti
361 789 469 821 fumus
492 791 587 821 erunt
610 787 643 820 in
666 788 775 829 surore
800 795 887 825 me0‚
911 787 992 828 ignis
1019 786 1133 820 ardens

171 846 237 883 tota
259 842 309 876 die
324 855 355 874 ιο.
382 842 417 875 Et
439 842 509 875 ideo
532 841 572 874 ad
595 842 749 874 Romanos
771 840 892 873 decimo
915 843 1047 883 quarto:
1077 852 1092 868 α
1107 840 1134 872 ls

172 896 226 938 qui
258 895 426 928 manducat
456 904 518 928 non
554 894 796 927 manducantem
827 903 890 927 non
923 896 1069 935 spernat,
1102 896 1134 926 et

172 949 226 992 qui
251 958 313 982 non
345 944 515 982 manducat
546 948 786 981 manducantem
818 957 880 980 non
915 947 1032 980 iudicet
1048 959 1079 986 »;
1104 950 1135 979 et

173 1002 377 1036 Ecclesiastici
395 1001 578 1034 undecimo:
600 1014 615 1029 «ι
629 1001 818 1043 Nespernas
835 1000 996 1033 hominem
1014 1000 1045 1032 in
1062 999 1133 1032 visu

173 1065 241 1089 suo.
270 1055 379 1089 Brevis
408 1055 441 1088 in
465 1054 645 1088 volatilibus
668 1054 750 1096 apis,
774 1057 806 1087 et
837 1054 961 1086 initium
995 1050 1135 1086 dulcoris

173 1109 269 1142 habet
292 1109 417 1142 fructus
440 1108 509 1141 eius
524 1121 556 1140 ».
580 1101 628 1131 ——'
648 1107 690 1140 Aa
716 1108 773 1140 hos
797 1107 894 1149 igitur
922 1102 1008 1140 discit
1030 1116 1136 1149 para-

176 1162 282 1195 bolam
307 1162 406 1194 istam
435 1161 466 1194 in
502 1161 739 1193 detestationem
764 1160 932 1202 superbiae
956 1163 987 1192 et
1011 1159 1135 1192 laudem

174 1215 374 1255 humilitatis;
391 1214 475 1248 unde
491 1214 599 1247 Glossa
610 1214 641 1246 ³:
664 1226 680 1242 a
694 1214 725 1246 ln
744 1214 802 1246 hac
819 1213 968 1255 parabola
984 1213 1134 1253 ostendit,

173 1278 234 1302 non
258 1268 330 1301 fidei
356 1271 477 1301 tantum
491 1267 610 1307 verba,
628 1266 682 1299 sed
697 1274 794 1308 opera
810 1266 1034 1305 examinanda;
1052 1266 1135 1298 inter

135 1324 138 1326 ’
173 1331 255 1365 quae
278 1321 416 1354 maxime
441 1320 603 1353 humilitas
627 1324 752 1362 regnat,
776 1328 870 1361 quam
896 1319 971 1361 quia
994 1329 1056 1352 non
1081 1319 1137 1351 ha-

174 1376 249 1408 bent
272 1374 418 1417 superbi,
442 1374 481 1407 de
505 1382 563 1406 sua
585 1373 705 1406 iustitia
729 1376 968 1415 praesumentes
992 1376 1023 1405 et
1046 1372 1135 1405 infir-

174 1437 243 1462 mos
265 1427 489 1470 despicientes,
512 1427 601 1470 quasi
628 1426 688 1459 fide
712 1426 822 1464 vacui,
853 1435 925 1458 cum
949 1429 1059 1465 orant,
1083 1425 1137 1458 de-

175 1482 353 1524 spiciuntur
369 1490 399 1519 »a

268 1535 316 1567 15.
343 1534 443 1573 (Vers.
465 1534 541 1573 10.).
567 1533 709 1566 Secundo
732 1535 889 1575 quantum
916 1531 954 1564 ad
979 1531 1137 1564 conditio—

14 1595 232 1621 01¹erwnae.de·nes
250 1597 498 1631 personarum,
523 1587 562 1619 (Ie
585 1586 706 1630 quibus
730 1586 889 1628 loquitur,
914 1585 1037 1618 subdit:
1064 1585 1137 1617 Duo

34 1623 111 1654 quibus
127 1623 156 1643 lo-

54 1652 133 1677 quitur.

32 2398 160 2421 Notandum.

175 1641 321 1674 homines
345 1641 566 1673 ascmderunt
588 1640 625 1672 in
648 1639 824 1681 templum,
848 1643 885 1671 ut
906 1642 1063 1677 orarent,
1081 1647 1138 1680 per

175 1696 379 1728 intentionem
404 1693 598 1727 conformem
621 1696 653 1726 et
676 1693 770 1726 etiam
794 1692 993 1725 laudabilem.
1019 1691 1061 1724 Ad
1079 1691 1138 1724 hoc

174 1749 258 1782 enim
282 1748 434 1781 debemus
457 1747 489 1780 in
513 1745 921 1789 templum-conscendere,
946 1748 983 1777 ut
998 1753 1137 1783 oremus,

176 1801 350 1835 secundum
374 1800 452 1833 illud
475 1799 620 1834 Matthaei
644 1799 796 1841 vigesimo
819 1798 965 1840 prim04:
987 1810 1003 1826 α
1020 1797 1139 1830 Domus

177 1864 247 1888 mea
268 1854 381 1887 domus
403 1853 553 1886 orationis
577 1852 741 1885 vocabitur
757 1865 787 1883 n.
813 1851 899 1884 Unde
923 1851 1134 1893 Augustinus:

182 1922 198 1937 ιι
215 1909 309 1941 Nemo
333 1908 365 1940 in
387 1907 526 1940 oratorio
549 1905 668 1948 aliquid
691 1909 762 1948 agat
784 1905 844 1938 nisi
870 1896 1030 1943 illudsad
1054 1903 1138 1946 quod
1162 1945 1163 1948 Ἴ

177 1962 294 1995 factum
318 1965 383 2000 est,
407 1960 491 1993 unde
514 1962 546 1992 et
575 1968 689 1992 nomen
725 1958 890 2000 accepit».
915 1957 1001 1991 Unde
1025 1961 1056 1990 et
1079 1957 1139 1989 Do·
1156 1949 1162 1982 s

177 2015 283 2048 minus
305 2023 360 2047 eos
381 2013 435 2056 qui
459 2014 491 2046 in
508 2013 626 2055 templo
642 2022 703 2045 non
720 2012 870 2051 orabant,
887 2011 940 2044 sed
958 2008 1153 2044 mercaban-³

179 2071 247 2106 tur,
272 2066 362 2100 eiecit
396 2076 458 2099 non
494 2066 561 2099 sine
595 2065 764 2108 asperitate
796 2064 987 2103 verborum;
1018 2062 1144 2096 loannis

179 2120 361 2154 secund0⁶:
390 2133 406 2149 α
422 2120 542 2153 Inveni-t
566 2120 652 2152 lesus
674 2119 705 2151 iu
731 2118 847 2160 templo
870 2117 1042 2150 vendentes
1064 2118 1139 2150 oves

179 2178 211 2207 et
223 2174 319 2208 boves
330 2178 361 2207 et
373 2173 544 2213 columbas,
557 2169 831 2210 eunummu-tarios
847 2171 1000 2204 sedentes.
1015 2170 1051 2203 Et
1067 2176 1140 2203 cum

179 2227 303 2260 fecisset
326 2226 484 2269 flagellum
508 2226 548 2259 de
570 2225 736 2264 funiculis,
760 2223 869 2257 omnes
892 2224 983 2257 eiecit
1006 2223 1045 2256 de
1062 2226 1141 2256 tem-

181 2281 242 2322 plo.
268 2280 304 2313 Et
326 2280 408 2313 dixit
431 2280 493 2313 eis:
520 2279 644 2312 Auferte
668 2279 730 2311 ista·
758 2278 832 2311 hinc
855 2281 887 2310 et
919 2277 1014 2310 nolite
1037 2276 1141 2309 facere

180 2334 309 2367 domum
334 2333 434 2366 Patris
457 2332 517 2365 mei
548 2332 679 2365 domum
711 2330 930 2373 negotiationis
947 2342 977 2368 »;
1001 2333 1032 2363 et
1063 2330 1140 2369 hoc,

181 2388 256 2430 quia
277 2387 391 2420 domus
414 2386 466 2419 illa
488 2389 557 2419 erat
580 2385 693 2418 domus
708 2384 858 2417 orationis
870 2384 894 2416 ⁶.
913 2383 948 2416 Et
964 2387 1140 2425 propterea,

181 2444 219 2473 ut
235 2442 434 2483 competeret
457 2438 503 2478 ei,
540 2441 669 2480 propter
699 2437 785 2479 quod
819 2440 905 2475 erat,
931 2436 1000 2469 ideo
1023 2436 1054 2469 in
1078 2435 1141 2468 alto

182 2497 268 2533 erat,
291 2497 323 2526 et
347 2501 402 2535 per
437 2491 555 2534 gradus
586 2490 754 2524 ascendere
785 2489 967 2532 oportebat,
991 2488 1031 2521 ad
1066 2488 1141 2521 insi-

183 2546 363 2585 nuandum,
387 2545 472 2588 quod
495 2545 550 2587 qui
575 2544 643 2578 vult
665 2552 773 2582 orare,
796 2546 920 2585 oportet
935 2551 1063 2576 sursum
1080 2541 1142 2575 eri-

2089 228 2153 260 453

1196 318 1270 351 gere
1294 319 1337 343 se.
1362 310 1448 343 Unde
1472 314 1503 344 et
1534 311 1564 344 in
1601 312 1792 345 praefatione
1827 314 1960 346 dicitur:
1989 327 2005 342 α
2022 315 2155 347 Sursum

1197 363 1293 395 corda
1308 375 1339 402 »;
1364 366 1396 395 et
1418 363 1620 397 Bernardus⁷
1644 365 1736 404 dicit,
1760 366 1843 407 quod
1866 380 1881 394 α
1899 367 1970 399 licet
1986 367 2070 400 Deus
2087 368 2157 399 ubi-

1197 423 1260 457 que
1284 415 1338 454 sit,
1363 418 1465 448 tamen
1490 416 1522 448 in
1538 416 1679 449 oratione
1695 426 1822 450 sursum
1847 423 1894 451 est
1911 419 2104 460 cogitandus,
2121 423 2157 452 ut

1197 476 1325 501 sursum
1362 477 1416 500 cor
1446 473 1590 501 nostrum
1626 470 1813 502 elevetur».
1840 471 1871 503 ln
1908 471 1999 503 cuius
2022 472 2155 512 figuram

1199 520 1295 553 Exodi
1321 520 1470 563 vigesimo
1494 523 1608 563 quarto
1637 534 1653 550 α
1668 521 1749 554 dixit
1773 522 1923 555 Dominus
1948 523 1984 555 ad
2014 524 2156 564 Moysen:

1198 573 1335 607 Ascende
1370 573 1409 606 ad
1441 583 1490 607 ine
1526 574 1555 606 in
1582 578 1719 607 montem
1737 588 1767 607 ι».
1799 593 1839 599 —-
1865 576 1948 608 Licet
1980 580 2084 608 autem
2119 576 2158 608 ad
2178 588 2303 620 mannua

1198 636 1297 660 unum
1322 627 1525 659 consimiliter
1550 627 1714 660 tenderent
1737 628 1859 667 locum,
1878 629 1965 661 valde
1983 632 2084 661 tamen
2103 630 2158 661 ha·
2181 621 2300 663 mfflij'hln

1198 679 1314 712 bebant
1337 679 1544 712 differentiam
1581 689 1723 719 morum;
1755 684 1786 713 et
1816 680 1885 713 ideo
1909 681 2031 713 subdit:
2063 682 2154 714 Unus

1198 732 1428 772 Pharisaeus,
1453 737 1482 765 et
1505 733 1589 766 alter
1621 733 1842 775 publicanus,
1868 743 1924 776 per
1948 736 2158 767 conversatio-

1198 795 1269 818 nem
1294 786 1470 819 difformem
1484 786 1508 818 ⁸.
1532 786 1618 819 Unde
1654 787 1839 820 Pharisaeus
1863 791 2064 829 apparenter
2088 790 2156 820 erat

1199 839 1320 877 iustus,
1337 839 1412 881 quia
1430 838 1612 872 Pharisaei
1625 839 1811 884 dicebantur
1835 841 1923 882 quasi
1949 840 1988 872 ab
2011 840 2080 873 aliis
2105 841 2160 872 ha-

1199 892 1286 931 bitu,
1311 895 1402 934 gestu
1426 895 1457 925 et
1487 892 1696 925 observantiis
1726 892 1862 925 distincti
1888 896 2035 934 tanquam
2061 893 2160 934 ipsius

1199 945 1287 987 Legis
1310 945 1530 978 observatores
1545 946 1725 987 praecipui,
1742 946 1915 979 secundum
1933 947 2007 978 illud
2026 949 2158 979 Actuum

1199 998 1349 1040 vigesimo
1374 999 1508 1031 sext0⁹:
1538 1011 1553 1027 α
1571 999 1672 1032 Vitam
1698 1008 1797 1032 meam
1823 1009 1841 1031 a
1876 1000 2039 1032 iuventute
2064 1008 2158 1031 nove—

1199 1055 1276 1084 runt
1299 1061 1408 1085 omnes
1432 1052 1553 1092 ludaei,
1579 1053 1789 1094 praescientes
1815 1062 1863 1085 me
1879 1053 1919 1085 ab
1936 1053 2040 1092 initio,
2065 1053 2089 1085 si
2108 1061 2159 1085 ve-

1200 1105 1257 1138 lint
1280 1105 1494 1138 testimonium
1518 1106 1703 1148 perhibere,
1720 1106 1868 1148 quoniam
1893 1106 2065 1138 secundum
2091 1114 2159 1138 cer-

1199 1159 1350 1192 tissimam
1375 1163 1490 1192 sectam
1516 1163 1641 1192 nostrae
1665 1159 1824 1202 religionis
1849 1160 1912 1192 vixi
1932 1160 2157 1192 Pharisaeus».

1201 1213 1333 1245 Econtra
1357 1213 1543 1255 publicanus
1566 1217 1634 1245 erat
1647 1217 1800 1255 patenter
1825 1213 1936 1252 malus,
1955 1214 2029 1255 quia
2049 1212 2160 1254 puhli-

1200 1266 1487 1311 canidicebantur
1518 1270 1682 1299 exactores
1714 1267 1911 1308 vectigalium
1939 1267 2157 1308 publicorum,

1200 1320 1282 1352 sicut
1294 1329 1385 1361 saepe
1397 1320 1575 1361 expositum
1589 1317 1750 1358 est⁹3⁷unde
1763 1328 1860 1361 supra
1868 1320 1988 1352 decimo
1997 1320 2107 1361 quinto
2118 1320 2158 1351 ¹⁰:

1206 1385 1222 1401 «ι
1237 1372 1333 1404 Erant
1356 1372 1644 1414 appropinquantes
1675 1371 1713 1404 ad
1738 1372 1837 1404 lesum
1856 1372 2011 1413 publicani
2038 1375 2068 1404 et
2086 1380 2160 1412 pec-

1200 1428 1340 1464 catores,
1364 1428 1400 1457 ut
1423 1424 1569 1457 audirent
1584 1425 1682 1457 illum.
1709 1425 1745 1456 Et
1768 1424 2011 1456 murmurabant
2039 1424 2160 1457 scribae

1201 1480 1232 1510 et
1256 1478 1445 1510 Pharisaei»
1474 1481 1532 1510 etc.
1558 1478 1667 1519 Magna
1697 1478 1794 1520 igitur
1825 1477 2000 1510 differentia
2031 1481 2078 1509 est
2114 1477 2161 1508 in-

1202 1535 1250 1564 ter
1276 1531 1476 1564 Pharisaeum
1493 1534 1524 1564 et
1540 1531 1742 1573 publicanum
1764 1534 1918 1572 quantum
1940 1530 1978 1562 ad
1995 1539 2162 1572 apparen-

1203 1584 1305 1624 tiam,
1329 1593 1443 1627 magna
1466 1584 1558 1617 etiam
1583 1588 1736 1626 quantum
1766 1583 1805 1616 ad
1835 1584 2062 1622 existentiam,
2088 1584 2163 1625 quia

1202 1638 1390 1671 Pharisaeus
1413 1646 1469 1680 per
1498 1638 1708 1680 arrogantiam
1745 1646 1833 1670 suam
1870 1637 2019 1670 iustitiam
2049 1636 2163 1669 labefa-

1202 1692 1324 1730 ctabat,
1349 1695 1380 1724 et
1404 1691 1592 1733 publicanus
1626 1700 1683 1733 per
1719 1691 1938 1733 poenitentiam
1965 1699 2053 1723 suam
2078 1690 2160 1722 iniu-

1203 1745 1320 1778 stitiam
1343 1744 1551 1786 expurgabat.
1578 1744 1647 1777 Ideo
1671 1744 1814 1777 Matthaei
1847 1744 1998 1786 vigesimo
2021 1743 2123 1785 primo
2137 1743 2162 1761 ¹¹

1202 1798 1318 1831 dicitur
1343 1793 1533 1830 Pharisae'is:
1564 1810 1578 1826 «
1597 1797 1754 1830 Publicani
1780 1800 1811 1830 et
1834 1797 2016 1830 meretrices
2040 1805 2164 1838 praece-

1174 1862 1177 1870 ¹
1202 1851 1278 1885 dent
1301 1860 1357 1883 vos
1380 1851 1411 1883 in
1437 1858 1569 1892 regnum
1596 1850 1649 1883 Dei
1664 1863 1694 1882 n.
1717 1850 1778 1882 Hoc
1801 1853 1907 1882 autem
1938 1850 2053 1882 dicitur
2086 1850 2164 1881 Pha-

1203 1903 1313 1937 risaeis
1344 1912 1405 1936 non
1442 1903 1529 1942 ideo,
1553 1903 1628 1945 quia
1659 1902 1851 1944 apparebant
1886 1902 1977 1940 boni,
2010 1902 2062 1934 sed
2088 1902 2162 1944 quia

1203 1960 1294 1990 erant
1316 1959 1420 1989 mente
1444 1956 1591 1998 superbi;
1616 1959 1746 1997 propter
1762 1955 1846 1997 quod
1863 1955 1979 1987 dicitnr
1995 1963 2092 1996 supra
2109 1954 2163 1987 de-

1204 2011 1285 2044 cimo
1308 2013 1399 2043 sexto
1412 2010 1458 2042 ¹2:
1489 2022 1504 2038 <r
1521 2009 1582 2042 Vos
1605 2009 1697 2047 estis,
1715 2008 1768 2050 qui
1786 2008 1960 2041 iustificatis
1984 2017 2039 2040 vos
2055 2016 2160 2040 coram

1204 2063 1401 2102 hominibus,
1418 2063 1502 2096 Deus
1517 2065 1622 2095 autem
1641 2061 1726 2094 novit
1742 2061 1836 2107 corda
1852 2064 1970 2099 vestra,
1988 2061 2062 2103 quia
2078 2060 2162 2102 quod

1204 2117 1304 2149 altum
1321 2119 1369 2148 est
1384 2115 1468 2157 apud
1485 2114 1627 2147 homines
1643 2113 1831 2146 abominatio
1847 2117 1894 2146 est
1910 2112 1992 2155 apud
2014 2113 2113 2145 Deum
2130 2126 2160 2144 ».

1298 2170 1347 2201 16.
1373 2167 1583 2201 Pharisaeus
1614 2171 1724 2199 autem
1747 2171 1841 2200 stans
1854 2166 1881 2186 ¹³
1910 2170 1967 2199 etc.
1993 2167 2160 2208 Postquam
2189 2179 2263 2210 Quoad
2278 2186 2327 2201 000-

1204 2221 1370 2263 descripsit
1394 2220 1586 2253 conditiones
1610 2225 1815 2261 personarum
1840 2219 2017 2257 orantium,
2039 2219 2090 2251 hic-
2114 2226 2162 2251 se-
2176 2208 2329 2259 ξέἓῖᾓξὲξζ

1205 2274 1308 2308 cundo
1323 2273 1472 2306 describit
1487 2272 1687 2305 conditiones
1703 2272 1894 2304 orationum
1909 2272 1944 2303 ¹⁴.
1963 2271 1998 2303 Et
2014 2270 2163 2303 describi—
2178 2262 2212 2281 ‘⁸¹‘
2226 2259 2276 2281 ‘¹¹¹⁰'

1205 2332 1258 2361 tur
1284 2327 1334 2360 hic
1359 2327 1460 2369 primo
1492 2325 1627 2358 conditio
1662 2325 1764 2367 precis
1794 2334 1833 2357 ex
1863 2330 1959 2366 parte
1985 2322 2164 2356 Pharisaei

1204 2379 1442 2423 superbientis;
1466 2378 1618 2417 secundo,
1642 2387 1682 2411 ex
1696 2382 1794 2420 parte
1805 2376 1980 2419 publicani
2002 2386 2035 2408 se
2051 2376 2163 2418 ipsum

1204 2432 1431 2471 humiliantia,
1456 2431 1552 2464 ihi¹⁶:
1579 2432 1619 2464 Et
1639 2430 1839 2473 publicanus
1863 2439 1885 2462 a
1908 2429 2000 2472 tonye
2023 2434 2127 2461 stans.

1295 2486 1368 2519 Tria
1391 2488 1497 2518 autem
1521 2484 1722 2517 insinuantur
1746 2484 1778 2516 in
1794 2484 1890 2516 modo
1911 2483 2034 2515 orandi
2057 2482 2163 2525 ipsius
2183 2498 2213 2520 υ,
2230 2498 2329 2519 “anone

1206 2539 1407 2578 Pharisaei,
1431 2539 1463 2571 in
1492 2538 1609 2581 quihus
1640 2536 1858 2571 manifestatur
1886 2537 2064 2579 arrogantia
2088 2544 2163 2568 suae
2197 2526 2309 2572 P'issi'ff‘*

257 2725 266 2740 ¹
287 2725 356 2752 Libr.
376 2726 394 2752 Ι.
411 2725 506 2751 nomn.
525 2725 550 2751 iu
569 2725 669 2757 Evang.
689 2724 778 2750 homii.
799 2724 850 2749 48.
874 2731 898 2755 n,
918 2723 948 2756 5;
972 2722 1036 2749 ibid.
1056 2722 1146 2748 homil.

185 2770 212 2797 7.
233 2778 259 2797 n.
279 2770 304 2796 4.
326 2770 436 2796 habetur
455 2777 510 2803 seq.
529 2770 663 2796 sententia.
1029 2766 1032 2776 ¹
1088 2775 1091 2778 ·

190 2810 199 2811 ’
257 2815 268 2832 ²
290 2816 361 2841 vers.
382 2815 407 2840 5.
426 2828 462 2833 —
481 2812 538 2840 Duo
557 2821 630 2847 seqq.
650 2813 701 2840 loci
725 2816 787 2839 sunt
814 2813 891 2839 Rom.
912 2812 961 2843 ⁴4,
981 2812 1005 2837 3.
1025 2814 1050 2837 et
1069 2811 1144 2837 Eceli.

188 2860 235 2891 11,
254 2860 279 2885 2.
297 2866 353 2892 seq.

194 2901 197 2902 ⁷
257 2901 269 2916 ⁸
288 2903 391 2928 Scilicet
409 2901 551 2928 ordinaria
571 2901 613 2934 (ex
631 2902 712 2934 Beda)
734 2901 759 2927 in
778 2901 840 2927 Luc.
861 2901 908 2932 18,
932 2901 977 2926 1οε
992 2901 1018 2926 ln
1038 2901 1086 2925 hac
1100 2906 1145 2931 pa-

187 2946 278 2973 rabola
297 2946 450 2981 diligentius
468 2944 582 2972 ostendit
593 2953 611 2972 a
624 2947 683 2972 Deo·
691 2953 744 2971 non
759 2945 823 2971 fidei·
833 2945 930 2976 verba,
943 2945 989 2971 sed
1004 2951 1083 2977 opera
1098 2947 1146 2970 etc.

187 3005 223 3011 —
240 2991 367 3024 superius
385 2997 434 3023 pro
453 2989 495 3017 Ad
512 2990 560 3017 hos
580 2990 689 3016 ACDF
707 2989 750 3016 Ad
767 2989 825 3017 hoc.
1047 3024 1048 3028 Ἰ

258 3034 269 3049 ⁴
289 3036 364 3062 Vei-s.
385 3036 425 3061 13.
444 3049 480 3054 -
499 3035 628 3061 Sententia
656 3036 767 3066 August.
796 3033 907 3060 habetur
935 3034 960 3059 in
985 3034 1084 3065 Regula
1113 3033 1146 3059 ad

188 3087 281 3106 servos
301 3080 360 3112 Dei,
380 3088 407 3106 n.
426 3081 451 3106 3.

260 3123 272 3139 ³
291 3125 365 3151 Vera.
390 3124 472 3151 14-16.
486 3138 523 3144 -
535 3124 662 3156 Superius
677 3130 727 3156 pro
739 3122 884 3157 asperitate
902 3122 1048 3149 verberim
1065 3121 1084 3148 C
1095 3122 1116 3148 D
1126 3122 1147 3147 G

188 3168 332 3202 asperitate
350 3168 501 3195 verberum.
1138 3173 1142 3174 ⁷

260 3210 272 3226 ⁶
291 3213 378 3238 Matth.
391 3205 426 3238 ’21
439 3231 447 3243 ,
470 3213 514 3239 13:
533 3213 665 3245 Scriptum
684 3215 723 3239 est
743 3211 810 3246 [lsai.
832 3212 880 3243 56,
900 3210 952 3245 7.]:
972 3211 1071 3236 Domus
1089 3217 1145 3236 mea

170 3294 173 3298 .
190 3257 286 3283 domus
304 3256 429 3283 orationis
447 3256 594 3283 vocabitur.

262 3300 272 3315 '¹
292 3302 376 3329 Serm.
394 3301 436 3327 25.
456 3301 490 3327 de
509 3301 637 3334 Diversis,
657 3308 684 3327 n.
703 3302 735 3328 8:
748 3302 841 3332 Porro,
854 3299 977 3333 quamvis
997 3297 1096 3332 ubique
1115 3299 1148 3324 sit

191 3346 274 3376 Deus,
293 3346 318 3371 in
337 3345 409 3371 caelo
427 3348 513 3381 tamen
532 3345 649 3372 orandus
666 3348 706 3371 est
724 3336 814 3378 ibique
832 3344 957 3370 orationis
976 3347 1093 3375 tempore
1106 3349 1147 3368 co-
1182 3341 1184 3344 ”

192 3391 329 3424 gitandus,
349 3395 376 3417 ut
395 3397 468 3416 mens
487 3394 573 3423 nostru
594 3397 648 3416 non
666 3389 772 3416 oratorii
792 3392 873 3422 tecto,
891 3395 943 3414 uon
963 3387 1030 3413 aeris
1049 3387 1146 3419 spatio,

1209 2728 1259 2747 non
1279 2720 1335 2752 ipsa
1355 2719 1500 2745 retardetur
1519 2717 1629 2743 nubium
1650 2717 1791 2747 densitate,
1805 2716 1872 2742 iuxta
1893 2723 1950 2742 eam
1966 2717 2086 2746 sormam,
2100 2722 2168 2747 quae

1181 2776 1183 2779 ·
1210 2764 1288 2790 nobis
1308 2771 1323 2788 a
1342 2754 1449 2789 Christo·
1463 2762 1555 2787 tradita
1575 2764 1627 2793 est,
1647 2760 1691 2786 ubi
1711 2761 1746 2786 ait
1775 2760 1873 2794 [Matth.
1893 2761 1922 2791 6,
1942 2759 1996 2794 9.]:
2015 2759 2060 2786 Sic
2079 2757 2168 2785 orabi-

1211 2808 1262 2835 tis:
1282 2809 1363 2834 Pater
1382 2808 1482 2838 noster,
1502 2805 1550 2839 qui
1566 2812 1593 2831 es
1613 2805 1640 2831 in
1660 2804 1750 2831 caelis.
1764 2805 1812 2830 Pro
1826 2804 1942 2831 elevetur
1967 2804 1986 2830 C
1998 2804 2081 2829 DGH
2102 2803 2168 2829 leve-

1211 2855 1265 2880 tur.
1286 2866 1319 2871 —
1339 2851 1455 2877 Subinde
1474 2851 1601 2881 allegatur
1620 2849 1699 2875 Exod.
1719 2849 1768 2881 24,
1789 2850 1830 2874 12.

1281 2894 1292 2909 ⁸
1311 2895 1402 2921 Glossa
1431 2892 1632 2920 iutwlinearis:
1664 2893 1723 2919 Duo
1752 2892 1873 2919 homines
1901 2891 2082 2919 aseenderzmt
2109 2895 2167 2923 etc„

1211 2944 1321 2973 uterque
1340 2939 1435 2970 tidelis,
1455 2938 1499 2964 sed
1521 2945 1589 2963 unus
1608 2936 1782 2967 verbotenus,
1801 2937 1867 2962 alius
1887 2940 1912 2962 et
1932 2937 2006 2962 racto.

1282 2983 1293 2998 ⁹
1313 2984 1387 3008 versz.
1414 2982 1437 3007 4.
1466 2985 1491 3007 et
1510 2982 1535 3006 5.
1553 2994 1588 3000 -
1608 2981 1645 3006 De
1673 2981 1817 3006 pharisaeis
1845 2981 1891 3006 cir.
1910 2986 1989 3011 supra
2009 2986 2071 3011 pag.
2104 2979 2167 3009 123,

1211 3032 1271 3055 nota
1291 3028 1316 3053 9.

1283 3073 1305 3088 ¹⁰
1327 3074 1399 3099 Vers.
1420 3072 1444 3097 ⁴.
1471 3078 1525 3104 seq.
1545 3084 1581 3089 —-
1600 3071 1637 3096 De
1657 3069 1802 3102 publicanis
1829 3071 1875 3095 cfr.
1903 3076 1983 3100 supra
2013 3075 2074 3100 pag.
2103 3068 2168 3097 382,

1215 3122 1276 3145 nota
1296 3120 1326 3150 2,
1347 3118 1390 3143 ubi
1411 3117 1451 3142 alii
1470 3116 1532 3147 loci,
1552 3116 1577 3141 in
1597 3114 1695 3148 quibus
1713 3115 1747 3140 de
1767 3115 1830 3146 ipsis
1855 3114 1955 3146 agitur,
1977 3112 2081 3138 indicati
2100 3115 2169 3137 sunt.

1282 3163 1303 3177 ¹¹
1326 3163 1398 3188 Vers.
1419 3162 1461 3186 31.
1479 3174 1514 3179 -
1534 3160 1660 3192 Superius
1689 3165 1738 3191 pro
1756 3165 1857 3191 ‘mayna
1886 3157 1965 3183 etlam
1995 3157 2051 3181 Vat.
2080 3155 2168 3181 maior

1211 3208 1308 3239 etiam,
1328 3210 1353 3232 et
1372 3213 1420 3238 pro
1440 3203 1617 3238 labefiictabat
1635 3204 1691 3235 ipsa
1711 3202 1844 3229 substituit
1863 3199 2042 3234 taloesaciebat.

1283 3251 1305 3266 ¹⁹
1325 3252 1398 3276 Vers.
1420 3251 1428 3275 vt
1437 3250 1460 3275 5.

1284 3294 1305 3310 ¹⁸
1325 3295 1377 3321 Cir.
1396 3301 1474 3331 supra
1495 3299 1556 3325 pag.
1576 3292 1641 3324 452,
1660 3294 1720 3317 nota
1742 3292 1782 3317 10.

1284 3339 1306 3354 ¹¹
1326 3339 1393 3365 Vide
1412 3345 1490 3370 supra
1511 3345 1535 3363 n.
1556 3338 1599 3362 ⁴¹3.

1283 3383 1306 3398 ¹⁵
1326 3384 1399 3409 Vers.
1423 3383 1463 3408 ¹3.
