2476 3921
19 560 49 582 Do
62 558 139 587 primo.

0 1195 139 1244 '⁰⁰⁹1¹31¹...¹¹¹²'

752 245 947 278 COMMENT.
971 245 1008 278 ΙΝ
1032 244 1271 278 EVANGEMUM
1294 246 1412 279 LUCAE
1435 247 1468 281 C.
1495 249 1554 280 xll.

161 334 331 377 proliciunt
355 334 386 366 in
412 334 522 376 peius,
544 333 615 367 ideo
638 333 742 375 primo
757 332 972 375 praemittitur
988 332 1124 366 commi-

160 387 252 420 natio
274 385 459 430 gehennae,-
482 386 620 420 secundo
643 390 720 420 vero
742 386 925 429 adiungitur
945 385 1123 419 obduratio

160 440 334 483 nequitiae.

249 492 353 526 Primo
376 493 473 535 igitur
496 495 652 535 quantum
675 492 715 525 ad
738 492 1026 525 comminationem
1046 501 1122 534 poe-

159 555 222 580 nae
245 550 374 589 propter
397 546 554 579 defectum
580 545 720 579 veritatis
742 545 904 578 doctrinae
927 545 1019 578 dicit:
1061 545 1122 577 Vae

159 596 250 632 vobis
281 599 495 642 legisperitis!
526 599 610 643 qui²
643 598 766 631 tulistis
789 598 914 631 clavem
943 597 1121 637 scientiae,

159 652 276 686 scilicet
298 655 452 695 quantum
473 651 512 685 ad
535 651 675 685 officium
691 651 931 693 dispensationis
949 651 1119 684 doctrinae.

158 705 237 738 llaec
260 708 366 738 autem
389 704 486 744 clavis
509 704 724 747 principaliter
754 707 802 737 est
824 704 940 737 Christi
969 707 1120 746 tanquam

158 758 272 792 summi
296 758 454 792 doctoris:
487 771 503 787 «ι
528 758 613 791 Unus
643 761 691 790 est
713 757 797 790 enim
829 757 978 799 magister
1005 760 1120 796 vester,

157 811 302 844 Christus
317 824 349 850 n,
366 810 540 844 secundum
556 810 642 853 quod
664 810 780 843 dicitur
800 806 946 843 Matthaei
970 810 1121 853 vigesimo

158 865 286 899 tertio&
312 865 347 897 Et
377 864 416 898 de
439 865 498 897 hac
522 864 616 897 Isaiae
640 864 789 906 vigesimo
812 863 967 897 secundo:
996 876 1012 893 α
1034 864 1122 897 Dabo

158 919 287 952 clavem
305 918 418 951 domus
441 918 538 951 David
563 926 659 960 super
684 918 854 950 humerum
877 917 961 956 eius,
984 921 1016 950 et
1046 926 1120 959 ape-

159 971 219 1005 riet
234 985 250 1001 »
271 976 330 1004 etc.
351 971 434 1004 Hanc
451 971 588 1004 tulerant
605 970 740 1010 scribae,
765 970 964 1009 simulantes,
985 979 1018 1003 se
1035 974 1120 1003 recte

157 1025 285 1064 docere;
309 1024 363 1058 sed
381 1027 486 1057 tamen
509 1033 572 1057 non
596 1027 682 1057 recte
697 1023 866 1063 docebant,
882 1023 957 1066 quia
981 1024 1119 1066 neglige-

158 1078 233 1112 bant
256 1087 289 1112 se
312 1078 397 1121 ipsos
419 1080 451 1111 et
473 1077 685 1119 impediebant
707 1077 794 1110 alios.

193 1147 196 1149 ·
237 1133 322 1165 400.
348 1132 479 1174 Propter
502 1130 586 1173 quod
615 1130 738 1164 subdit:
764 1130 835 1173 Ipsi
858 1140 924 1163 non
954 1130 1119 1164 introistis

157 1190 185 1219 et
201 1195 255 1219 eos
277 1185 337 1229 qui
351 1184 550 1223 introibant,
571 1183 802 1227 prohibuistis.
821 1184 879 1226 lpsi
900 1193 1037 1226 namque
1052 1193 1119 1216 non

157 1238 358 1277 introibant,
383 1238 475 1281 quia,
507 1237 583 1276 licet.
610 1237 764 1271 haberent
793 1238 905 1276 verba,
937 1247 999 1270 non
1024 1237 1119 1270 habe-

157 1293 232 1326 bant
255 1292 352 1331 facta;
377 1291 460 1325 unde
489 1294 619 1334 poterat·
635 1290 680 1324 eis
709 1290 770 1324 dici
795 1291 873 1324 illud
903 1291 941 1324 ad
967 1292 1119 1324 Romanos

156 1345 294 1379 secundo
308 1345 338 1377 ⁸.-
367 1357 383 1373 α
400 1344 459 1386 Qui
483 1344 561 1377 alios
575 1344 678 1377 doces
692 1348 723 1377 te
739 1344 842 1386 ipsum
861 1354 923 1377 non
939 1344 1046 1383 doces;
1063 1344 1118 1386 qui

154 1398 316 1441 praedicas
356 1406 417 1431 non
442 1397 627 1432 vfurandum
663 1397 833 1430 furaris-n.
872 1397 907 1429 Et
941 1397 1016 1439 quia
1053 1397 1119 1429 sola

156 1451 254 1484 verba
277 1451 449 1490 habebant,
474 1450 605 1484 intrare
624 1460 691 1483 non
710 1454 866 1493 poterant
873 1462 885 1489 ,·
908 1450 1053 1483 Matthaei
1071 1459 1119 1483 se-

154 1505 296 1547 ptimo⁴:
327 1518 342 1534 α
358 1504 424 1538 Non
447 1504 565 1544 omnis,
589 1504 644 1547 qui
668 1504 744 1537 dicit
766 1504 863 1536 mihi:
888 1504 1037 1542 Domine,
1058 1503 1119 1536 Do-

155 1552 256 1598 mine,
284 1558 414 1591 intrabit
437 1558 468 1591 in
495 1567 627 1600 regnum
644 1558 803 1591 caelorum
822 1571 837 1586 υ
866 1561 941 1596 etc.;
963 1557 1033 1590 ideo
1055 1566 1118 1590 non

155 1621 212 1655 per
228 1612 293 1645 sola
310 1611 406 1645 verba
421 1611 598 1651 intrabant;
615 1615 647 1644 et
666 1611 752 1644 alios
775 1611 876 1644 etiam
899 1610 1120 1654 impediebant

154 1674 212 1707 per
229 1665 310 1698 mala
325 1665 485 1707 exempla;
502 1664 586 1698 unde
602 1664 799 1697 verificatum
813 1667 861 1697 est
876 1663 954 1697 illud
971 1664 1118 1697 {eremiae

154 1718 458 1761 quinquagesimo⁶:
484 1731 499 1747 «ι
516 1718 603 1751 Grex
627 1717 769 1760 perditus
793 1718 895 1750 factus
910 1721 957 1750 est
982 1717 1118 1759 populus

154 1781 264 1811 meus;-
285 1776 428 1814 pastores
443 1772 642 1805 seduxerunt
664 1780 719 1804 eos
735 1784 766 1808 ι»,
783 1771 900 1804 scilicet
916 1780 934 1803 a
951 1775 1037 1814 recta
1052 1771 1117 1810 via,

154 1825 204 1858 vel
227 1825 328 1858 malis
350 1824 524 1867 exemplis,
549 1824 598 1857 vel
612 1823 713 1866 fatsis
736 1823 918 1863 doctrinis‘,
942 1823 1116 1857 secundum

153 1877 231 1911 illud
255 1878 454 1911 Threnorum
480 1877 634 1910 secundo:
664 1889 680 1905 α
702 1876 875 1918 Prophetae
899 1876 945 1909 tui
969 1876 1118 1909 viderunt

154 1930 232 1963 falsa
255 1931 309 1964 tibi
334 1934 366 1964 et
389 1930 486 1963 stulta
512 1939 570 1963 nec
592 1929 775 1972 aperiebant
798 1928 996 1972 iniquitatem
1029 1933 1117 1962 tuam

153 1983 226 2024 tibi,
242 1987 279 2017 ut
303 1987 333 2017 te
348 1983 388 2017 ad
411 1983 633 2026 poenitentiam
650 1986 875 2025 provocarent;
897 1982 1045 2015 viderunt
1060 1991 1117 2015 au—

154 2037 219 2071 tem
237 2037 289 2071 tibi
310 2037 519 2071 assumtiones
533 2036 626 2069 falsas
641 2039 673 2069 et
688 2036 855 2069 electiones
866 2047 903 2075 »3
919 2036 994 2078 quia.
1006 2045 1048 2069 ex
1063 2036 1118 2069 fal-

154 2090 198 2123 sis
220 2090 467 2123 assumtionibus
496 2089 562 2122 fere
592 2097 702 2122 omnes
732 2088 940 2122 conscientiae
966 2088 1116 2121 distortae

154 2142 350 2183 formantur,
381 2152 438 2185 per
461 2152 541 2185 quas
571 2142 714 2175 homines
736 2151 756 2175 a
778 2151 876 2184 regno
906 2142 962 2175 Dei
985 2142 1116 2175 eiiciun-

2086 251 2150 283 309

1188 333 1300 365 musss:
1331 347 1346 362 α
1363 335 1427 367 Lex
1459 338 1490 368 et
1513 336 1686 377 Prophetae
1709 337 1823 370 Christi
1856 338 2028 371 adventum
2052 339 2151 371 mani-

1186 386 1265 419 feste
1288 387 1527 429 praedicabant,
1551 389 1605 421 sed
1630 390 1710 423 hanc
1734 390 1859 423 ianuam
1877 392 2053 425 intellectus
2077 401 2148 434 pra÷

1186 439 1234 471 vis
1257 440 1508 482 expositionibus
1531 442 1718 475 claudebant
1734 455 1768 482 »;
1793 448 1824 476 et
1848 444 1916 477 ideo
1941 445 2149 486 prohibebant

1186 492 1323 531 intrare,
1349 494 1524 526 revocando
1548 504 1566 526 a
1590 495 1639 527 via
1663 496 1803 529 veritatis
1826 498 1972 539 exemplo
1995 502 2026 530 et
2042 499 2147 531 verbo.

1185 545 1366 586 Quocontra
1382 546 1625 580 proverbiorum
1642 549 1752 581 tertio:
1775 562 1790 577 α
1808 550 1872 582 Noli
1891 551 2060 591 prohibere
2075 560 2147 584 eum

1185 598 1369 632 benefacere
1392 599 1446 641 qui
1472 604 1590 641 potest;
1615 601 1639 633 si
1665 606 1770 642 potes,
1794 606 1825 635 et
1850 603 1914 644 ipse
1938 603 2066 636 benefac
2083 618 2112 635 ι.

1278 653 1349 684 101.
1382 653 1483 693 (Vers.
1514 653 1590 693 53).
1619 654 1761 686 Secundo
1792 659 1945 696 quantum
1978 656 2015 688 ad
2049 656 2148 688 obdu-

1185 704 1351 737 rationem
1374 705 1540 749 nequitiae
1563 706 1727 739 subditur:
1754 706 1837 738 Cum
1862 711 1972 739 autem
1996 706 2075 740 liaeo
2103 708 2149 740 ad

1185 756 1258 790 illos
1273 757 1412 797 diceret,
1437 763 1611 801 coeperant
1631 758 1810 792 Pharisaei
1824 763 1852 792 et
1875 760 2054 802 legisperiti
2071 771 2150 803 ⁴qra->

1184 810 1267 842 viter
1282 810 1451 849 insistere,-
1475 811 1505 843 in
1527 821 1591 853 quo
1610 812 1794 850 ostendunt,
1818 821 1872 844 cor
1889 822 1983 845 suum
2004 822 2072 845 esse
2096 813 2149 845 ob⁴
2167 819 2294 869 ‘'affligu-

1184 863 1348 896 duratum
1371 868 1401 896 et
1434 869 1684 908 ayyravatum,
1719 865 1873 898 audiendo
1905 866 2037 898 verbum
2069 866 2148 899 divi—

1184 926 1282 955 num;
1314 920 1350 950 ut
1381 918 1582 958 ostendatur,
1615 919 1645 951 in
1677 919 1722 952 eis
1745 928 1813 952 esse
1843 920 2037 952 verificatum
2070 920 2148 953 illud

1185 970 1279 1003 Isaiae
1302 971 1437 1004 sext0⁷:
1468 984 1483 1000 α
1500 972 1638 1005 Excaeca
1659 981 1714 1005 cor
1739 973 1843 1014 populi
1867 973 1963 1006 huius
1985 977 2016 1006 et
2039 974 2148 1006 oculos

1183 1023 1252 1056 eius
1275 1024 1386 1057 claude
1410 1028 1442 1057 et
1462 1034 1558 1058 aures
1580 1025 1650 1058 eius
1672 1034 1808 1067 aggrava
1825 1038 1859 1063 »;
1877 1030 1908 1058 et
1932 1026 2075 1059 Matthaei
2092 1026 2146 1059 de—

1183 1077 1264 1109 cimo
1282 1071 1399 1110 ‘tei-tio:
1428 1078 1669 1111 «incrassatum
1693 1081 1741 1111 est
1763 1087 1818 1111 cor
1844 1079 1947 1121 populi
1973 1079 2086 1117 huius,
2115 1083 2146 1112 et

1182 1130 1315 1163 auribus
1338 1131 1478 1172 graviter
1501 1131 1672 1164 audierunt
1695 1145 1726 1164 υ.
1759 1151 1803 1156 -
1834 1132 1894 1165 Nec
1925 1136 2045 1165 tantum
2077 1137 2146 1165 erat

1182 1184 1213 1216 in
1238 1183 1283 1216 eis
1314 1183 1498 1223 obduratio,
1527 1184 1581 1217 sed
1613 1185 1763 1217 veritatis
1798 1185 2030 1228 impuynatio;
2061 1186 2144 1219 unde

1182 1236 1309 1269 subdit:
1334 1237 1373 1268 Et
1397 1246 1433 1269 os
1463 1237 1535 1269 eius
1565 1237 1751 1279 opprimere
1774 1237 1812 1270 de
1835 1238 1967 1276 mullis,
1991 1239 2080 1281 quasi
2109 1248 2144 1271 os

1182 1289 1259 1322 illud
1285 1289 1528 1325 mundissimum
1547 1290 1686 1325 locutum
1708 1295 1791 1331 esset
1806 1292 1922 1324 malum
1948 1292 1994 1324 vel
2020 1292 2142 1325 salsum.

1183 1343 1268 1376 Unde
1291 1342 1488 1375 verificatum
1506 1347 1553 1376 est
1577 1343 1654 1376 illud
1677 1346 1768 1377 Amos
1784 1345 1895 1387 quinto
1908 1345 1936 1377 ⁸:
1963 1359 1977 1373 ιι
1995 1345 2072 1378 Odio
2089 1346 2144 1378 ha-

1182 1396 1322 1428 buerunt
1345 1396 1567 1438 corripientem
1584 1396 1616 1429 in
1641 1401 1730 1439 porta
1753 1402 1784 1430 et
1802 1399 1982 1440 loquentem
2007 1399 2144 1440 perfecte

1182 1449 1351 1482 abominati
1374 1453 1449 1482 sunt
1465 1461 1500 1489 »;
1517 1453 1548 1483 et
1564 1449 1632 1482 ideo
1658 1450 1898 1484 Proverbiorum
1923 1460 2021 1483 nono:
2052 1464 2067 1480 α
2084 1451 2144 1492 Qui

1183 1556 1319 1589 vertitur
1342 1556 1381 1588 ad
1405 1556 1545 1589 convicia
1568 1561 1697 1599 propter
1718 1557 1880 1590 veritatem
1903 1558 2053 1590 auditam.

1276 1611 1347 1643 102.
1373 1610 1473 1650 (Vers.
1500 1610 1577 1651 54).
1604 1610 1639 1643 Et
1669 1609 1744 1653 quia
1773 1620 1835 1643 non
1867 1611 1983 1644 sufficit
2006 1612 2143 1644 obstina-

1182 1667 1232 1697 tae
1255 1664 1391 1696 malitiae
1414 1664 1581 1697 conviciari
1606 1673 1700 1706 quem
1724 1664 1803 1703 odit,
1828 1664 1882 1698 sed
1906 1665 1999 1698 etiam
2031 1661 2143 1698 nititur

1167 1717 1355 1759 ‚machinari
1387 1717 1426 1750 ad
1457 1717 1568 1750 mortis
1599 1717 1784 1757 interitum;
1818 1722 1983 1760 propterea
2015 1719 2142 1752 subdit:

1182 1770 1384 1803 lnsidiuntes
1407 1770 1438 1803 ei
1459 1775 1488 1803 ct
1503 1776 1696 1814 quaerentes
1719 1771 1850 1815 aliquid
1865 1782 1982 1814 capere
2004 1782 2044 1805 ea:
2060 1773 2141 1805 ore⁹

1181 1823 1268 1862 eius,
1286 1828 1322 1856 ut
1338 1829 1538 1856 accusarent
1554 1824 1658 1857 ittam.
1677 1825 1741 1857 Non
1758 1825 1840 1858 enim
1861 1825 2019 1858 audebant
2034 1831 2142 1868 aperte

1181 1877 1286 1919 ipsum
1309 1877 1459 1910 occiderer
1476 1882 1605 1920 propter
1631 1879 1774 1912 timorem
1800 1879 1985 1917 turbarum,
2010 1880 2064 1913 sed
2088 1889 2142 1913 vo-

1181 1930 1287 1963 lebant
1309 1931 1431 1964 occulte
1454 1931 1597 1964 occidere
1614 1936 1742 1974 propter
1765 1932 1874 1965 odium
1898 1933 2039 1966 veritatis
2053 1933 2144 1966 audi-

1181 1986 1240 2017 tae.
1258 1983 1343 2016 Unde
1360 1983 1481 2016 loannis
1496 1988 1607 2017 octavo
1621 1985 1661 2017 ¹⁰:
1684 1997 1700 2014 α
1711 1985 1794 2026 Quid
1810 1994 1859 2018 me
1875 1986 2028 2028 quaeritis
2044 1986 2142 2020 inter-

1180 2037 1290 2076 ficere,
1308 2036 1481 2076 hominem,
1504 2037 1559 2079 qui
1577 2037 1740 2071 veritatem
1765 2038 1890 2072 locutus
1905 2048 1975 2072 sum
1992 2039 2080 2073 vobis
2097 2053 2113 2069 ι
2128 2043 2142 2073 ‘t

1180 2090 1265 2132 quod
1288 2090 1483 2132 quaerebant
1513 2094 1604 2124 caute
1635 2095 1666 2124 et
1688 2091 1859 2131 malitiose;
1884 2092 1967 2125 unde
1996 2093 2140 2126 Matthaei

1180 2143 1331 2186 vigesimo
1361 2143 1519 2176 secundo:
1550 2144 1738 2178 «Abeuntes
1770 2145 1944 2185 Pharisaei,
1976 2146 2141 2179 consilium

155 2200 209 2230 tur
231 2200 264 2230 et
286 2197 318 2230 in
342 2196 420 2230 illud
443 2196 563 2230 intrare
586 2196 807 2238 prohibentur.
824 2196 910 2230 Unde
930 2196 1116 2238 Chrysosto-
1180 2196 1337 2236 inierunt,
1361 2201 1398 2229 ut
1421 2197 1522 2230 lesum
1547 2200 1695 2239 caperent
1718 2197 1749 2230 in
1775 2206 1963 2231 sermone».

1014 2329 1197 2363 Carnutum
1221 2330 1281 2363 ΧΠ.

238 2463 352 2491 Secundo
370 2463 496 2492 inform-t
514 2462 701 2494 adssllucism
719 2462 883 2490 confutatam
901 2462 1038 2490 vitandam

538 2507 637 2543 duplici
654 2506 733 2534 modo.

248 2625 275 2657 l.
301 2624 413 2657 Multis
443 2630 554 2658 autem
587 2624 695 2658 turbis
729 2623 1027 2657 circumstantibus
1058 2627 1116 2657 etc.

157 2677 322 2720 Postquam
346 2678 499 2712 Dominus
522 2678 553 2711 in
580 2677 753 2711 Pharisaeis
784 2676 946 2719 redarguit
972 2677 1118 2711 dolosita-

227 2833 237 2848 ¹
258 2834 369 2866 Vulgata
388 2833 468 2868 quia,·
486 2834 564 2859 etiarn
584 2833 662 2870 Curd.
679 2834 772 2866 nugo,
792 2834 817 2859 S.
837 2834 933 2860 Thom.
952 2833 1019 2867 (ent.
1036 2841 1117 2860 aurea

155 2877 184 2903 in
201 2878 264 2905 Luc.
282 2885 305 2904 c.
326 2878 368 2903 tt.
387 2885 414 2904 n.
433 2878 499 2911 ⁴3),
517 2878 650 2904 Gorranus
668 2882 695 2905 et
712 2879 830 2911 Lyranus
844 2877 904 2913 qui.

227 2921 238 2937 ¹
260 2922 332 2949 Vers.
353 2923 401 2955 40,
427 2925 487 2954 post
504 2928 585 2956 quem
611 2923 668 2949 lsai.
691 2924 741 2954 22,
760 2924 804 2949 22.
822 2936 858 2944 —·
877 2923 984 2949 inferius
1002 2922 1117 2955 prolim-

153 2966 296 3001 pediebant
316 2967 373 2993 Vat.
391 2966 576 3000 increpabant.
601 2974 605 2978 ·
903 2967 905 2969 ’

227 3009 239 3025 ⁸
259 3011 333 3038 Vere.
352 3012 401 3037 2l:
422 3010 476 3044 Qui
492 3017 558 3045 erqo
576 3010 665 3037 alium
687 3014 737 3038 etc.
757 3011 850 3045 (ACD
871 3011 941 3044 Quid
958 3011 1118 3047 alios'etc.)

227 3053 240 3072 4
258 3055 335 3081 Vers.
356 3056 399 3081 21.
418 3055 502 3088 Beda,
521 3055 563 3081 lv.
582 3055 609 3080 in
622 3056 684 3081 Luc.
705 3056 733 3081 tt
745 3076 751 3088 ,
764 3055 815 3082 52:
833 3055 923 3083 Gtavis
940 3055 1067 3083 scientiae
1079 3060 1119 3082 est

157 3099 402 3136 humilitusJQhristi
421 3099 483 3134 [etr.
501 3106 581 3131 supra
600 3106 624 3125 e.
639 3100 680 3125 10.
693 3106 719 3126 n.
739 3100 783 3126 37.
795 3100 821 3126 in
841 3099 922 3135 nneJ,
938 3107 1020 3134 quem
1040 3100 1119 3133 legis-

157 3143 233 3175 periti
252 3150 301 3169 nec
321 3144 369 3176 ipsi
389 3144 416 3170 in
435 3145 504 3177 Lege
522 3147 548 3170 et
566 3144 703 3175 Prophetis
721 3144 863 3179 intelligere
881 3152 941 3177 nec<
952 3144 988 3171 nb
1005 3145 1064 3171 aliis
1081 3145 1119 3170 in-

157 3187 236 3219 telligt
255 3187 388 3214 volebant.
409 3189 517 3216 Intrare
534 3191 575 3214 est
596 3188 666 3214 enlm
692 3191 745 3214 non
768 3195 827 3215 esse
852 3193 1007 3215 contentum·
1026 3196 1119 3222 super-

158 3230 216 3257 flete
234 3231 348 3263 litterae,
366 3233 414 3259 sed
434 3239 518 3266 usque
536 3233 570 3259 ad
589 3232 773 3264 intelligentiae
790 3234 940 3260 secretioris
961 3239 1120 3266 ercenepe·

157 3278 270 3301 neu-are.
289 3276 383 3303 Aliter:
395 3277 488 3303 omnis
500 3277 606 3309 doctor,
619 3277 665 3310 qui
678 3277 831 3311 auditores,
842 3285 911 3311 quos
929 3278 1013 3305 verbo
1031 3279 1119 3305 ecditi-

158 3322 215 3351 σει,
232 3321 352 3352 exempto
371 3316 542 3353 scandalizat,
560 3319 609 3348 nec
626 3321 684 3354 ipse
701 3326 815 3354 regnum
835 3322 881 3348 Del
905 3322 984 3349 niti-et
1006 3330 1056 3349 nec
1074 3329 1121 3349 eos

158 3364 204 3398 qui
223 3367 358 3397 poterunt,
377 3365 473 3392 intrare
491 3366 626 3399 permittit.

229 3406 241 3422 ⁶
261 3408 335 3435 vers.
354 3409 380 3436 6.
394 3423 430 3429 -
445 3411 570 3444 Sequitur
582 3411 679 3437 Thren.
698 3410 729 3444 2,
749 3409 791 3437 Μ.
804 3424 841 3431 -
853 3411 981 3445 Superius
997 3419 1048 3445 pro
1061 3410 1118 3439 ideo

1182 2467 1244 2498 tem
1270 2464 1479 2498 simulationis
1509 2465 1676 2507 malignae,
1702 2465 1753 2498 bic
1775 2465 1946 2508 discipulos
1961 2466 2081 2499 invitat
2096 2467 2142 2499 ad

1181 2517 1348 2550 cautelam
1381 2517 1607 2551 simulationis
1638 2518 1842 2561 rcdaryutae
1859 2520 1893 2551 ¹¹.
1928 2519 1963 2551 Et
1991 2519 2140 2561 quoniam

1183 2570 1366 2603 huiusmodi
1380 2570 1597 2612 duplicitatem
1615 2574 1724 2604 causat
1739 2572 1839 2604 timor
1856 2571 1935 2605 male
1957 2572 2140 2611 humilians,

1182 2623 1232 2657 vel
1257 2633 1355 2657 amor
1378 2624 1458 2657 male
1489 2624 1679 2663 accendens;
1705 2623 1773 2657 ideo
1804 2633 1877 2666 pars
1908 2624 1967 2657 ista
1989 2625 2141 2658 dividitur

1183 2677 1215 2710 in
1249 2677 1339 2711 duas.
1376 2678 1409 2710 lu
1443 2687 1580 2720 quarum
1617 2678 1718 2720 prima
1753 2682 1857 2711 monet
1892 2678 1930 2711 ad
1969 2678 2138 2711 cavendam

1180 2842 1235 2862 non
1251 2842 1302 2869 pei·
1320 2834 1379 2861 sola
1399 2833 1481 2861 verba
1500 2833 1652 2866 intrabant,
1672 2835 1697 2860 et
1720 2832 1789 2859 ulios
1810 2834 1868 2859 Vet.
1894 2833 1949 2859 iam
1968 2840 2023 2859 non
2046 2832 2138 2860 solum

1179 2887 1230 2914 per
1246 2879 1307 2906 sola
1324 2878 1407 2906 verba
1425 2884 1480 2905 non
1499 2877 1652 2910 intrabant,
1670 2877 1718 2904 sed
1735 2877 1813 2904 ulios.

1251 2922 1263 2938 ⁰
1283 2924 1377 2950 Homil.
1397 2923 1438 2949 44.
1458 2924 1484 2948 ln
1510 2923 1596 2948 Matth.
1623 2923 1672 2953 23,
1696 2922 1742 2947 Η.
1770 2921 1830 2954 (op.
1856 2921 2020 2954 impet-rect).
2039 2935 2074 2941 —
2094 2922 2143 2947 Su-

1182 2967 1262 2994 binde
1279 2968 1406 3000 allegatur
1425 2967 1502 2993 Prov.
1520 2967 1550 2998 3,
1569 2966 1613 2992 27.

1199 3027 1201 3034 x
1253 3011 1263 3026 ⁷
1285 3013 1360 3038 vers.
1377 3012 1425 3044 to,
1448 3011 1490 3037 cui
1516 3010 1685 3043 subiungitur
1711 3011 1798 3036 Metui.
1821 3011 1865 3042 ¹3,
1894 3011 1937 3042 ⁴5,
1964 3010 2009 3036 ubi
2033 3017 2081 3043 pro
2102 3011 2143 3036 ln-

1181 3058 1337 3083 crassatum
1356 3056 1432 3082 codd.
1452 3055 1643 3082 excaecatum.

1253 3099 1264 3114 ⁸
1286 3101 1358 3126 Vere.
1378 3100 1510 3132 40.¹(Vat.
1528 3099 1666 3131 subiungit
1684 3100 1754 3125 loen.
1776 3099 1808 3130 7,
1830 3099 1861 3124 7:
1881 3099 1941 3125 Non
1958 3100 2049 3132 potest
2064 3105 2142 3124 mun·

1181 3144 1234 3172 dus
1252 3144 1340 3172 odisse
1357 3152 1405 3171 vos
1424 3146 1497 3177 etc.),
1516 3147 1576 3176 post
1594 3150 1673 3177 quem
1693 3144 1771 3169 Prov.
1793 3144 1825 3174 9,
1847 3143 1874 3168 7.

1252 3188 1265 3204 ⁸
1282 3190 1317 3215 lta
1336 3190 1415 3215 etiam
1432 3188 1511 3215 eard.
1525 3188 1615 3220 liugn,
1634 3188 1662 3213 B.
1682 3187 1780 3213 Albert-
1792 3190 1818 3212 et
1836 3187 1968 3218 Lyranus;
1983 3186 2095 3218 Vulgata
2109 3186 2141 3212 de

1181 3241 1242 3267 ore,
1261 3241 1331 3267 quae
1348 3234 1428 3260 etlam
1446 3231 1559 3258 subinde
1582 3239 1632 3264 pro
1651 3231 1729 3258 illum
1752 3231 1884 3257 substituit
1903 3237 1965 3257 eum
1986 3231 2036 3264 (itu
2056 3234 2084 3257 et
2100 3232 2141 3261 ll).

1253 3276 1277 3293 ¹⁰
1297 3279 1369 3304 vm.
1388 3277 1431 3303 to.
1449 3289 1484 3296 -
1503 3276 1628 3309 Sequitur
1647 3277 1734 3302 maim.
1753 3276 1801 3306 εἰ,
1822 3275 1863 3301 15.

1253 3321 1275 3337 ¹¹
1294 3321 1346 3349 Cir.
1358 3328 1440 3354 supra
1453 3328 1477 3347 c.
1495 3320 1536 3346 ll.
1553 3327 1580 3346 n.
1596 3320 1640 3346 36.
1655 3333 1690 3339 -—-
1703 3320 1740 3346 De
1758 3318 1865 3345 duobus
1884 3319 1996 3345 motivis
2007 3319 2144 3351 duplicite-

1182 3367 1229 3398 tis,
1246 3366 1301 3392 scil.
1314 3365 1411 3393 timore
1423 3366 1452 3391 et
1459 3370 1553 3391 amore
1567 3364 1724 3393 (secundum
1738 3364 1864 3396 August..
1877 3364 1993 3389 Euan-et.
2006 3364 2031 3389 in
2045 3364 2085 3390 ΡΒ,
2097 3364 2143 3390 79.

1182 3418 1214 3437 nt
1228 3409 1367 3443 ⁴3.),‡cn=;w
1379 3409 1405 3436 ll.
1425 3409 1496 3437 sent.
1509 3408 1553 3439 lit..
1567 3407 1697 3441 Magistri,
1715 3407 1742 3434 d.
1763 3407 1838 3433 XLll.
1855 3413 1878 3433 c.
1898 3407 1923 3433 6.

2170 662 2200 684 De
2212 664 2312 684 secundo.

2161 1139 2190 1169 iE‘
2206 1139 2301 1161 veritatis

2160 1168 2299 1193 impugnatio.

2163 1616 2290 1646 Machiuatio

2189 1646 2262 1664 mortis

2184 1669 2271 1691 christi.

2161 2678 2249 2700 Divisio.
