2427 3872
307 276 371 308 664

589 317 656 343 Amo

306 363 418 389 vincitur
443 361 601 387 abundantia
630 360 757 390 caritatis,
776 359 889 384 vincitur
909 361 944 384 ta-

308 414 368 433 men
388 407 507 432 instantia
524 404 729 437 importunitatis
747 403 807 430 ibid.

359 465 394 471 --
413 450 558 483 Aliquando
577 449 726 475 cavendum
746 451 785 474 est
803 447 837 473 ab
855 447 946 473 amicis

307 495 340 521 Vl
360 495 410 520 550
430 502 455 519 v.
471 494 513 519 24.
528 494 569 519 Vll
585 493 635 519 427
656 492 671 518 4
687 506 720 512 —-
732 493 760 518 ln
780 491 946 523 susceptione

306 541 436 564 honorum
455 545 506 564 non
531 540 570 563 est
595 537 737 570 petendum
756 536 894 562 consilium
913 535 947 561 ab

307 583 398 608 amicis
417 581 588 608 familiaribus
615 581 648 606 Vl
669 581 720 607 324
740 581 773 606 34
793 580 822 606 3⁸
840 594 876 600 -
894 587 948 606 car-

307 628 377 653 nales
396 625 575 659 spiritualibus
592 625 704 651 consiliis
722 625 905 656 adversantur,
923 627 949 650 et

308 671 368 697 ideo
398 665 522 703 tanquam
551 670 694 696 adversarii
723 672 785 695 sunt
803 668 949 695 dimittendi

309 716 351 741 Vll
371 715 417 741 254
444 715 493 740 109
512 728 547 734 -
566 714 673 740 Dilectio
691 713 824 739 interdum
842 712 950 745 tepescit

309 760 334 784 in
355 758 447 784 amicis
466 759 516 784 283
538 760 571 784 22
591 773 626 778 -
651 759 752 787 Durum
772 761 811 784 est
829 758 897 783 tradi
916 757 949 783 ab

309 803 394 829 amico
414 803 465 829 528
486 803 519 831 24
538 816 573 822 —-
591 803 619 828 in
638 809 729 828 mensa
742 809 796 828 non
816 804 952 834 permanet

309 847 342 872 Vl
362 847 414 873 525
433 847 462 872 31

362 905 397 910 -—
417 891 462 925 Dei
480 891 604 917 dicuntur
622 891 713 923 Angeli
733 893 758 916 et
776 890 880 916 animae
893 897 951 916 san-

310 939 367 961 ctae
386 937 428 961 Vll
449 936 500 961 386
521 936 562 961 43.
583 936 633 961 388
656 936 687 960 48
707 949 743 955 —
756 934 878 961 dicuntur
892 941 951 960 con·

309 980 454 1011 templativi
473 980 505 1005 Vl
526 979 577 1005 539
597 980 623 1005 8.
642 979 693 1005 596
714 979 738 1005 4.
758 979 809 1004 628
824 979 839 1005 3
852 993 887 998 —
899 985 950 1004 ser-

308 1026 371 1049 vant
390 1026 529 1055 praecepta
550 1030 579 1049 ex
602 1030 692 1049 amore
711 1023 757 1049 45l
782 1023 825 1048 21.
845 1023 896 1048 452
916 1023 949 1048 28

308 1081 345 1088 --
363 1068 410 1093 Dei
435 1068 501 1093 flunt
519 1074 566 1100 per
589 1067 754 1093 dilectionem
783 1067 829 1092 451
864 1067 892 1092 21
916 1080 950 1085 -—-

310 1112 358 1138 Dei
370 1112 435 1138 fiunt
453 1119 501 1144 per
520 1112 752 1137 inffammationem
772 1112 880 1138 affectus
899 1111 950 1137 459

310 1164 337 1182 v,
351 1156 384 1182 27
398 1170 433 1176 -
446 1159 557 1188 possunt
575 1156 626 1182 dici
645 1163 713 1189 quos
733 1156 859 1182 Dominus
872 1158 951 1187 amat,

310 1201 358 1226 etsi
381 1201 431 1226 sint
452 1200 549 1227 inimici
571 1200 620 1226 452
650 1201 684 1226 27
702 1214 738 1221 -
758 1201 828 1226 Deus
855 1207 949 1232 magna

310 1244 461 1276 dignatione
480 1245 607 1276 promittit
633 1245 774 1271 amicitiam
803 1252 877 1271 suam
897 1245 952 1270 dili-

310 1288 432 1320 gentibus
451 1290 544 1315 fratres
561 1289 608 1315 451
631 1290 660 1315 21

364 1347 398 1351 -
417 1333 464 1359 Dei
482 1334 625 1359 exaltantur
649 1335 749 1360 honore
772 1337 798 1360 et
824 1334 951 1366 dignitate

313 1377 354 1403 Vll
381 1377 432 1403 364
453 1378 481 1403 24
505 1392 540 1397 —
560 1378 655 1404 intrant
674 1379 699 1404 in
722 1385 835 1410 regnum
857 1378 951 1405 Christi

312 1423 345 1447 Vl
365 1423 416 1448 628
436 1423 451 1447 3
471 1437 506 1442 —
525 1423 638 1449 maxime
663 1426 725 1449 sunt
742 1423 815 1455 digni
834 1423 951 1449 exaudiri

314 1466 365 1492 402
380 1467 418 1492 45
437 1481 472 1486 -
485 1466 579 1493 Christi
593 1470 726 1493 merentur
740 1468 860 1500 accipere
878 1467 951 1500 quod

312 1513 405 1542 petunt
424 1510 475 1536 539
495 1511 510 1535 8

367 1568 399 1573 —
418 1554 501 1580 fidelis
519 1555 686 1586 spiritualiter
710 1558 749 1581 est
771 1555 890 1581 Christus
908 1556 951 1581 Vll

312 1599 364 1624 283
384 1599 427 1624 23.
445 1599 496 1624 364
517 1600 544 1624 24
563 1613 599 1618 —
611 1599 656 1632 qui
675 1600 748 1625 venit
765 1600 799 1625 ad
812 1600 952 1626 convivan-

313 1643 387 1674 dum,
400 1646 438 1668 est
452 1643 568 1669 Christus
588 1644 620 1669 Vl
639 1644 691 1669 597
710 1652 736 1670 v.
757 1644 789 1669 46
803 1658 838 1663 —
851 1645 897 1677 qui
910 1651 952 1669 ve-

312 1687 350 1712 nit
363 1687 396 1713 de
408 1687 459 1719 via,
479 1691 518 1713 est
535 1688 639 1713 animus
658 1691 745 1714 noster
763 1689 806 1714 Vll
825 1688 876 1714 284
896 1689 928 1714 23

366 1732 512 1758 AMOENJTA‘S
530 1746 564 1750 —-
577 1733 688 1758 delectat
700 1735 836 1764 aspectum
849 1733 883 1758 Vl
901 1733 947 1758 121

313 1783 338 1802 ν.
358 1776 374 1801 7

367 1822 441 1847 Amen
459 1835 494 1840 —
513 1822 609 1846 Amare
627 1824 666 1846 est
685 1824 758 1846 actus
777 1821 881 1847 virtutis
894 1828 952 1847 con-

314 1865 472 1898 cupiscibilis
492 1866 523 1891 vl
538 1865 566 1891 34
585 1873 610 1890 v.
629 1865 645 1891 7
657 1879 694 1885 —
705 1868 744 1891 est
756 1866 850 1897 copula
863 1872 954 1891 33133-

316 1911 348 1937 113
367 1914 392 1936 01
411 1910 490 1936 amati
511 1910 553 1935 vu
573 1910 625 1935 210
642 1909 677 1935 77
702 1923 737 1929 -
764 1910 825 1935 facit
846 1909 954 1935 firmiter

315 1955 457 1981 adhaerere
476 1953 537 1980 ibid.
554 1968 591 1973 —
614 1954 662 1979 Per
687 1957 809 1979 mutuum
834 1960 952 1979 amorem

315 2000 460 2025 adhaerens
479 1999 533 2024 Deo
551 1998 575 2024 ei
594 1990 682 2024 unitur
707 1997 769 2024 ibid.
792 2012 825 2016 —-
847 1998 903 2023 unit
928 2000 954 2024 et

315 2044 374 2069 facit
401 2043 616 2076 appropinquare
644 2042 691 2068 564
716 2042 749 2068 67
777 2057 811 2061 -—
832 2042 892 2068 facit
910 2043 953 2067 ha-

315 2088 378 2114 bere
397 2088 428 2114 Vl
449 2088 500 2113 289
520 2087 563 2113 64.
582 2087 634 2113 293
654 2086 688 2113 27
710 2101 746 2106 -
770 2087 878 2112 Amator
903 2086 953 2118 spi-

314 2133 413 2158 ritualis
431 2133 496 2159 intra
515 2139 543 2158 se
568 2131 648 2158 hahet
674 2134 791 2157 amatum
811 2131 863 2157 625
883 2131 899 2157 5
917 2145 953 2152 —-

314 2178 363 2205 Ubi
381 2180 420 2204 est
438 2177 583 2210 principale
600 2178 726 2207 amatum,
739 2175 776 2201 ibi
789 2175 888 2201 habitat
900 2176 953 2201 ani-

312 2230 373 2249 mus
392 2223 435 2248 Vll
454 2223 505 2248 323
526 2221 558 2247 47
578 2236 611 2239 —
630 2221 726 2247 Amare
741 2223 849 2253 propter
867 2227 896 2246 se
914 2224 953 2247 est

314 2268 363 2293 frui
381 2267 415 2293 VI
436 2267 486 2292 426
505 2273 533 2292 v,
551 2266 566 2291 6
581 2280 614 2285 -
628 2267 760 2298 perfectus
778 2272 830 2291 non
843 2268 882 2291 est
894 2272 952 2291 con-

313 2315 399 2338 tentus
417 2312 505 2344 aliquo
530 2317 609 2336 sensu
634 2310 690 2336 sine
709 2313 777 2336 tactu
791 2310 834 2336 Vll
848 2310 899 2336 240
917 2309 952 2336 77

314 2370 349 2376 --
376 2356 424 2382 Per
449 2355 547 2381 amoris
572 2354 804 2380 inflammationem
835 2354 863 2380 fit
890 2354 953 2380 unio

314 2400 496 2426 membrorum
516 2399 543 2425 in
562 2398 680 2431 corporis
702 2399 827 2424 unitatem
848 2398 900 2424 545
919 2399 947 2424 21

313 2460 348 2464 -
366 2446 464 2470 Amans
481 2444 596 2477 aliquem
614 2449 667 2468 non
680 2443 743 2475 vult,
756 2449 818 2468 eum
834 2443 902 2468 mori
921 2443 953 2468 Vl

315 2489 366 2514 403
387 2489 420 2514 49

368 2547 402 2551 -
421 2535 460 2558 031
478 2538 555 2557 031133
576 2531 665 2564 gaudii
685 2531 710 2556 in
723 2531 784 2557 boni
798 2531 955 2563 praesentia,

312 2577 415 2602 timoris
434 2579 459 2606 et
477 2576 576 2602 doloris
593 2576 620 2601 in
639 2576 695 2601 eius
708 2575 825 2603 absentia
845 2576 888 2601 Vll
903 2575 954 2602 445

316 2621 349 2646 56
368 2635 403 2639 -—
422 2621 519 2646 Amans
537 2620 639 2653 quaerit
657 2620 749 2645 videre
762 2620 805 2645 Vll
820 2619 870 2645 473
891 2619 905 2645 4
919 2633 954 2640 -—

315 2665 439 2690 Amantes
466 2664 500 2690 de
527 2666 614 2689 amato
643 2664 758 2695 cogitant
786 2664 837 2689 592
869 2664 899 2688 19
919 2678 955 2684 -

315 2708 418 2733 Amoris
437 2711 476 2733 est
503 2707 609 2734 sollicite
638 2707 769 2739 inquirere
796 2707 830 2732 Vl
850 2707 902 2733 540
921 2707 954 2732 30

315 2766 348 2770 —
367 2752 468 2777 nullum
487 2751 572 2777 credit
583 2751 705 2783 ignorare
717 2751 841 2777 dilectum
855 2751 906 2776 508
921 2752 955 2776 23

369 2810 402 2813 -
424 2797 550 2821 formatur
577 2802 607 2820 ex
635 2795 702 2825 visu,
728 2795 769 2820 vel
789 2795 894 2827 auditu,
914 2795 955 2820 vel

315 2842 384 2867 tactu
403 2839 459 2865 sive
478 2839 651 2871 experientia,
671 2839 712 2864 vel
732 2846 762 2864 ex
781 2839 902 2865 convictu
922 2839 954 2864 Vl

316 2884 367 2909 622
387 2891 412 2909 v.
434 2884 466 2909 49
485 2897 521 2903 --
540 2884 592 2909 Res
610 2886 649 2909 est
667 2883 787 2916 amanda,
801 2890 862 2909 cum
876 2882 955 2909 habet

314 2928 457 2954 bonitatem
477 2928 506 2953 31
530 2936 556 2954 ν.
576 2929 591 2953 8
615 2927 677 2954 Vide
696 2934 721 2954 v.
740 2927 855 2954 Bonum.

368 2987 401 2991 —
421 2976 535 2998 coarctat
553 2979 600 3005 per
610 2973 763 2998 violentiam
777 2973 954 3006 attractivam‚

314 3017 403 3043 dilatat
421 3023 465 3043 cor
485 3024 531 3049 per
559 3016 769 3043 benevolentiam
793 3017 953 3050 difihsivam,

314 3062 400 3088 elevat
418 3068 465 3093 per
484 3061 680 3087 adhaerentiam
694 3061 865 3093 excessivam,
885 3061 953 3087 incli-

314 3109 358 3131 nat
377 3113 424 3137 per
443 3105 706 3131 condescendentiam
727 3105 890 3137 dignativam
909 3105 952 3131 Vll

315 3150 360 3175 331
385 3150 419 3175 72
437 3163 473 3169 -
497 3156 602 3176 sursum
631 3150 707 3182 erigit
724 3149 776 3175 345
796 3150 830 3176 35
849 3164 883 3169 -
902 3150 953 3182 spi-

312 3194 443 3220 ritualium
462 3194 547 3219 elevat
564 3201 644 3226 super
663 3194 774 3219 carnalia
794 3193 845 3219 444
865 3193 899 3219 54
918 3207 953 3213 —

313 3238 361 3264 Per
380 3245 498 3263 amorem
517 3241 556 3264 est
574 3239 743 3265 conformitas
756 3238 896 3264 voluntatis
908 3239 953 3264 hu-

314 3288 407 3308 manae
426 3285 451 3308 et
470 3283 576 3308 divinae
594 3283 627 3308 Vl
647 3283 698 3308 428
718 3290 745 3308 v.
764 3283 780 3308 9
799 3297 832 3303 -
858 3283 952 3308 Anima

313 3327 424 3359 quiescit
447 3327 473 3352 in
498 3327 552 3352 Deo
580 3334 627 3359 per
651 3327 817 3353 dilectionem
836 3326 898 3353 ibid.
917 3340 953 3346 -—

313 3371 339 3396 ln
368 3371 465 3397 amoris
492 3371 675 3404 tranquillitate
694 3374 733 3397 est
758 3378 808 3403 pax
837 3370 899 3398 ibid.
917 3385 952 3390 —

313 3415 359 3440 Dei
379 3415 473 3441 dicitur
491 3422 602 3447 regnum
623 3416 665 3442 Vll
685 3415 737 3441 347
757 3415 790 3441 42

1172 268 1285 300 INDEX
1310 267 1438 300 RERUM

1036 371 1070 375 —
1089 357 1137 383 Per
1165 363 1283 382 amorem
1308 355 1432 381 bonitatis
1458 355 1563 381 venitur
1591 355 1624 381 ad

982 400 1114 427 Christum
1135 401 1167 426 Vl
1188 401 1239 426 563
1260 400 1275 425 4
1294 413 1329 419 —-
1349 400 1396 425 Per
1415 406 1534 428 amorem
1555 398 1626 424 boni-

983 446 1042 472 tatis
1061 445 1148 471 anima
1168 445 1233 470 vivit
1252 444 1304 470 564
1324 445 1340 470 5
1359 458 1395 463 —
1414 446 1453 469 est
1471 444 1573 469 initium
1588 450 1626 469 sa-

984 490 1099 522 pientiae
1108 490 1258 522 proximum
1272 491 1298 514 et
1311 488 1478 514 intrinsecum
1493 488 1543 514 449
1555 495 1580 514 v.
1593 488 1624 513 18

983 548 1019 554 —-
1032 535 1080 560 Per
1099 534 1170 559 viam
1189 533 1288 559 amoris
1301 535 1340 558 est
1353 533 1513 565 praecipuus
1531 532 1626 558 modus

984 578 1143 604 ascendendi
1156 578 1190 603 ad
1203 577 1451 609 contemplationem
1467 577 1508 602 Vll
1527 577 1578 602 232
1594 576 1626 610 49

1037 637 1073 642 -
1092 622 1203 654 Spiritus
1221 622 1303 647 sancti
1316 624 1386 647 recte
1400 628 1447 653 per
1459 621 1547 653 ignem
1562 620 1628 646 desi·

986 670 1082 700 gnatur
1096 667 1138 692 Vll
1157 667 1191 691 79
1212 666 1245 692 39
1258 679 1294 685 —-
1306 666 1413 692 divinus
1426 665 1480 697 igni
1494 672 1628 697 compara-

986 714 1028 737 tur
1048 711 1099 737 330
1118 709 1152 736 70
1171 724 1206 730 —
1225 712 1309 736 totum
1328 710 1362 735 ad
1377 710 1486 735 modum
1508 709 1627 735 fermenti

987 758 1012 781 et
1031 755 1143 787 ignis-in
1161 755 1203 780 sui
1221 757 1342 781 naturam
1362 754 1492 780 convertit
1504 754 1555 779 349
1576 753 1610 779 47

1038 813 1074 820 -
1094 799 1210 825 internus
1228 798 1378 830 prorumpit
1397 798 1423 823 in
1442 805 1511 830 opus
1532 798 1573 823 Vll
1594 798 1627 823 28

986 844 1021 869 76
1040 857 1077 863 —
1095 843 1142 869 Dei
1161 850 1214 868 non
1232 845 1272 868 est
1284 842 1384 868 otiosus
1404 843 1437 868 Vl
1452 842 1502 868 442
1517 843 1559 867 32.
1575 841 1627 867 625

989 888 1013 913 6.
1033 888 1077 913 Vll
1097 888 1131 913 28
1149 887 1193 912 76.
1215 887 1265 912 186
1285 887 1329 912 76.
1350 886 1401 911 349
1416 886 1449 912 47
1463 899 1498 905 -
1511 886 1555 911 Dei
1571 893 1629 918 pro·

988 931 1064 957 batur
1082 938 1145 957 cura
1170 923 1232 963 ersa
1260 931 1411 963 proximum
1431 931 1464 956 Vl
1483 930 1534 956 625
1559 930 1574 955 6
1593 943 1630 949 -

987 977 1057 1008 lgnis
1075 975 1173 1001 amoris
1192 975 1376 1001 vehementius
1403 975 1580 1004 inflammatur
1603 974 1629 999 in

987 1020 1153 1046 tribulatione
1173 1020 1215 1045 Vll
1234 1019 1285 1047 438
1305 1020 1339 1044 39

1040 1077 1076 1083 -
1094 1067 1133 1089 est
1151 1063 1259 1095 spiritus
1278 1063 1343 1095 legis
1361 1062 1456 1089 Christi
1476 1063 1508 1088 Vl
1530 1063 1581 1088 270
1596 1063 1629 1088 12

986 1122 1023 1128 -
1041 1108 1161 1134 Mandata
1180 1108 1227 1133 Dei
1245 1107 1375 1133 servanda
1395 1114 1486 1133 amore
1506 1107 1557 1133 440
1583 1106 1629 1132 24.

989 1152 1034 1178 451
1059 1153 1102 1178 21.
1123 1151 1174 1178 452
1194 1152 1227 1177 28
1246 1165 1288 1182 -,
1301 1152 1350 1184 Qui
1370 1152 1456 1177 solum
1476 1158 1567 1177 amore
1580 1158 1631 1176 ser-

987 1197 1025 1223 vit
1043 1200 1082 1223 est
1100 1196 1247 1229 praeconiis
1265 1196 1428 1222 extollendus
1454 1196 1505 1221 388
1534 1195 1567 1221 27
1595 1209 1631 1216 -

988 1241 1211 1267 mercenariorum
1230 1241 1264 1266 ad
1282 1248 1347 1266 oves
1366 1247 1416 1266 non
1436 1242 1476 1266 est
1494 1247 1569 1266 amor
1588 1247 1631 1266 ve-

987 1292 1034 1311 rus
1053 1286 1104 1312 386
1125 1286 1157 1311 16

1041 1344 1077 1349 —-
1095 1329 1190 1356 Christi
1218 1329 1417 1362 amplectendus
1437 1330 1469 1355 Vl
1489 1329 1541 1354 625
1561 1329 1577 1355 4
1595 1343 1631 1348 —

988 1374 1083 1401 Christi
1110 1374 1191 1400 facilis
1215 1377 1254 1400 est
1281 1374 1315 1400 33
1343 1366 1545 1407 300310033313,
1574 1374 1630 1406 ipso

988 1419 1156 1451 promittente
1174 1425 1292 1444 amorem
1312 1425 1390 1444 suum
1410 1417 1443 1444 ib.
1457 1419 1473 1444 5
1488 1432 1523 1437 —
1536 1417 1630 1444 Christi

988 1466 1028 1489 est
1045 1462 1206 1489 delectabilis
1224 1463 1257 1488 ad
1287 1462 1439 1489 habendum
1459 1462 1631 1492 delectatione

989 1508 1086 1533 munda
1106 1506 1213 1533 ibid.—
1225 1506 1319 1533 Christi
1333 1510 1373 1532 est
1385 1514 1495 1533 securus
1513 1507 1548 1533 ad
1567 1514 1629 1539 pos-

988 1552 1128 1578 sidendum
1147 1554 1173 1577 et
1200 1551 1382 1583 inseparabilis
1400 1550 1461 1578 ibid.
1480 1565 1516 1570 —
1534 1551 1629 1577 Christi

989 1595 1068 1622 debet
1087 1603 1145 1622 esse
1163 1596 1189 1621 in
1208 1596 1343 1622 affectione
1370 1596 1531 1628 praecipuus
1549 1596 1630 1621 13103-

989 1641 1077 1671 sione,
1097 1641 1122 1666 in
1142 1640 1335 1667 cohabitatione
1354 1641 1485 1671 assiduus,
1504 1641 1529 1666 in
1549 1648 1631 1673 opere

990 1685 1123 1711 officiosus
1141 1684 1175 1711 ib.
1194 1685 1209 1710 6

1042 1743 1079 1748 —
1102 1730 1199 1755 Amare
1226 1728 1358 1755 Christum
1387 1736 1440 1755 non
1469 1732 1554 1761 potest
1581 1730 1629 1755 nisi

989 1776 1148 1806 praeventus
1166 1774 1223 1799 eius
1241 1774 1324 1805 gratia
1344 1774 1386 1799 Vll
1406 1773 1458 1800 473
1478 1774 1493 1799 4
1513 1788 1548 1793 -
1561 1773 1632 1800 Chri-

989 1821 1046 1844 stus
1069 1818 1210 1848 desiderat,
1237 1818 1395 1843 inssammari
1419 1818 1507 1850 ignem
1533 1819 1632 1844 amoris

991 1861 1043 1887 545
1063 1862 1092 1887 21
1115 1875 1151 1881 --
1169 1861 1281 1888 debetur
1300 1862 1345 1887 Dei
1365 1861 1518 1894 benignitati
1532 1863 1565 1887 38
1581 1863 1626 1887 121

1046 1920 1080 1925 -
1099 1906 1196 1932 Omnes
1208 1907 1328 1933 homines
1341 1907 1447 1932 amandi
1460 1910 1521 1932 sunt
1534 1909 1562 1932 ut
1574 1914 1632 1939 pro-

990 1950 1052 1976 ximi
1076 1950 1119 1976 Vll
1139 1950 1191 1976 247
1219 1951 1253 1976 96
1282 1965 1316 1969 -
1341 1951 1454 1977 Affectus
1473 1952 1633 1983 praecipuus

990 1994 1103 2020 debetur
1115 1994 1269 2027 parentibus
1282 1998 1308 2020 et
1321 1995 1444 2021 fratribus
1457 1996 1558 2021 ratione
1571 2003 1633 2028 pro-

990 2039 1143 2072 pinquitatis
1163 2039 1214 2064 197
1234 2040 1276 2070 29,
1296 2040 1330 2065 30
1520 2069 1523 2074 ,

1043 2098 1078 2102 -
1096 2084 1192 2110 Amare
1211 2084 1339 2116 accipitur
1357 2084 1499 2117 aliquando
1518 2085 1545 2110 in
1559 2084 1630 2110 bono

991 2130 1019 2153 ut
1037 2128 1148 2160 diligere
1167 2129 1200 2154 Vl
1220 2128 1272 2154 525
1293 2129 1326 2154 35
1347 2143 1381 2147 —-
1399 2133 1438 2155 est
1457 2129 1571 2155 caritatis
1590 2129 1633 2154 vel

989 2171 1106 2198 libidinis
1124 2173 1139 2198 3
1161 2173 1170 2198 4
1195 2187 1230 2192 —
1249 2175 1288 2199 est
1306 2176 1393 2199 castus
1412 2175 1454 2199 vel
1472 2173 1634 2200 adulterinus

990 2261 1053 2292 sibi,
1082 2264 1116 2297 ¹¹¹1,
1137 2262 1215 2289 simul
1243 2269 1302 2288 esse
1328 2269 1382 2288 non
1407 2262 1510 2294 possint
1528 2263 1543 2288 3
1565 2263 1574 2287 1
1600 2277 1634 2281 —

991 2306 1040 2338 Qui
1059 2305 1138 2332 nimis
1157 2309 1228 2332 amat
1246 2306 1336 2339 inique
1364 2310 1436 2332 amat
1453 2307 1497 2332 Vll
1516 2307 1568 2332 228
1589 2307 1632 2332 39.

990 2350 1042 2376 445
1058 2350 1096 2376 ’56
1114 2364 1151 2370 —
1169 2351 1279 2376 carnalis
1297 2351 1408 2383 impedit
1419 2351 1581 2383 spiritualem
1600 2352 1634 2377 Vl

991 2394 1043 2422 524
1071 2395 1105 2420 29
1124 2409 1160 2415 —
1182 2395 1308 2421 naturalis
1335 2395 1445 2421 intendit
1463 2396 1634 2428 spiritualem,

992 2442 1020 2465 ut
1039 2440 1181 2466 ferventius
1208 2443 1278 2466 amet
1305 2441 1350 2473 qui
1379 2443 1450 2466 amat
1478 2439 1634 2466 sensibiliter

991 2487 1017 2510 et
1035 2485 1204 2517 spiritualiter
1223 2486 1256 2511 Vl
1277 2485 1328 2511 460
1348 2485 1382 2511 24

1045 2543 1080 2548 --
1099 2530 1210 2556 carnalis
1229 2532 1281 2561 est,
1301 2530 1346 2563 qui
1366 2530 1450 2557 solum
1479 2530 1513 2556 ad
1542 2531 1634 2556 fratres

992 2580 1020 2599 se
1039 2574 1154 2600 extendit
1172 2575 1215 2600 Vll
1235 2573 1285 2600 423
1307 2575 1349 2607 57,
1369 2574 1402 2603 58
1416 2588 1452 2594 -
1471 2575 1583 2600 carnalis
1596 2582 1633 2600 re-

991 2617 1269 2650 liquendustexemplo
1288 2617 1382 2644 Christi
1402 2618 1454 2644 200
1474 2618 1507 2644 43
1527 2632 1562 2637 -
1582 2619 1633 2651 Qui

992 2662 1106 2688 maxime
1133 2662 1257 2688 videntur
1288 2669 1335 2694 per
1364 2669 1471 2688 carnem
1503 2663 1634 2688 coniuncti

991 2713 1039 2738 per
1058 2706 1180 2737 spiritum
1199 2706 1313 2732 caritatis
1332 2713 1347 2732 a
1371 2707 1468 2732 carnali
1487 2713 1578 2732 amore
1596 2713 1635 2732 se-

992 2750 1136 2783 iunguntur
1155 2751 1206 2775 332
1225 2750 1259 2775 76
1280 2764 1314 2768 —
1333 2750 1402 2782 Ignis
1430 2750 1513 2776 divini
1537 2750 1634 2776 amoris

993 2793 1086 2820 dividit
1114 2801 1128 2819 a
1156 2793 1263 2820 diabolo
1287 2797 1313 2819 et
1337 2801 1352 2819 a
1371 2801 1464 2825 carne,
1483 2794 1634 2820 domesticis

993 2838 1105 2864 inimicis
1125 2838 1229 2864 33378
1257 2853 1290 2856 -
1310 2839 1418 2870 Propter
1443 2845 1562 2864 amorem
1587 2845 1634 2870 pa-

991 2885 1095 2908 rentum
1115 2882 1222 2908 divinus
1240 2883 1325 2908 cultus
1343 2889 1395 2908 non
1414 2885 1453 2908 est
1467 2883 1635 2908 intermitten-

992 2927 1043 2953 dus
1062 2927 1095 2952 66
1116 2927 1148 2952 99
1170 2941 1203 2945 -
1223 2927 1348 2954 Dominus
1367 2927 1446 2959 exigit
1468 2927 1634 2953 dilectionem

991 2972 1154 3003 spiritualem
1182 2972 1224 2998 sui
1252 2972 1333 2997 solius
1361 2975 1387 2997 et
1410 2971 1542 2997 interdicit
1564 2979 1634 2998 amo-

991 3023 1046 3042 rem
1066 3023 1119 3042 non
1138 3016 1299 3048 spiritualem
1313 3016 1419 3042 alterius
1438 3023 1452 3041 a
1472 3023 1503 3054 sev
1519 3017 1560 3041 vel
1575 3023 1633 3042 con-

991 3064 1029 3087 tra
1049 3068 1077 3087 se
1096 3061 1127 3086 Vl
1149 3061 1201 3086 624
1223 3061 1232 3086 1

1044 3119 1079 3125 -
1107 3106 1192 3132 malus
1220 3108 1259 3132 est
1283 3105 1454 3136 carnalitatis,
1482 3105 1633 3137 cupiditatis

990 3152 1015 3175 et
1034 3149 1183 3176 ambitionis
1203 3150 1235 3176 Vl
1255 3149 1307 3175 624
1327 3151 1343 3175 2
1362 3163 1397 3169 -—-
1416 3149 1509 3175 mundi
1528 3150 1630 3175 031031-

990 3194 1083 3226 pabilis
1110 3194 1143 3221 ib.
1166 3195 1189 3225 4,
1209 3195 1224 3220 2
1244 3209 1279 3213 -
1297 3194 1390 3220 mundi
1409 3197 1448 3219 est
1466 3193 1633 3224 reiiciendus,

990 3239 1051 3271 quia
1071 3238 1228 3265 criminosus
1248 3239 1345 3265 faciens
1365 3238 1497 3269 fornicari,
1521 3237 1632 3263 laborio-

990 3290 1044 3313 sus,
1063 3286 1224 3314 sumtuosus,
1238 3283 1427 3313 infructuosus,
1441 3281 1569 3307 instabilis
1581 3281 1632 3307 cito

990 3327 1129 3359 deficiens,
1163 3326 1312 3357 seditiosus,
1340 3325 1519 3352 convertendo
1548 3332 1576 3351 se
1605 3325 1632 3350 in

989 3371 1138 3397 inimicitias
1156 3370 1189 3397 ib.
1210 3371 1226 3396 3
1240 3384 1274 3390 --
1288 3370 1424 3396 Amatores
1437 3369 1535 3395 saeculi
1548 3369 1632 3401 dupli-

991 3416 1054 3442 citer
1073 3415 1134 3441 mali
1153 3418 1214 3442 sunt
1233 3415 1331 3440 malitia
1350 3415 1443 3446 culpae
1462 3414 1507 3439 Vll
1527 3413 1577 3439 287
1598 3413 1631 3439 34

1943 311 2007 336 ANG

1715 367 1750 373 -·
1771 354 1838 380 male
1857 354 2003 380 accendens
2022 358 2061 380 est
2089 361 2166 381 causa
2186 359 2305 388 peccato·

1663 405 1722 423 rum
1742 398 1776 423 Vl
1797 399 1843 423 201
1869 405 1896 423 ν.
1915 399 1957 424 21.
1986 399 2030 424 Vll
2058 399 2110 424 309
2133 400 2140 424 1
2171 413 2206 419 —-—
2235 400 2302 426 maie

1664 442 1829 468 inflammans
1845 443 1881 468 ad
1907 443 2146 474 concupiscentiam
2173 446 2198 469 et
2216 451 2306 476 super-

1664 486 1735 512 biam
1755 489 1794 512 est
1812 493 1891 512 causa
1906 490 2075 518 peccatorum
2089 487 2131 512 Vll
2152 487 2203 513 434
2223 488 2256 513 26
2270 501 2306 507 —-

1663 530 1820 556 libidinosus
1848 533 1874 556 et
1901 530 2064 557 adulterinus
2090 538 2143 557 non
2162 532 2234 557 fovet
2253 538 2307 557 ver·

1664 574 1727 600 bum
1748 575 1795 600 Dei
1814 577 1966 607 susceptum
1986 575 2029 600 Vll
2051 575 2101 601 194
2123 576 2154 602 19

1717 633 1752 638 -
1772 619 1807 644 Ex
1835 619 1937 645 defectu
1966 619 2063 645 amoris
2088 620 2171 645 oritur
2191 620 2307 652 pronitas

1665 663 1699 689 ad
1719 663 1817 689 malum
1837 663 1870 688 Vl
1890 663 1923 688 62
1943 670 1968 688 a.
1989 663 2029 688 Vll
2050 663 2096 688 561
2122 664 2155 689 68
2175 678 2210 682 -—
2228 665 2307 690 Amo-

1664 708 1701 733 ris
1720 710 1794 739 tepor
1808 707 1869 733 facit
1881 707 1973 739 procul
1986 707 2129 734 abscedere
2143 708 2184 736 Vll
2206 708 2251 734 561
2272 708 2306 734 67

1717 766 1752 772 -
1772 752 1797 777 13
1815 752 1914 777 divinis
1931 754 1970 778 est
1989 759 2055 784 pure
2074 753 2203 784 gratuitus
2222 753 2247 778 in
2262 753 2307 778 Pa-

1665 799 1715 828 tre,
1735 803 1801 828 pure
1820 795 1925 822 debitus
1945 797 1969 821 in
1990 796 2087 828 Spiritu
2107 800 2212 828 sancto,
2231 796 2304 823 debi-

1665 844 1707 866 tus
1725 843 1751 866 et
1769 840 1898 873 gratuitus
1917 841 1942 866 in
1961 841 2023 866 Filio
2044 841 2075 867 Vl
2096 841 2146 867 450
2168 842 2199 866 18
2214 856 2246 859 -
2261 841 2306 866 Ρ3-

1666 885 1711 910 tris
1730 887 1756 910 et
1774 885 1828 910 Filii
1841 888 1880 910 est
1896 885 2007 917 Spiritus
2020 887 2126 911 sanctus
2146 885 2196 911 476
2217 885 2251 911 45
2269 896 2306 905 —·

1666 929 1873 955 Perfectissimus
1896 936 1979 955 nexus
2005 930 2103 955 amoris
2122 933 2161 956 est
2181 930 2247 955 inter
2265 923 2308 956 Pa-

1667 975 1733 998 trem
1753 975 1779 998 et
1797 973 1889 999 Filium
1918 973 1962 999 Vll
1983 973 2016 999 84
2036 974 2070 999 55
2090 988 2123 992 —
2145 974 2189 999 Dei
2209 974 2242 999 ad
2262 975 2309 999 ho-

1667 1017 1765 1043 minem
1790 1017 1922 1049 perditum
1952 1017 1985 1044 Vl
2005 1019 2056 1043 282
2077 1018 2110 1043 26
2129 1032 2165 1037 —-
2184 1018 2229 1044 Dei
2250 1019 2309 1044 fons

1667 1064 1706 1087 est
1719 1062 1798 1087 totius
1811 1061 1874 1087 boni
1894 1061 1945 1087 184
1965 1068 1992 1087 v.
2012 1056 2076 1087 1’-
2090 1063 2177 1091 Nemo,
2192 1065 2308 1088 meretur

1667 1113 1785 1131 amorem
1798 1106 1845 1131 Dei
1858 1105 1907 1131 nisi
1921 1106 2067 1132 secundum
2084 1110 2249 1138 praesentem
2270 1107 2309 1132 iu-

1667 1150 1763 1176 stitiam
1782 1150 1816 1176 73
1836 1157 1862 1183 q.
1882 1151 1897 1175 2
1918 1164 1952 1168 -
1971 1150 2017 1175 Dei
2036 1153 2122 1182 potest
2134 1151 2259 1183 cognosci
2269 1157 2307 1176 re-

1668 1195 1797 1221 velatione
1816 1195 1858 1220 vel
1877 1194 1954 1221 certis
1972 1194 2055 1226 signis
2074 1194 2136 1221 ibid.
2159 1195 2210 1222 528
2231 1195 2259 1220 54

1722 1240 1932 1266 AHORRHAEORUM
1951 1254 1986 1259 —
2011 1239 2138 1265 sacrificia
2167 1240 2247 1272 impia
2276 1240 2309 1265 Vl

1669 1284 1720 1309 185
1739 1291 1765 1309 ν.
1787 1283 1810 1315 4,
1831 1284 1846 1309 5

1721 1329 1792 1354 Amos
1804 1342 1839 1347 —
1852 1328 2036 1360 interpretatur
2049 1335 2161 1354 onerans
2180 1328 2221 1354 Vli
2242 1328 2274 1353 88
2294 1335 2309 1353 a

1721 1373 1855 1399 Aumaxus
1873 1387 1908 1392 —
1927 1372 2013 1398 bonus
2025 1375 2064 1398 est
2076 1372 2309 1405 contemplationis,

1668 1417 1791 1443 vitandus
1810 1418 1947 1449 amplexus
1966 1417 2052 1442 carnis
2071 1417 2104 1443 Vl
2124 1417 2157 1442 32
2177 1424 2192 1442 3
2212 1430 2248 1436 -
2267 1417 2310 1442 de-

1667 1462 1780 1487 votionis
1798 1462 1915 1487 internae
1934 1461 2098 1487 necessarius
2117 1464 2156 1487 est
2175 1461 2239 1487 viris
2251 1468 2310 1487 con-

1667 1506 1825 1538 templativis
1843 1505 1878 1531 74
1898 1505 1915 1531 1)
1933 1519 1968 1526 -
1988 1505 2070 1531 divini
2090 1505 2190 1531 brachii
2203 1508 2243 1531 est
2261 1506 2310 1531 hu-

1668 1551 1778 1576 manitas
1805 1549 1888 1577 Verbi
1917 1550 2042 1576 incarnati
2069 1550 2111 1575 Vll
2132 1550 2184 1575 395
2213 1549 2246 1575 34
2274 1563 2310 1569 -

1667 1595 1737 1620 Deus
1755 1595 1917 1626 amplexatur
1936 1594 2113 1626 poenitentem
2132 1601 2179 1626 per
2199 1594 2310 1626 gratiam

1667 1639 1887 1665 concomitantem
1907 1638 1969 1665 ibid.
1982 1652 2017 1658 —
2030 1639 2077 1664 Per
2090 1639 2239 1670 amplexum
2255 1644 2313 1670 gra-

1668 1684 1718 1710 tiae
1737 1684 1874 1709 solvuntur
1893 1683 1997 1709 vincula
2016 1686 2184 1715 peccatorum
2203 1681 2265 1709 ibid.

1721 1729 1875 1754 Ammonius
1893 1743 1926 1746 —
1946 1728 2010 1753 dum
2031 1728 2113 1759 floret,
2127 1726 2264 1753 dealbatur
2277 1726 2311 1751 Vl

1669 1772 1703 1797 94
1725 1780 1750 1797 ν.
1771 1772 1787 1797 5

1721 1817 1840 1842 Annuus
1858 1830 1893 1835 —
1912 1816 2097 1848 interpretatur
2109 1815 2203 1847 virilis,
2217 1815 2244 1840 in
2257 1821 2310 1847 quo

1668 1861 1822 1892 exprimitur
1847 1860 1931 1886 virtus
1957 1860 2068 1885 iustitiae
2088 1860 2130 1885 Vll
2155 1859 2202 1885 143
2223 1859 2256 1884 36
2276 1872 2312 1878 -

1668 1908 1724 1931 erat
1743 1905 1809 1931 inter
1827 1905 1966 1937 Apostolos
1985 1905 2125 1930 familiares
2144 1903 2237 1930 Christi
2258 1903 2309 1929 524

1670 1951 1703 1975 12
1723 1963 1757 1968 -
1777 1953 1903 1982 tanquam
1923 1949 2007 1974 maior
2032 1949 2115 1981 praeit
2138 1948 2258 1980 Philippo
2276 1947 2310 1972 Vl

1670 1994 1720 2027 416
1742 1994 1770 2020 31
1794 2008 1830 2013 -
1849 2000 1993 2019 conversus
2011 1996 2051 2019 est
2072 1993 2115 2030 ad·
2126 1992 2257 2019 Christum
2278 1994 2312 2017 te-

1668 2038 1792 2064 stimonio
1820 2038 1922 2064 loannis
1951 2038 2002 2063 268
2033 2038 2084 2063 402
2103 2051 2139 2056 —
2167 2043 2311 2062 conversus

1669 2083 1757 2109 statim
1776 2083 1883 2109 vocavit
1901 2083 2006 2108 Petrum
2026 2082 2077 2107 262
2097 2082 2131 2107 78
2145 2095 2181 2100 —
2193 2081 2311 2109 studiose

1669 2127 1814 2161 quaerebat
1832 2127 1952 2159 Petrum,
1966 2130 1994 2152 ut
2007 2127 2039 2152 ad
2053 2127 2191 2152 inventum
2210 2127 2312 2151 thesau-

1670 2180 1730 2198 rum
1758 2179 1820 2198 eum
1848 2172 2005 2204 perduceret
2033 2170 2066 2197 ib.
2085 2171 2120 2196 79
2139 2185 2175 2190 —
2193 2169 2312 2204 Christus

1670 2224 1717 2250 per
1748 2217 1881 2242 Andream
1909 2216 2039 2242 minorem
2070 2215 2176 2241 vocavit
2206 2213 2312 2240 Petrum

1671 2261 1722 2287 264
1743 2261 1776 2286 85
1794 2274 1830 2280 -
1848 2263 1954 2286 secutus
1973 2259 2105 2286 Christum
2119 2258 2259 2285 crucifixus
2271 2260 2311 2284 est

1670 2306 1722 2332 528
1742 2306 1776 2331 50

1724 2350 1839 2375 Amoenus
1858 2363 1891 2368 —
1911 2349 2006 2375 dicitur
2024 2348 2130 2374 nuntius
2149 2348 2192 2373 Vll
2214 2347 2264 2373 -178
2278 2346 2311 2371 50

1670 2408 1706 2413 -
1725 2394 1820 2419 dicitur
1844 2393 2009 2425 simplicitate
2037 2395 2146 2418 naturae
2164 2392 2206 2417 vel
2225 2393 2313 2417 aucto-

1670 2439 1745 2464 ritate
1763 2438 1899 2464 doctrinae
1917 2437 1978 2464 ibid.
1999 2452 2033 2455 —
2052 2440 2090 2462 est
2109 2443 2206 2462 nomen
2224 2434 2312 2466 officii,

1670 2483 1712 2508 vel
1730 2486 1839 2508 naturae
1858 2483 1891 2508 Vl
1921 2482 1972 2507 250
1995 2482 2026 2507 18
2052 2495 2087 2500 -
2111 2481 2226 2513 Angelos
2254 2486 2313 2505 esse

1669 2527 1804 2560 negabant
1835 2526 1994 2559 Sadducaei,
2026 2525 2149 2552 dicebant
2179 2524 2311 2550 Pharisaei

1671 2572 1722 2597 419
1743 2571 1775 2597 43
1795 2585 1831 2591 -
1843 2572 2004 2603 Angelorum
2019 2570 2160 2596 multitudo
2173 2570 2216 2595 Vll
2230 2569 2264 2596 50
2278 2569 2312 2595 28

1723 2630 1759 2635 -
1777 2616 1900 2642 dicuntur
1918 2615 2025 2648 spiritus
2045 2617 2173 2647 quantum
2187 2614 2222 2640 ad
2234 2620 2309 2640 suam

1669 2660 1840 2686 substantiam
1860 2661 2041 2685 velnaturam
2061 2659 2093 2685 Vl
2114 2658 2165 2684 457
2185 2666 2210 2684 v.
2230 2659 2263 2684 23
2277 2671 2313 2677 -

1671 2705 1795 2730 31033131·
1808 2703 1982 2735 intelligibiles
1994 2706 2122 2736 quantum
2136 2703 2171 2729 ad
2184 2709 2260 2728 suam
2269 2709 2314 2734 po-

1670 2749 1791 2779 tentiam,
1811 2748 1852 2773 vel
1866 2748 1926 2781 quia
1946 2746 2103 2779 corporibus
2121 2754 2169 2779 per
2188 2749 2308 2772 naturam

1670 2799 1722 2818 non
1740 2795 1801 2818 sunt
1819 2791 1932 2818 unibiles
1945 2790 2006 2818 ibid.
2020 2805 2055 2810 —
2067 2794 2128 2817 sunt
2140 2790 2248 2817 subtiles
2261 2797 2309 2823 per

1670 2836 1855 2869 intelligentiae
1880 2836 2116 2868 perspicacitatem,
2135 2835 2177 2861 vel
2202 2842 2249 2867 per
2274 2841 2312 2861 sa-

1670 2881 1794 2913 pientiam
1813 2880 1875 2907 ibid.
1894 2894 1930 2900 —
1948 2884 2008 2907 sunt
2026 2881 2132 2913 specula
2146 2886 2213 2912 pura
2225 2882 2251 2905 et
2263 2879 2312 2905 cla-

1669 2926 1772 2951 rissima
1802 2924 1862 2952 ibid.
1894 2925 1943 2951 158
1964 2933 1989 2950 v.
2010 2925 2043 2950 26
2063 2939 2097 2943 —
2120 2927 2159 2950 est
2187 2930 2312 2950 nummus

1669 2971 1759 2996 divina
1779 2970 1895 3002 imagine
1914 2969 2052 3002 insignitus
2071 2969 2114 2994 Vll
2135 2969 2186 2994 387
2207 2968 2240 2993 45

1723 3029 1758 3035 —
1777 3015 1901 3047 Angelica
1921 3017 2013 3040 natura
2041 3014 2070 3039 flt
2098 3020 2158 3039 cum
2178 3016 2310 3045 tempore,

1669 3060 1730 3093 quia
1751 3059 1807 3085 eius
1826 3062 1914 3085 ortum
1934 3066 1986 3084 non
2005 3057 2139 3090 praecedit
2157 3060 2262 3089 tempus
2275 3056 2308 3081 Vl

1673 3104 1703 3129 14
1723 3111 1748 3136 q.
1780 3105 1788 3128 4
1819 3117 1855 3122 —
1882 3102 1979 3128 habent
2003 3105 2108 3134 tempus
2134 3100 2309 3127 communiter

1669 3148 1770 3174 dictum
1789 3150 1917 3180 quantum
1937 3147 1972 3172 ad
1996 3145 2184 3177 substantiam,
2203 3144 2311 3177 proprie

1669 3193 1768 3218 dictum
1788 3194 1915 3224 quantum
1936 3191 1970 3217 ad
1989 3190 2137 3216 affectiones
2150 3190 2182 3215 28
2203 3197 2228 3222 q.
2249 3189 2259 3214 4
2277 3202 2313 3208 —

1669 3239 1729 3262 sunt
1765 3236 1939 3266 immortales,
1977 3233 2199 3266 incorruptibiles,
2231 3239 2311 3265 supra

1669 3283 1774 3312 tempus
1799 3282 1824 3306 et
1851 3279 2010 3305 variationes
2039 3281 2160 3304 motuum
2179 3281 2309 3310 tempora-

1669 3325 1732 3350 lium
1747 3324 1790 3349 vu
1804 3324 1856 3350 515
1872 3323 1904 3349 42
1917 3338 1951 3343 -—
1964 3330 2017 3349 non
2031 3323 2142 3355 implent
2155 3323 2243 3348 locum
2258 3328 2312 3347 cor-

1670 3369 1786 3401 poralem
1808 3369 1859 3394 318
1879 3369 1912 3394 28
1932 3383 1966 3387 -
1986 3368 2151 3394 continentur
2170 3374 2184 3392 a
2204 3367 2258 3392 Deo
2278 3365 2312 3407 Yl

1671 3413 1722 3439 457
1742 3420 1769 3438 v.
1790 3413 1823 3438 23
