2427 3872
294 257 356 289 746

587 301 634 326 au

346 360 379 364 —
399 346 627 378 appropinquante
646 346 757 370 termino
775 352 838 375 suo,
858 345 933 378 quasi

292 390 412 422 paventia
432 393 525 415 nutant
543 392 568 415 et
586 392 701 415 tremunt
723 389 764 414 Vll
779 389 830 415 534
852 389 884 414 43
898 404 932 407 -

292 435 485 459 Elementorum
504 434 621 459 confusio
640 434 689 459 erit
707 433 733 458 in
754 433 850 459 iudicio
863 433 933 458 finali

292 477 354 504 ibid.
372 492 409 497 —
428 479 452 504 in
473 478 569 504 iudicio
589 477 765 504 turbabuntur
779 478 830 503 526
853 478 885 503 17
898 491 933 496 -

291 522 317 547 1η
337 523 433 548 iudicio
452 523 647 549 confundentur
666 529 727 548 cum
755 522 841 548 sonitu
862 522 933 547 terri-

293 559 338 592 bili
358 567 409 592 534
430 566 474 592 43'

346 612 455 637 Etevmu
477 626 509 629 —
529 612 614 643 Supra
638 618 666 637 se
685 611 784 636 elevari
802 614 840 636 est
862 613 933 636 natu-

291 663 336 681 rae
355 662 402 687 per
422 655 532 687 gratiam
552 655 708 681 sublimatae
726 656 757 681 Vl
774 655 820 681 331
844 655 878 680 79
898 669 932 674 —·

292 700 386 725 Natura
401 702 534 731 corrupta,
547 706 608 725 cum
619 700 745 730 elevatur,
759 699 853 725 dicitur
866 700 931 725 trahi

292 743 353 770 ibid.
367 759 402 762 —
415 744 518 774 Omnis,
537 744 583 776 qui
603 744 635 769 ad
650 744 733 769 Deum
754 744 839 774 venit,
852 751 932 775 supra

291 795 320 814 se
338 789 456 814 elevatur
475 787 537 814 ibid.
557 803 591 806 —
611 788 659 813 Per
677 788 873 813 adhaerentiam
893 794 934 813 ex-

293 833 423 858 cessivam
443 833 541 858 amoris
560 839 605 858 cor
625 833 741 858 elevatur
760 831 794 858 ib.
812 832 847 857 72
871 831 934 858 Vide

292 884 316 903 v.
337 878 430 903 Amor.
449 891 484 896 —
504 877 610 902 Erectus
638 877 665 902 in
691 876 843 908 superbiam
872 883 934 902 eva-

293 922 374 947 nescit
394 921 408 946 4
430 922 462 946 40
475 936 510 939 ——
530 921 579 954 Qui
599 921 632 946 ad
653 928 720 946 vana
741 920 889 946 extenditur
908 921 933 946 in

292 973 387 991 vanam
408 965 561 997 superbiam
581 966 698 990 elevatur
716 964 779 990 ibid.

346 1011 447 1035 Emona
467 1023 502 1028 —-
523 1009 570 1035 suit
588 1009 672 1041 figura
693 1009 748 1034 lesu
777 1008 870 1034 Christi
890 1009 933 1034 Vll

292 1055 321 1079 71
347 1054 362 1079 4

346 1100 419 1124 Emis
437 1113 472 1116 —
492 1097 690 1130 praefigurabat
708 1099 829 1123 loannem
852 1097 933 1129 Bapti-

293 1146 358 1168 stam
381 1143 423 1168 Vll
445 1142 476 1167 47
498 1143 531 1167 28
550 1156 585 1161 -
604 1144 643 1167 est
663 1142 747 1174 figura
767 1141 860 1167 Christi
881 1142 932 1167 596

293 1187 326 1212 34
346 1201 380 1206 —
400 1189 438 1212 est
451 1187 535 1219 figura
550 1187 605 1212 veri
620 1186 808 1218 praedicatoris
827 1186 858 1211 43
874 1186 934 1212 144.

294 1233 343 1257 402
364 1232 398 1257 55
893 1239 895 1241 ·

344 1290 380 1295 -
400 1275 517 1302 Verbum
540 1276 609 1301 Eliae
628 1279 683 1301 erat
702 1276 809 1307 igneum
831 1276 862 1300 Vl
882 1275 932 1301 394

293 1322 326 1347 57
344 1320 373 1346 2*
394 1322 469 1346 —ln
489 1320 541 1346 Elia
562 1324 617 1346 erat
636 1320 704 1352 igniS
723 1320 805 1345 divini
824 1320 870 1345 zeli
890 1320 932 1345 Vll

292 1366 338 1391 331
363 1365 397 1390 70

344 1424 380 1429 -
399 1409 555 1435 credebatur
575 1409 734 1441 praecedere
753 1408 886 1434 Christum
900 1409 932 1434 Vl

291 1455 343 1480 257
364 1454 396 1479 47
416 1469 451 1472 -
471 1454 610 1486 praecedet
623 1453 768 1479 secundum
783 1453 931 1480 adventum

292 1499 385 1524 Christi
404 1498 437 1524 ib.
457 1498 485 1523 51

345 1558 379 1562 -
397 1544 525 1568 excellens
545 1543 592 1568 fuit
606 1550 655 1568 non
670 1543 755 1568 solum
770 1543 795 1567 in
810 1542 872 1574 vita,
886 1542 933 1567 sed

293 1588 370 1613 etiam
391 1588 417 1612 in
436 1588 551 1619 potentia
571 1588 614 1613 Vll
635 1588 685 1612 226
706 1588 739 1612 32
759 1602 793 1605 -—
808 1590 863 1612 erat
876 1593 933 1618 pet·-

292 1638 355 1657 sona
376 1632 527 1657 honoranda
546 1634 655 1663 propter
673 1631 852 1656 excellentiam
873 1638 933 1663 pro-

293 1676 396 1708 phetiae
415 1683 474 1701 cum
495 1676 684 1702 miraculorum
708 1675 861 1707 operatione
882 1675 932 1701 233

294 1721 327 1746 53
347 1735 382 1738 -
401 1720 493 1746 habuit
514 1720 636 1745 virtutem
666 1720 777 1745 faciendi
807 1720 933 1745 miracula

295 1765 328 1790 Vl
349 1765 399 1790 394
420 1765 453 1790 57
473 1772 577 1796 arg.—
591 1772 642 1790 non
663 1765 711 1790 fuit
730 1765 826 1790 missus
844 1764 878 1790 ad
898 1765 934 1789 vi-

294 1809 361 1834 duas
381 1810 466 1839 lsrael,
478 1809 524 1835 sed
539 1809 572 1834 ad
592 1809 700 1834 viduam
720 1812 870 1834 extraneam
891 1809 933 1834 Vll

296 1854 346 1878 Ι102
365 1853 408 1883 52,
429 1854 462 1878 53

347 1911 383 1916 —-
403 1898 476 1929 prius
495 1897 560 1922 abiit
579 1897 604 1922 in
628 1897 761 1922 desertum
791 1899 816 1922 et
845 1900 934 1928 postea

295 1942 414 1973 pervenit
433 1942 467 1967 ad
490 1944 604 1966 montom
629 1941 683 1973 Dei,
705 1940 748 1966 ubi
768 1941 877 1966 edoctus
896 1944 935 1966 est

294 1986 338 2011 Vll
360 1986 390 2011 43
413 1986 463 2011 144
483 1999 518 2005 -
538 1986 647 2018 Speciali
669 1986 749 2011 modo
770 1985 893 2017 apparuit
911 1985 934 2010 ei

293 2031 422 2056 Dominus
442 2031 467 2055 in
488 2033 577 2056 monte
596 2030 684 2056 Horeb
704 2031 755 2056 233
776 2030 808 2055 53

347 2089 382 2094 --
401 2076 524 2106 apparuit
543 2082 603 2100 cum
625 2074 714 2100 Verbo
728 2075 752 2100 in
767 2075 936 2106 transfigura-

295 2119 371 2149 tione,
386 2122 414 2144 ut
426 2119 588 2151 ostenderet,
603 2119 689 2151 ipsum
703 2126 761 2145 esse
774 2119 819 2152 qui
834 2120 937 2144 locutus

295 2166 334 2189 est
354 2164 378 2188 in
398 2164 535 2195 Prophetis
556 2164 597 2189 Vll
617 2163 668 2189 234
693 2164 727 2189 53
747 2178 781 2182 —
805 2163 936 2195 apparuit,

295 2211 323 2233 ut
342 2208 471 2239 significet
484 2207 615 2233 Christum
630 2208 787 2233 moriturum
801 2211 826 2234 et
838 2208 934 2234 iterum

294 2252 425 2278 victurum
445 2251 507 2278 ibid.

347 2311 382 2314 —
401 2297 499 2322 virtute
518 2296 563 2322 Dei
583 2296 727 2322 subvectus
740 2300 779 2322 est
792 2297 816 2322 in
831 2298 934 2323 caelum

294 2341 325 2365 Vl
346 2341 397 2366 620
418 2348 445 2366 v.
468 2341 501 2366 17
520 2356 555 2359 —
575 2340 707 2366 ferebatur
726 2342 751 2366 in
766 2342 866 2367 caelum
888 2342 936 2367 vir-

295 2388 348 2410 tute
368 2386 528 2417 Angelorum
548 2388 574 2410 et
586 2392 681 2411 currus
694 2386 765 2418 ignei
781 2386 821 2411 Vll
836 2386 887 2411 603
902 2386 936 2412 64

294 2443 329 2458 -,
349 2429 455 2462 reliquit
474 2430 583 2461 pallium
612 2437 691 2456 suum
711 2430 810 2456 Elisaeo
831 2430 881 2456 492
902 2430 937 2456 54

349 2475 483 2499 Eusimara
503 2487 538 2492 —
557 2477 612 2499 erat
625 2474 658 2499 de
672 2473 775 2499 filiabus
788 2475 875 2500 Aaron
893 2475 937 2500 Vll

298 2518 330 2543 14
350 2518 365 2542 9
386 2532 421 2537 -
439 2518 501 2550 quia
526 2518 560 2544 de
588 2525 684 2550 genere
703 2519 871 2548 sacerdotali,
901 2526 937 2544 se·

297 2562 413 2587 cundum
433 2563 519 2593 legem
539 2563 642 2588 Domini
671 2566 731 2595 apta
750 2568 806 2589 erat
825 2563 859 2589 ad
878 2570 938 2589 con-

298 2605 399 2637 iugium
429 2612 490 2631 cum
519 2606 642 2631 Zacharia
671 2606 733 2633 ibid.
760 2621 794 2625 —
822 2608 937 2633 nomina-

299 2652 339 2674 tur
358 2650 384 2674 in
404 2646 592 2682 conceptu,‘in
615 2651 784 2682 salutatione,
810 2652 834 2677 in
860 2649 936 2683 partu

300 2692 361 2719 ibid.
921 2728 923 2731 Ι

350 2751 386 2756 -
405 2741 460 2763 erat
479 2738 571 2763 sterilis
585 2745 635 2764 non
654 2738 680 2763 in
700 2746 811 2770 poenam
828 2740 937 2772 peccati,

298 2782 345 2808 sed
364 2782 397 2807 ad
418 2782 635 2808 manifestandam
656 2783 702 2808 Dei
722 2783 832 2814 gloriam
848 2784 889 2809 Vll
905 2784 936 2809 14

299 2826 327 2850 ’11
360 2840 395 2844 -
423 2830 483 2858 post
511 2826 708 2858 conceptionem
743 2828 882 2853 occultavit
909 2835 938 2853 se

299 2869 434 2896 mensibus
453 2871 571 2903 quinque
600 2871 624 2896 in
653 2871 758 2903 signum
788 2872 938 2897 humilitatis

298 2918 323 2940 et
342 2915 483 2946 pudicitiae
503 2916 536 2940 20
556 2915 600 2941 38.
622 2915 674 2940 239
694 2916 726 2940 69
748 2929 782 2933 -
800 2916 939 2941 exsultavit

298 2959 455 2984 laetabunda
475 2959 503 2985 in
531 2959 737 2991 recognitionem
762 2958 883 2985 beneficii
902 2960 938 2986 di-

298 3003 368 3033 vini,
387 3004 449 3036 quia
469 3002 575 3029 liberata
596 3003 643 3029 suit
662 3004 696 3029 de
723 3003 869 3036 opprobrio
888 3007 939 3030 ste-

298 3047 399 3073 rilitatis
418 3047 452 3073 20
472 3048 505 3072 39

352 3106 385 3110 -
406 3092 462 3118 eius
487 3092 607 3118 sterilitas
625 3095 650 3118 et
668 3099 835 3126 consequens
853 3094 939 3119 fecun-

299 3136 365 3161 ditas
381 3136 507 3162 mirabilis
526 3136 617 3162 beatae
637 3137 739 3169 Virgini
759 3138 939 3164 manifestatur

301 3180 343 3205 Vll
372 3180 406 3205 25
427 3181 460 3206 65
479 3194 514 3199 -
534 3181 591 3207 eius
618 3184 761 3213 conceptus
790 3181 836 3207 fuit
864 3181 938 3207 mira-

300 3223 370 3254 bilis,
389 3225 451 3257 quia
469 3225 562 3251 sterilis
581 3228 606 3251 et
626 3232 723 3251 annosa
743 3229 798 3254 erat
821 3225 884 3251 ibid.
903 3240 938 3244 ——

299 3268 400 3294 audivit
411 3269 591 3295 salutationem
606 3270 708 3300 Mariae,
721 3270 784 3302 quia
797 3277 855 3295 eam
869 3277 938 3295 ama-

299 3312 344 3338 bat
362 3313 396 3338 28
415 3312 450 3338 75
475 3327 510 3333 -
528 3313 630 3339 audivit
658 3313 769 3339 verbum
794 3314 885 3340 salutis
904 3313 938 3339 ab

298 3364 330 3382 ea
349 3364 418 3390 quae
446 3361 601 3390 conceperat
629 3357 746 3383 Verbum
774 3358 936 3384 incarnatum

298 3400 358 3427 ibid.
379 3415 414 3420 -
434 3401 480 3428 fuit
498 3401 580 3428 verbo
601 3402 716 3433 Virginis
735 3402 842 3428 excitata
856 3401 888 3428 ib.
902 3402 936 3428 76

1163 256 1275 289 INDEX
1300 257 1428 290 RERUM

1023 359 1059 364 —
1087 346 1185 377 repleta
1215 346 1312 377 Spiritu
1340 349 1430 371 sancto
1458 346 1610 372 resalutavit

970 390 1063 415 affectu
1085 396 1181 421 magno
1200 392 1225 415 et
1251 389 1365 421 benigno
1392 391 1435 416 Vll
1456 391 1488 415 28
1507 390 1555 422 77,
1575 390 1609 415 78

969 448 1004 451 ——
1024 434 1147 459 clamavit
1161 441 1227 460 voce
1241 441 1346 466 magna,
1359 434 1421 467 quia
1442 430 1512 460 illum
1532 434 1610 460 conti-

969 477 1048 504 nebat
1066 479 1092 504 in
1112 482 1200 509 utero,
1219 479 1264 511 qui
1284 482 1340 505 erat
1359 486 1409 504 vox
1431 478 1510 504 Verbi
1529 480 1562 504 29
1575 479 1609 505 77

968 537 1003 540 —
1023 530 1074 548 vox
1093 523 1149 548 eius
1178 523 1224 548 fuit
1253 523 1311 555 plus
1338 523 1433 549 devota
1457 530 1537 556 quam
1562 524 1611 549 cla-

969 573 1042 592 mosa
1061 566 1096 593 ib.
1115 567 1150 592 78
1170 581 1204 586 -
1224 567 1355 594 benedicit
1375 567 1512 599 Virginem
1531 568 1609 593 simul

969 613 994 636 et
1013 612 1130 643 prolem,
1150 615 1178 637 ut
1196 612 1326 643 compleat
1350 612 1495 643 angelicam
1515 612 1611 637 saluta-

969 656 1065 681 tionem
1094 655 1157 682 ibid.
1176 671 1211 674 —
1230 655 1439 682 benedictionem
1468 656 1518 682 sibi
1537 659 1611 688 optat

969 703 994 724 et
1013 699 1179 726 benedictam
1199 701 1334 726 annuntiat
1353 700 1414 727 ibid.
1434 716 1468 719 —
1488 701 1544 726 eius
1569 701 1610 726 be-

969 744 1082 770 nedictio
1103 744 1150 770 fuit
1173 745 1307 776 praedicta
1333 744 1367 770 ab
1391 746 1461 770 lsaac
1480 745 1505 770 in
1525 746 1610 777 figura

969 789 1039 820 agri,
1059 789 1213 814 confirmata
1232 796 1246 814 a
1266 789 1342 814 iacob
1362 792 1387 814 et
1405 796 1419 814 a
1440 790 1527 821 Moyse
1546 790 1611 815 desi-

970 833 1058 858 derata
1084 833 1145 859 ibid.
1169 848 1205 852 —-
1230 834 1287 859 eius
1315 834 1434 859 salutatio
1462 833 1612 860 continebat

971 877 1140 909 praeconium
1168 878 1365 908 admirativum,
1390 878 1495 910 signum
1518 885 1612 910 appro-

971 921 1106 952 bativum,
1144 922 1322 947 testimonium
1354 922 1542 947 affirmativum
1576 921 1611 948 ib.

971 966 1014 997 81,
1035 966 1068 990 83

1023 1023 1059 1028 -
1078 1010 1180 1041 peperit
1199 1010 1296 1035 virtute
1314 1011 1442 1042 perfecta,
1461 1011 1532 1036 nullo
1561 1010 1610 1036 sibi

971 1057 1120 1085 praestante
1139 1053 1329 1086 impedimento
1351 1055 1392 1080 Vll
1407 1054 1440 1079 35
1456 1055 1505 1080 106
1518 1069 1554 1074 -
1567 1062 1613 1087 pe-

970 1098 1038 1129 perit
1057 1098 1138 1123 fllium
1160 1099 1303 1130 perfectum
1324 1106 1436 1130 superna
1451 1099 1533 1130 gratia
1548 1099 1610 1125 ibid.

970 1157 1004 1160 -
1024 1141 1158 1174 gaudebat
1177 1150 1238 1168 cum
1258 1143 1352 1168 vicinis
1371 1146 1396 1168 et
1415 1143 1547 1175 cognatis,
1566 1144 1613 1176 qui

970 1186 1220 1219 congratulabantur
1240 1187 1263 1212 ei
1283 1186 1317 1213 ib.
1338 1187 1389 1213 107
1408 1202 1443 1205 —
1457 1195 1554 1214 nomen
1567 1188 1613 1213 im-

970 1232 1058 1263 posuit
1082 1238 1130 1263 per
1154 1232 1342 1257 revelationem
1371 1232 1552 1264 propheticam
1578 1232 1611 1259 ib.
1649 1244 1652 1246 Δ

971 1276 1022 1301 109
1042 1289 1076 1295 -
1096 1276 1188 1308 spiritu
1203 1276 1357 1308 prophetiae
1371 1276 1462 1302 didicit
1474 1277 1547 1309 quod
1561 1284 1612 1302 non

969 1321 1097 1347 didicerat
1115 1328 1129 1346 a
1150 1321 1243 1346 marito
1262 1319 1325 1346 ibid.
1337 1335 1373 1339 ——
1386 1320 1478 1346 habuit
1491 1321 1611 1353 spiritum

970 1366 1125 1398 prophetiae
1144 1369 1253 1397 propter
1272 1366 1355 1391 filium
1375 1366 1408 1391 38
1430 1366 1480 1390 109

1024 1411 1141 1435 Emsnzus
1158 1423 1194 1428 —
1213 1413 1252 1435 est
1272 1410 1356 1441 figura
1376 1409 1471 1436 Christi
1491 1410 1534 1435 Vll
1561 1410 1611 1435 596

970 1454 1004 1480 34
1022 1468 1059 1473 —
1079 1461 1129 1479 non
1150 1454 1284 1486 pertimuit
1303 1454 1450 1486 principem
1470 1455 1498 1479 81
1525 1454 1558 1480 45
1577 1468 1612 1473 -

970 1500 1039 1524 lusto
1059 1499 1156 1524 iudicio
1176 1499 1222 1524 Dei
1251 1499 1365 1524 Naaman
1394 1499 1476 1530 Syrus
1504 1499 1613 1524 munda-

970 1546 1012 1569 tus
1031 1546 1070 1569 est
1088 1543 1122 1569 ab
1147 1543 1246 1569 Elisaeo
1266 1546 1292 1569 et
1310 1550 1362 1568 non
1382 1544 1541 1575 alii'leprosi
1561 1544 1611 1569 102

970 1588 1003 1613 54
1024 1602 1058 1607 -
1082 1588 1165 1613 noluit
1189 1590 1295 1620 tangere
1319 1588 1434 1613 Naaman
1463 1588 1611 1620 leprosum,

970 1640 1002 1658 ne
1021 1632 1168 1658 secundum
1188 1633 1285 1664 Legem
1305 1632 1379 1658 fieret
1393 1633 1546 1658 immundus
1564 1634 1611 1658 120

970 1677 1003 1702 28
1023 1692 1058 1695 —
1069 1676 1170 1703 'Elisaei
1190 1676 1300 1702 baculus
1312 1680 1367 1702 erat
1380 1677 1512 1709 castigans
1525 1677 1612 1708 potius

970 1729 1050 1754 quam
1070 1728 1166 1747 sanans
1185 1721 1231 1746 271
1257 1722 1290 1746 63

1024 1767 1179 1796 ΕιορυῑκτιΑ
1201 1780 1234 1784 -
1254 1772 1268 1790 3
1298 1766 1350 1791 Deo
1380 1766 1491 1797 petenda
1512 1769 1550 1791 est
1579 1766 1611 1791 Vl

972 1811 1021 1836 477
1042 1818 1069 1836 v.
1091 1811 1119 1835 21
1154 1824 1188 1828 -
1217 1810 1379 1841 significatur
1407 1817 1454 1842 per
1472 1813 1611 1842 argentum

972 1855 1004 1880 96
1024 1862 1050 1879 v.
1069 1854 1086 1879 7
1106 1868 1141 1873 —
1160 1861 1207 1886 per
1221 1854 1332 1880 modum
1352 1854 1419 1879 funis
1439 1854 1572 1880 hominem
1587 1855 1612 1879 li-

972 1902 1029 1930 gat,
1048 1899 1112 1924 dum
1132 1898 1273 1930 persuadet
1291 1897 1353 1924 ibid.
1372 1912 1407 1917 —
1428 1899 1535 1930 profana
1554 1902 1613 1930 post

973 1943 1043 1968 diem
1062 1943 1152 1968 iudicii
1172 1942 1337 1968 obmutescet
1357 1941 1418 1968 ibid.

1027 1988 1133 2016 Etooum
1153 2001 1186 2005 —-
1206 1994 1351 2018 pravorum
1378 1990 1438 2012 sunt
1467 1987 1543 2012 noxia
1571 1988 1613 2013 Vll

974 2031 1025 2056 562
1044 2031 1079 2056 70

1028 2076 1128 2100 Etvms
1151 2089 1186 2093 —
1215 2082 1311 2107 magus
1335 2075 1435 2101 obstitit
1462 2076 1541 2101 Paulo
1572 2076 1613 2102 Vll

975 2120 1026 2145 490
1046 2120 1080 2145 50
1219 2119 1221 2121 ’

1027 2165 1159 2190 ΕΜΑΝΑτιο
1177 2178 1212 2183 -
1231 2167 1270 2189 est
1298 2164 1323 2189 in
1351 2164 1461 2195 divinis,
1490 2165 1537 2190 sed
1563 2172 1615 2190 non

973 2209 1118 2234 antecessio
1138 2208 1170 2233 Vl
1193 2209 1244 2234 310
1259 2208 1292 2234 44
1307 2223 1341 2226 -
1355 2209 1403 2234 Per
1421 2208 1615 2234 emanationem

973 2252 1085 2279 habetur
1095 2252 1195 2286 aliquid
1210 2260 1258 2284 per
1271 2253 1409 2278 essentiam
1425 2252 1458 2278 ab
1471 2253 1522 2278 alio
1535 2252 1568 2279 ib.
1583 2253 1615 2278 43

1028 2299 1166 2323 Enniana
1194 2312 1229 2315 —
1261 2297 1446 2329 interpretatur
1476 2296 1615 2323 nobiscum

975 2343 1044 2368 Deus
1064 2343 1097 2368 Vl
1123 2342 1175 2368 602
1204 2349 1231 2367 v.
1251 2342 1276 2367 9.
1295 2355 1331 2360 —-
1349 2345 1387 2367 est
1407 2348 1502 2367 nomen
1522 2341 1616 2367 Christi

974 2390 1002 2413 ut
1021 2387 1068 2412 Dei
1087 2390 1112 2412 et
1131 2386 1246 2412 hominis
1266 2386 1318 2412 252
1338 2386 1371 2411 27

1028 2432 1132 2457 Eamus
1152 2445 1185 2449 —
1210 2429 1397 2456 nominabatur
1423 2430 1553 2462 Nicopolis
1573 2431 1615 2456 Vll

975 2476 1026 2501 592
1048 2476 1080 2500 48
1100 2489 1135 2494 -
1155 2475 1340 2507 interpretatur
1354 2475 1515 2500 desiderium
1535 2475 1617 2500 consi-

975 2520 1000 2545 lii
1020 2520 1053 2545 Vl
1082 2520 1133 2545 623
1162 2527 1188 2545 v.
1215 2519 1248 2545 44
1267 2519 1505 2551 —interpretatur
1534 2522 1617 2544 mater

975 2564 1100 2590 festinans
1119 2564 1162 2589 Vll
1182 2563 1233 2589 592
1264 2564 1296 2588 18
1315 2577 1350 2582 -
1370 2567 1408 2589 est
1429 2564 1514 2595 figura
1534 2564 1617 2589 Eccle-

974 2609 1028 2634 siae
1046 2608 1179 2634 militantis
1198 2607 1259 2634 ibid.

1028 2654 1154 2678 ΕΝΕΑΕΜΑ
1175 2666 1209 2670 --
1227 2652 1350 2678 dicuntur
1369 2652 1403 2678 ab
1416 2653 1569 2678 innovando
1582 2653 1616 2678 Vl

975 2697 1026 2722 390
1046 2697 1079 2721 33
1100 2710 1133 2714 -
1156 2695 1288 2722 durabant
1307 2703 1354 2728 per
1372 2699 1431 2722 octo
1451 2697 1508 2722 dies
1527 2696 1588 2723 ibid.

1027 2741 1149 2766 Ericunus
1168 2754 1200 2758 -
1221 2740 1310 2771 posuit
1337 2739 1436 2766 bonum
1463 2741 1616 2766 iucundissi-

976 2790 1048 2809 mum
1069 2784 1093 2809 in
1113 2783 1293 2815 voluptatibus
1314 2784 1345 2809 vt
1371 2784 1405 2809 39
1424 2791 1451 2817 q.
1471 2785 1486 2810 3
1508 2799 1540 2803 -
1560 2785 1616 2817 Epi-

975 2828 1047 2854 curei
1067 2827 1225 2858 iudicabant,
1246 2827 1338 2853 melius
1352 2834 1409 2853 esse
1423 2829 1472 2853 frui
1492 2828 1571 2854 rebus
1591 2829 1615 2854 in

975 2872 1105 2904 praesenti
1125 2872 1158 2897 23
1178 2879 1204 2897 v.
1226 2872 1258 2896 40
1277 2886 1312 2889 -
1326 2872 1446 2903 Epicurei
1460 2879 1511 2898 non
1525 2880 1616 2905 exspe-

975 2916 1081 2942 ctabant
1104 2916 1175 2942 aliud
1204 2915 1304 2941 bonum
1332 2916 1381 2941 nisi
1411 2923 1535 2947 praesens
1554 2916 1615 2943 ibid.

975 2961 1009 2986 24
1028 2969 1056 2994 q.
1076 2960 1090 2986 4
1104 2974 1139 2980 ·—
1157 2960 1276 2992 Epicurei
1290 2960 1504 2986 certitudinaliter
1517 2968 1615 2993 negan-

975 3008 1013 3031 tes
1033 3004 1100 3031 bona
1120 3005 1170 3030 alia
1188 3011 1269 3038 quam
1290 3004 1436 3035 praesentia
1449 3008 1509 3030 sunt
1528 3006 1615 3031 haere-

975 3049 1019 3075 tici
1037 3052 1063 3075 et
1083 3049 1199 3074 infideles
1218 3047 1280 3075 ibid.

1028 3094 1162 3119 EriruANJA
1181 3106 1216 3112 —-
1236 3092 1347 3118 Ecclesia
1362 3092 1386 3117 in
1406 3093 1550 3125 Epiphania
1574 3100 1615 3119 ce-

976 3137 1058 3163 lebrat
1077 3138 1139 3169 tria,
1159 3137 1185 3162 in
1204 3136 1301 3170 quibus
1329 3136 1447 3163 Christus
1474 3138 1561 3169 primo
1582 3138 1616 3162 in-

976 3181 1059 3207 notuit
1079 3182 1110 3207 Vl
1129 3181 1180 3207 272
1203 3181 1234 3207 14

1030 3226 1139 3251 Ενιεεορι
1157 3239 1193 3245 -
1212 3226 1274 3252 mali
1293 3225 1327 3251 ad
1346 3228 1509 3257 praesentem
1530 3226 1616 3258 digni-

976 3272 1053 3295 tatem
1067 3270 1199 3304 eliguntur
1212 3277 1263 3296 non
1277 3276 1380 3302 errore,
1393 3270 1440 3295 sed
1454 3270 1566 3296 mirabili
1579 3271 1616 3296 di-

975 3313 1141 3346 spensatione
1160 3314 1193 3340 Vl
1208 3314 1258 3340 429
1273 3315 1306 3340 26
1319 3327 1355 3333 -
1368 3313 1466 3339 debent
1484 3321 1541 3340 esse
1554 3315 1614 3340 lam·

975 3358 1058 3390 pades
1078 3358 1193 3384 lucentes
1211 3365 1259 3390 per
1277 3358 1424 3384 doctrinam
1438 3359 1551 3384 lucidum
1572 3359 1613 3384 Vll

976 3402 1026 3428 444
1046 3402 1079 3428 37
1100 3416 1132 3421 -·
1152 3405 1253 3428 ceteros
1281 3401 1378 3428 debent
1405 3404 1561 3434 praecellere
1587 3403 1614 3428 in

1933 302 1992 327 ESA

1648 346 1710 378 vita,
1723 346 1850 377 doctrina,
1863 348 1982 379 exemplo
2003 347 2052 372 143
2073 347 2106 372 35
2120 361 2155 367 -
2168 348 2225 373 eius
2238 347 2289 373 vir-

1648 392 1716 416 tutes
1735 389 1767 417 ib.
1789 391 1822 416 36

1701 448 1734 453 -—
1754 435 1890 466 Episcopis
1909 435 2009 460 ratione
2021 435 2154 467 dignitatis
2167 436 2290 461 convenit

1648 479 1752 504 solvere
1770 482 1796 504 et
1814 479 1896 511 ligare
1915 480 1941 504 in
1962 481 2016 505 foro
2042 480 2155 505 iudiciali
2184 480 2217 505 Vl
2237 480 2289 505 515

1648 522 1682 548 52
1700 537 1737 542 -
1754 527 1815 549 sunt
1833 524 1917 549 coloni
1937 524 2066 550 Ecclesiae
2084 524 2128 550 Vll
2147 524 2199 549 504
2220 524 2252 549 42

1702 568 1824 593 ΕΡυιΑτιο
1842 581 1878 587 -
1896 568 1923 593 111
1943 568 2092 600 epulatione
2110 568 2237 600 spirituali
2251 571 2290 594 est

1648 611 1782 643 splendor,
1800 619 1881 644 quem
1902 612 1962 638 facit
1975 612 2100 644 sapientia
2121 613 2164 638 Vll
2184 613 2235 638 416
2255 613 2287 638 39

1647 669 1683 674 -
1711 656 1853 687 spiritualis
1880 659 1919 682 est
1946 656 2104 688 splendida,
2133 657 2202 689 quia·
2225 657 2289 683 nihil

1649 699 1728 725 habet
1755 700 1854 732 sordis,
1882 701 1929 726 sed
1958 701 2030 726 venit
2059 708 2089 726 ex
2119 701 2188 726 fonte
2215 701 2290 726 lumi-

1649 744 1689 769 nis
1707 745 1859 777 sempiterni
1878 744 1940 771 ibid.
1960 759 1996 764 —
2019 746 2046 771 ln
2066 745 2213 777 epulatione
2232 752 2288 771 cor-

1649 789 1731 820 porali
1744 792 1783 815 est
1797 790 1928 821 splendor,
1942 796 2023 822 quem
2038 789 2097 815 facit
2110 789 2289 815 misericordia

1650 833 1700 858 4l7
1721 834 1753 859 39
1769 847 1802 851 —
1817 835 1843 859 ln
1862 834 2012 866 epulatione
2024 833 2152 865 corporali
2166 833 2290 866 splendor

1649 878 1766 903 consistit
1784 878 1810 903 in
1831 878 1905 904 faciei
1925 878 2051 903 hilaritate
2070 881 2096 903 et
2114 878 2289 914 eleemosyna-

1649 929 1708 948 rum
1721 923 1841 954 largitate
1853 922 1916 948 ibid.
1935 937 1968 953 -.
1989 923 2013 948 lu
2028 922 2175 954 epulatione
2194 922 2289 948 carnali

1649 969 1688 992 est
1707 967 1847 998 splendor,
1866 973 1946 999 quem
1967 967 2027 992 facit
2045 966 2150 992 lascivia
2170 965 2233 992 ibid.
2254 980 2289 985 —

1650 1012 1792 1043 Epularum
1812 1011 1956 1036 carnalium
1976 1010 2136 1036 abundantia
2151 1010 2218 1042 parit
2237 1011 2290 1036 ino-

1649 1055 1720 1086 piam
1740 1055 1882 1087 sapientiae
1900 1059 1926 1080 et
1950 1055 2075 1080 virtutum
2096 1058 2121 1080 et
2140 1056 2290 1087 frequenter

1650 1099 1727 1124 etiam
1748 1100 1931 1131 temporalium
1951 1098 2011 1125 ibid.

1703 1145 1813 1169 Enacrio
1832 1157 1867 1162 —
1886 1144 1964 1169 etiam
1986 1143 2092 1169 minima
2107 1146 2204 1169 temere
2218 1150 2291 1175 prae-

1650 1191 1735 1213 sumta
1755 1188 1878 1220 pavenda
1897 1191 1936 1213 est
1955 1188 1997 1213 Vll
2017 1188 2068 1213 364
2089 1188 2122 1213 20

1704 1233 1833 1258 Etiamne
1863 1247 1896 1250 —
1924 1231 2128 1258 consolabantur
2161 1239 2189 1257 se
2216 1238 2291 1263 expe-

1650 1277 1744 1301 ctando
1764 1280 1875 1302 mortem
1895 1277 1928 1302 Vl
1948 1277 2000 1301 610
2021 1284 2047 1301 ν.
2068 1276 2095 1301 41

1704 1321 1806 1346 Eat-:uus
1825 1335 1859 1339 —
1877 1324 1917 1346 est
1935 1321 2007 1346 locus
2026 1320 2158 1346 horribilis
2177 1323 2203 1346 et
2221 1320 2291 1346 steri-

1650 1365 1680 1390 lis
1699 1368 1724 1390 et
1743 1365 1814 1390 omni
1834 1364 1904 1391 bono
1924 1373 2016 1391 carens
2034 1366 2068 1391 Vl
2089 1365 2139 1391 444
2158 1372 2185 1390 v.
2205 1364 2238 1390 24

1704 1411 1790 1435 Ε1111011
1809 1423 1844 1428 -
1862 1413 1902 1435 est
1919 1410 2030 1436 caecitas
2050 1410 2082 1435 Vl
2102 1410 2153 1435 579
2168 1411 2183 1435 2
2197 1424 2232 1429 -
2247 1411 2290 1436 Est

1649 1461 1723 1480 error
1742 1454 1897 1479 infidelitatis
1914 1457 1939 1479 et
1961 1454 2116 1480 deviationis
2134 1461 2148 1479 a
2169 1454 2237 1481 bono
2258 1455 2291 1480 24

1649 1506 1675 1531 q.
1696 1498 1711 1524 4
1730 1513 1766 1516 —
1780 1498 1918 1524 infidelitas
1931 1499 2135 1524 antonomastice
2148 1499 2242 1525 dicitur
2255 1506 2292 1525 et·-

1649 1543 1758 1568 101190
1778 1551 1804 1568 v.
1825 1542 1858 1568 24

1703 1601 1738 1605 -
1757 1588 1849 1613 Errant
1867 1589 1938 1612 extra
1957 1587 2029 1612 viam
2048 1587 2164 1613 veritatis
2176 1590 2292 1613 errantes

1650 1632 1675 1657 in
1695 1632 1747 1657 fide
1776 1634 1801 1657 et
1826 1631 1945 1657 moribus
1964 1632 1997 1657 Vl
2021 1631 2075 1657 484
2094 1639 2121 1657 ν.
2140 1632 2155 1657 2
2175 1647 2211 1650 -
2230 1633 2293 1658 Pru-

1649 1677 1736 1702 dentia
1756 1678 1870 1702 humana
1887 1679 1956 1701 errat
1969 1676 1994 1701 in
2008 1676 2147 1701 credendis
2166 1677 2199 1702 62
2218 1684 2244 1701 v.
2259 1677 2291 1702 26

1702 1736 1736 1739 -
1757 1720 1816 1746 lusti
1835 1724 1952 1746 errantes
1970 1727 1984 1745 a
2005 1720 2058 1746 Deo
2078 1720 2244 1752 corriguntur
2259 1721 2292 1747 Vl

1651 1766 1701 1791 154
1722 1773 1747 1791 ν.
1769 1765 1801 1790 45
1820 1779 1856 1784 -
1874 1766 1995 1790 Errantes
2019 1765 2044 1789 in
2074 1764 2125 1790 fide
2150 1765 2293 1796 puniuntur

1649 1817 1663 1835 a
1685 1811 1739 1835 Deo
1761 1810 1811 1835 490
1841 1817 1866 1834 v.
1887 1810 1920 1834 23
1939 1824 1974 1827 -
2001 1809 2157 1841 Voluptates
2174 1810 2292 1841 corporis

1649 1854 1768 1887 sequitur
1787 1860 1860 1879 error
1880 1854 1974 1879 mentis
1993 1854 2044 1879 558
2066 1860 2090 1878 ν.
2112 1854 2144 1878 48
2157 1867 2194 1872 -
2206 1853 2293 1879 Homi-

1649 1906 1697 1924 nes
1716 1899 1828 1930 diligunt
1847 1897 1968 1923 tenebras
1987 1898 2084 1923 erroris
2102 1901 2211 1930 propter
2225 1898 2293 1923 mala

1650 1950 1731 1975 opera
1750 1943 1802 1968 284
1823 1943 1855 1968 33

1703 2001 1739 2006 -
1758 1987 1880 2012 Defectus
1898 1986 1963 2011 lucis
1982 1986 2093 2012 iustitiae
2113 1989 2151 2012 est
2164 1993 2242 2012 causa
2257 1993 2294 2011 er-

1652 2032 1718 2057 roris
1746 2031 1889 2063 impiorum
1920 2031 1952 2055 Vl
1984 2031 2031 2055 139
2061 2038 2088 2055 v.
2114 2031 2129 2055 6
2148 2045 2184 2049 ——
2203 2031 2294 2056 Errant

1652 2079 1792 2108 operantes
1811 2076 1879 2101 mala
1900 2075 1950 2100 180
1970 2082 1997 2100 ν.
2020 2075 2053 2099 46
2077 2089 2111 2093 -
2129 2074 2221 2100 01111115
2241 2081 2293 2100 ma-

1653 2121 1692 2146 lus
1711 2124 1781 2146 errat
1801 2120 1851 2145 116
1871 2120 1960 2145 ν.42.
1981 2118 2032 2145 124
2051 2126 2078 2144 v.
2097 2119 2140 2144 21.
2157 2119 2207 2144 432
2229 2127 2253 2145 v.
2269 2120 2293 2144 3.

1653 2166 1704 2191 228
1731 2173 1757 2190 v.
1777 2166 1792 2190 3
1812 2179 1846 2183 -
1865 2164 2004 2190 Caritatem
2024 2163 2141 2188 veritatis
2159 2170 2213 2189 non
2231 2163 2293 2189 reci-

1654 2210 1754 2242 pientes
1773 2209 1798 2234 in
1817 2216 1933 2235 errorem
1953 2208 2068 2233 incident
2087 2207 2121 2232 85
2140 2214 2167 2232 v.
2188 2207 2221 2232 45

1706 2268 1742 2273 -
1759 2256 1819 2279 sunt
1831 2256 1920 2279 contra
1935 2251 2102 2284 prudentiam
2117 2251 2150 2277 Vl
2165 2252 2197 2276 19
2211 2259 2237 2276 v.
2252 2252 2293 2277 47.

1654 2299 1687 2324 62
1707 2306 1733 2324 v.
1752 2299 1786 2324 26
1805 2313 1840 2316 -
1859 2297 1969 2323 Stultitia
1996 2297 2022 2322 in
2050 2296 2101 2321 fine
2120 2295 2240 2327 perducit
2259 2296 2292 2322 ad

1653 2343 1806 2368 sententiam
1820 2349 1957 2367 erroneam
1972 2341 2005 2366 85
2024 2348 2051 2366 v.
2074 2341 2104 2366 13
2117 2353 2153 2359 --
2166 2340 2234 2365 Dum
2247 2346 2293 2365 cor

1653 2391 1734 2419 errat,
1753 2394 1783 2412 os
1810 2393 1876 2412 vana
1904 2385 2020 2418 loquitur
2039 2385 2055 2410 5
2076 2385 2103 2409 11
2128 2398 2163 2403 —
2181 2384 2293 2416 Spiritus

1654 2431 1749 2457 erroris
1768 2431 1844 2457 docet
1864 2431 1924 2456 salsa
1945 2430 1990 2456 441
2016 2429 2049 2455 26

1707 2490 1740 2494 -
1760 2482 1813 2508 quo
1832 2475 1918 2500 anima
1943 2473 2084 2500 abducitur
2107 2476 2133 2499 et
2151 2472 2291 2504 seducitur,

1654 2522 1692 2545 est
1704 2519 1746 2544 vir
1758 2519 1908 2551 illegitimus
1920 2518 2078 2545 reiiciendus
2091 2518 2123 2543 Vl
2138 2517 2189 2543 294
2206 2517 2238 2542 33
2257 2530 2294 2536 -

1654 2566 1713 2590 511111
1723 2563 1822 2589 vitandi
1833 2563 1866 2589 24
1878 2571 1904 2589 ν.
1915 2564 1948 2589 12
1961 2578 1996 2581 -
2010 2562 2156 2588 Erranlium
2171 2561 2293 2587 dolositas

1653 2615 1704 2634 non
1725 2611 1764 2633 est
1790 2607 1976 2641 subsequenda
2003 2608 2046 2633 Vll
2071 2607 2123 2632 525
2149 2607 2182 2632 45
2201 2620 2237 2625 -
2254 2607 2293 2631 est

1654 2659 1732 2678 causa
1753 2652 1843 2677 mortis
1863 2652 1893 2677 Vl
1915 2652 1965 2677 146
1983 2659 2009 2677 ν.
2029 2652 2062 2676 42
2086 2665 2120 2669 -
2143 2650 2293 2677 dilatabitur

1655 2699 1713 2729 post
1744 2696 1944 2722 diminutionem
1971 2696 2032 2722 fidei
2060 2695 2085 2721 in
2118 2696 2170 2721 fine
2202 2694 2293 2721 mundi

1654 2742 1687 2767 95
1713 2741 1730 2765 1)
1749 2755 1784 2758 -
1804 2740 1854 2772 Qui
1882 2740 1945 2765 vitat
1974 2740 2118 2772 periculum
2148 2740 2243 2765 erroris
2268 2742 2293 2764 et

1653 2785 1774 2818 pervenit
1792 2784 1825 2810 ad
1845 2785 1929 2809 lucem
1950 2784 2067 2810 veritatis
2086 2784 2180 2810 dicitur
2200 2783 2292 2809 beatus

1655 2830 1696 2855 Vll
1716 2829 1766 2854 476
1787 2828 1832 2863 44.

1707 2875 1870 2899 Enunsscana
1889 2886 1923 2891 —
1943 2873 1979 2898 De
1999 2873 2075 2905 culpa
2094 2873 2235 2899 commissa
2254 2874 2293 2897 est

1653 2917 1864 2944 erubescendum
1895 2917 1926 2942 Vl
1952 2917 2003 2942 560
2028 2924 2054 2942 v.
2074 2918 2089 2943 2
2111 2931 2143 2935 ——
2164 2916 2292 2942 debemus

1653 2963 1777 2988 vilitatem
1798 2961 1896 2994 peccati
1916 2961 1959 2986 Vll
1979 2962 2030 2986 229
2051 2961 2078 2986 41
2104 2975 2136 2979 -
2157 2961 2226 2986 Multi
2240 2966 2292 2986 non

1652 3007 1812 3033 erubescunt
1839 3004 1941 3038 peccati
1965 3005 2155 3032 deformitatem
2176 3004 2238 3031 ibid.
2257 3019 2292 3023 —

1653 3052 1731 3077 Filius
1750 3050 1863 3076 hominis
1891 3049 2046 3075 erubescere
2070 3049 2145 3075 faciet
2173 3049 2198 3075 in
2222 3048 2291 3074 finali

1652 3095 1750 3121 iudicio
1769 3101 1830 3120 eum
1850 3094 1895 3127 qui
1915 3099 1984 3119 nunc
2003 3093 2143 3119 contemnit
2161 3093 2218 3119 eius
2236 3099 2292 3118 cru-

1653 3146 1711 3165 cem
1740 3143 1864 3172 tanquam
1892 3137 2096 3170 ignominiosam
2121 3141 2146 3163 et
2170 3137 2226 3163 eius
2248 3136 2292 3162 do-

1653 3183 1762 3209 ctrinam
1782 3190 1812 3209 ex
1832 3183 1898 3208 mala
1918 3181 2097 3207 erubescentia
2117 3180 2179 3207 ibid.

1706 3228 1772 3254 Esttu
1798 3241 1832 3246 -—
1860 3225 2010 3253 intendebat
2034 3232 2128 3257 capere
2153 3225 2229 3251 lacot)
2259 3225 2291 3250 Vl

1654 3271 1704 3297 174
1723 3279 1750 3297 v.
1770 3272 1802 3297 42
1817 3286 1850 3290 -
1864 3271 1992 3297 Dominus
2004 3269 2153 3295 immutavit
2166 3276 2211 3295 cor
2224 3270 2291 3295 Esau

1652 3323 1700 3348 per
1725 3315 1883 3341 oblationem
1913 3321 2053 3341 munerum
2073 3312 2150 3339 iacob
2169 3312 2230 3339 ibid.
2255 3326 2291 3332 -

1651 3360 1744 3386 odiens
1764 3359 1839 3385 lacob
1858 3359 1987 3392 significat
2013 3358 2095 3383 malos
2119 3360 2144 3383 et
2162 3356 2290 3389 reprobos

1653 3404 1702 3430 453
1723 3404 1757 3429 32
