2476 3921
172 528 294 555 Apponitur

170 554 296 576 remedium.

159 1330 253 1351 Affectus
268 1330 295 1350 ad

178 1357 285 1384 parvulos.

162 1811 293 1832 Excellentia

155 1838 298 1865 parvulorum.

186 2238 292 2259 Hortatio.

325 273 390 305 244

322 365 428 395 autem
451 362 594 393 intuetur
618 368 672 392 cor
689 371 720 397 »;
745 361 776 391 et
806 358 1011 391 Ecclesiastici
1040 357 1191 399 vigesimo
1222 360 1286 389 ter-

322 416 383 448 tio:
414 428 428 443 «
445 414 535 447 Oculi
561 413 683 445 Domini
710 412 809 444 multo
833 412 905 453 plus
930 411 1098 443 lucidiores
1122 419 1219 452 super
1236 419 1286 442 so-

322 470 401 507 lem,
426 467 717 509 circumspicientes
740 474 849 498 omnes
878 465 944 497 vias
969 464 1132 496 hominum
1157 467 1188 496 et
1212 472 1285 505 pro-

320 522 453 555 fundum
477 521 580 563 abyssi
605 524 636 553 et
659 519 822 552 hominum
848 518 943 551 corda
966 518 1171 550 intuentes».
1189 535 1232 540 —-
1251 516 1285 548 Et

321 577 469 619 quoniam
502 575 721 617 cogitationem
757 573 881 605 videbat
913 580 980 604 esse
1016 571 1096 603 viam
1129 570 1168 603 ad
1200 579 1284 602 mor-

321 632 412 670 bum,
437 631 505 663 ideo
538 633 686 671 tanquam
712 627 835 669 sapiens
868 625 1007 658 medicus
1030 624 1158 666 apponit
1183 632 1283 656 reme-

319 685 422 722 dium,
446 692 518 716 cum
542 682 600 714 ait:
629 679 882 723 Apprcltendens
901 687 1048 720 puerum
1069 677 1188 709 statuit
1208 685 1284 708 eum

319 748 412 770 secus
435 747 468 769 se
483 738 504 775 1,
529 740 677 777 tanquam
703 734 760 767 sibi
779 733 969 766 conformem
994 734 1025 764 et
1049 730 1282 772 propinquum;

319 791 402 824 unde
427 790 570 823 Matthaei
596 788 717 821 decimo
741 796 823 819 nono
846 786 984 818 dicebat:
1013 797 1028 813 «
1046 784 1142 817 Sinite
1167 793 1283 825 parvu-

320 846 365 878 los
389 844 496 877 venire
520 843 558 875 ad
583 851 647 880 me,
667 845 698 874 et
722 841 818 872 nolite
835 839 1004 881 prohibere
1028 837 1066 870 ad
1091 846 1141 869 me
1158 836 1282 875 venire,

320 899 428 931 talium
454 898 536 930 enim
562 900 608 929 est
633 904 765 937 regnum
791 894 950 926 caelorum
970 904 1005 930 »ς
1030 894 1061 924 01
1084 890 1163 923 0500
1188 890 1283 922 unde-

318 953 415 985 cimo:
446 966 460 979 a
478 951 558 992 Quia
582 959 661 992 puer
687 948 795 986 lsrael,
819 950 851 979 et
873 946 969 978 dilexi
999 954 1071 977 eum
1089 958 1119 976 ».
1149 944 1185 976 Et
1210 953 1282 985 pro-

317 1008 387 1047 pter
412 1005 470 1036 hoc
494 1003 616 1035 dicebat
637 1002 765 1043 Sapiens
789 999 964 1041 Sapientiae
988 1007 1086 1030 nono:
1109 1010 1123 1025 «
1141 997 1207 1029 Νο11
1232 1005 1283 1028 me

317 1059 488 1100 reprobare
512 1067 529 1089 a
555 1056 662 1098 pueris
687 1055 770 1093 tuis,
795 1054 869 1095 quia
893 1061 1006 1085 servus
1030 1055 1106 1083 tuus
1130 1059 1200 1083 sum
1225 1059 1283 1091 ego

316 1116 346 1145 et
372 1112 454 1144 tilius
478 1110 607 1143 ancillae
634 1113 705 1141 tuae
731 1122 761 1139 ».
795 1107 895 1139 Secus
926 1116 959 1137 se
987 1105 1083 1147 igitur
1114 1103 1283 1146 parvulum

315 1166 439 1204 statuit,
458 1170 493 1197 ut
516 1163 673 1201 ostendat,
691 1161 861 1203 parvulum
885 1162 1032 1201 oportere
1058 1158 1125 1190 lieri
1142 1157 1196 1199 qui
1216 1156 1283 1189 vult

314 1229 382 1253 esse
406 1220 526 1252 amicus
552 1218 604 1250 Dei
620 1217 642 1248 2.

405 1274 457 1305 88.
484 1272 584 1313 (Vers.
610 1270 687 1311 [18).
714 1269 750 1301 Et
775 1269 834 1300 hoc
859 1271 962 1305 notat,
989 1274 1061 1298 cum
1085 1264 1208 1297 subdit:
1244 1264 1282 1296 Et

315 1329 364 1362 ait
389 1328 472 1360 illis:
500 1326 706 1367 Quicumque
737 1321 917 1363 susceperit
939 1329 1085 1362 puerum
1111 1318 1210 1351 istum
1246 1318 1282 1349 iii

315 1381 446 1413 nomine
470 1388 560 1416 meo,
586 1387 636 1410 me
659 1376 796 1417 recipit,·
821 1375 852 1406 in
875 1383 939 1416 quo
971 1372 1124 1410 ostendit,
1158 1375 1280 1403 tantum

314 1435 460 1467 affectum
486 1442 518 1465 se
544 1431 660 1464 habere
677 1430 715 1462 ad
742 1428 891 1471 parvulos
909 1430 940 1459 et
966 1426 1118 1463 humiles,
1144 1429 1179 1457 ut
1196 1424 1281 1467 quod

315 1489 349 1521 fit
381 1489 425 1520 eis
458 1490 584 1528 reputet
615 1484 673 1517 sibi
706 1483 796 1520 tieri3
822 1481 924 1519 unde,
949 1480 1095 1512 Matthaei
1131 1479 1281 1521 vigesimo

314 1542 426 1584 quinto
443 1541 466 1579 ³,
490 1540 572 1572 dicet
596 1539 626 1570 in
656 1537 790 1570 iudicio:
821 1549 836 1564 «
861 1534 948 1576 Quod
983 1534 1036 1566 uni
1069 1543 1109 1566 ex
1144 1533 1281 1565 minimis

316 1596 393 1628 meis
412 1594 528 1627 fecistis
553 1592 629 1624 mihi
647 1590 763 1623 fecistis
780 1603 809 1621 ».
835 1589 924 1621 Tales
948 1588 1031 1620 enim
1050 1587 1209 1629 potissime
1229 1595 1280 1618 ac-

314 1652 432 1691 ceptat,
457 1646 630 1680 secundum
656 1644 733 1676 illud
758 1643 887 1676 Psalmi:
919 1655 934 1670 «
951 1641 1103 1674 Excelsus
1126 1640 1280 1672 Dominus

313 1707 344 1735 et
368 1702 500 1735 humilia
524 1700 651 1742 respicit
668 1711 702 1737 »;
719 1701 751 1730 et
774 1696 948 1730 secundum
975 1694 1051 1727 illud
1070 1694 1163 1727 Isaiae
1188 1702 1280 1726 sexa-

313 1757 432 1799 gesimo
456 1758 563 1788 sexto:
595 1766 610 1781 «
627 1752 669 1785 Ad
694 1760 788 1794 quem
815 1750 978 1792 respiciam
997 1748 1055 1781 nisi
1080 1748 1119 1780 ad
1143 1756 1279 1788 pauper-

314 1811 421 1842 culurn
446 1813 477 1841 et
501 1807 671 1840 contritum
697 1805 811 1847 spiritu
829 1817 843 1831 »
873 1807 931 1836 etc.
955 1820 996 1825 —
1019 1802 1062 1833 Ex
1088 1801 1148 1833 hoc
1172 1804 1277 1832 autem

314 1863 472 1905 colligitur
497 1870 609 1903 magna
627 1858 814 1892 excellentia
837 1865 905 1889 esse
922 1856 953 1887 in
978 1854 1129 1897 parvulo,
1154 1853 1228 1886 dum
1247 1853 1278 1885 in

314 1926 351 1948 00
376 1915 528 1956 recipitur
553 1913 698 1945 Christus
729 1920 791 1943 non
817 1909 918 1942 solum
943 1907 1117 1940 secundum
1152 1906 1279 1939 humili-

313 1974 409 2002 tatem
437 1969 624 2005 humanam,
650 1973 760 1998 verum
786 1964 879 1996 etiam
905 1961 1078 1995 secundun]
1108 1961 1279 1993 auctorita-

314 2026 375 2055 tem
400 2022 554 2059 divinam;
580 2020 617 2052 ad
643 2028 738 2061 quam
763 2016 981 2050 insinuandam
1007 2015 1108 2047 addit:
1137 2015 1174 2046 Et
1205 2014 1278 2058 qui-

313 2086 451 2119 cumque
475 2085 525 2107 mc
548 2073 666 2116 recipit
677 2074 702 2112 4,
723 2072 841 2113 recipit
864 2080 937 2103 cum
963 2069 1022 2113 qui
1037 2079 1088 2101 mc
1111 2068 1212 2101 misit.
1231 2068 1277 2100 Ex

312 2131 372 2163 hoc
389 2129 562 2171 colligitur,
588 2127 672 2170 quod
689 2126 744 2168 qui
768 2126 903 2157 honorat
926 2127 957 2156 et
974 2123 1085 2164 recipit
1106 2122 1276 2164 parvulum

312 2183 426 2215 Christi
452 2182 564 2223 recipit
587 2184 618 2213 et
644 2181 778 2212 honorat
801 2178 920 2216 Deum;
946 2185 1078 2218 magnus
1102 2175 1199 2217 igitur
1231 2178 1278 2208 est

313 2237 414 2269 honor
438 2240 469 2269 et
500 2235 600 2277 gloria
624 2233 841 2276 parvulorum.
871 2250 914 2255 —
944 2230 989 2263 Ex
1013 2239 1077 2272 quo
1109 2229 1278 2271 persuadet

312 2290 375 2328 eis,
400 2298 439 2321 ne
463 2288 603 2321 ambiant
626 2296 694 2320 esse
717 2285 839 2328 magni,
865 2284 919 2317 sed
943 2283 1091 2316 studeant
1113 2292 1181 2315 esse
1206 2292 1278 2324 par-

312 2343 388 2375 vuli.
416 2342 451 2374 Et
474 2342 512 2374 ad
537 2342 595 2373 hoc
620 2340 731 2372 invitat
755 2338 919 2381 Apostolus
935 2337 973 2369 ad
998 2336 1213 2378 Philippenses
1229 2345 1277 2368 se-

312 2396 458 2429 cundo⁵z
490 2408 505 2423 «
522 2395 554 2427 ln
579 2393 756 2426 humilitate
781 2391 961 2433 superiores
986 2389 1043 2422 sibi
1068 2389 1201 2421 invicem
1226 2398 1277 2420 ar-

930 269 1123 301 COMMENT.
1150 269 1185 301 lN
1210 268 1449 301 EVANGELIUM
1474 269 1592 301 LUCAE
1617 269 1648 301 C.
1674 270 1721 301 lx.

1324 391 1326 393 ,
1350 356 1503 389 bitrantes
1520 370 1549 388 ι).
1580 370 1595 385 <x
1613 357 1674 390 Hoc
1698 358 1781 390 enim
1807 358 1920 391 sentite
1944 358 1975 391 in
2001 359 2103 397 vobis,
2128 360 2212 401 quod
2236 363 2267 393 et
2283 360 2314 392 in

1350 409 1475 442 Christo
1500 410 1586 449 lesu,
1611 410 1682 452 qui,
1700 420 1778 453 ,cum
1804 411 1835 443 in
1867 411 1969 447 forma
1992 412 2047 444 Dei
2072 416 2168 451 esset,
2202 416 2314 446 semet-

1350 462 1454 504 ipsum
1480 463 1668 502 exinanivit,
1686 463 1820 496 formam
1839 464 1921 496 servi
1938 465 2136 506 accipiens».
2155 466 2204 499 Sic
2220 467 2314 499 etiam

1349 515 1481 548 faciebat
1505 517 1685 558 Apostolus,
1707 517 1881 549 secundun]
1906 517 1983 550 illud
2007 519 2127 560 primae
2147 519 2185 551 ad
2206 519 2314 552 Corin-

1349 569 1432 601 thios
1449 579 1531 602 nono
1543 570 1571 601 ⁶:
1594 582 1609 598 «
1622 569 1700 602 Cum
1718 579 1818 603 essem
1836 571 1915 603 liber
1931 580 1973 603 ex
1993 572 2154 611 omnibus,
2172 573 2313 609 omnium

1349 631 1398 654 me
1423 631 1552 655 servum
1569 622 1627 655 feci
1646 635 1680 661 »3
1706 627 1737 655 et
1760 623 1880 665 primae
1896 623 1933 656 ad
1958 624 2250 658 Thessalonicenses
2266 634 2314 658 se-

1348 675 1469 707 cundo:
1501 675 1614 708 «Facti
1639 684 1750 708 sumus
1774 676 1898 717 parvuli
1924 676 1954 708 in
1979 676 2082 709 medio
2105 677 2216 716 vestri,
2246 681 2313 710 tan-

1348 737 1444 770 quam
1469 729 1494 761 si
1519 729 1631 761 nutrix
1656 729 1758 761 foveat
1781 729 1861 762 tilios
1885 738 1960 762 suos
1977 743 2006 761 ».

1438 783 1491 814 89.
1529 783 1634 815 Tertio
1665 791 1741 815 vero
1773 783 1978 824 subiungitur
2005 782 2169 825 perfectae
2201 784 2313 817 laudis

1347 835 1514 868 conclusio
1538 845 1594 878 per
1619 836 1816 869 definitivum
1840 836 2010 875 iudicium,
2035 846 2108 869 cum
2131 837 2191 870 ait:
2224 837 2314 870 Nam

1347 890 1407 932 qui
1429 889 1541 922 minor
1573 894 1620 922 cst
1643 890 1729 922 inter
1760 900 1818 922 vos
1842 899 1970 929 omnes,
1995 899 2052 932 per
2081 891 2312 932 reputationem

1346 948 1378 975 et
1402 944 1630 982 humilitatem,
1662 943 1715 976 liic
1738 944 1850 976 maior
1881 948 1943 982 esc,
1968 944 2142 977 secundum
2175 944 2313 977 divinam

1347 997 1559 1038 acceptionem
1592 1001 1622 1029 et
1647 997 1821 1030 veritatem.
1855 997 2001 1030 Minimus
2025 1006 2101 1040 ergo
2132 1002 2179 1031 est
2211 998 2313 1031 maxi-

1347 1059 1433 1088 mus,
1451 1054 1483 1082 et
1502 1051 1577 1089 hoc,
1594 1051 1669 1092 quia
1686 1051 1723 1083 ad
1742 1060 1855 1092 magna
1871 1051 2010 1092 praemia
2026 1051 2205 1091 ordinatus,
2221 1052 2313 1084 iuxta

1346 1102 1425 1135 illud
1450 1103 1530 1134 infra
1553 1103 1674 1135 decimo
1698 1103 1848 1135 octavo⁷z
1880 1116 1895 1131 (ι
1911 1104 1970 1145 Qui
1996 1110 2028 1136 se
2055 1104 2201 1137 humiliat
2225 1105 2312 1137 exal-

1347 1156 1467 1188 tabitur
1484 1170 1514 1187 ».
1540 1156 1570 1188 Si
1592 1157 1669 1189 haec
1692 1160 1739 1189 est
1767 1165 1823 1198 per
1847 1166 1880 1189 se
1907 1166 1979 1189 vera
1998 1162 2146 1199 tanquam
2170 1158 2225 1191 Dei
2243 1167 2313 1191 sen-

1347 1210 1461 1248 tentia,
1486 1210 1540 1252 qui
1566 1210 1665 1252 magis
1689 1219 1721 1243 se
1748 1210 1906 1249 humiliat,
1932 1211 1982 1243 ille
2000 1211 2099 1244 maior
2123 1215 2185 1251 est,
2210 1212 2312 1254 etqui

1346 1264 1502 1302 maxime,
1522 1264 1572 1296 ille
1589 1268 1636 1296 est
1653 1264 1821 1297 maximus.
1840 1283 1883 1287 —
1901 1265 1936 1296 Et
1953 1265 2033 1297 ratio
2048 1265 2143 1298 huius
2159 1270 2221 1305 est,
2237 1266 2313 1308 quia

1346 1322 1464 1361 quanto
1488 1327 1600 1351 sumus
1618 1318 1818 1357 humiliores,
1836 1322 1921 1350 tanto
1946 1328 2057 1351 sumus
2073 1328 2091 1351 a
2115 1323 2241 1352 tumore
2258 1329 2312 1353 su-

1345 1372 1473 1414 perbiae
1497 1372 1668 1410 inaniores;
1694 1376 1724 1404 et
1749 1375 1867 1414 quanto
1891 1372 2048 1404 inaniores
2071 1382 2089 1404 a
2110 1376 2234 1406 tumore
2258 1383 2311 1406 su-

1345 1426 1487 1468 perbiae,
1520 1429 1607 1458 tanto
1640 1426 1796 1468 pleniores
1824 1425 2006 1463 dilectione;
2040 1430 2070 1458 et
2102 1429 2221 1468 quanto
2253 1427 2311 1459 hac

1345 1480 1520 1521 pleniores,
1547 1483 1632 1512 tanto
1653 1479 1796 1512 maiores.
1824 1479 1866 1512 De
1887 1479 1954 1521 ipsa
1971 1479 2054 1512 enim
2079 1479 2229 1512 scribitur
2247 1480 2311 1522 pri-

1344 1542 1414 1566 mae
1446 1533 1484 1565 ad
1515 1532 1694 1565 Corinthios
1725 1532 1847 1565 decimo
1871 1532 2012 1564 tertiossz
2043 1545 2057 1560 «
2083 1533 2179 1565 Maior
2203 1537 2309 1566 autem

1346 1588 1461 1619 horum
1497 1590 1545 1619 est
1580 1587 1694 1619 caritas
1715 1598 1750 1625 »;
1786 1590 1817 1618 01
1852 1585 1921 1618 ideo
1955 1586 2159 1619 Ecclesiastici
2196 1587 2307 1619 tertio:

1349 1654 1364 1669 «
1382 1641 1506 1682 Quanto
1530 1649 1663 1682 magnus
1687 1649 1735 1678 es,
1761 1639 1892 1672 humilia
1916 1644 1946 1672 te
1971 1639 2001 1671 in
2018 1639 2179 1679 omnibus,
2205 1643 2236 1673 et
2259 1649 2310 1673 co-

1344 1703 1413 1726 ram
1448 1694 1512 1725 Deo
1548 1693 1688 1725 invenies
1723 1693 1855 1734 gratiam
1882 1705 1915 1732 »3
1952 1696 1983 1725 et
2018 1702 2133 1725 rursus
2166 1693 2308 1726 decimo:

1350 1760 1365 1775 «
1382 1748 1512 1788 Magnus
1535 1750 1582 1779 est
1606 1746 1703 1778 iudex
1728 1751 1759 1779 et
1782 1749 1893 1788 potens
1909 1746 1940 1778 in
1959 1746 2095 1785 honore,
2113 1746 2167 1779 sed
2184 1756 2245 1779 non
2263 1751 2310 1780 est

1343 1801 1444 1833 maior
1468 1809 1505 1833 eo
1529 1801 1584 1842 qui
1602 1801 1690 1833 timet
1714 1800 1812 1833 Deum
1832 1814 1860 1832 ».
1888 1817 1929 1823 -—
1954 1800 2009 1832 Vel
2035 1800 2102 1833 ideo
2127 1801 2238 1833 minor
2262 1805 2310 1834 est

1344 1853 1459 1892 maior,
1484 1853 1573 1895 quia,
1599 1857 1717 1894 quanto
1742 1853 1813 1895 quis
1831 1853 1991 1892 humilior,
2016 1857 2102 1885 tanto
2126 1853 2251 1886 Christo
2267 1854 2309 1887 si-

1343 1908 1457 1945 milior,
1481 1910 1512 1939 et
1529 1916 1585 1948 per
1604 1907 1661 1939 hoc
1679 1911 1765 1939 tanto
1783 1907 1808 1939 ei
1828 1907 2022 1948 proxirnior;
2040 1907 2185 1940 Christus
2201 1911 2308 1940 autem

1342 1963 1389 1993 est
1421 1959 1598 1998 maximus;
1631 1959 1683 1992 sed
1713 1963 1831 2001 quanto
1862 1960 1977 2002 aliquis
2008 1961 2148 1993 maximo
2179 1961 2307 2003 propin-

1342 2013 1447 2054 quior,
1472 2016 1558 2044 tanto
1582 2012 1700 2044 maior:
1725 2017 1844 2054 quanto
1867 2022 1943 2055 ergo
1974 2014 2046 2055 quis
2071 2014 2188 2053 minor,
2221 2017 2308 2046 tanto

1343 2065 1460 2104 maior;
1490 2069 1520 2097 et
1545 2064 1604 2097 hoc
1637 2067 1684 2097 est
1707 2065 1792 2106 quod
1820 2065 1886 2107 ipse
1919 2066 2021 2098 innuit
2045 2066 2126 2098 infra
2158 2067 2307 2109 vigesimo

1342 2119 1520 2152 secund0⁹:
1551 2132 1566 2147 (ι
1584 2119 1646 2160 Ego
1669 2116 1776 2151 autem
1793 2118 1824 2151 in
1850 2119 1952 2151 medio
1976 2124 2117 2153 vestrum
2142 2129 2228 2160 sum,
2253 2121 2309 2154 sic-

1341 2176 1377 2205 ut
1401 2173 1455 2215 qui
1488 2172 1699 2205 ministrat».
1731 2172 1767 2204 Et
1798 2172 1867 2204 ideo
1898 2172 2038 2205 dicebat:
2077 2186 2092 2201 «
2115 2173 2174 2215 Qui
2207 2173 2307 2206 maior

1341 2230 1389 2260 est
1413 2227 1444 2259 in
1469 2226 1558 2259 vobis
1581 2226 1636 2258 fiat
1659 2226 1741 2259 sicut
1761 2225 1878 2265 minor,
1903 2229 1934 2258 et
1958 2226 2012 2268 qui
2031 2233 2218 2268 praecessor
2242 2231 2306 2266 est,

1341 2281 1424 2314 sicut
1454 2280 1649 2313 ministrator
1675 2292 1710 2319 »;
1729 2283 1760 2313 01
1792 2280 1885 2313 Marci
1915 2289 2014 2312 nono:
2044 2293 2059 2308 α
2081 2281 2109 2312 Si
2136 2281 2208 2323 quis
2239 2281 2307 2314 vult

1341 2335 1464 2377 primus
1496 2343 1582 2373 esse,
1615 2334 1676 2366 erit
1707 2334 1848 2366 omnium
1880 2333 2071 2366 novissimus
2102 2338 2133 2366 et
2163 2328 2306 2368 omnium

1341 2388 1485 2421 minister
1513 2402 1549 2427 »‚
1581 2388 1656 2430 quia
1687 2388 1803 2421 dicitur
1834 2387 1978 2420 Matthaei
2011 2387 2180 2429 vigesimo:
2213 2401 2229 2416 a
2258 2388 2306 2421 Sic

384 2557 391 2571 ¹
413 2559 447 2583 lta
468 2557 546 2582 etiam
561 2556 645 2587 Beda,
664 2555 742 2580 Card.
757 2555 848 2585 llugo,
867 2553 894 2577 B.
915 2552 1010 2577 Albert.
1025 2556 1050 2576 et
1070 2552 1201 2582 Lyranus3
1217 2551 1276 2576 Vul-

312 2606 371 2634 gata
391 2607 416 2627 et
437 2602 507 2627 ‘v'at.:
528 2599 709 2634 Apprchendit
734 2605 852 2632 puerum
871 2599 895 2623 ct
919 2596 1015 2623 statuit
1039 2596 1119 2621 illum
1143 2601 1275 2621 sectasse.

312 2661 347 2666 —
367 2648 432 2672 Tres
457 2654 531 2679 seqq.
551 2646 598 2671 loci
624 2648 684 2670 sunt
704 2645 790 2669 Matth.
817 2644 864 2673 19,
888 2642 931 2673 14;
958 2641 1025 2666 0500
1055 2641 1094 2670 11,
1125 2641 1145 2665 l.
1171 2643 1195 2665 01
1215 2640 1275 2671 Sap.

313 2693 337 2724 9,
358 2692 383 2717 4.
402 2699 457 2723 seq.
477 2691 566 2715 Glossa
587 2688 768 2715 interlinearis
790 2689 830 2719 (ex
851 2687 931 2719 Beda)
953 2686 977 2711 in
993 2687 1055 2711 Luc.
1075 2685 1105 2715 9,
1127 2684 1175 2709 47;
1196 2685 1228 2710 At
1243 2685 1277 2710 Ie-

312 2743 359 2762 sus
378 2736 484 2765 cidens,
505 2734 650 2765 intelligens
669 2739 762 2758 causas
780 2738 915 2762 errorum,
928 2731 984 2755 vult
998 2729 1158 2755 desiderium
1179 2729 1277 2760 glorIae

312 2780 464 2806 humilitatis
482 2779 647 2804 contentione
666 2783 766 2802 sanare.

384 2823 394 2837 ²
414 2824 500 2849 Matth.
523 2824 564 2854 118,
584 2823 614 2847 3:
636 2825 717 2847 Amen
739 2821 798 2846 dico
816 2820 906 2850 vobis,
924 2819 972 2844 nisi
993 2818 1113 2844 conversi
1134 2818 1233 2843 fueritis
1252 2821 1277 2843 et

313 2868 462 2894 efficiamini
482 2868 549 2892 sicut
562 2867 665 2898 parvuli
685 2870 734 2891 etc.
748 2866 838 2890 Glossa
852 2863 995 2890 ordinaria
1016 2864 1057 2893 (ex
1072 2863 1140 2888 Beda
1161 2863 1185 2887 in
1200 2863 1277 2887 Marc.

315 2914 345 2944 9,
365 2913 407 2938 34.
428 2913 493 2945 seq.)
508 2912 535 2936 in
556 2912 643 2936 Matth.
661 2911 706 2943 ts,
727 2912 755 2935 2:
776 2909 809 2935 Et
827 2908 972 2935 advocans.
988 2907 1140 2932 Secundum
1160 2907 1277 2932 Marcum

314 2964 426 2989 puerum
442 2957 512 2982 lesus
531 2955 723 2987 complectitur,
736 2954 900 2986 significans,
914 2953 1026 2978 humiles
1039 2952 1134 2983 dignos
1146 2958 1194 2976 suo
1208 2958 1277 2976 corn-

314 3003 389 3033 plexu
418 3005 444 3026 ct
472 3001 619 3026 dilectione.
643 3014 678 3018 —
702 3000 769 3024 Petr.
797 2998 948 3028 Comestor‚
976 2997 1070 3021 llistor.
1101 2996 1223 3021 scholast.
1251 2996 1277 3020 in

315 3047 414 3077 Evang.
433 3053 456 3070 c.
477 3046 523 3070 90:
546 3045 672 3070 Parvulus
692 3044 752 3073 iste,
774 3047 801 3068 ut
820 3043 928 3075 quidam
949 3041 1066 3071 tradunt,
1082 3040 1128 3066 tuit
1141 3040 1276 3070 Martialis,

314 3091 448 3123 apostolus
471 3090 670 3115 Lemovicarum
692 3089 740 3119 (1ιο
761 3088 839 3113 0110111
864 3088 954 3113 Glossa
973 3086 1000 3111 111
1020 3085 1047 3112 C.
1072 3085 1140 3111 Cum
1165 3084 1277 3111 venisset

315 3135 351 3169 [c.
372 3133 493 3167 unicum]
514 3134 545 3159 X.
566 3134 599 3159 de
618 3135 696 3159 Sacra
717 3133 849 3163 unctione,
869 3132 923 3157 scil.
944 3132 959 3156 l.
980 3131 1081 3156 Decret.
1101 3129 1219 3161 Gregorii
1240 3129 1275 3154 tit.

316 3179 363 3210 453
384 3178 462 3204 Card.
481 3179 558 3209 lingo
571 3181 596 3203 et
615 3179 642 3203 B.
657 3177 753 3203 Albcrt.
768 3178 793 3202 in
808 3177 870 3202 Luc.
884 3177 913 3207 9,
933 3176 995 3207 47.).
1009 3176 1116 3205 Baron.,
1134 3174 1222 3199 Annal.
1237 3180 1277 3198 ec-

314 3223 425 3260 01051051.
444 3222 478 3247 ad
496 3229 594 3247 annum
614 3221 707 3247 Christi
727 3221 770 3247 74.
795 3229 820 3246 n.
855 3221 893 3246 15.
920 3221 1010 3252 refert,
1037 3219 1178 3245 Martialem
1204 3218 1276 3243 illum

316 3267 394 3292 fuisse
414 3267 568 3298 puerulum,
588 3267 621 3292 de
640 3274 693 3299 quo
714 3266 832 3291 Andreas
850 3266 912 3291 olim
927 3265 1037 3290 Domino
1055 3264 1159 3296 roganti
1178 3263 1277 3288 dixerat

315 3310 405 3344 [ioan.
419 3312 447 3343 6,
462 3310 514 3344 9.];
529 3311 576 3337 Est
589 3318 657 3344 puer
671 3310 713 3337 hz'c
725 3310 825 3337 habeus
840 3310 956 3343 quinque
966 3316 1052 3343 panes
1065 3310 1091 3335 ct
1102 3308 1170 3334 ditos
1179 3307 1275 3341 pisces.

317 3355 414 3380 Verum
435 3362 495 3380 cum
509 3355 609 3386 dicant,
629 3355 715 3386 ipsum
737 3362 818 3380 unum
840 3354 918 3379 fuisse
938 3360 968 3378 ex
986 3352 1158 3386 septuayinta
1171 3350 1276 3377 duobus

315 3399 467 3433 discipulis,
487 3406 555 3431 opus
573 3402 626 3430 est,
646 3403 673 3424 ut
691 3400 835 3429 affirment,
854 3406 905 3424 non
923 3398 961 3423 sic
974 3401 1057 3423 aetate
1072 3398 1149 3423 tuisse
1163 3403 1275 3428 puerum

315 3445 494 3475 nominatum,
513 3444 560 3469 sed
580 3450 654 3469 more
668 3443 855 3468 ‘Hebraeorum
875 3446 922 3468 010.
943 3441 995 3468 Csr.
1012 3441 1114 3467 Cornel.
1137 3448 1151 3466 a
1177 3440 1276 3472 Lapide

1342 2551 1366 2575 in
1387 2551 1474 2575 Matth.
1496 2551 1542 2581 18,
1563 2551 1586 2575 2.
1607 2551 1713 2575 Simeon
1734 2550 1932 2581 Motaplirastes,
1953 2549 2028 2574 Vitae
2048 2549 2179 2579 Sanctor.,
2203 2549 2228 2574 in
2253 2548 2306 2574 vita

1342 2596 1368 2620 S.
1389 2596 1476 2627 ignatii
1498 2595 1532 2624 (l.
1547 2594 1685 2626 Februar.)
1706 2595 1832 2624 insinuat,
1846 2595 1985 2626 puerulum
2001 2594 2079 2618 istum
2095 2593 2173 2618 fuisse
2193 2593 2219 2619 S.
2236 2594 2306 2625 lgna-

1342 2640 1421 2670 tium,
1441 2639 1522 2671 episc.
1542 2639 1660 2664 Antioch.
1679 2638 1730 2664 Csr.
1758 2639 1856 2670 Migne‚
1876 2638 1969 2663 Patrol.
1994 2638 2105 2668 Graeca,
2132 2641 2194 2662 tom.
2219 2637 2244 2663 5.
2258 2638 2306 2664 col.

1341 2684 1402 2709 625.
1423 2688 1447 2709 ct
1468 2685 1493 2709 Ρ.
1514 2684 1625 2714 llalloix,
1646 2684 1704 2708 Vita
1725 2684 1750 2708 S.
1771 2683 1870 2715 lgnatii.
2264 2676 2266 2679 ’

1412 2727 1423 2742 ³
1444 2730 1517 2754 vx'ers.
1534 2728 1574 2754 40.
1589 2742 1623 2747 ·—
1638 2729 1694 2753 Duo
1713 2735 1787 2761 seqq.
1803 2728 1850 2754 loci
1865 2732 1925 2753 sunt
1938 2728 1979 2753 Ps.
1997 2727 2058 2758 137,
2073 2727 2098 2752 6.
2112 2730 2137 2752 01
2151 2727 2205 2753 lsai.
2219 2727 2266 2758 66,
2280 2728 2306 2753 2.

1413 2772 1423 2786 ⁴
1444 2774 1477 2799 lta
1497 2773 1619 2799 Ambros.
1639 2773 1702 2805 (vn.
1729 2774 1752 2798 in
1779 2774 1841 2798 Luc.
1860 2780 1885 2797 n.
1913 2772 1979 2804 240,
2005 2772 2088 2803 Beda,
2116 2771 2192 2797 Card.
2213 2772 2304 2804 Hugo,

1340 2820 1369 2844 B.
1389 2818 1500 2849 Albert.,
1520 2820 1544 2844 S.
1561 2819 1655 2844 Thoni.
1670 2818 1735 2851 (Cat.
1755 2825 1835 2843 aurea
1849 2818 1874 2842 in
1893 2818 1956 2842 Luc.
1973 2817 1998 2842 9.
2025 2824 2048 2841 11.
2065 2816 2117 2846 lo.)
2133 2820 2158 2842 et
2170 2817 2304 2849 Lyranus;

1342 2864 1453 2895 Vulgata
1467 2867 1493 2888 et
1513 2864 1570 2888 Vat.
1592 2862 1730 2896 receperit.
1743 2877 1778 2881 —
1791 2863 1880 2887 Glossa
1901 2860 2044 2887 ordinaria
2065 2860 2106 2893 (ex
2120 2860 2241 2886 Ambros.
2256 2861 2305 2887 loc.

1341 2908 1395 2939 011.)
1417 2908 1441 2933 111
1461 2908 1523 2933 Luc.
1549 2908 1578 2938 9,
1599 2907 1646 2933 48:
1676 2907 1726 2939 Qui
1752 2907 1909 2932 imitatorem
1937 2906 2031 2931 Christi
2057 2905 2150 2937 recipit
2173 2905 2304 2931 Christum

1341 2953 1448 2984 recipit,
1467 2956 1492 2977 01
1518 2952 1562 2985 qni
1583 2952 1725 2983 imaginem
1750 2952 1795 2977 Dei
1822 2951 1914 2982 recipit
1942 2951 2023 2976 Deum
2049 2950 2150 2981 recipit.
2169 2964 2204 2969 —
2224 2950 2305 2982 Supe-

1341 2997 1398 3022 rius
1417 3004 1465 3028 pro
1485 2996 1675 3023 auctoritatem
1694 2996 1715 3021 D
1734 2995 1908 3022 voluntatem.

1412 3039 1423 3054 ⁶
1444 3041 1516 3066 Vers.
1538 3041 1593 3066 3-6.

1413 3083 1424 3098 ⁸
1446 3086 1517 3110 Vers.
1542 3086 1587 3115 19,
1608 3089 1667 3117 post
1686 3092 1765 3118 quem
1787 3086 1804 3110 1.
1825 3084 1918 3109 Τ11055.
1938 3085 1968 3114 2,
1988 3083 2013 3108 7.

1412 3128 1421 3142 ⁷
1443 3130 1518 3155 Vers.
1539 3129 1579 3155 lt.
1600 3143 1634 3148 --
1653 3131 1764 3161 August.
1788 3129 1813 3154 in
1835 3130 1851 3154 l.
1876 3129 1954 3160 Epist.
1980 3129 2048 3153 loan.
2064 3131 2094 3153 tr.
2119 3129 2140 3153 1.
2159 3135 2185 3153 n.
2204 3129 2238 3153 6:
2258 3129 2304 3154 Su-

1341 3173 1432 3205 perbia
1453 3174 1594 3206 exstinguit
1613 3174 1762 3204 caritatem
1782 3172 1915 3198 humilitas
1939 3178 2004 3203 ergo
2029 3170 2136 3197 roborat
2160 3172 2303 3197 caritatem.

1341 3231 1376 3237 —
1396 3219 1553 3251 Sequentem
1574 3218 1702 3243 rationem
1717 3217 1786 3243 idem
1807 3216 1886 3242 habet
1900 3216 1960 3241 Vlll.
1984 3215 2017 3241 de
2031 3215 2103 3241 TrIn.
2126 3223 2148 3241 0.
2171 3216 2195 3241 8.
2216 3223 2241 3241 n.
2261 3216 2302 3241 ⁴2.

1341 3262 1429 3295 quoad
1449 3262 1604 3287 sententiam
1625 3265 1650 3286 et
1669 3269 1698 3287 ex
1718 3261 1805 3294 aliqua
1825 3262 1899 3292 parte
1918 3259 1995 3284 etiam
2016 3258 2184 3285 verbotenus.

1413 3305 1423 3320 Β
1444 3307 1518 3332 Vers.
1539 3307 1578 3331 13.
1594 3320 1629 3325 -
1642 3306 1699 3331 Duo
1718 3313 1793 3338 seqq.
1812 3304 1861 3330 loci
1878 3307 1938 3330 sunt
1957 3304 2033 3329 Eccll.
2047 3304 2077 3336 3,
2097 3304 2139 3330 20.
2152 3307 2178 3330 et
2200 3304 2240 3334 10,
2260 3303 2303 3329 27.

1412 3349 1423 3364 ⁹
1444 3352 1518 3376 vers.
1540 3351 1583 3376 27.
1602 3354 1627 3376 et
1651 3351 1694 3376 26.
1712 3364 1747 3368 -—
1767 3348 1885 3375 Subinde
1904 3349 2048 3380 allegantur
2069 3348 2147 3374 Marc.
2170 3349 2199 3379 9,
2213 3348 2256 3374 34.
2277 3352 2303 3374 01

1341 3396 1427 3421 Μο1111.
1449 3396 1497 3426 20,
1522 3396 1562 3420 16,
1582 3409 1617 3414 -
1636 3395 1753 3427 Α1·15101.,
1777 3394 1817 3419 lV.
1838 3394 1950 3425 Metaph.
1970 3396 2028 3418 text.
2055 3393 2097 3418 18.
2118 3394 2169 3426 (111.
2190 3400 2213 3419 c.
2233 3392 2256 3418 4.
2276 3392 2302 3418 in

1341 3440 1417 3473 ssne):
1438 3440 1515 3472 Quod
1535 3440 1620 3471 magis
1638 3443 1678 3465 est
1702 3438 1879 3471 propinquius
1897 3442 1945 3463 est.

2332 793 2433 816 Tei-tium.
2465 808 2466 818 1

2333 1005 2458 1029 Notandum.

2331 1273 2394 1294 Ratio
2408 1273 2427 1294 1.

2328 1808 2390 1829 Ratio
2404 1808 2425 1829 2.
