2476 3921
156 382 285 404 Notandum.

140 964 180 991 Qui
195 963 237 993 aiut
251 962 289 983 filii

182 995 248 1017 pacis.

156 1916 286 1938 Notandum.

174 2501 286 2528 Quartum.

306 234 369 266 256

305 320 458 354 secundo:
489 332 504 347 «
520 319 619 360 Quam
644 317 745 359 pulcri
771 325 867 357 super
884 318 1005 348 montes
1022 314 1115 356 pedes
1139 323 1262 347 annun—

305 373 409 406 tiantis
433 376 463 405 et
487 370 693 413 praedicantis
717 378 824 411 pacem
839 368 868 400 »Ι
887 368 969 400 Hanc
985 376 1093 409 pacem
1112 367 1263 399 Dominus

303 425 394 468 fecit,
419 424 591 457 secundum
608 422 684 455 illud
700 422 739 454 ad
755 422 952 454 colossenses
974 418 1075 462 primo
1089 422 1118 452 1:
1148 433 1162 448 α
1181 419 1263 452 Paci-

304 480 400 512 ficans
436 487 490 519 per
526 476 707 518 sanguinem
739 475 844 508 crucis
875 475 974 508 eius»
1004 478 1082 511 etc.;
1108 473 1262 510 Dominus

304 532 395 565 etiam
419 530 570 573 reliquit,-
596 529 716 562 [oannis
738 528 859 561 decimo
883 531 1015 570 quarto:
1047 540 1062 556 «
1079 527 1187 559 Pacem
1213 535 1262 559 re-

303 584 532 626 linquorvobis„
557 592 663 624 pacem
689 591 790 614 meam
814 581 854 613 do
877 581 1008 619 vobis»,
1034 580 1185 612 Dominus
1201 588 1263 611 an-

303 636 491 674 nuntiavit;
516 635 637 667 loannis
660 634 826 676 vigesimo:
857 647 872 662 «
889 633 979 666 Stetit
1003 633 1088 665 lesus
1113 632 1143 664 in
1160 631 1263 664 medio

304 694 335 723 et
357 690 437 722 dixit
461 689 520 721 eis:
547 689 610 720 Pax
635 687 723 720 vobis
741 699 770 724 »;
798 687 948 718 Dominus
971 685 1146 717 mandavit
1162 688 1193 717 et
1211 694 1263 726 pa-

304 752 370 775 cem
406 741 663 784 evanyelizavit,
695 741 777 773 sicut
808 740 923 773 dicitur
958 739 996 771 ad
1032 738 1181 780 Ephesios
1215 747 1263 770 se-

304 796 428 829 cundo:
463 808 478 823 «
496 795 630 827 Veniens
664 793 890 835 evangelizavit
922 802 1028 835 pacem
1064 792 1171 830 vobis,
1207 791 1262 833 qui

304 850 393 890 longe
416 848 529 886 fuistis,
553 851 584 880 et
609 856 717 889 pacem
743 847 779 879 iis
803 847 856 888 qui
883 855 1027 888 prope».

396 903 444 933 12.
470 901 570 941 (Vers.
598 901 651 941 6.).
679 900 714 932 Et
737 900 812 942 quia
836 902 962 941 possent
986 899 1115 937 timere,
1133 907 1172 931 ne
1196 898 1263 931 fru-

304 957 369 987 stra
394 963 502 995 pacem
526 954 694 992 offerrent;
718 953 788 986 ideo
812 952 934 985 subdit:
963 953 999 984 Et
1029 952 1061 984 si
1080 950 1185 994 fuerit
1217 951 1265 983 ibi

302 1007 393 1049 fitius
407 1008 523 1049 pacis‚·
536 1007 633 1049 pacis
649 1007 822 1040 secundum
836 1009 995 1038 aeternam
1014 1004 1263 1047 praescientiam,

303 1061 340 1094 de
365 1061 482 1103 quibus
507 1061 628 1093 Ioannis
651 1060 818 1093 undecimo
835 1060 847 1078 2
870 1059 1005 1098 dicitur,
1033 1058 1117 1101 quod
1147 1071 1162 1086 «
1179 1058 1264 1091 lesus

303 1124 414 1157 passus
430 1118 487 1153 est,
504 1118 540 1147 ut
557 1114 637 1147 tilios
654 1114 723 1152 Dei,
741 1113 795 1155 qui
813 1116 902 1145 erant
918 1112 1068 1154 dispersi,
1094 1120 1263 1153 congrega-

303 1171 351 1200 ret
368 1179 399 1205 »;
424 1167 461 1200 de
485 1167 602 1209 quibus
625 1167 741 1199 dicitur
766 1165 921 1198 secundae
945 1165 983 1197 ad
1000 1165 1199 1197 Timotheum
1216 1173 1264 1197 se-

303 1220 422 1253 cundo:
453 1233 468 1248 «
485 1219 635 1261 Cognovit
667 1219 819 1252 Dominus
854 1219 908 1261 qui
933 1221 1007 1251 sunt
1030 1218 1144 1250 eius».
1175 1218 1265 1250 Tales

303 1277 377 1307 sunt
401 1273 454 1305 filii
480 1273 582 1315 pacis,
599 1273 674 1315 quia
697 1273 812 1305 dicitur
829 1272 973 1305 Matthaei
997 1272 1122 1314 quinto:
1153 1271 1263 1304 «Beati

303 1327 441 1369 pacilici,
465 1326 613 1368 quoniam
638 1325 691 1357 filii
726 1325 779 1357 Dei
815 1325 1012 1357 vocabuntur
1029 1338 1059 1356 ».
1088 1343 1126 1347 —
1154 1324 1183 1356 ln
1210 1324 1262 1356 tali

304 1380 397 1413 habet
421 1379 589 1412 efficaciam
613 1379 745 1411 verbum
763 1378 1016 1420 praedicationis;
1035 1381 1163 1419 propter
1180 1377 1264 1419 quod

303 1434 404 1466 addit:
430 1433 615 1476 Requiescet
636 1442 738 1473 super
763 1431 856 1463 illum
877 1441 950 1473 pax
973 1435 1103 1468 vestra,
1130 1430 1159 1462 id
1183 1434 1231 1463 est
1246 1440 1265 1463 a

304 1487 392 1519 vobis
415 1486 616 1524 annuntiata:
641 1486 725 1518 unde
750 1485 843 1517 Isaiae
861 1485 1058 1526 sexagesimo
1082 1483 1199 1516 sexto3
1216 1493 1264 1516 se-

304 1539 443 1572 cundum
467 1539 558 1570 aliam
584 1538 835 1570 translationem:
867 1538 995 1578 «Super
1019 1546 1114 1578 quem
1140 1537 1265 1578 requie-

305 1596 370 1625 scet
393 1592 523 1633 spiritus
547 1600 635 1624 meus
659 1591 716 1623 nisi
738 1600 834 1632 super
853 1591 1003 1622 humilem
1022 1594 1052 1622 et
1069 1590 1213 1631 quietum
1226 1593 1264 1621 »ἵ

306 1646 481 1687 Requiescit
505 1645 614 1686 utique
632 1653 693 1686 pax
718 1644 833 1676 Christi
857 1643 1041 1675 annuntiata
1062 1652 1158 1684 super
1174 1651 1265 1684 prae-

305 1698 475 1731 destinatos
505 1707 523 1729 a
555 1697 634 1734 Deo,
667 1696 841 1729 secundum
874 1696 951 1727 illud
983 1696 1114 1727 Actuum
1144 1695 1266 1727 decimo

306 1750 420 1783 tertio:
451 1763 465 1777 «
482 1748 689 1781 Crediderunt
713 1751 869 1790 quotquot
892 1750 982 1780 erant
999 1747 1208 1788 praeordinati
1227 1746 1265 1778 ad

307 1804 401 1836 vitam
419 1815 449 1840 »3
474 1805 504 1834 et
529 1802 650 1834 loannis
673 1801 815 1833 decimo:
839 1814 854 1829 «
871 1800 932 1833 Vos
949 1810 1010 1832 non
1028 1800 1173 1838 creditis,
1191 1800 1266 1841 quia

306 1866 367 1889 non
391 1856 466 1888 estis
489 1865 529 1888 ex
554 1855 666 1887 ovibus
696 1854 781 1887 meis.
807 1854 889 1887 Oves
921 1862 1007 1886 meae
1032 1862 1138 1886 vocem
1165 1862 1265 1886 meam

305 1910 483 1943 audiunt».
510 1928 550 1933 ——
576 1909 653 1941 Utile
685 1912 731 1941 est
764 1908 860 1951 igitur
892 1908 976 1950 loqui
1005 1908 1265 1950 praedestinatis

305 1963 506 2005 Evangelium
533 1962 637 2004 pacis:
663 1962 740 1994 utile
764 1965 811 1994 est
835 1962 927 1994 etiam
953 1961 1048 2003 loqui·
1063 1960 1264 2003 praescitis,-

305 2019 473 2059 propterea
496 2015 619 2048 subdit:
646 2015 705 2048 Sin
722 2019 846 2053 autem,
865 2018 1046 2047 revertetur
1062 2015 1107 2047 ad
1123 2024 1198 2053 vos,
1217 2024 1264 2047 se-

304 2069 444 2102 cundum
476 2068 553 2101 illud
586 2068 744 2101 Psalmi4:
776 2067 915 2100 «Oratio
945 2077 1012 2100 mea
1035 2068 1066 2100 in
1099 2067 1169 2100 sinu
1196 2076 1265 2100 meo

304 2125 507 2155 convertetur
523 2134 554 2160 »;
581 2126 612 2154 et
637 2121 714 2160 hoc,
739 2121 813 2163 quia
837 2130 917 2162 opus
941 2120 1065 2162 pietatis
1089 2124 1119 2153 et
1142 2120 1265 2153 miseri-

304 2175 428 2208 cordiae
452 2184 575 2216 semper
599 2178 646 2207 est
670 2175 746 2207 utile
769 2174 893 2207 facienti
917 2176 948 2206 et
970 2174 1008 2206 ad
1025 2173 1189 2206 facientem
1216 2183 1265 2206 re-

305 2228 451 2266 vertitur,
468 2228 642 2260 secundum
660 2228 738 2260 illud
757 2227 958 2260 Ecclesiastici
976 2227 1097 2260 decimo
1114 2227 1264 2269 septimo:

310 2296 326 2310 «
343 2282 543 2322 Eleemosyna
560 2281 617 2313 viri
636 2281 725 2322 quasi
743 2281 888 2313 sacculus
905 2290 976 2313 cum
1003 2281 1070 2322 ipso
1086 2284 1117 2313 et
1133 2281 1265 2322 gratiam

305 2335 441 2379 hominis
457 2334 545 2376 quasi
561 2334 711 2375 pupillam
725 2333 940 2372 conservabit;
958 2337 989 2366 et
1002 2337 1109 2374 postea
1122 2336 1267 2376 resurget

307 2392 338 2421 et
354 2388 509 2420 retribuet
525 2386 765 2419 retributionem
782 2386 954 2428 unicuique
971 2386 1001 2418 in
1019 2389 1114 2427 caput
1129 2395 1222 2418 suum
1236 2399 1266 2418 >›.

398 2440 447 2473 13.
474 2440 575 2481 (Vers.
602 2440 656 2479 7.).
682 2440 801 2480 Quarto
826 2447 901 2471 vero
924 2442 1079 2480 quantum
1103 2438 1142 2470 ad
1158 2442 1267 2470 matu—

305 2494 438 2526 ritatem
462 2492 694 2525 ostendendam
719 2491 842 2524 subdit:
860 2491 900 2523 In
915 2491 1027 2523 eadem
1045 2494 1156 2523 autem
1173 2491 1268 2522 domo

912 227 1105 259 COMMENT.
1131 226 1168 258 ΙΝ
1194 224 1431 258 EVANGELIUM
1455 224 1572 257 LUCAE
1596 223 1627 256 C.
1652 224 1686 256 X.

1325 317 1472 351 manete,
1497 316 1646 354 tanquam
1670 312 1730 344 viri
1755 311 1889 350 maturi,
1914 320 1954 344 ne
1976 311 2057 344 forte
2080 311 2229 344 notemini
2247 311 2285 344 de

1326 366 1541 404 instabilitate;
1554 365 1638 398 unde
1652 365 1854 398 Ecclesiastici
1869 364 2018 406 vigesimo
2034 365 2136 406 primo
2150 365 2180 396 ⁶:
2203 378 2218 393 α
2231 365 2286 398 Pes

1326 420 1403 452 fatui
1428 419 1526 452 facilis
1550 423 1596 452 est
1613 419 1644 451 in
1661 419 1788 451 domum
1806 418 1943 460 proximi
1961 431 1991 450 n.
2010 418 2080 451 [deo
2096 418 2171 451 dicit
2187 418 2284 451 Beda:

1332 486 1348 501 «
1363 473 1505 505 Alienum
1530 476 1577 505 est
1600 481 1618 504 a
1642 471 1856 513 praedicatore
1874 480 1929 513 per
1946 471 2056 504 domos
2076 471 2232 504 cursitare
2255 475 2286 504 et

1326 525 1497 567 hospitium
1522 528 1647 557 mutare
1664 538 1693 556 ».
1713 543 1753 547 -
1771 524 1805 556 Et
1822 524 1897 566 quia
1921 527 2047 566 possent
2067 524 2213 563 credere,
2230 524 2287 556 ho-
2297 509 2458 579 Regffifflmatl

1327 577 1455 619 spitium
1480 586 1548 610 esse
1572 577 1757 609 mutandum
1783 580 1913 619 propter
1937 577 2060 615 cibum;
2077 576 2147 609 ideo
2163 577 2286 610 subdit:

1331 631 1465 663 Edentes
1489 635 1518 662 et
1542 630 1680 663 bibentes
1703 640 1788 673 quae
1811 630 1905 672 apud
1920 630 1992 662 illos
2008 634 2103 669 sunt,
2121 630 2187 663 sine
2203 630 2287 663 cibo-

1328 692 1400 715 rum
1417 683 1623 722 discretione,
1641 683 1722 715 sicut
1740 683 1858 724 primae
1873 683 1912 715 ad
1928 683 2106 716 Corinthios
2122 683 2243 716 decimo
2255 683 2286 716 ⁶:

1332 748 1348 763 «
1364 735 1481 774 Omne,
1506 735 1591 778 quod
1615 736 1784 777 apponitur
1800 736 1906 774 vobis,
1925 736 2128 775 manducate,
2146 736 2224 768 nihil
2241 736 2288 768 in-

1328 792 1524 831 terrogantes
1536 793 1666 831 propter
1678 789 1898 822 conscientiam
1912 801 1942 828 »;
1956 789 2023 822 sine
2035 789 2179 822 ciborum
2194 790 2287 822 etiam

1328 843 1525 881 abiectione,
1559 843 1733 876 secundum
1765 842 1841 875 illud
1876 843 1994 884 primae
2025 843 2063 875 ad
2087 843 2289 876 Timotheum

1328 900 1463 938 quarto:
1501 908 1516 924 «
1534 895 1642 928 Omnis
1673 900 1820 928 creatura
1851 896 1906 928 Dei
1938 896 2019 928 hona
2051 900 2115 935 est,
2147 900 2179 929 et
2209 889 2288 929 nihil

1328 949 1548 988 reiiciendum,
1564 949 1649 991 quod
1665 958 1737 982 cum
1761 949 1936 991 gratiarum
1952 949 2072 982 actione
2096 950 2288 992 percipitur:

1328 1003 1542 1035 sanctificatur
1573 1003 1656 1035 enim
1688 1012 1745 1044 per
1777 1002 1910 1035 verbum
1936 1003 1990 1035 Dei
2014 1006 2045 1035 et
2067 1003 2241 1036 orationem
2258 1015 2288 1042 »;

1329 1056 1395 1089 sine
1419 1056 1563 1088 ciborum
1587 1056 1680 1088 etiam
1699 1055 1930 1099 requisitione,
1948 1056 2121 1088 secundum
2140 1056 2218 1089 illud
2234 1057 2289 1089 Ec-

1328 1109 1491 1141 clesiastici
1515 1109 1677 1151 trigesimo
1700 1109 1820 1150 primo:
1850 1121 1865 1137 «
1883 1109 1914 1140 ln
1933 1109 2035 1141 medio
2052 1109 2225 1142 multorum
2242 1118 2290 1142 se-

1328 1162 1418 1201 disti,
1442 1162 1530 1204 prior
1553 1162 1615 1195 illis
1639 1171 1677 1195 ne
1701 1162 1854 1195 extendas
1877 1171 2005 1195 manum
2024 1166 2110 1195 tuam
2128 1172 2185 1196 nec
2201 1163 2289 1205 prior

1329 1278 1390 1301 non
1423 1269 1531 1301 liceret
1562 1269 1646 1310 pasci
1670 1269 1709 1301 de
1732 1268 1834 1301 aliena
1857 1269 2049 1307 substantia;
2082 1268 2152 1302 ideo
2182 1269 2288 1302 addit:

1331 1322 1460 1365 Dignus
1491 1326 1537 1354 est
1563 1322 1651 1354 enim
1675 1323 1853 1364 operarius
1876 1323 2022 1355 mercede
2044 1332 2128 1360 sua,
2154 1331 2215 1355 non
2240 1331 2289 1355 so-

1329 1375 1395 1407 lum
1421 1375 1451 1407 in
1478 1375 1580 1416 patria
1602 1374 1640 1407 ad
1665 1375 1970 1413 remunerationem,
1996 1375 2048 1408 sed
2073 1375 2166 1408 etiam
2191 1376 2222 1408 in
2240 1376 2290 1408 via

1328 1428 1367 1460 ad
1391 1428 1659 1460 sustentationem.
1678 1428 1764 1461 Unde
1781 1428 1901 1469 primae
1917 1428 1954 1460 ad
1971 1428 2149 1461 Corinthios
2166 1438 2248 1461 nono
2261 1429 2288 1460 ⁷:

1335 1494 1349 1510 «
1368 1482 1518 1514 Dominus
1542 1481 1698 1513 ordinavit
1723 1481 1772 1514 his
1788 1481 1843 1523 qui
1861 1482 2061 1523 Evangelium
2086 1482 2290 1521 annuntiant,

1328 1535 1367 1567 de
1393 1534 1558 1576 Evangelio
1582 1534 1688 1566 vivere
1704 1547 1735 1572 »ς
1760 1538 1791 1567 et
1814 1534 1852 1567 ad
1877 1534 2000 1567 Galatas
2024 1539 2137 1567 sexto:
2168 1548 2184 1563 «
2199 1527 2297 1567 Com-⁴

1329 1588 1468 1620 municet
1490 1591 1595 1619 autem
1621 1587 1647 1619 is
1670 1587 1723 1629 qui
1750 1587 1963 1619 catechizatur
1987 1588 2102 1626 verbo,
2127 1588 2154 1620 ei
2179 1588 2233 1629 qui
2258 1597 2291 1620 se

1329 1640 1501 1673 catechizat
1523 1640 1555 1671 in
1580 1640 1726 1672 omnibus
1750 1640 1840 1672 bonis
1856 1652 1887 1678 »;
1912 1640 1996 1672 unde
2020 1640 2140 1681 primae
2163 1641 2202 1673 ad
2234 1641 2292 1680 Co-

1330 1692 1464 1724 rinthios
1488 1701 1570 1724 nono
1594 1692 1731 1724 dicitur:
1761 1705 1776 1720 «
1799 1692 1828 1724 Si
1853 1701 1910 1725 nos
1934 1693 2022 1725 vobis
2046 1693 2221 1734 spiritualia
2244 1702 2292 1726 se-

1331 1745 1536 1783 minavimus,
1562 1753 1622 1776 non
1647 1748 1694 1777 est
1718 1753 1882 1786 magnum,
1901 1745 1925 1777 si
1944 1745 2081 1777 carnalia
2104 1748 2210 1777 vestra
2226 1754 2291 1778 me-

1331 1801 1434 1830 tamus
1450 1793 1493 1829 ».‘
1510 1798 1546 1830 Et
1570 1798 1629 1830 hoc
1655 1798 1766 1839 prohat
1790 1797 1859 1830 ibi8
1891 1798 2072 1840 Apostolus,
2105 1798 2189 1840 quod
2222 1799 2291 1832 talis

1330 1852 1495 1894 operarius
1519 1852 1559 1884 sit
1582 1851 1709 1893 dignus,
1735 1856 1765 1884 et
1790 1861 1845 1893 per
1873 1852 2076 1885 auctoritates
2099 1856 2130 1885 et
2154 1861 2210 1894 per
2241 1862 2292 1885 ra-

1330 1906 1429 1938 tiones
1453 1906 1676 1948 quamplures,
1699 1906 1780 1939 sicut
1797 1906 1838 1938 ibi
1857 1909 1950 1948 patet.
1976 1906 2129 1947 Quoniam
2155 1915 2230 1949 ergo
2246 1906 2293 1939 di-

1329 1968 1410 2001 gnus
1434 1962 1481 1992 est
1506 1959 1690 1998 refectione,
1716 1962 1844 2001 propter
1869 1960 1952 1992 illam
1977 1969 2038 1992 non
2063 1963 2202 2002 oportet,
2219 1969 2292 1993 eum

1329 2013 1500 2055 hospitium
1520 2016 1652 2045 mutare.
1670 2032 1708 2036 —
1724 2013 1793 2046 ldeo
1809 2014 1840 2045 in
1862 2013 1924 2046 tine
1940 2013 2042 2046 addit:
2060 2013 2165 2046 Nolite
2181 2018 2291 2051 trans-

1330 2067 1379 2099 ire
1402 2066 1441 2099 cle
1464 2067 1560 2099 domo
1585 2067 1620 2099 in
1644 2066 1778 2099 domum
1791 2079 1803 2105 ;
1828 2076 1866 2100 ne
1882 2067 2048 2100 videamini
2065 2068 2152 2110 vagi,
2169 2077 2209 2101 ne
2225 2068 2293 2101 sitis

1330 2120 1447 2153 similes
1470 2120 1513 2152 illi
1539 2120 1663 2153 mulieri
1689 2129 1801 2162 vagae,
1826 2120 1864 2153 de
1889 2130 1952 2162 qua
1975 2121 2091 2154 dicitur
2108 2122 2292 2154 Proverbio-

1331 2183 1402 2206 rum
1428 2174 1560 2216 septimo
1573 2173 1602 2212 ⁹,
1627 2173 1712 2215 quod
1734 2187 1749 2202 «
1765 2177 1813 2206 est
1828 2174 1972 2215 garrula,
1990 2183 2085 2216 vaga,
2103 2173 2218 2216 quietis
2234 2174 2293 2206 im-

1330 2227 1451 2269 patiens
1462 2253 1469 2265 ,
1486 2236 1546 2259 non
1565 2227 1672 2259 valens
1689 2227 1720 2259 in
1737 2226 1830 2259 domo
1847 2227 2018 2260 consistere
2034 2227 2165 2269 pedibus
2182 2227 2248 2260 suis
2261 2240 2291 2258 n.

1331 2280 1420 2312 Tales
1443 2283 1517 2312 sunt
1541 2280 1709 2319 haeretici;
1742 2280 1825 2313 unde
1850 2280 2005 2313 secundae
2028 2281 2066 2313 ad
2091 2281 2291 2313 Timotheum

1332 2333 1445 2365 tertio:
1475 2345 1490 2360 «
1509 2333 1554 2364 Ex
1579 2333 1628 2365 his
1652 2336 1743 2371 sunt,
1768 2333 1822 2375 qui
1851 2337 2017 2375 penetrant
2048 2333 2157 2366 domos
2188 2337 2219 2366 et
2243 2343 2293 2366 ca-

1332 2385 1433 2427 ptivas
1464 2386 1585 2418 ducunt
1616 2386 1819 2419 mulierculas
1850 2390 1996 2419 oneratas
2019 2387 2155 2429 peccatis
2171 2401 2201 2420 ».
2226 2387 2293 2420 Non

1334 2438 1410 2470 tales
1425 2438 1540 2471 debent
1555 2448 1623 2471 esse
1640 2439 1871 2480 praedicatores
1887 2440 2046 2479 veritatis;
2064 2440 2148 2473 unde
2164 2440 2293 2473 Ambro-

1334 2491 1399 2523 sius
1414 2491 1459 2522 10;
1489 2504 1504 2519 «
1522 2491 1587 2523 Non
1609 2495 1656 2524 est
1671 2491 1709 2524 de
1733 2492 1826 2524 domo
1849 2492 1880 2524 in
1904 2492 2032 2525 domum
2054 2502 2132 2535 vaga
2147 2493 2293 2525 facilitate

379 2675 387 2689 ¹
409 2677 483 2701 Vers.
503 2677 544 2701 20.
565 2690 598 2694 —
618 2676 684 2701 Tres
703 2683 777 2708 seqq.
798 2675 846 2700 loci
875 2678 935 2700 sunt
956 2674 1093 2706 inflasti,
1114 2675 1155 2700 27.
1176 2678 1201 2700 et
1220 2675 1267 2706 20,

309 2721 356 2752 ·19;
377 2721 440 2751 Eph.
460 2721 489 2751 2,
510 2720 551 2745 ⁴7.

379 2763 389 2778 ²
411 2765 482 2790 Vers.
503 2764 545 2789 51.
565 2768 590 2789 et
609 2764 650 2789 52.
672 2765 720 2789 Pro
737 2771 837 2797 passus
856 2765 896 2790 est
917 2764 1025 2795 Vulgata
1046 2767 1071 2788 et
1086 2763 1142 2788 Vat.
1157 2763 1268 2789 moritu-

307 2816 357 2835 rus
376 2810 444 2834 erat.
463 2823 495 2826 —
516 2808 716 2840 subiunguntur
736 2809 762 2833 ΙΙ.
783 2809 851 2833 Tim.
872 2809 901 2840 2,
923 2808 965 2833 49.
985 2812 1010 2833 et
1030 2808 1117 2833 Matth.
1139 2808 1169 2838 5,
1189 2808 1213 2832 9.
1235 2823 1268 2826 -—

308 2853 397 2878 Glossa
418 2851 600 2878 interlinearis
620 2859 649 2877 ex
668 2853 776 2883 Gregor.
797 2852 825 2885 (Ι.
846 2852 940 2878 Homil.
959 2853 984 2877 in
1005 2853 1104 2884 Evang.
1120 2853 1209 2878 homil.
1228 2852 1267 2878 17.

308 2904 334 2922 n.
354 2897 399 2928 6.),
418 2903 498 2928 quem
518 2896 636 2928 sequitur
655 2896 723 2921 Beda
744 2896 794 2928 (ΙΙΙ.
812 2897 838 2921 iu
858 2897 919 2922 Luc.
935 2897 981 2933 ΙΟ,
1001 2896 1053 2929 5.):
1072 2897 1106 2923 Ee
1124 2896 1149 2922 si
1167 2895 1203 2922 ibi
1214 2896 1269 2930 fue·

308 2940 346 2967 rit
362 2940 435 2974 filius
453 2939 541 2973 pacis,
561 2940 769 2971 praedestinatus
782 2940 813 2965 ad
829 2940 924 2972 vitam,
943 2944 1068 2973 sequetur
1087 2941 1197 2966 caeleste
1212 2947 1265 2966 ver-

309 2984 387 3015 bum,
406 2985 478 3017 quod
498 2984 578 3010 audit.
701 3017 703 3019 ‚

380 3026 390 3042 ³
411 3029 486 3054 Vers.
505 3029 530 3054 2.
553 3029 620 3054 llaec
645 3029 778 3061 translatio
796 3029 932 3055 exhibetur
955 3029 989 3055 ab
1009 3030 1127 3061 August„
1148 3030 1266 3055 Enarrat.

309 3073 336 3098 in
356 3074 396 3099 ΡΒ.
412 3074 455 3098 92.
476 3081 501 3099 n.
521 3074 550 3103 6;
570 3073 596 3099 in
615 3074 655 3099 ΡΒ.
678 3073 735 3098 103.
755 3079 835 3099 serm.
854 3075 880 3099 2.
899 3081 923 3099 n.
945 3075 990 3106 to;
1011 3075 1035 3099 in
1056 3075 1094 3100 Ps.
1111 3075 1170 3099 131.
1191 3081 1215 3099 n.
1237 3073 1267 3106 4;

310 3110 393 3143 serm.
407 3117 466 3143 279.
488 3118 561 3148 (alias
580 3117 624 3143 24.
642 3124 672 3143 ex
693 3117 880 3150 Sirmondian.)
895 3125 919 3143 n.
933 3118 958 3143 6.
970 3122 996 3143 et
1009 3118 1042 3144 de
1055 3119 1149 3144 Sancta
1165 3118 1266 3150 Virgin.

309 3168 332 3188 c.
352 3161 393 3187 39.
414 3169 438 3187 n.
459 3161 501 3187 40.
521 3162 715 3194 (Septuagintaz
737 3162 822 3193 Super
840 3168 921 3195 quem
946 3162 1084 3194 respiciam
1109 3163 1159 3188 nisi
1187 3169 1268 3194 super

310 3206 434 3241 humilem
463 3209 488 3231 et
516 3206 673 3239 quietumi).
693 3206 843 3231 Lectionem
874 3206 1000 3238 vulgatae
1019 3206 1080 3232 vide
1100 3213 1178 3238 supra
1199 3213 1221 3232 c.
1241 3207 1267 3231 9.

310 3257 337 3276 n.
352 3249 412 3275 ⁴05.
426 3264 459 3268 -—
472 3250 529 3276 Duo
543 3257 615 3283 seqq.
630 3251 678 3276 loci
693 3253 752 3276 sunt
765 3250 821 3276 Act.
835 3250 883 3281 43,
898 3249 940 3276 48.
960 3253 986 3276 et
1004 3251 1073 3276 loun.
1093 3251 1135 3283 to,
1150 3251 1192 3276 26.
1211 3258 1266 3283 seq.

381 3291 392 3307 ⁴
412 3293 506 3319 Psalm.
525 3293 573 3325 34,
600 3294 692 3319 Ι3.·-
711 3294 834 3326 Sequitur
853 3294 928 3320 Eccli.
951 3293 996 3325 l7,
1020 3295 1057 3319 18.
1077 3301 1147 3328 seq„
1167 3295 1200 3321 de
1213 3301 1267 3328 quo

312 3338 358 3362 etr.
377 3344 456 3369 supra
478 3344 538 3369 pag.
560 3337 624 3369 tto,
644 3341 703 3363 nota
724 3338 748 3363 6,
767 3352 802 3356 -
820 3338 911 3364 Glossa
941 3337 1123 3364 interlinearis
1144 3338 1186 3371 (ex
1205 3339 1268 3364 Gre-

312 3388 383 3413 gor.,
402 3381 420 3407 Ι.
439 3381 532 3407 Homil.
551 3382 576 3407 in
597 3382 694 3413 Evang.
715 3382 806 3408 homil.
826 3382 868 3408 ⁴7.
887 3389 913 3408 n.
932 3373 956 3408 6.
976 3386 1002 3408 et
1020 3389 1051 3408 ex
1071 3383 1157 3414 Beda,
1177 3383 1214 3409 ΙΙΙ.
1242 3383 1267 3408 in

1332 2676 1393 2701 Luc.
1416 2676 1464 2705 40,
1484 2675 1540 2706 6.):
1561 2674 1609 2701 Sin
1628 2676 1734 2706 autem,
1763 2675 1783 2699 si
1804 2674 1896 2699 audire
1915 2674 2038 2705 uoluerit,
2058 2673 2094 2700 ad
2113 2680 2160 2700 vos
2179 2672 2291 2700 reverte·

1332 2721 1393 2751 tur,
1415 2719 1511 2745 laboris
1530 2719 1609 2745 vestri
1631 2721 1714 2744 fructu
1735 2726 1788 2744 non
1808 2718 1986 2750 privabimini.

1403 2765 1413 2780 ⁵
1435 2765 1510 2790 Vers.
1529 2763 1572 2788 25.
1591 2777 1625 2781 —
1645 2763 1774 2788 Sententia
1796 2763 1881 2788 Bedae
1896 2763 1950 2796 (qui
1965 2763 2083 2795 sequitur
2097 2761 2230 2793 Ambros.‚
2245 2763 2291 2788 cm

1333 2815 1412 2840 supra
1433 2816 1454 2833 c.
1476 2809 1500 2833 9.
1523 2816 1547 2833 n.
1568 2808 1602 2840 8.)
1624 2807 1735 2833 habetur
1755 2808 1791 2833 ΙΙΙ.
1813 2807 1836 2832 in
1857 2808 1917 2833 Luc.
1939 2808 1968 2839 9,
1992 2807 2016 2833 4.

1366 2846 1369 2849 ’
1403 2850 1414 2865 ‘³
1434 2852 1506 2877 Vers⁴
1528 2852 1570 2876 27.
1592 2866 1624 2869 —
1644 2852 1701 2877 Duo
1721 2859 1794 2884 seqq.
1815 2851 1863 2876 loci
1883 2855 1944 2876 sunt
1963 2852 1979 2876 l.
2001 2851 2069 2876 Tim.
2091 2851 2120 2883 4,
2141 2851 2165 2877 4.
2186 2858 2241 2884 seq.
2268 2855 2293 2876 et

1334 2896 1409 2921 Eccli.
1429 2897 1471 2928 31Υ
1492 2897 1534 2921 2l.
1988 2903 1990 2906 ·

1404 2938 1413 2954 ⁷
1436 2941 1508 2966 Vors.
1531 2940 1577 2971 lli,
1597 2941 1638 2966 cui
1658 2939 1855 2972 subiunguntur
1874 2941 1929 2966 Gal.
1952 2942 1982 2972 6,
2002 2942 2027 2966 6.
2047 2944 2072 2967 et
2091 2942 2107 2966 l.
2128 2940 2185 2967 Cor.
2200 2941 2230 2972 9,
2245 2941 2292 2966 tt:

1334 2985 1359 3009 Si
1379 2992 1427 3010 nos
1446 2984 1522 3011 vobis
1541 2985 1684 3017 spiritualia
1704 2985 1909 3016 seminavimus,
1930 2992 2056 3017 magnum
2076 2988 2129 3016 est,
2143 2985 2225 3010 sinos
2238 2991 2292 3010 car-

1334 3030 1398 3054 nalia
1421 3033 1505 3055 vestra
1527 3031 1678 3055 metamus?
1703 3030 1751 3055 Pro
1771 3029 1964 3056 seminavimus
1983 3028 2002 3055 C
2014 3029 2097 3054 DGH
2116 3029 2292 3056 seminamus.

1332 3086 1368 3092 —
1387 3074 1475 3099 Glossn
1496 3073 1638 3099 ordinaria
1665 3074 1705 3106 (ex
1729 3074 1839 3105 Gregor.
1858 3076 1883 3098 et
1902 3073 1972 3098 Beda
1991 3073 2053 3098 locis
2073 3063 2152 3105 paulo
2171 3072 2293 3105 superius

1332 3117 1477 3151 allegatis):
1497 3118 1574 3149 Nota,
1594 3118 1666 3151 quod
1687 3118 1729 3143 uni
1749 3117 1823 3149 operi
1843 3116 2053 3149 praedicatorum
2068 3117 2136 3142 duae
2156 3116 2292 3142 mercedes

1333 3160 1479 3187 debentur:
1499 3169 1548 3187 una
1570 3163 1595 3187 in
1616 3162 1672 3193 via,
1691 3168 1761 3194 quae
1779 3168 1827 3186 nos
1846 3161 1872 3186 in
1901 3160 1991 3186 labore
2019 3163 2162 3191 sustentat,
2191 3160 2240 3185 alia
2266 3160 2290 3185 in

1333 3206 1429 3237 patria,
1448 3213 1517 3239 quae
1536 3213 1583 3231 nos
1602 3206 1627 3231 in
1646 3206 1835 3231 resurrectione
1854 3208 2011 3230 remunerat.

1403 3248 1414 3263 Β
1434 3251 1507 3276 Vers.
1529 3250 1553 3276 4.
1572 3257 1646 3283 seqq.

1403 3292 1414 3307 ⁰
1434 3295 1507 3320 Vers.
1529 3295 1570 3320 ἸΟ.
1590 3298 1615 3320 et
1635 3295 1676 3319 ΙΙ.
1696 3307 1731 3313 —-
1751 3294 1874 3327 Sequitur
1894 3293 1921 3319 ll.
1944 3293 2011 3319 Tim.
2033 3293 2063 3324 3,
2083 3293 2108 3318 6.

1404 3336 1426 3352 ²⁰
1445 3338 1514 3364 Libr.
1536 3339 1587 3364 Vll.
1605 3339 1630 3364 in
1649 3339 1711 3364 Luc.
1731 3346 1753 3364 c.
1778 3339 1816 3364 10,
1834 3345 1856 3363 n.
1871 3337 1915 3364 64.
1928 3337 2059 3363 Sententia
2074 3336 2204 3363 Ambrosii
2223 3336 2291 3363 exhi-

1333 3381 1409 3408 betur
1436 3382 1525 3408 verbis
1552 3383 1660 3408 Glossae
1687 3382 1845 3409 ordinariae
1872 3382 1898 3408 in
1926 3382 1989 3408 Luc.
2013 3382 2059 3415 lo,
2077 3381 2110 3414 7,
2129 3381 2174 3408 ubi
2196 3388 2244 3414 pro
2263 3380 2292 3407 in

1329 1224 1438 1257 poscas
1463 1215 1570 1248 bibere
1586 1229 1617 1248 2».
1644 1234 1685 1239 —
1711 1215 1747 1248 Et
1771 1216 1846 1257 quia
1869 1220 1996 1257 possent
2027 1216 2173 1255 credere,
2205 1216 2289 1258 quod
2301 1219 2449 1274 23:233?

2343 1273 2403 1296 cede.

2312 2017 2359 2039 Non
2372 2023 2445 2044 vagan-

2351 2044 2408 2065 dum.
