2476 3921
132 406 164 426 De
182 405 283 426 sollicitu-

139 433 189 453 dine
197 432 283 453 moesti-

140 460 182 480 tiae
188 460 286 485 quatuor.

146 670 217 692 Primu
222 675 249 691 m.

132 776 194 798 Ratio
204 776 281 803 triplex

156 803 268 824 locutionis

140 830 282 856 parabolicae.

141 1679 225 1699 Initium
241 1684 278 1705 pa-

164 1706 258 1726 rabolae.

166 1997 221 2022 Quid
235 1997 278 2018 sint

195 2029 252 2045 oves.

297 255 362 289 384

386 344 417 376 ln
442 343 629 385 explicando
657 345 763 375 autem
795 341 1050 374 sollicitudinem
1074 340 1255 373 moestitiae

298 398 381 431 circa
404 405 493 429 ovem
511 396 664 438 perditam
680 398 819 438 quatuor
836 394 1084 427 introducuntur
1099 394 1140 426 ab
1156 394 1255 426 Evan-

297 451 423 493 gelista,
448 450 565 482 scilicet
585 449 750 492 possessio
773 448 1000 481 multitudinis
1016 448 1184 490 inteyrae,
1201 448 1254 480 de-

292 504 436 546 perditio
459 503 529 535 ovis
560 503 752 535 centesimae
784 505 816 534 et
840 501 998 534 dimissio
1028 499 1255 533 multitudinis

296 556 427 589 habitae
450 560 480 590 et
504 556 674 600 requisitio
698 555 888 598 deperditae
902 557 922 587 ¹.

386 611 414 641 7.
440 610 540 650 (Vers⁶
575 609 629 650 3.).
664 610 768 642 Primo
799 608 896 651 igitur
927 611 1081 651 quantum
1109 607 1149 640 ad
1178 616 1255 649 pos-

295 664 471 696 sessionem
494 662 721 695 multitudinis
745 662 912 705 integrae,
944 671 1038 704 quam
1072 661 1141 694 vult
1164 661 1255 693 intel-

296 717 348 759 ligi
372 726 433 749 non
458 716 496 749 ad
520 717 674 754 litteram,
698 716 750 749 sed
778 716 972 758 parabolice,
1005 715 1100 747 dicit:
1136 715 1174 747 Et
1206 714 1256 747 ait

295 770 341 803 affl
364 770 435 802 illos
455 769 656 812 parabolam
680 769 790 801 ista-m.
817 768 886 800 Ideo
903 768 1080 810 parabolice
1098 767 1254 809 loquitur,

295 824 368 865 quia
392 823 477 855 decet
508 823 579 855 eius
608 822 833 864 sapientiam;
865 820 1048 854 Psatmus2:
1080 821 1254 862 «Aperiam

296 877 326 909 in
351 877 506 918 parabolis
537 886 572 909 os
596 885 702 909 meum
721 889 736 905 ι»
765 880 845 914 etc.;
871 879 902 908 et
925 875 1000 917 quia
1025 875 1083 907 hoc
1107 873 1253 917 require-

295 930 349 962 bat
367 930 569 962 ludaeorum
583 929 748 972 perfidia,
766 929 884 971 quibus
899 928 1055 961 debebant
1071 927 1167 960 velari
1187 936 1253 968 my-

294 983 405 1021 steria,
431 983 605 1015 secundum
622 982 699 1014 illud
716 982 860 1014 Matthaei
879 982 999 1014 decimo
1018 981 1128 1013 tertio:
1151 993 1166 1008 α
1185 980 1255 1012 Ideo

294 1036 325 1068 in
350 1036 506 1077 parabolis
530 1036 642 1077 loquor
668 1035 730 1073 eis,
754 1035 829 1077 quia
847 1034 986 1067 videntes
1003 1043 1064 1066 non
1082 1033 1206 1071 vident,
1223 1036 1255 1065 et

293 1089 456 1121 audientes
479 1098 541 1120 non
565 1088 746 1126 audiunt»;
773 1088 821 1120 vel
850 1087 926 1129 quia
957 1086 1087 1119 decebat
1117 1095 1256 1123 sueram

296 1141 507 1183 Scripturam
519 1167 529 1179 ,
555 1141 584 1173 in
607 1150 670 1182 qua
686 1150 748 1173 non
767 1144 888 1172 tantum
906 1148 1015 1178 voces,
1034 1148 1145 1171 verum
1162 1135 1256 1171 etiam

294 1204 346 1227 res
369 1197 443 1227 sunt
460 1194 548 1236 signa
563 1194 601 1226 ad
618 1193 895 1226 manuducendum
920 1193 1112 1226 intellectum
1137 1201 1255 1233 parvu-

294 1248 396 1280 lorum
421 1251 452 1280 et
476 1246 664 1288 simplicium
689 1246 727 1278 ad
752 1245 990 1288 concipiendum
1024 1245 1054 1277 in
1087 1253 1121 1277 se
1150 1244 1257 1276 multi-

293 1301 484 1333 formitatem
507 1300 725 1332 intellectuum
750 1299 947 1337 divinorum,
978 1298 1154 1331 secundum
1179 1297 1256 1330 illud

294 1354 536 1387 Proverbiorum
573 1353 728 1395 primo-⁹¹:
766 1366 781 1381 «
806 1352 973 1385 parabolae
1009 1351 1183 1384 Salomonis
1217 1351 1255 1383 ad

294 1407 451 1440 sciendam
476 1407 659 1449 sapientiam
683 1410 714 1439 et
737 1406 952 1448 disciplinam,
987 1406 1024 1438 ad
1056 1405 1258 1447 intelligenda

295 1461 392 1493 verba
418 1460 604 1502 prudentiae
635 1463 667 1493 et
699 1459 930 1502 suscipiendam
959 1459 1169 1492 eruditionem
1202 1458 1257 1491 do-

296 1514 429 1553 ctrinae,
454 1517 490 1546 ut
505 1513 598 1546 detur
615 1513 758 1555 parvulis
773 1513 889 1546 astutia
905 1516 935 1545 et
952 1512 1139 1545 adolescenti
1157 1511 1257 1544 scien-

296 1567 338 1599 tia
360 1570 391 1600 et
414 1567 592 1599 intellectus
608 1580 639 1598 n.

385 1622 414 1652 8.
440 1620 541 1660 (Vers.
558 1620 614 1660 lt.).
640 1620 675 1652 Et
692 1620 841 1662 quoniam
859 1619 1000 1661 parvulis
1017 1619 1170 1661 loquitur,
1188 1618 1257 1651 ideo

295 1673 440 1715 exempla
470 1673 635 1706 manifesta
666 1673 832 1714 supponit,
866 1682 937 1705 cum
969 1672 1066 1704 dicit:
1104 1672 1186 1713 Quis
1216 1680 1257 1703 eac

295 1726 386 1759 vobis
409 1725 521 1765 homo,
546 1727 606 1770 qui
628 1725 722 1759 habet
746 1730 876 1758 centum
901 1735 983 1758 oues.
1011 1725 1115 1758 Homo
1132 1725 1191 1759 iste
1207 1724 1256 1757 in-

295 1784 344 1813 ter
367 1780 508 1812 homines
532 1783 579 1812 est
604 1779 657 1812 Dei
681 1779 793 1818 Filius,
818 1779 856 1813 de
880 1788 944 1821 quo
968 1779 1090 1811 Baruch
1109 1778 1255 1811 tertio4:

301 1846 316 1862 «
333 1833 403 1865 Post
426 1833 503 1865 haec
519 1833 551 1865 in
568 1833 662 1865 terris
679 1833 766 1866 visus
782 1836 829 1865 est
845 1836 876 1865 et
893 1841 965 1865 cum
983 1832 1165 1867 hominibus
1183 1840 1258 1864 con-

294 1889 439 1919 versatus
462 1889 509 1919 est
524 1898 556 1925 »3
581 1889 613 1919 et
636 1886 675 1919 ad
700 1886 913 1928 Philippenses
937 1885 1097 1919 secundoz
1127 1899 1143 1914 ετ
1159 1886 1191 1918 ln
1215 1885 1256 1918 si-

297 1938 505 1972 militudinem
538 1939 701 1971 hominum
734 1939 835 1972 sactus
857 1942 889 1972 et
912 1939 1023 1987 habitu
1048 1939 1196 1972 inventus
1218 1942 1256 1971 ut

297 1992 390 2025 homo
406 2005 436 2024 n.
464 1991 545 2024 Oves
568 1991 659 2024 istius
684 1992 819 2025 hominis
842 1995 917 2025 sunt
940 1992 1109 2035 rationales
1132 1995 1258 2029 creatu-

297 2053 350 2077 rae
374 2044 495 2077 ratione
519 2044 629 2077 insitae
645 2044 912 2083 mansuetudinis;
930 2044 1074 2077 Matthaei
1092 2044 1212 2077 decimo
1225 2044 1257 2076 ⁵:

301 2111 317 2127 α
336 2098 428 2137 Ecce,
460 2107 517 2140 ego
548 2098 639 2131 mitto
671 2106 727 2131 vos
759 2098 841 2131 sicut
871 2107 946 2131 oves
977 2098 1008 2130 in
1041 2096 1144 2131 medio
1167 2098 1258 2140 lupo-

297 2160 402 2183 rum»
430 2154 519 2189 etex„
540 2150 662 2183 loannis
693 2150 835 2183 decimo:
875 2163 890 2179 α
914 2150 995 2194 Oves
1027 2159 1115 2183 meae
1146 2159 1256 2183 vocem

297 2211 398 2235 meam
423 2202 570 2242 audiunt,
594 2207 625 2235 et
648 2212 706 2245 ego
729 2203 824 2236 vitam
849 2206 1008 2236 aeternam
1032 2203 1073 2235 do
1089 2203 1134 2236 eis
1149 2212 1180 2236 h.
1206 2203 1259 2235 Di-

297 2260 415 2289 cuntur
430 2260 535 2288 autem
554 2256 613 2288 hae
629 2260 758 2288 centum
775 2259 905 2298 propter
921 2256 1159 2298 perfectionem,
1177 2265 1259 2299 quae

297 2309 477 2342 insinuatur
505 2317 562 2351 per
594 2309 810 2342 centenarium
835 2313 965 2351 propter
989 2309 1173 2342 reditionem
1205 2309 1259 2342 de-

297 2362 377 2395 narii
409 2370 506 2403 supra
537 2370 570 2394 se
599 2361 716 2403 ipsum.
740 2362 827 2395 Unde
851 2362 932 2395 Beda
950 2362 984 2394 ⁸:
1014 2375 1030 2390 «
1047 2362 1127 2404 Quia
1150 2372 1260 2396 nume-

299 2424 356 2447 rus
380 2414 579 2448 centenarius
603 2418 650 2447 est
674 2414 850 2456 perfectus,
877 2415 959 2447 Deus
976 2419 1102 2448 centum
1119 2424 1212 2455 oves,
1229 2416 1261 2449 id

298 2470 363 2506 est,
388 2476 557 2500 numerum
583 2467 757 2508 perfectum
783 2466 911 2505 habuit,
935 2475 1007 2499 cum
1025 2467 1212 2509 Angelorum
1230 2470 1260 2500 et

297 2520 461 2553 hominum
494 2520 701 2552 substantiam
734 2519 907 2552 creavit».
941 2520 988 2552 Ob
1015 2520 1100 2558 ,hanc
1132 2528 1258 2552 causam

300 2573 394 2606 etiam
419 2573 450 2605 in
474 2573 686 2615 designatione
714 2572 856 2615 perfecti
885 2573 996 2605 meriti
1025 2573 1154 2615 ponitur
1185 2573 1261 2605 Mat-

299 2627 382 2659 thaei
406 2626 526 2659 decimo
551 2626 686 2659 tertio⁷z
716 2639 733 2654 <r
750 2626 839 2659 Aliud
862 2626 973 2659 cecidit
1000 2626 1032 2658 in
1061 2630 1178 2659 terram
1206 2626 1260 2659 bo-

298 2688 370 2712 nam
394 2683 426 2712 et
448 2679 553 2712 attulit
577 2679 716 2712 fructum
742 2679 947 2725 centesimum
965 2691 995 2718 »;
1020 2683 1051 2712 et
1071 2679 1199 2712 Genesis
1215 2679 1260 2711 vi—

371 2884 379 2899 ¹
401 2885 458 2910 Vat.
478 2884 534 2911 oris
553 2884 719 2918 deperditae,
740 2885 761 2910 D
782 2892 795 2910 a
816 2885 931 2910 secunda
952 2892 1030 2911 manu
1058 2885 1139 2912 unius
1167 2885 1259 2920 deper-

300 2928 377 2955 dilue.

371 2970 381 2986 ²
400 2972 494 2997 Psalm.
514 2971 563 3002 77,
583 2973 607 2997 2.
626 2985 661 2990 -
681 2971 798 2998 Subinde
817 2973 944 3004 allegatur
968 2973 1054 2999 Mntth.
1080 2974 1128 3005 13,
1150 2974 1195 3006 13,
1215 2973 1260 2999 ubi

300 3023 350 3048 pro
369 3015 466 3049 loquor
485 3015 504 3042 C
516 3016 566 3041 DG
587 3015 695 3050 loquar.
713 3016 765 3043 Clr.
787 3024 866 3049 supra
886 3025 910 3043 c.
929 3019 953 3043 8.
974 3025 999 3043 n.
1020 3018 1060 3043 16.

372 3057 382 3073 ³
402 3060 474 3085 Vers.
499 3059 549 3084 1-1.
569 3058 620 3085 Csr.
640 3063 701 3085 tom.
723 3060 753 3085 V.
776 3067 837 3092 pag.
865 3062 930 3093 389,
955 3066 1014 3087 nota
1034 3063 1060 3087 6.
1078 3075 1113 3081 -
1133 3062 1261 3094 Superius

300 3111 349 3136 pro
369 3103 550 3130 intellectuum
570 3104 629 3129 Vat.
651 3103 855 3131 intellectorum.

370 3147 382 3162 ⁴
403 3148 476 3173 Vers.
497 3148 540 3173 38.
559 3151 584 3173 et
603 3148 697 3174 deinde
716 3149 780 3175 Phil.
810 3150 839 3181 2,
868 3149 892 3175 7.
921 3149 972 3176 Cl'r.
1001 3150 1136 3182 Ambros.‚
1164 3151 1216 3177 Vll.
1236 3151 1260 3177 in

300 3193 361 3218 Luc.
381 3200 404 3218 c.
427 3193 465 3218 15.
485 3200 510 3218 n.
531 3192 596 3225 208,
615 3195 641 3218 et
659 3193 782 3226 Hieron.,
802 3194 840 3219 ΙΙΙ.
859 3194 884 3219 in
903 3194 991 3220 Matth.
1012 3195 1059 3228 18,
1081 3196 1121 3221 12.
1142 3202 1198 3228 seq.

371 3235 382 3250 ⁵
402 3236 476 3262 Ver-s.
499 3236 544 3268 16,
563 3239 622 3268 post
640 3244 720 3270 quem
741 3238 809 3263 loan.
830 3238 877 3269 10,
898 3238 940 3264 27.
959 3242 985 3264 et
1005 3240 1047 3265 28.

371 3278 383 3294 ⁶
401 3279 470 3306 Libr.
489 3281 530 3306 lV.
552 3280 577 3306 in
597 3281 658 3307 Luc.
681 3282 727 3313 15,
748 3281 781 3314 4;
801 3282 858 3314 ipse
880 3282 997 3316 sequitur
1022 3284 1145 3317 Gregor.,
1165 3284 1193 3310 11,
1212 3284 1261 3310 Ho-

300 3325 354 3350 mil.
375 3325 398 3350 in
419 3326 517 3356 Evang.
537 3326 627 3352 homil.
650 3325 691 3351 31.
711 3333 738 3352 n.
758 3327 782 3352 3.
907 3338 910 3340 v

372 3366 381 3382 ⁷
403 3368 478 3394 Vers.
497 3370 522 3394 8.
544 3369 614 3402 (Vnt.
634 3370 728 3402 allegat
747 3371 810 3396 Luc.
829 3371 860 3402 8,
880 3371 913 3404 8;
931 3372 977 3397 cfr.
1002 3372 1079 3397 Marc.
1099 3372 1128 3405 t,
1148 3373 1198 3405 8.),
1218 3372 1260 3398 cui

300 3411 468 3443 subiungitur
487 3413 549 3437 Gen.
570 3413 619 3444 26,
641 3414 682 3439 12.

878 251 1071 284 COMMENT.
1096 252 1133 284 IN
1157 250 1395 284 EVANGELIUM
1421 250 1538 283 LUCAE
1562 250 1594 283 C.
1620 250 1683 283 XV.

1318 340 1436 382 gesimo
1459 343 1568 373 sexto:
1598 352 1613 367 α
1631 339 1715 372 Sevit
1740 339 1822 372 lsaac
1846 339 1879 372 in
1903 342 1989 372 terra
2012 339 2065 372 illa
2095 344 2127 373 et
2162 340 2281 374 invenit

1318 393 1349 426 in
1373 402 1455 426 anno
1479 393 1532 425 illo
1556 393 1740 434 centuplum
1758 405 1788 424 υ.
1821 392 1970 425 Similiter
2001 392 2094 425 etiam
2125 397 2279 436 quantum

1318 447 1356 479 ad
1376 445 1612 489 perfectionem
1634 445 1802 488 praemii,·
1834 445 1981 478 Matthaei
2006 446 2127 479 decimo
2150 446 2280 479 non0⁸:

1324 500 1481 539 «Omnis,
1506 500 1561 542 qui
1593 499 1791 542 reliquerit»
1819 502 1901 538 ete,
1933 499 2097 542 sequitur:
2135 500 2282 533 «Centu-

1319 554 1407 595 plum
1437 553 1568 595 accipiet
1600 556 1631 585 et
1654 553 1750 585 vitam
1774 555 1936 585 aeternam
1960 552 2178 594 possidebit».
2212 552 2281 586 Ha-

1320 607 1392 639 bere
1416 607 1512 649 igitur
1535 610 1667 639 centum
1691 616 1764 639 oves
1784 610 1831 639 est
1848 606 1966 639 habere
1983 610 2146 639 creaturas
2162 606 2193 639 in
2210 615 2282 649 per-

1319 661 1399 694 fecto
1423 669 1556 694 numero
1580 663 1611 693 et
1635 661 1719 693 statu
1743 659 1944 702 perfectionis
1967 668 2053 692 suae.

1410 716 1439 746 9.
1465 713 1608 747 Secundo
1632 717 1788 756 quantum
1813 713 1852 746 ad
1872 713 2092 755 perditionem
2116 713 2187 746 ovis
2210 723 2283 746 cen-

1320 767 1454 800 tesimae
1485 768 1612 800 subdit:
1647 768 1686 799 Et
1716 767 1748 799 si
1774 766 1960 809 perdiderit
1992 776 2098 800 unam
2129 776 2170 798 ex
2202 766 2280 799 illis.

1326 821 1434 853 Unam
1457 830 1548 854 ovem
1571 820 1610 853 de
1627 824 1753 853 centum
1771 819 1907 862 perdidit
1923 820 2007 852 Deus
2018 845 2026 859 ,
2044 819 2170 862 quando
2187 819 2283 852 homo

1321 874 1468 917 peccavit.
1502 874 1588 907 Unde
1620 874 1746 906 Beda⁹z
1778 887 1793 902 «
1817 874 1883 906 Una
1915 873 1982 906 ovis
2014 873 2126 915 periit,
2158 873 2285 915 quando

1320 929 1415 960 homo
1438 937 1555 970 pascua
1578 928 1660 960 vitae
1685 927 1843 969 peccando
1868 927 2044 969 reliquit».
2076 927 2120 960 De
2145 927 2203 959 hac
2226 936 2284 959 ove

1321 981 1351 1013 in
1368 981 1497 1023 dPsalmo
1521 981 1660 1013 dicitur:
1690 993 1706 1009 α
1724 980 1832 1012 Erravi
1857 980 1940 1013 sicut
1963 980 2049 1018 ovis,
2074 989 2156 1022 quae
2173 979 2283 1022 periit3

1320 1043 1438 1075 quaere
1462 1043 1590 1066 servum
1616 1038 1718 1072 tuum,
1743 1034 1874 1067 Domine
1890 1047 1921 1066 n.
1950 1033 2018 1066 [deo
2042 1036 2148 1066 autem
2166 1032 2283 1066 dicitur

1321 1085 1415 1117 homo
1431 1095 1503 1117 una
1519 1086 1605 1124 ovis,
1623 1086 1699 1127 quia
1714 1095 1823 1119 omnes
1840 1095 1881 1118 ex
1896 1095 1960 1118 uno
1978 1086 2106 1118 homine
2124 1094 2285 1128 processe-

1320 1142 1414 1177 runt,
1439 1139 1470 1170 in
1495 1148 1559 1180 quo
1575 1142 1606 1171 et
1622 1143 1852 1181 peccaverunt,
1869 1139 2044 1172 secundum
2062 1139 2139 1172 illud
2164 1139 2206 1172 ad
2228 1140 2286 1172 Ro-

1322 1200 1430 1223 manos
1443 1191 1554 1233 quinto
1564 1192 1604 1223 ¹⁰:
1623 1204 1638 1220 <1
1650 1192 1707 1224 Per
1719 1201 1820 1224 unum
1835 1192 1992 1224 hominem
2007 1196 2171 1234 peccatum
2188 1192 2286 1225 'rntra-

1321 1244 1366 1276 vit
1382 1244 1414 1276 in
1431 1244 1602 1282 mundum,
1627 1247 1658 1279 et
1674 1253 1730 1286 per
1747 1248 1910 1286 peccatum
1928 1254 2030 1283 mors,
2047 1245 2078 1277 in
2096 1254 2160 1287 quo
2175 1254 2285 1278 omnes

1322 1299 1579 1338 peccaverunt».
1605 1297 1664 1330 Sed
1680 1301 1810 1339 propter
1832 1298 2016 1332 varietatem
2042 1298 2208 1340 culparum
2233 1308 2286 1331 su-

1322 1349 1556 1391 peradditarum
1581 1350 1732 1383 dicuntur
1755 1351 1879 1383 multae
1902 1361 1992 1390 oues;
2018 1351 2113 1384 Isaiae
2129 1352 2286 1394 quinqua-

1322 1404 1440 1445 gesimo
1466 1404 1558 1436 tertio
1573 1405 1597 1423 ¹¹
1613 1416 1620 1436 :
1650 1417 1666 1432 «
1683 1404 1799 1436 Omnes
1814 1413 1871 1436 nos
1888 1404 1977 1446 quasi
2000 1413 2074 1437 oves
2090 1405 2285 1454 erravimus,

1322 1457 1544 1499 unusquisque
1570 1457 1600 1489 in
1630 1457 1711 1489 viam
1744 1453 1835 1490 suam
1865 1457 2079 1496 declinavit»;
2104 1461 2134 1490 et
2165 1458 2286 1500 primae

1322 1511 1403 1544 Petri
1429 1511 1588 1544 secundo:
1620 1524 1635 1539 «
1652 1511 1753 1543 Eratis
1772 1511 1859 1543 sicut
1882 1520 1957 1543 oves
1980 1515 2122 1544 errantes
2138 1525 2153 1540 »
2175 1516 2233 1544 etc.
2253 1512 2288 1544 Et

1322 1565 1382 1597 hoc
1399 1564 1475 1604 fuit,
1492 1573 1661 1607 quousque
1678 1565 1772 1598 homo
1788 1564 1891 1600 caruit
1907 1568 2049 1606 pastore;
2067 1565 2151 1597 tertii
2170 1565 2286 1607 Regum

1323 1618 1473 1660 vigesimo
1492 1617 1631 1651 secundo
1646 1618 1689 1650 ¹²:
1712 1631 1728 1646 «
1744 1617 1812 1650 Vidi
1829 1620 1980 1650 cunctum
1998 1617 2093 1650 lsrael
2108 1617 2284 1659 dispersum

1322 1672 1353 1704 in
1379 1672 1540 1704 montibus
1564 1672 1646 1705 sicut
1673 1680 1747 1705 oves
1770 1671 1891 1714 absque
1914 1674 2040 1713 pastore
2057 1684 2088 1703 n.
2114 1671 2287 1713 lmpegerat

1322 1725 1405 1758 enim
1430 1725 1507 1758 haec
1530 1725 1598 1758 ovis
1622 1725 1652 1758 in
1671 1725 1798 1767 lupum,
1815 1724 1995 1763 diabolum,
2020 1723 2058 1757 de
2082 1733 2146 1766 quo
2166 1723 2288 1756 loannis

1322 1779 1464 1812 decimo:
1495 1792 1510 1808 «
1527 1779 1635 1821 Lupus
1659 1776 1742 1822 rapit
1764 1781 1796 1812 et
1819 1778 1972 1820 dispergit
1995 1787 2069 1811 oves
2086 1791 2102 1806 n
2130 1780 2189 1811 etc.

1416 1833 1465 1864 10.
1491 1832 1597 1864 Tertio
1622 1835 1776 1874 quantum
1795 1831 1835 1864 ad
1850 1831 2078 1864 dimissionem
2100 1829 2287 1864 multitudi-

1322 1885 1376 1918 nis
1404 1884 1536 1918 habitae
1566 1885 1751 1927 subiungit:
1786 1884 1899 1918 Nonne
1930 1884 2068 1917 dimittit
2101 1884 2287 1927 nonayinta

1322 1948 1437 1971 novem
1468 1937 1505 1970 in
1538 1938 1691 1971 deserto?
1721 1939 1778 1971 Per
1809 1938 1997 1981 nonaytnta
2027 1947 2143 1970 novem
2175 1937 2289 1970 intelli-

1323 1994 1444 2033 guntur
1468 1991 1592 2033 Angeli,
1617 1994 1685 2023 tum
1709 1991 1784 2033 quia
1808 1991 1999 2024 novenarius
2023 1991 2140 2033 optime
2164 1999 2289 2033 compe-

1323 2044 1361 2077 tit
1383 2043 1588 2086 designationi
1613 2044 1738 2077 numeri
1755 2045 1945 2087 Angelorum
1962 2048 2093 2087 propter
2111 2044 2287 2078 ternarium

1324 2097 1516 2140 triplicatum
1541 2097 1573 2130 in
1597 2097 1762 2131 ordinibus
1778 2098 1987 2140 Angelorum,
2004 2098 2042 2131 ad
2059 2098 2287 2141 designandum

1324 2151 1424 2183 Deum
1443 2150 1562 2183 trinum
1579 2153 1611 2183 et
1627 2151 1746 2190 unum;
1768 2153 1836 2183 tum
1853 2151 1945 2193 quia,
1962 2151 2081 2194 angelis
2102 2151 2287 2190 ruentibus,

1323 2207 1355 2236 et
1378 2203 1505 2236 homine
1528 2203 1669 2245 perdito,
1694 2204 1844 2237 remansit
1867 2213 1979 2238 eorum
2000 2214 2155 2238 numerus
2171 2205 2287 2247 imper-

1323 2256 1443 2296 fectus;
1467 2257 1551 2290 unde
1574 2256 1683 2290 Glossa
1697 2256 1743 2289 ²³:
1774 2258 1942 2300 «Reliquit
1965 2258 2133 2301 nonaginta
2157 2267 2287 2297 novem,

1323 2310 1400 2352 quia
1423 2310 1584 2343 rationalis
1600 2313 1765 2343 creaturae
1782 2319 1953 2350 numerus,
1970 2315 2124 2353 pereunte
2141 2312 2286 2350 homine,

1324 2365 1393 2395 erat
1415 2362 1602 2395 imminutus
1618 2375 1649 2394 ».
1673 2362 1750 2395 Istos
1774 2362 1905 2405 reliquit
1925 2363 2085 2403 Christus,
2102 2373 2164 2397 non
2182 2364 2287 2397 locali-

1324 2418 1374 2448 ter
1396 2415 1562 2455 deserens‚
1587 2424 1660 2448 cum
1685 2415 1725 2448 sit
1749 2424 1874 2457 semper
1896 2416 2032 2458 ubique,
2049 2417 2103 2450 sed
2120 2417 2195 2459 quia
2215 2417 2285 2450 illos

1325 2468 1455 2501 minime
1478 2468 1707 2510 apprehendit;
1724 2468 1762 2501 ad
1780 2468 1934 2502 Hebraeos
1958 2470 2095 2503 secundo
2110 2470 2153 2502 ¹4:
2176 2483 2191 2498 α
2208 2470 2286 2503 Nus-

1325 2529 1421 2563 quam
1439 2521 1569 2563 Angelos
1584 2521 1807 2563 apprehendit,
1824 2521 1876 2554 sed
1894 2530 1999 2554 semen
2017 2523 2158 2556 Abrahae
2174 2532 2288 2566 appre-

1325 2573 1434 2606 hendit
1446 2586 1477 2605 ι».
1491 2573 1613 2606 Dicitur
1630 2576 1735 2606 autem
1752 2574 1924 2617 reliquisse
1939 2575 1975 2607 in
1990 2575 2127 2614 deserto,
2145 2575 2175 2608 id
2191 2579 2239 2609 est
2255 2575 2287 2608 in

1325 2626 1425 2665 caelo,
1442 2626 1526 2668 quod
1542 2626 1703 2659 desertum
1719 2626 1780 2659 fuit
1795 2627 1835 2660 ab
1851 2627 1969 2669 angelis
1984 2631 2016 2660 et
2036 2628 2236 2666 hominibus,
2257 2631 2289 2660 et

1326 2679 1433 2712 nullus
1465 2679 1525 2712 iam
1557 2679 1599 2712 ibi
1632 2683 1754 2722 poterat
1783 2680 1923 2714 introire.
1958 2681 2087 2723 Propter
2118 2681 2203 2723 quod
2235 2681 2287 2713 illa

1396 2884 1406 2899 ⁸
1427 2886 1501 2911 Vera.
1521 2886 1564 2911 29.
1584 2900 1617 2904 —
1637 2886 1744 2912 lnserius
1764 2893 1812 2918 pro
1828 2886 2000 2920 perfectionis
2025 2894 2091 2914 suae
2117 2888 2174 2914 Vat.
2199 2887 2286 2915 condi-

1325 2929 1403 2957 tionis
1423 2937 1497 2956 suaa.

1395 2972 1406 2988 ⁹
1425 2971 1496 3000 Libr.
1516 2975 1556 3000 lV.
1578 2974 1602 3000 in
1623 2975 1685 3000 Luc.
1706 2975 1753 3006 15,
1773 2975 1807 3006 4;
1826 2975 1895 3001 idem
1915 2976 1978 3002 dicit
1996 2978 2120 3009 Gregor„
2145 2977 2172 3003 ll.
2192 2978 2285 3003 Homil.

1326 3018 1350 3044 in
1370 3019 1469 3050 Evang.
1490 3019 1581 3044 homil.
1600 3019 1641 3044 34.
1662 3026 1687 3044 n.
1707 3019 1732 3044 3.
1753 3032 1788 3038 —
1808 3019 1926 3046 Subinde
1944 3021 2071 3053 allegatur
2091 3022 2130 3048 Ps.
2145 3022 2210 3052 118,
2225 3021 2286 3048 176.

1396 3061 1418 3077 ¹⁰
1438 3063 1512 3089 Vers.
1533 3063 1574 3088 12.
1590 3076 1622 3081 -
1636 3062 1772 3096 Anibi-os,
1792 3064 1842 3090 Vll.
1863 3064 1887 3090 in
1907 3064 1968 3091 Luc.
1983 3072 2005 3091 c.
2021 3066 2061 3092 115.
2081 3073 2107 3091 n.
2125 3067 2194 3092 21ος
2208 3066 2286 3092 Dives

1325 3107 1403 3139 igitur
1422 3110 1524 3140 pastor,
1543 3107 1619 3133 cuius
1637 3113 1729 3134 omnes
1748 3114 1797 3134 nos
1817 3110 1956 3135 centesima
1977 3110 2063 3142 portio
2082 3117 2185 3136 sumus.

1396 3150 1417 3166 ¹¹
1438 3152 1513 3178 Vers.
1533 3152 1566 3182 6,
1583 3152 1625 3178 eui
1645 3151 1807 3179 subnectitur
1826 3154 1843 3180 1.
1862 3154 1930 3180 Petr.
1949 3155 1979 3187 2,
1999 3154 2041 3180 25.

1396 3194 1418 3210 ¹²
1438 3196 1513 3221 Vers.
1533 3196 1575 3221 17.
1595 3199 1620 3222 et
1639 3196 1734 3222 deinde
1754 3197 1823 3223 loan.
1841 3198 1889 3229 10,
1911 3199 1952 3225 12.
1965 3212 2000 3218 -
2013 3198 2140 3231 Superius
2153 3201 2211 3231 post
2224 3205 2287 3233 quo-

1325 3246 1409 3274 usque
1428 3240 1583 3266 retinuimus
1602 3247 1662 3266 cum
1684 3241 1741 3266 Vat.
1760 3240 1848 3268 homo.

1339 3295 1340 3298 ¹
1397 3282 1419 3298 ¹⁸
1439 3284 1539 3310 Scilicet
1557 3283 1700 3311 ordinaria
1721 3285 1761 3317 (ex
1781 3287 1906 3318 Gregor„
1925 3286 1951 3312 ΙΙ.
1971 3287 2065 3312 Homil.
2084 3287 2109 3312 in
2124 3287 2223 3319 Evang.
2242 3288 2286 3313 ho-

1324 3328 1379 3354 mil.
1398 3327 1441 3354 34.
1460 3335 1484 3354 n.
1504 3328 1535 3360 3,
1554 3336 1634 3362 quern
1654 3329 1772 3361 sequitur
1792 3330 1881 3363 Beda).
1901 3330 1954 3357 Csr.
1970 3331 1997 3356 ll.
2014 3331 2082 3356 Sent.
2097 3330 2122 3356 (1.
2138 3330 2163 3356 9.
2177 3331 2285 3357 Praeno-

1324 3375 1374 3398 tata
1396 3378 1420 3398 et
1439 3379 1466 3405 q.
1485 3372 1511 3398 7.

1396 3415 1418 3430 ¹¹
1438 3416 1513 3442 Vers.
1534 3417 1574 3442 16.

2302 719 2430 743 secuudum.

2305 1038 2433 1060 Notandum.

2307 1837 2410 1859 Tettium.

2307 2370 2440 2392 Notandum.
