2476 3921
41 355 72 377 De
87 354 172 376 diabolo

37 383 170 409 suggerente.

38 885 167 908 Notandum.

2 1314 3 1326 l
32 1311 64 1333 De
77 1310 164 1333 Christo

2 1370 3 1376 1
19 1337 171 1366 respondente.

29 1950 158 1973 Notandum.

788 203 981 236 COMMENT.
1010 204 1046 236 IN
1071 202 1309 236 EVANGELIUM
1335 203 1452 236 LUCAE
1475 205 1507 237 C.
1534 205 1580 237 lv.

281 294 310 326 9.
336 294 437 335 (Vers.
456 293 510 335 3.).
536 293 768 336 Suyyerentem
785 291 956 325 diabolum
973 291 1154 330 introducit,

191 355 263 379 cum
287 347 348 379 ait:
376 346 467 379 Dixit
491 349 603 378 autem
633 345 664 378 ei
692 344 867 378 diabolus:
893 344 931 377 Si
964 344 1071 377 Filius
1097 344 1156 376 Dei

191 410 235 440 es,
259 400 329 439 die,
347 403 384 432 ut
400 399 527 442 lapides
544 399 601 432 isti
619 408 724 441 panes
739 398 825 441 fiant
840 400 868 436 1;
892 398 977 440 quod
1000 397 1094 436 dicit,
1119 401 1155 430 ut

190 454 257 495 ipse
279 453 317 486 de
341 462 379 486 eo
402 455 506 486 sumat
529 452 759 494 experientiam
782 455 814 485 et
837 456 873 485 ut
899 452 1006 485 incitet
1029 451 1068 484 ad
1096 461 1154 493 gu-

189 507 260 539 lam.
286 506 366 548 Quia
388 506 471 539 enim
496 506 591 539 homo
613 514 647 538 es
670 505 832 545 esuriens,
848 505 913 544 dic,
930 508 967 538 ut
983 504 1153 544 reficiaris;

188 554 251 592 non
275 560 351 602 quia
372 559 411 592 de
434 559 602 592 refectione
634 558 749 592 Christi
782 558 901 601 aliquid
936 558 1093 600 pertineat
1115 559 1154 592 ad

189 622 277 652 eum3
314 612 558 645 Proverbiorum
594 612 744 654 vigesimo
780 612 891 644 tertio:
926 625 941 640 ι
954 612 1088 645 Comede
1122 616 1153 645 et

188 666 278 705 bibe,
302 665 385 698 dicet
407 665 481 704 tibi,
506 668 537 698 et
560 673 649 697 mens
673 665 742 698 eius
765 674 827 697 non
851 668 898 698 est
922 668 1025 698 tecum
1045 677 1076 704 »;
1099 665 1153 698 sed

187 721 220 754 si
233 718 342 752 Filius
359 718 420 751 Dei
433 728 486 758 es,
503 718 562 750 hoc
578 717 683 760 ipsum
699 718 801 757 dicas,
819 721 865 758 ut,
883 718 907 751 si
925 718 994 757 fiat,
1011 719 1152 761 omnipo-

187 777 256 806 tens
280 771 494 815 cognoscaris;
520 771 722 804 Ecclesiastae
745 775 873 804 octavo:
904 784 919 800 α
937 772 1046 805 Sermo
1067 771 1152 805 illius

186 829 339 869 potestate
362 826 475 868 plenus
498 828 563 864 est,
580 828 611 858 et
626 834 733 864 omne,
751 825 835 868 quod
853 826 999 864 voluerit,
1016 826 1107 858 saciet
1121 839 1149 858 ».

186 900 231 905 -
254 879 339 913 Unde
362 881 436 912 nota
457 879 566 911 dolum
589 878 703 911 diaboli
728 878 759 910 in
784 878 950 918 tentando,
967 879 1052 921 quia,
1077 888 1150 911 cum

187 934 307 968 videret
329 932 445 965 Christi
463 932 677 965 infirmitatem
694 935 725 965 et
740 931 901 965 dubitaret
916 932 955 965 de
971 932 1150 972 Divinitate,

185 987 286 1020 voluit
301 986 500 1019 Divinitatem
517 985 731 1027 cognoscendo
748 994 859 1019 cavere
875 989 906 1018 et
923 986 1149 1019 humanitatem

186 1039 363 1074 seducendo
386 1039 529 1072 deiicere.
548 1039 579 1071 ln
597 1048 661 1081 quo
685 1039 779 1072 simul
803 1042 871 1072 erat
890 1039 1103 1072 fraudulentia
1119 1044 1150 1073 et

185 1083 352 1137 superbia,
369 1092 541 1125 secundum
560 1085 640 1125 illud*
662 1092 714 1125 lob
737 1092 977 1135 quadragesimo
998 1093 1101 1135 primo
1114 1094 1148 1126 ²:

190 1161 205 1177 «ε
222 1147 321 1180 Omne
345 1145 479 1179 sublime
503 1145 601 1185 videt;
625 1148 656 1178 et
680 1145 746 1187 ipse
769 1149 816 1178 est
841 1154 899 1178 rex
924 1154 1019 1187 super
1039 1156 1149 1180 omnes

184 1200 266 1233 filios
290 1199 458 1242 superbiae
476 1212 506 1231 ».

277 1254 326 1285 10.
352 1252 453 1294 (Vers.
479 1252 534 1293 4.).
560 1252 637 1285 Huic
660 1255 766 1285 autem
793 1252 954 1285 tentationi
976 1253 1148 1287 malitiosae

183 1309 214 1339 et
238 1306 393 1348 superbae
417 1305 522 1338 obviat
546 1306 716 1347 responsio
735 1306 795 1338 Det=
810 1306 940 1338 humilis
956 1309 987 1339 et
1002 1306 1147 1346 discreta,

183 1359 257 1402 quia
281 1359 359 1392 celat
394 1359 595 1392 Divinitatem
631 1362 663 1392 et
694 1359 772 1391 vitat
802 1360 1037 1399 carnalitatem;
1063 1361 1147 1394 unde

178 1412 349 1446 subditur:
378 1413 416 1444 Et
439 1412 608 1454 respondit
642 1412 689 1444 ad
719 1412 814 1445 illum
838 1413 949 1446 Iesus.-
976 1414 1147 1456 Scriptum

183 1469 244 1505 est,
269 1465 350 1509 quia
373 1475 440 1498 non
462 1465 499 1498 in
522 1465 589 1498 solo
610 1475 699 1508 pane
722 1466 805 1498 vivit
832 1465 948 1505 ltomo,·
972 1468 1148 1509 Sapientiae

182 1519 304 1552 decimo
327 1522 418 1552 sexto
431 1519 461 1551 ⁸:
492 1532 507 1547 a
523 1519 589 1551 Non
613 1519 785 1552 nativitatis
802 1519 926 1553 fructus
943 1525 1076 1562 pascunt
1092 1522 1148 1554 ho-

181 1573 296 1612 mines,
321 1572 375 1606 sed
399 1581 503 1606 sermo
527 1576 602 1606 tuus
637 1573 695 1606 ho’s
731 1573 785 1615 qui
821 1573 851 1606 in
879 1577 909 1606 te
937 1574 1146 1614 crediderint,

182 1629 393 1659 conservat».
420 1626 483 1659 Sed
506 1626 541 1659 in
569 1626 661 1660 omni
683 1626 800 1666 verbo,
826 1628 913 1671 quod
933 1628 1084 1670 procedit
1107 1639 1146 1661 ex

182 1689 238 1711 ore
267 1679 327 1712 Dei
337 1680 360 1711 ⁴.
394 1680 454 1712 Hoc
484 1680 636 1722 scriptum
674 1683 722 1713 est
751 1680 984 1723 Deuteronomii
1017 1686 1144 1714 octavo:

187 1746 202 1760 «
218 1733 337 1766 Afflixit
360 1737 390 1766 te
407 1733 540 1776 penuria
556 1736 588 1766 et
602 1733 687 1766 dedit
704 1733 759 1766 tibi
776 1733 882 1766 cibum
907 1743 1036 1774 manna,
1061 1735 1145 1777 quod

180 1786 364 1828 ignorabas,
389 1790 425 1819 ut
448 1786 627 1820 ostenderet
651 1786 722 1825 tibi,
739 1787 824 1829 quod
847 1796 909 1819 non
933 1787 964 1819 in
982 1787 1048 1820 solo
1065 1797 1145 1830 pane

181 1839 258 1872 vivit
275 1840 379 1879 homo,
397 1839 450 1873 sed
464 1840 495 1872 in
512 1839 596 1872 omni
614 1839 722 1878 verbo,
740 1839 825 1882 quod
842 1840 1022 1882 egredietur
1035 1850 1076 1874 ex
1090 1850 1145 1874 ore

180 1892 234 1925 Dei
248 1904 279 1931 »;
305 1892 388 1925 unde
412 1893 534 1925 loannis
558 1895 663 1925 sexto:
693 1906 709 1921 «
727 1893 839 1932 Verba,
857 1902 939 1935 quae
955 1903 1013 1936 ego
1032 1895 1145 1937 loquor

180 1945 286 1984 vobis,
323 1945 453 1987 spiritus
480 1949 511 1978 et
546 1945 610 1978 vita
645 1949 720 1978 sunt
736 1959 766 1978 u.
797 1966 842 1970 --
865 1947 901 1979 Et
937 1951 1023 1987 nota,
1060 1948 1144 1990 quod

180 1998 325 2031 Christus
349 2007 382 2031 se
405 1998 542 2031 defendit
566 2007 623 2041 per
639 1999 853 2041 scripturam,
870 2000 902 2033 in
920 2010 984 2043 quo
1001 2002 1120 2034 revelat
1132 2002 1144 2021 ⁵

181 2060 270 2084 suam
294 2052 477 2094 sapientiam
502 2055 534 2085 et
556 2052 693 2085 occultat
728 2053 898 2095 potentiam
922 2057 954 2087 et
977 2058 1162 2087 conservav·

181 2105 346 2145 iustitiam;
370 2108 401 2138 et
425 2105 469 2138 sic
492 2105 606 2138 diaboli
642 2106 801 2149 suggestio
824 2107 952 2140 omnino
982 2108 1144 2141 annullata

180 2151 243 2198 est,
267 2159 342 2201 quia
364 2167 422 2191 nec
444 2159 483 2192 de
507 2159 571 2191 Deo
595 2160 708 2193 sumsit
731 2160 961 2202 experientiam
995 2170 1052 2194 nec
1088 2161 1144 2194 ho-

178 2212 294 2245 minem
319 2212 477 2254 pertraxit
499 2212 538 2245 ad
562 2213 678 2255 gulam.
706 2213 790 2246 Unde
816 2213 1012 2246 verificatum
1037 2216 1085 2246 est
1108 2214 1144 2245 il-

178 2264 233 2298 lud
258 2265 309 2298 lob
334 2265 483 2307 vigesimo
507 2266 642 2299 sextoss:
673 2266 870 2299 «Prudentia
893 2267 962 2299 eius
985 2266 1143 2309 percussit

179 2315 352 2360 superbum
370 2331 401 2357 »‚
426 2318 569 2352 videlicet
592 2319 762 2352 diabolum.
788 2319 823 2352 Et
847 2328 888 2352 ex
924 2320 983 2352 hoc
1014 2323 1144 2362 apparet

178 2371 324 2404 nobilitas
348 2372 544 2414 Scripturae,
561 2382 623 2415 qua
646 2373 791 2406 Christus
816 2373 845 2406 in
872 2373 1041 2406 tentatione
1058 2374 1144 2407 velut

2140 212 2175 243 91

1220 291 1330 333 clypeo
1342 293 1386 325 'se
1402 293 1556 332 defendit,
1574 295 1748 327 secundum
1766 296 1842 328 illud
1861 297 2103 330 Proverbiorum
2126 299 2180 331 tri-

1219 345 1355 386 gesimo:
1385 358 1400 374 α
1417 345 1527 379 Omnis
1551 356 1655 379 sermo
1679 348 1800 381 Domini
1832 350 1948 391 ignitus
1977 352 2106 393 clypeus
2135 358 2182 385 est

1219 398 1366 441 omnibus
1390 399 1591 440 sperantibus
1626 401 1655 432 in
1693 410 1725 433 se
1742 414 1772 440 »;
1799 403 1880 435 unde
1916 407 1946 435 et
1970 404 2007 435 ad
2035 405 2181 446 Ephesios·

1219 454 1327 483 sexto:
1359 464 1374 479 α
1391 451 1422 484 In
1447 453 1593 485 omnibus
1617 458 1777 487 sumentes
1801 459 1925 488 scutum
1951 458 2037 496 fidei,
2063 460 2091 491 in
2118 470 2181 501 quo

1219 503 1344 545 possitis
1366 505 1473 537 omnia
1497 506 1557 538 tela
1580 507 1763 548 nequissimi
1789 508 1879 550 ignea
1903 511 2124 552 exstinguere,
2151 517 2181 545 et

1218 557 1338 599 galeam
1369 558 1479 591 salutis
1513 560 1663 592 assumite
1698 564 1729 592 et
1760 561 1898 602 gladium
1923 563 2071 604 spiritus,
2097 566 2181 607 quod

1217 614 1265 643 est
1289 611 1422 644 verbum
1446 612 1548 645 Dei».

1310 666 1359 697 11.
1378 665 1478 707 (Vers.
1499 667 1552 707 5,).
1581 667 1620 698 Ec
1644 667 1741 700 duxit
1764 669 1858 701 illum
1876 670 2037 703 diabolus.
2058 673 2108 704 llic
2127 673 2179 705 de-

1217 717 1367 750 scribitur
1391 719 1529 751 secunda
1553 720 1698 759 tentatio,
1723 721 1807 754 circa
1829 732 1924 764 quam
1949 724 2012 756 duo
2036 730 2110 758 sunt
2134 730 2179 758 at-

1217 770 1380 804 tendenda.
1407 772 1547 805 Primum
1581 777 1629 806 est
1659 774 1826 807 diabolica
1858 778 2039 819 suyyestz'o,
2065 783 2095 811 et
2132 789 2178 812 se-

1216 824 1355 856 cundum
1373 828 1420 857 est
1436 825 1605 858 dominica
1622 828 1808 869 responsio,
1833 838 1914 871 quae
1939 834 2066 863 notatur
2092 832 2132 864 ibi
2148 833 2177 864 ⁷:

1216 878 1256 909 Ec
1286 879 1486 920 respondens
1518 880 1611 912 lesus
1639 881 1726 913 (lixit
1760 881 1812 914 illi
1839 886 1897 915 etc.
1925 902 1966 907 ——
1992 885 2080 917 Circa
2105 895 2177 928 sug-

1214 931 1385 972 gestionem
1409 932 1522 965 diaboli
1548 936 1621 966 nota
1637 934 1842 974 ductionem,
1861 938 2085 977 ostensionem,
2100 950 2179 981 pro-

1214 994 1423 1024 mzsszonem,
1446 995 1647 1019 suaszonem.

1305 1038 1423 1071 Ductio
1447 1042 1552 1072 autem
1578 1040 1613 1072 iit
1649 1042 1737 1083 quasi
1771 1042 1947 1084 impotenti,
1974 1054 2045 1077 cum
2076 1050 2177 1079 tamen

1212 1091 1336 1124 dicatur
1360 1092 1534 1134 Sapientiae
1565 1093 1793 1127 duodecimossz
1828 1110 1843 1124 «
1861 1097 1973 1130 Subest
2002 1099 2072 1137 tihi,
2106 1109 2177 1132 cum

1213 1145 1366 1185 volueris,
1392 1155 1524 1188 posse».
1550 1147 1636 1180 Unde
1660 1149 1752 1181 dicit.-
1772 1151 1810 1181 Ec
1825 1151 1922 1183 duxit
1947 1152 2039 1184 illuni
2065 1153 2177 1186 diabo-

1214 1198 1265 1230 lus
1290 1198 1324 1230 z'n
1349 1203 1490 1232 montem
1514 1201 1697 1239 excelsurm
1721 1203 1837 1241 (luxit,
1864 1204 2007 1246 inquam,
2027 1210 2175 1248 tanquam

1213 1252 1394 1291 infirmum,
1420 1263 1482 1286 non
1509 1258 1611 1287 tamen
1637 1255 1903 1296 involuntarium,
1928 1259 2009 1291 sicut
2035 1260 2175 1299 Petrum,

1212 1306 1250 1339 de
1274 1316 1338 1348 quo
1363 1307 1483 1339 loannis
1507 1308 1634 1340 ultimo:
1664 1322 1680 1337 «
1696 1309 1774 1342 Cum
1792 1312 1952 1350 senueris,
1970 1313 2050 1345 alius
2067 1317 2095 1346 te
2112 1314 2176 1346 cin—

1212 1364 1264 1402 get
1293 1364 1324 1392 et
1359 1360 1470 1400 ducet,
1496 1371 1559 1403 quo
1585 1365 1618 1394 tu
1651 1371 1712 1394 non
1742 1363 1788 1395 vis
1805 1376 1835 1402 »3
1861 1365 1914 1397 sed
1940 1369 2088 1408 tanquam
2117 1368 2176 1400 hu-

1212 1413 1328 1446 militer
1353 1414 1586 1455 permittentem
1610 1415 1649 1447 ad
1673 1416 1800 1448 modum
1834 1417 1919 1456 eius,
1944 1418 1981 1450 de
2013 1429 2077 1461 quo
2101 1420 2175 1453 dicit

1213 1467 1304 1499 lsaias
1328 1467 1590 1509 quinquagesimo
1616 1468 1724 1501 tertio:
1756 1482 1770 1497 «
1787 1470 1948 1513 Tanquam
1971 1473 2038 1505 ovis
2062 1474 2099 1505 ad
2124 1483 2176 1506 oc-

1211 1519 1361 1552 cisionem
1384 1519 1536 1559 ducetur,
1554 1524 1584 1553 et
1611 1525 1759 1563 tanquam
1784 1531 1884 1564 agnus
1906 1533 2010 1557 coram
2030 1526 2175 1559 tondente

1212 1582 1245 1606 se
1268 1573 1494 1606 obmutescet»
1524 1577 1582 1607 etc.
1609 1575 1638 1607 Si
1663 1584 1738 1617 ergo
1773 1576 1833 1609 hoc
1861 1578 2012 1610 sustinuit
2036 1588 2053 1611 a
2078 1589 2175 1612 mem-

1211 1626 1277 1658 bris
1301 1626 1433 1665 diaboli,
1458 1627 1533 1669 quid
1571 1628 1703 1667 mirum,
1736 1629 1761 1662 si
1798 1630 1952 1672 patienter
1985 1632 2135 1665 sustinuit
2158 1643 2176 1665 a

1211 1679 1311 1721 capite
1335 1680 1491 1712 malorum
1507 1681 1543 1713 ⁹?
1571 1682 1607 1713 Et
1632 1682 1729 1714 duxit
1746 1683 1782 1715 in
1804 1689 1963 1723 montem,
1989 1686 2078 1727 quia,
2103 1696 2174 1718 cuin

1211 1732 1250 1765 sit
1267 1733 1435 1774 superbus,
1449 1742 1573 1776 semper
1586 1735 1648 1767 alta
1661 1736 1751 1777 petit;
1767 1736 1861 1769 Isaiae
1874 1737 1993 1770 decimo
2010 1743 2124 1780 quarto
2136 1740 2174 1771 ¹⁰:

1215 1798 1230 1814 a
1244 1786 1344 1827 Super
1361 1790 1446 1819 astra
1462 1787 1637 1827 ascendam,
1656 1788 1770 1821 sedebo
1787 1789 1817 1821 in
1835 1794 1939 1822 monte
1958 1792 2132 1824 testamenti
2145 1805 2174 1830 »;

1210 1843 1241 1872 et
1265 1840 1340 1882 quia
1364 1840 1395 1873 in
1421 1841 1487 1874 loco
1512 1842 1699 1875 eminentiae
1724 1843 1762 1875 de
1779 1843 1860 1875 sacili
1879 1844 1943 1876 ruit
1962 1845 2074 1882 homo,
2093 1846 2174 1878 unde

1211 1894 1293 1926 tertii
1312 1894 1431 1936 Regum
1450 1895 1601 1937 vigesimo
1617 1896 1772 1929 secundo:
1796 1910 1810 1924 a
1826 1897 1892 1929 Vidi
1911 1903 2060 1931 cunctum
2081 1900 2173 1932 lsrael

1209 1947 1389 1989 dispersum
1414 1947 1446 1980 in
1470 1949 1674 1981 montibus».

1303 2003 1352 2033 12.
1373 2001 1519 2034 Ostensio
1537 2001 1572 2033 fit
1588 2002 1677 2043 quasi
1700 2002 1873 2044 ignoranti,
1892 2013 1963 2036 cum
1984 2009 2086 2037 tamen
2109 2019 2124 2033 «ι
2142 2006 2173 2038 in

1209 2054 1277 2096 ipso
1308 2054 1371 2086 sint
1405 2063 1513 2087 omnes
1545 2055 1685 2087 thesauri
1722 2056 1891 2098 sapientiae
1915 2061 1945 2090 et
1969 2058 2116 2091 scientiae
2137 2074 2172 2098 »‚

1208 2107 1247 2140 ad
1263 2107 1461 2140 Colossenses
1485 2108 1623 2141 secundo
1638 2110 1672 2140 ¹¹.
1699 2109 1783 2142 Unde
1800 2110 1902 2143 addit:
1930 2112 1967 2143 Ec
1992 2112 2129 2145 ostendit
2145 2113 2175 2145 ei

1209 2160 1322 2192 omnia
1353 2170 1458 2202 reyna
1490 2160 1580 2193 orbis
1612 2166 1721 2194 terrae
1746 2162 1780 2194 in
1811 2168 1971 2196 momento
2006 2166 2170 2207 temporis.

1207 2232 1251 2237 —
1275 2213 1309 2246 Et
1332 2217 1422 2252 nota,
1447 2214 1532 2256 quod
1565 2215 1742 2248 ostendisse
1773 2216 1889 2250 dicitur
1921 2219 2035 2251 omnia
2068 2229 2169 2262 reyna

1206 2267 1345 2305 mundi,
1378 2276 1441 2300 non
1476 2267 1698 2310 singulariter,
1730 2269 1784 2302 sed
1819 2272 2022 2312 generaliter,
2056 2276 2091 2305 ut
2126 2273 2171 2305 di-

1207 2320 1249 2353 cit
1273 2320 1452 2362 quidamst,
1478 2321 1505 2353 id
1531 2324 1578 2354 est
1606 2331 1715 2355 omnes
1744 2327 1857 2365 partes.
1893 2325 1965 2363 Vel,
1998 2326 2170 2359 secundum

1208 2373 1338 2412 Bedam,
1368 2374 1536 2406 «ostendit
1567 2375 1672 2407 onmia
1707 2377 1961 2418 concupiscibilia
1987 2378 2111 2417 mundi,
2138 2380 2168 2411 in

251 2539 259 2554 ¹
281 2541 409 2573 Vulgata:
430 2540 504 2568 Discit
528 2543 619 2568 autem
643 2541 684 2568 illc·
707 2541 847 2570 diabolus:
867 2543 900 2570 Si
922 2543 1009 2570 Filius
1029 2544 1077 2571 Dei
1095 2551 1137 2577 es,

176 2583 219 2611 dic
238 2584 323 2619 lapidi
349 2584 427 2618 huic,
457 2587 488 2612 ut
512 2585 594 2619 punis
613 2586 670 2621 fiat.
702 2587 727 2612 S.
747 2588 846 2614 Bonav.
876 2588 970 2620 allegat
998 2589 1079 2614 verba
1109 2596 1139 2615 ex

176 2629 263 2655 Matth.
284 2629 358 2662 4,,3.
377 2643 413 2648 —-
431 2630 489 2656 Duo
509 2637 584 2664 seqq.
606 2631 654 2657 loci
674 2635 734 2657 sunt
753 2632 828 2658 Prov.
850 2633 897 2665 23,
917 2633 943 2659 7.
962 2636 988 2659 et
1007 2634 1089 2659 Eccle.
1110 2634 1139 2666 8,

177 2673 200 2699 3.
221 2680 290 2707 seq.:
313 2674 409 2706 Omne,
432 2674 504 2707 quod
530 2675 655 2706 voluerit,
679 2676 747 2701 facit.
770 2676 800 2702 Et
818 2683 906 2702 sermo
926 2677 993 2703 illius
1012 2680 1140 2709 potestate

175 2719 269 2750 plenus
288 2722 334 2745 est.
354 2732 389 2738 —
408 2719 517 2745 interius
536 2723 596 2752 post
614 2718 687 2747 dicas
707 2721 765 2747 Vat.
785 2721 858 2747 addit
876 2728 971 2756 nempe
990 2721 1087 2756 lapidi,
1109 2724 1140 2749 ut

172 2762 254 2796 panis
272 2762 328 2797 fiat.

246 2806 257 2821 ²
277 2808 343 2833 Vers
362 2809 404 2834 25.
425 2822 459 2827 -—-
477 2808 561 2839 Beda,
580 2809 596 2834 l.
623 2809 650 2834 in
669 2809 731 2834 Luc.
759 2809 788 2840 4,
809 2810 838 2835 3:
858 2810 908 2842 Qui
933 2809 1079 2845 [diabolus]
1104 2814 1138 2837 ta-

175 2858 236 2877 men
250 2852 332 2884 prius,
345 2859 406 2878 cum
420 2853 490 2878 hunc
505 2852 659 2887 [Christum]
673 2853 824 2885 passibilem
839 2858 971 2887 cerneret,
985 2862 1046 2881 cum
1060 2863 1139 2888 posse

174 2896 293 2922 mortalia
312 2897 413 2929 perpeti
433 2897 600 2923 humanitatis
620 2897 734 2931 videret,
754 2905 848 2930 omne,
861 2899 934 2932 quod
949 2900 982 2926 de
995 2900 1052 2926 eius
1070 2901 1139 2927 Divi·

173 2940 253 2966 nitate
270 2941 418 2972 suspicatus
437 2944 488 2972 est,
507 2941 532 2967 ei
551 2943 617 2968 tastu
637 2949 700 2968 suae
719 2942 858 2975 superbiae
878 2943 904 2969 in
923 2943 1036 2970 dubium
1056 2946 1137 2972 venit.

174 2984 240 3010 Nihil
268 2985 368 3018 quippe
392 2985 440 3011 nisi
461 2985 605 3018 superbum
626 2987 742 3020 sapiens,
762 2987 825 3013 dum
846 2994 903 3014 esse
922 2989 992 3014 hune
1011 2989 1137 3015 humilem

174 3029 314 3061 conspicit,
333 3029 417 3055 Deum
437 3036 494 3056 esse
513 3029 652 3057 dubitavit.
671 3031 745 3057 Unde
764 3032 798 3057 ad
815 3032 993 3058 'tentationum
1013 3040 1042 3058 se
1060 3040 1137 3066 argu-

175 3075 261 3098 menta
281 3073 419 3099 convertit.

246 3115 257 3130 ²³
277 3117 351 3143 Vers.
372 3118 415 3143 26.

245 3160 257 3175 “
276 3161 403 3197 Vulgata:
422 3162 470 3189 sed
488 3162 516 3189 in
535 3162 611 3189 omni
628 3163 707 3190 verbo
730 3164 784 3190 Dei.
803 3165 962 3195 Cin-Manli.
983 3165 1010 3198 h,
1032 3166 1046 3191 4
1057 3176 1064 3197 ;
1089 3165 1138 3193 sed

173 3205 202 3232 in
221 3206 296 3232 omni
314 3206 409 3240 verbo,
430 3206 502 3241 quod
516 3207 638 3241 procedit
657 3207 688 3235 de
701 3215 748 3235 ore
767 3209 822 3236 Dei.
842 3223 877 3229 —
897 3211 1048 3244 Sequuntur
1062 3211 1135 3237 Dent.

175 3250 205 3282 8,
225 3250 250 3276 3.
272 3254 298 3276 et
317 3251 387 3277 loan.
406 3251 437 3283 6,
456 3251 501 3278 64.

244 3293 255 3308 ⁶
275 3295 330 3321 Vat.
351 3294 426 3322 celat.
446 3295 592 3330 chrysost,
620 3297 713 3323 Homil.
746 3298 786 3324 13.
806 3298 832 3324 in
851 3299 937 3325 Matth.
968 3307 993 3325 n.
1014 3300 1047 3325 2:
1067 3300 1136 3333 Quid

175 3339 253 3371 igitur
272 3338 407 3366 Christus?
426 3341 531 3366 Festum
544 3342 601 3367 eius
613 3342 764 3374 deprimens
783 3343 993 3376 ostendensque,
1013 3351 1060 3370 nec
1078 3351 1137 3376 pro—

173 3382 282 3409 brosum
296 3383 323 3409 id
337 3391 402 3417 esse,
415 3385 487 3418 quod
501 3385 640 3417 acciderat,
650 3393 697 3412 nec
708 3387 833 3419 sapientia
845 3394 891 3413 sua
903 3387 1050 3420 indignum,
1063 3389 1136 3422 quod

1206 2544 1247 2570 ille
1272 2544 1404 2571 adulando
1429 2548 1557 2576 tacuerat,
1578 2546 1626 2570 hoe
1652 2545 1678 2570 iu
1698 2545 1815 2571 medium
1836 2548 1935 2578 profert
1958 2554 1988 2573 nc
2009 2548 2087 2573 dicit:
2108 2548 2168 2574 Non

1205 2588 1234 2615 in
1251 2588 1309 2615 solo
1325 2595 1399 2622 pane
1418 2588 1487 2615 vivet
1504 2588 1593 2615 homo.
1612 2588 1663 2615 Csr.
1684 2589 1821 2621 Ambros,
1841 2591 1882 2616 lV.
1903 2591 1928 2616 iu
1947 2592 2008 2617 Luc.
2030 2599 2056 2617 n,
2076 2593 2117 2617 20.

1276 2631 1287 2647 ⁸
1307 2634 1382 2659 Vers.
1403 2634 1445 2659 ⁴2.
1465 2647 1500 2652 —
1519 2634 1576 2659 Duo
1595 2640 1670 2667 seqq.
1696 2635 1743 2660 loci
1764 2638 1824 2660 sunt
1847 2635 1923 2661 Prov.
1945 2636 1990 2668 30,
2012 2637 2036 2661 5.
2061 2640 2086 2662 et
2105 2638 2168 2668 Epu.

1205 2678 1234 2710 6,
1255 2678 1296 2703 ⁷16.
1317 2685 1372 2710 seq.

1276 2720 1286 2736 ⁷
1308 2723 1380 2747 Vers.
1401 2722 1424 2747 8.

1275 2765 1286 2780 ⁸
1306 2767 1382 2792 Vers.
1403 2767 1442 2791 ⁴8.
1463 2781 1496 2785 —
1518 2767 1668 2799 Sequuntur
1687 2767 1755 2792 loun.
1776 2768 1823 2798 21,
1847 2768 1888 2792 48.
1907 2771 1932 2793 et
1953 2768 2007 2794 lsai.
2029 2770 2075 2799 53,
2095 2769 2119 2794 7.

1275 2809 1286 2824 ⁹
1305 2811 1429 2843 Gregor.,
1450 2812 1466 2836 1.
1487 2811 1581 2836 llomil.
1601 2811 1626 2836 iu
1647 2812 1746 2843 Evang.
1766 2812 1857 2837 homil.
1881 2813 1918 2837 16.
1933 2820 1958 2838 n.
1978 2814 2003 2838 l:
2023 2813 2074 2839 Sed
2094 2821 2167 2845 ecce,

1203 2862 1264 2881 eum
1284 2855 1380 2881 dicitur
1400 2855 1470 2881 Deus
1490 2857 1570 2881 homo
1590 2856 1630 2881 vel
1651 2856 1675 2881 in
1696 2857 1826 2882 excelsum
1853 2861 1982 2888 montem,
2001 2859 2041 2883 vel
2067 2858 2092 2883 in
2112 2865 2168 2883 san-

1203 2903 1272 2926 ctam
1286 2899 1418 2925 civitatem
1431 2907 1445 2925 a
1466 2899 1572 2926 diabolo
1586 2904 1719 2926 assumtus
1730 2920 1736 2931 ,
1756 2907 1831 2926 mens
1844 2902 1953 2933 refugit,
1974 2903 2104 2927 humanae
2118 2904 2167 2928 hoc

1203 2944 1296 2970 audire
1314 2951 1393 2970 aures
1410 2948 1596 2976 expavescunt.
1617 2946 1666 2977 Qui
1687 2948 1774 2971 tamen
1793 2953 1844 2971 non
1865 2953 1923 2971 esse
1944 2946 2103 2971 incredibilia
2118 2947 2164 2972 ista

1203 2989 1400 3021 cognoscimus,
1420 2988 1483 3014 siin
1502 2989 1543 3014 illo
1556 2992 1582 3014 et
1600 2990 1650 3014 alia
1670 2991 1734 3014 sacta
1749 2997 1899 3021 pensamus.
1920 2990 1994 3016 Certe
2014 2991 2165 3023 iniquorum

1203 3034 1321 3059 omnium
1349 3036 1429 3065 caput
1456 3032 1577 3058 diabolus
1605 3036 1657 3064 est,
1687 3037 1711 3058 et
1740 3034 1817 3059 huius
1847 3034 1939 3066 capitis
1968 3035 2087 3060 membra
2106 3039 2166 3060 sunt

1203 3085 1295 3103 omnes
1315 3077 1406 3110 iniqui.
1433 3078 1471 3102 Au
1492 3084 1543 3103 nou
1564 3076 1660 3103 diaboli
1689 3077 1839 3103 membrum
1866 3079 1912 3104 suit
1931 3079 2027 3104 Pilatus
2038 3081 2075 3104 2³...
2096 3080 2165 3111 Quid

1202 3130 1267 3155 ergo
1287 3123 1398 3153 mirum,
1428 3122 1449 3147 si
1468 3129 1496 3149 se
1525 3121 1557 3147 ab
1579 3122 1618 3147 illo
1648 3122 1767 3153 permisit
1786 3122 1811 3147 in
1842 3126 1957 3148 montem
1978 3123 2052 3151 duci,
2072 3124 2117 3155 qui
2137 3131 2164 3148 se

1202 3166 1307 3198 pertulit
1327 3166 1404 3191 etium
1424 3172 1438 3190 a
1452 3165 1579 3191 membris
1599 3165 1664 3191 illius
1682 3165 1868 3197 ci·uciflgi?—
1882 3167 1930 3191 Pro
1950 3166 1981 3193 Si
1998 3174 2062 3200 erqo
2082 3166 2131 3192 hoc
2145 3168 2164 3192 A

1203 3210 1235 3238 Si
1252 3218 1316 3245 erqo
1335 3212 1458 3237 mortem.
1478 3233 1480 3237 ,

1274 3254 1296 3269 ¹⁰
1317 3256 1391 3281 Vers.
1411 3255 1454 3280 43.
1473 3268 1508 3273 ——
1527 3253 1644 3280 Subinde
1663 3255 1790 3286 allegatur
1810 3256 1847 3280 111.
1866 3256 1931 3287 Reg.
1951 3256 1999 3286 22,
2023 3256 2062 3280 17.

1273 3299 1293 3316 ¹¹
1314 3300 1389 3326 Vers.
1410 3301 1435 3325 3.
1456 3301 1491 3319 -“
1511 3299 1609 3325 Deinde
1629 3306 1677 3331 pro
1697 3299 1811 3326 ostendit
1824 3299 1849 3325 ee*
1863 3300 1973 3332 Vulgata
1988 3299 2100 3326 ostendit
2115 3299 2161 3325 illi.

1273 3342 1294 3358 ¹²
1313 3344 1402 3370 Glossa
1422 3343 1564 3370 ordimm‘a
1591 3343 1748 3375 (secundum
1768 3343 1915 3375 chrysost,
1941 3344 2034 3369 Homil.
2056 3345 2079 3369 5.
2100 3345 2162 3369 alias

1202 3389 1226 3415 6.
1247 3389 1272 3414 iu
1292 3389 1378 3414 Matth.
1398 3395 1442 3420 op.
1462 3388 1617 3421 imperfect.)
1647 3388 1671 3413 in
1692 3389 1778 3414 Manu.
1799 3388 1827 3420 4,
1848 3389 1880 3413 8:
1904 3399 1916 3411 a
1936 3388 2032 3414 Omnia
2061 3395 2160 3421 reyua,

2192 676 2288 697 Secunda
2300 680 2344 698 ten-

2199 703 2251 723 tatio
2267 704 2345 726 descri-

2200 730 2264 750 bitur.

2208 889 2239 910 De
2254 889 2334 919 diaboli

2199 919 2334 942 suggestione

2199 946 2297 968 quatuor.

2199 1049 2248 1070 Eius
2264 1050 2343 1071 ductio.

2193 2007 2299 2029 Ostensio.

2193 2220 2324 2241 Notandum.
