2476 3921
176 506 198 527 ln
212 509 306 526 conluta-

183 532 240 552 tione
254 536 299 551 tau-

171 561 248 584 guntur
261 562 312 583 qua-

210 586 266 605 tuor.

160 926 260 953 Operatio
273 932 309 947 cu-

172 952 260 973 rationis
272 952 309 973 de-

189 979 289 1000 scribitur

182 1005 304 1032 tripliciter.

184 1137 215 1159 lle
230 1143 306 1164 primo.

157 1244 253 1265 Christus
267 1246 304 1265 do-

176 1271 237 1291 cebat
251 1270 303 1291 Sab-

174 1297 229 1318 batis
236 1302 262 1318 on
270 1303 303 1318 se-

171 1326 229 1350 ptem
239 1324 302 1345 ratio-

328 250 393 284 342

327 338 411 380 quod
434 339 500 369 sine
535 334 766 368 intermissione
802 334 943 367 facienda
966 339 1040 367 sunt
1066 344 1163 376 opera
1186 336 1285 374 bona,

326 391 412 423 ibi¹:
438 389 589 421 Dicebat.-
617 387 681 420 Cui
702 387 810 420 simile
833 391 880 420 est
902 397 1043 430 reynam
1068 388 1128 420 Dei
1136 387 1151 419 P

414 442 503 474 Circa
525 440 784 483 confutationem
808 448 913 473 autem
942 441 1202 474 calumniantium
1227 441 1286 474 mi-

325 495 432 528 racula
455 501 585 536 propter
609 494 779 526 Sabbatum
804 493 946 535 procedit
969 494 1029 526 hoc
1051 494 1154 526 modo.
1179 494 1285 527 Primo

323 548 535 591 praemittitur
559 547 707 589 operatio
731 547 919 579 curationis
942 547 1116 589 mirificae.
1142 548 1286 580 Secundo

323 602 504 643 adiungitur
528 600 717 642 obiaryatio
740 601 987 642 superstitionis
1002 601 1182 640 Iudaicae,
1200 601 1242 633 ibi
1255 601 1283 633 2:

324 654 530 696 Respondeas*
553 658 665 685 autem
688 652 979 696 archisynaqogyus
1004 657 1062 686 etc.
1087 654 1193 686 Tertio
1209 654 1286 687 sub-

322 707 464 749 iungitur
487 705 672 748 confutatio
696 706 887 739 obiectionis
905 709 1116 749 propositae,
1141 707 1199 740 ibi:
1225 708 1285 740 Re-

322 760 485 802 spondeas
508 769 618 791 autem
642 759 690 791 ad
712 759 807 791 illum
831 759 931 791 Domi
943 769 1005 791 tas.
1030 760 1152 801 Quarto
1175 760 1284 793 subin—

322 813 424 845 fertur
447 811 610 844 assectttio
632 812 799 853 oborto-sae
821 812 999 850 victoriae,
1024 811 1085 844 ibi:
1105 812 1188 844 Cum
1205 811 1285 845 haec

322 865 461 904 diceret,
485 863 716 896 erubescebant
739 869 798 897 etc.
815 882 861 888 —-
876 864 966 896 Circa
989 867 1211 906 operationem
1228 875 1285 898 au-

322 924 385 951 tem
410 918 596 949 curationis·
618 916 785 958 mirificae
808 917 1056 950 introducuntur
1073 918 1149 956 tria,
1167 918 1285 951 scilicet

322 972 519 1003 sotemnitas.
536 970 602 1002 diei
616 976 648 1002 et
661 971 819 1011 yravz'tas
840 970 1014 1002 inveterati
1028 970 1138 1003 morbi
1160 976 1192 1003 et
1215 972 1285 1003 vir-

324 1024 489 1056 tuosita5³
512 1023 689 1055 accelerati
711 1023 882 1056 miraculi.

410 1078 462 1109 2⁰2.
488 1076 590 1118 (Vers.
625 1077 700 1116 10.).
727 1076 830 1109 Primo
862 1076 959 1118 igitur
985 1082 1145 1119 ,quantum
1169 1077 1209 1110 ad
1233 1088 1284 1111 so-

322 1129 519 1162 lemnitatem
542 1129 609 1162 diei
630 1129 726 1162 sacri
747 1130 840 1162 dicit:
868 1131 951 1162 Erat
974 1134 1086 1162 autem
1109 1131 1227 1163 docens
1249 1132 1286 1163 in

320 1192 494 1226 synayoya
510 1192 626 1215 eoram
652 1183 815 1216 Sabbatis.
840 1202 885 1207 —-
909 1184 1000 1223 Nota,
1024 1184 1109 1226 quod
1133 1185 1285 1218 Dominus

322 1236 463 1269 Sabbatis
482 1236 612 1269 docebat
628 1237 694 1269 sive
710 1240 839 1279 propter
856 1238 1121 1270 conservandam
1144 1238 1285 1271 Iudaeo-

320 1299 400 1322 rum
412 1290 678 1322 consuetudinem
685 1302 697 1328 ;
714 1291 848 1323 Actuum
864 1292 986 1324 decimo
998 1292 1150 1333 quinto4:
1173 1304 1188 1320 «
1201 1292 1285 1334 Moy-

321 1351 371 1375 ses
393 1352 412 1375 a
435 1343 630 1385 temporibus
653 1345 792 1386 antiquis
809 1344 904 1377 habet
926 1344 957 1377 in
975 1345 1154 1378 civitatibus
1177 1347 1284 1388 singu-

320 1396 359 1428 lis
382 1397 436 1438 qui
460 1405 532 1429 eum
558 1396 739 1438 praedicant
762 1397 794 1430 in
818 1398 1000 1440 synagogis,
1025 1399 1079 1431 ubi
1104 1408 1161 1441 per
1191 1408 1284 1432 omne

321 1449 492 1482 Sabbatum
516 1450 632 1492 legitur
649 1463 679 1482 ι).
698 1468 740 1474 -
757 1451 828 1483 Sive
852 1452 946 1484 etiam
963 1456 1094 1493 propter
1111 1453 1285 1485 doctrinae

316 1502 593 1545 publicationem,
617 1504 693 1546 quia
724 1508 799 1537 tunc
835 1509 985 1546 tanquam
1019 1506 1050 1537 in
1074 1505 1124 1538 die
1152 1506 1283 1539 solemni

319 1557 418 1597 magis
441 1557 652 1594 communiter
683 1557 781 1589 verbo
812 1557 866 1589 Dei
891 1561 982 1590 erant
1006 1557 1135 1597 intenti3
1160 1558 1284 1591 loannis

320 1608 441 1641 decimo
469 1616 597 1642 octavo:
627 1622 642 1638 <t
660 1610 722 1652 Ego
753 1618 878 1652 semper
909 1610 1000 1643 docui
1033 1611 1065 1643 in
1100 1611 1282 1653 synagogis,

320 1662 375 1694 ubi
400 1671 508 1695 omnes
532 1662 635 1695 ludaei
659 1664 896 1696 conveniunt».
914 1681 960 1686 —
975 1663 1045 1696 Sive
1069 1664 1144 1706 quia
1167 1664 1284 1697 Sabba-

320 1717 389 1747 tum
412 1721 481 1748 erat
511 1715 580 1747 dies
610 1715 747 1759 qnietiS,
772 1720 804 1749 et
834 1718 901 1758 ipse
932 1720 1062 1749 venerat
1093 1717 1283 1750 annuntiare

319 1777 427 1810 pacem
451 1774 482 1801 et
499 1769 655 1811 quietem3
673 1769 758 1802 unde
773 1769 812 1802 ad
829 1770 979 1811 Ephesios
996 1770 1133 1803 secundo
1145 1771 1173 1803 5:
1197 1784 1212 1800 «
1224 1771 1283 1804 Ve-

319 1822 410 1855 niens
433 1822 658 1865 evangelizavit
692 1832 800 1865 pacem
830 1824 937 1862 vobis,
961 1824 1016 1865 qui
1048 1824 1152 1857 fuistis
1176 1825 1295 1867 longe,'

320 1881 351 1908 et
374 1884 482 1917 pacem
507 1876 556 1909 bis
579 1878 634 1918 qui
659 1885 757 1918 prope
769 1890 800 1908 n.
818 1896 862 1900 —
878 1877 949 1909 Sive
972 1877 1084 1917 etiam,
1101 1879 1176 1920 quia
1192 1887 1282 1920 prae-

320 1935 447 1971 ceptum
477 1929 516 1962 de
544 1930 694 1969 Sabbato,
726 1930 811 1972 quod
843 1930 1003 1972 spectabat
1033 1931 1071 1964 ad
1100 1933 1281 1971 caritatem,

319 1984 488 2024 praecipue
511 1986 580 2015 erat
593 1982 710 2025 siyura
727 1983 882 2025 temporis¹
896 1984 1045 2025 qratiae,
1063 1984 1094 2016 in
1112 1993 1175 2026 quo
1192 1993 1282 2026 prae-

319 2035 453 2077 cipitur:
483 2036 578 2068 «Hoc
612 2040 659 2068 est
694 2044 898 2078 praeceptum
933 2045 1058 2076 meum,
1083 2040 1119 2070 ut
1146 2037 1282 2080 diligatis

319 2087 453 2121 invicem
471 2102 502 2128 ι»,
519 2089 641 2122 loannis
664 2088 785 2122 decimo
808 2090 929 2131 quinto.
945 2107 989 2113 —
1006 2090 1076 2123 Sive
1099 2093 1193 2123 etiam
1209 2101 1282 2133 pro-

320 2147 390 2183 pter
412 2142 619 2174 servandum
641 2143 791 2175 ordinem
799 2154 812 2181 ,·
836 2144 911 2185 quia
933 2143 976 2176 ibi
998 2143 1107 2176 debuit
1142 2144 1282 2186 incipere

321 2197 509 2237 reparatio,
525 2195 580 2228 ubi
597 2198 766 2228 terminata
781 2202 829 2229 est
846 2196 1007 2234 conatam
1023 2196 1151 2230 Genesis
1167 2207 1281 2231 secun-

320 2247 360 2280 do
372 2247 385 2267 ⁶
409 2247 542 2287 dicitur,
560 2248 645 2290 quod
666 2261 681 2277 «
702 2250 863 2291 :omplevit
887 2249 971 2282 Deus
986 2249 1036 2282 die
1052 2253 1185 2292 septimo
1200 2260 1282 2293 opus

321 2309 431 2340 suum,
454 2301 539 2343 quod
562 2301 634 2334 fecit
647 2315 677 2334 υ.
703 2315 715 2331 κ
729 2302 766 2334 Et
782 2302 942 2335 benedixit
957 2303 1017 2335 diei
1035 2305 1168 2346 septimo
1181 2318 1204 2333 »-
1218 2312 1277 2338 etc.

319 2371 364 2376 m
387 2354 457 2398 Sive
481 2354 519 2386 ad
542 2354 692 2387 dandam
717 2354 1006 2397 informationem,
1031 2356 1116 2398 quod
1140 2357 1281 2390 intentus

321 2407 490 2449 sapientiae
514 2407 553 2440 ab
577 2408 725 2441 omnibus
742 2408 834 2441 debet
851 2410 1186 2449 cessare,.secundum
1202 2410 1281 2444 illud

393 2570 402 2584 ¹
425 2572 499 2597 Vei-s.
522 2573 561 2597 18.
579 2572 639 2598 Post
658 2572 766 2599 Dicebat
784 2574 833 2599 FH
860 2581 921 2600 cum
943 2576 1058 2607 vulgata,
1072 2577 1173 2603 addunt
1197 2584 1280 2612 erqo,-

321 2617 367 2641 cfr.
387 2616 454 2641 inira
473 2623 500 2643 n.
519 2616 562 2642 37.

392 2657 402 2673 ²
422 2661 497 2685 Vers.
520 2660 563 2692 143
583 2662 687 2687 tertium
708 2660 819 2688 habetur
837 2669 864 2688 ν.
885 2663 926 2688 15.
946 2666 971 2689 et
989 2668 1113 2697 quartum
1132 2672 1157 2692 v.
1180 2666 1227 2692 117:
1246 2666 1282 2693 Et

322 2709 384 2730 cum
403 2708 468 2730 naec
487 2704 535 2737 (ita
555 2708 633 2730 etiam
652 2705 732 2730 codd.
749 2705 814 2731 infra
834 2713 858 2731 η.
878 2707 932 2740 33.)
951 2713 1001 2733 etc.

393 2745 404 2761 ¹³
424 2750 481 2773 vat.
493 2749 648 2775 solemnitas
661 2749 710 2775 Dei
723 2749 761 2782 (t),
774 2750 896 2783 gravitas
910 2751 1057 2778 inveterata
1069 2752 1170 2785 morbi,
1183 2761 1280 2781 virtus.

392 2790 404 2805 ⁴
425 2793 497 2817 vers.
517 2793 559 2818 21.
577 2806 613 2812 -
632 2794 755 2826 Sequitur
775 2796 842 2819 ioan.
864 2795 912 2825 48,
932 2796 973 2820 20.

393 2834 405 2849 Β
425 2837 499 2862 Vers.
518 2837 559 2862 47.
579 2851 613 2855 —
633 2837 750 2863 Subinde
774 2839 902 2870 allegatur
921 2840 988 2864 loun.
1010 2841 1057 2871 15,
1077 2842 1119 2866 ¹¹2.

392 2878 404 2893 ⁶
423 2880 497 2906 Vers.
518 2882 541 2906 2.
562 2884 587 2906 et
605 2882 631 2906 3.
650 2882 786 2913 Ambros.‚
810 2883 852 2908 lV.
872 2882 897 2908 in
917 2883 978 2909 Luc.
1000 2884 1024 2909 4.
1048 2892 1073 2910 n.
1093 2885 1141 2910 58:
1162 2885 1278 2913 Saobato

323 2923 468 2949 medicinae
486 2927 634 2951 dominicae
646 2932 727 2957 opera
747 2933 837 2958 coepta
851 2929 994 2958 Slgnilleat,
1009 2932 1036 2953 ut
1050 2929 1111 2954 inde
1128 2936 1198 2955 nova
1211 2937 1280 2956 orea-

323 2970 380 2993 tura
400 2970 528 2999 coeperit,
548 2970 594 2994 ubi
613 2977 689 2995 vetus
713 2977 773 2996 ante
792 2972 901 3003 desivit;
920 2978 969 2997 nec
994 2972 1044 2998 sub
1062 2973 1133 3005 Lege
1155 2980 1214 2999 esse
1233 2975 1280 3000 Dei

322 3012 429 3044 Filium,
443 3013 489 3038 sed
508 3020 587 3044 supra
602 3015 699 3046 Legem
719 3016 745 3040 ln
759 3018 816 3046 ipso
835 3018 963 3048 principio
976 3022 1139 3050 affligitur-eu
1153 3025 1202 3043 nec
1215 3019 1280 3044 sowi

322 3057 435 3089 Legem,
454 3058 501 3083 sed
520 3058 623 3090 impleri
643 3061 690 3084 etc.
1191 3079 1197 3082 -

394 3099 404 3115 ⁷
424 3102 498 3128 Vers.
518 3103 565 3128 25:
584 3102 722 3136 Sapientia
746 3105 850 3131 scribae
873 3111 936 3137 etc.;
965 3101 1011 3132 cir.
1036 3110 1123 3133 tamen
1148 3110 1213 3133 tom.
1237 3107 1279 3133 Vl.

321 3153 384 3179 pag.
404 3147 451 3177 66,
476 3153 535 3173 nota
562 3148 585 3174 l.
612 3151 637 3173 et
656 3155 717 3180 pag.
744 3149 803 3175 1¹07.
826 3156 886 3176 nota
912 3151 937 3176 3.
961 3151 1051 3177 Glossa
1076 3151 1219 3178 ordinaria
1239 3154 1280 3185 (ex

322 3190 457 3222 Ambros„
477 3192 529 3217 Vll.
548 3193 574 3217 in
594 3193 656 3218 Luc.
681 3193 725 3219 43.
748 3200 773 3219 η.
794 3194 865 3227 473.)
891 3195 917 3220 ἰη
936 3196 997 3221 Luc.
1018 3197 1065 3227 43,
1086 3197 1131 3222 lo:
1156 3195 1281 3223 Sabbata

326 3235 402 3261 (locet
421 3242 446 3261 et
464 3242 573 3262 curvam
587 3237 677 3269 erigit,
696 3239 757 3270 quia
772 3245 819 3270 per
838 3240 951 3265 verbum
964 3241 1167 3272 praedicationis
1184 3247 1199 3266 a
1219 3247 1282 3266 tem-

323 3280 458 3312 poralibus
476 3283 510 3306 ad
528 3288 634 3307 aeterna
652 3287 754 3308 erectos
779 3283 811 3308 ad
831 3288 947 3316 qnietem
966 3285 1162 3311 resurrectionis
1186 3285 1280 3317 perdu-

321 3325 366 3349 cit.
383 3337 420 3344 -ω-
438 3324 560 3357 Sequitur
572 3330 640 3351 ioan.
660 3326 691 3358 5,
711 3326 753 3352 Π.
767 3333 835 3359 seq„
855 3329 880 3352 in
898 3334 952 3360 quo
964 3330 1023 3353 voci
1043 3331 1209 3362 quaercoant
1222 3329 1281 3355 Vat-

322 3374 384 3407 cuin
403 3368 514 3399 Vulgata
534 3370 654 3401 praefigit
672 3369 769 3404 mois.

357 3409 405 3438 κ]
425 3413 498 3438 vers.
519 3413 560 3439 ll.
580 3420 635 3446 seq.
653 3427 689 3433 —-
709 3414 827 3440 subinde
845 3416 971 3448 allegatur
989 3416 1029 3442 Ps.
1050 3417 1092 3450 37,
1110 3417 1136 3443 7.

916 245 1110 279 COMMENT.
1134 247 1172 280 IN
1195 247 1434 280 EVANGELlUM
1458 247 1576 280 LUCAE
1601 248 1633 280 C.
1658 247 1731 280 Xlll.

1350 335 1555 369 Ecclesiastici
1587 337 1749 378 trigesimo
1779 336 1933 369 octavo⁷:
1963 349 1979 365 a
1996 337 2184 380 Sapientiam
2210 339 2312 373 scribe

1350 388 1383 420 in
1406 391 1548 430 tempore
1579 389 1745 422 vacuitatis
1760 402 1791 420 ».
1818 407 1860 413 —-
1885 390 1955 422 Sive
1988 390 2081 423 etiam
2106 400 2148 423 ex
2180 392 2312 433 septima

1350 449 1459 480 causa,
1476 444 1514 474 ut
1529 442 1710 474 ostenderet
1731 452 1766 474 se
1788 442 1961 475 dominum
1985 444 2080 486 Legis
2102 449 2132 477 et
2155 444 2311 485 Sabbati,

1348 493 1490 527 faciendo
1513 495 1666 528 miracula
1689 495 1721 527 in
1746 495 1896 535 Sabbato;
1921 496 2043 529 Ioannis
2066 498 2195 539 quinto:
2224 511 2241 527 α
2257 499 2312 531 Pa-

1350 551 1398 580 ter
1423 557 1514 581 meus
1537 553 1688 590 operatur
1711 558 1815 591 usque
1839 550 1949 589 modo,
1966 554 1998 583 et
2014 559 2072 592 ego
2095 560 2219 593 operor.
2238 552 2311 585 Pro-

1349 604 1420 642 pter
1444 601 1504 634 hoc
1539 610 1615 643 ergo
1650 602 1846 644 quaerebant
1880 612 1954 636 eum
1986 603 2089 636 ludaei
2114 604 2311 645 interlicere,

1349 653 1424 695 quia
1447 663 1509 686 non
1537 655 1639 687 solum
1668 655 1813 693 solvebat,
1835 656 2024 695 Sabbatum,
2053 657 2107 689 sed
2138 658 2232 690 etiam
2256 659 2311 691 Pa-

1349 710 1431 740 trem
1467 716 1562 741 suum
1598 708 1721 741 dicebat
1755 717 1823 742 esse
1857 709 1976 749 Deum,
2008 709 2238 753 aequalem—se
2267 712 2313 753 fass

1349 761 1434 793 ciens
1458 761 1522 793 Deo
1539 775 1569 793 ».

1439 814 1491 846 023.
1517 814 1618 855 (Vers.
1646 816 1722 855 11.).
1748 816 1891 849 Secundo
1919 824 2073 858 quantum
2099 817 2137 850 ad
2159 819 2313 861 gravita-

1350 870 1412 899 tem
1435 867 1610 900 inveterati
1633 869 1742 901 morbi
1764 869 1886 902 subdit:
1908 871 1947 902 Et
1962 879 2049 909 ecce,
2071 871 2204 911 mulier,
2228 882 2313 916 quae

1349 918 1489 952 habebat
1510 921 1670 963 spiritam
1694 921 1905 961 infirmitatis
1929 924 2030 956 annis
2054 924 2162 957 decem
2185 929 2215 957 et
2229 930 2310 965 octo,

1349 979 1504 1014 quantum
1528 974 1566 1006 ad
1590 974 1783 1008 infirmitatis
1805 976 2083 1016 diuturnitatem
2107 978 2313 1013 Ecclesiastici

1348 1025 1507 1058 decimo⁸t
1537 1028 1711 1070 «Languor
1734 1029 1890 1070 prolixior
1914 1034 2024 1071 gravat
2048 1031 2223 1071 medicum,
2241 1032 2314 1066 bre-

1349 1087 1420 1111 vem
1444 1079 1628 1121 languorem
1652 1081 1804 1122 praecidit
1828 1082 1969 1115 medicus
1985 1096 2015 1114 n.
2034 1102 2076 1107 —
2094 1084 2134 1116 Et
2149 1084 2314 1119 inclinata

1349 1136 1437 1171 erat,
1462 1138 1616 1174 quantum
1634 1134 1673 1166 ad
1688 1134 1881 1167 infirmitatis
1895 1137 2113 1178 pravitatem,
2138 1139 2312 1172 secundum

1349 1185 1434 1227 quod
1464 1185 1516 1218 ille
1547 1186 1691 1228 lugebat:
1722 1201 1737 1216 a
1754 1188 1846 1221 Miser
1874 1189 1976 1222 factus
2006 1199 2077 1223 sum
2108 1193 2140 1223 et
2162 1195 2314 1225 curvatus

1349 1247 1452 1280 usque
1476 1239 1508 1271 in
1532 1239 1627 1272 finem
1645 1252 1660 1269 n
1689 1246 1747 1274 etc.
1774 1261 1815 1265 —
1840 1242 1906 1275 Nec
1929 1243 2063 1276 omnino
2085 1249 2217 1286 poterat
2235 1255 2314 1278 sar-

1348 1301 1424 1325 sum
1449 1296 1624 1335 respicere,
1656 1303 1713 1336 per
1744 1295 1937 1329 infirmitatis
1969 1298 2239 1338 continuitatem,
2264 1308 2313 1332 se-

1349 1345 1489 1378 cundum
1524 1346 1603 1379 illud
1638 1348 1839 1381 Threnorum
1870 1349 2016 1391 primo⁹:
2047 1350 2171 1384 «Dedit
2199 1361 2250 1385 me
2280 1352 2312 1385 in

1349 1408 1460 1438 manu,
1484 1399 1523 1432 de
1547 1409 1611 1442 qua
1634 1409 1696 1433 non
1722 1407 1832 1443 potero
1855 1411 1988 1445 surgere
2004 1417 2034 1435 n.

1439 1453 1492 1485 24.
1518 1453 1621 1487 Potest
1644 1460 1750 1487 autem
1774 1465 1831 1497 per
1856 1456 1936 1489 hanc
1961 1457 2227 1491 incurvationem
2244 1458 2313 1492 lon-

1346 1515 1489 1547 9aevam
1502 1506 1631 1549 intelligi
1649 1509 1780 1541 morbus
1797 1509 1965 1542 avaritiae
1980 1514 2011 1543 et
2028 1510 2218 1553 cupiditatis,
2231 1521 2313 1554 quae

1348 1558 1494 1592 incurvat
1508 1568 1563 1593 cor
1579 1560 1619 1592 ad
1635 1562 1836 1603 temporalia;
1854 1562 1997 1596 Psalmus
2011 1564 2055 1596 ¹⁰:
2077 1577 2093 1593 τε
2106 1564 2222 1598 Oculos
2237 1574 2312 1599 suos

1348 1615 1529 1646 statuerunt
1560 1614 1718 1648 declinare
1753 1615 1785 1647 in
1809 1619 1927 1648 terram
1945 1630 1975 1649 n.
2002 1617 2038 1650 Et
2061 1618 2121 1651 hoc
2152 1623 2312 1661 quaerunt

1347 1664 1531 1705 daemones3
1557 1666 1651 1699 Isaiae
1675 1668 1936 1710 quinquagesimo
1960 1671 2077 1711 primo:
2101 1671 2310 1711 «incurvare,

1347 1721 1384 1750 ut
1407 1722 1605 1752 transeamus
1621 1733 1652 1751 ».
1678 1738 1720 1744 —
1737 1720 1817 1754 Haec
1840 1721 2007 1756 infirmitas
2030 1724 2194 1757 curvativa
2217 1725 2312 1758 durat

1348 1779 1404 1812 per
1428 1770 1535 1803 decem
1558 1777 1588 1804 et
1611 1776 1680 1805 octo
1712 1783 1837 1813 annos,
1862 1774 1893 1807 id
1917 1779 1965 1808 est
1987 1785 2045 1818 per
2070 1778 2230 1810 senarium
2254 1778 2311 1811 tri-

1347 1824 1479 1865 plicem,
1503 1825 1563 1858 hoc
1586 1830 1634 1858 est
1664 1836 1722 1868 per
1757 1831 1857 1860 totum
1893 1831 2019 1871 tempus
2044 1831 2139 1870 vitae;
2164 1832 2249 1873 quia,
2273 1835 2311 1864 ut

1346 1877 1421 1910 dicit
1444 1878 1651 1920 Hieronymus
1666 1881 1701 1919 ²¹,
1719 1889 1790 1913 cum
1808 1885 1913 1915 cetera
1936 1883 2012 1915 vitia
2027 1888 2191 1917 senescant
2214 1884 2245 1917 in
2262 1893 2311 1918 se-

1346 1931 1458 1970 nibus,
1490 1932 1556 1964 sola
1586 1933 1718 1966 avaritia
1749 1933 1939 1975 iuvenescit;
1972 1939 2004 1969 et
2036 1936 2239 1971 Ecclesiastae
2262 1947 2311 1971 se-

1347 1984 1451 2017 cundo
1473 1985 1590 2018 dicitur
1613 1987 1653 2019 de
1671 1996 1789 2020 avaro:
1820 2001 1835 2017 «
1851 1989 1962 2022 Cuncti
1979 1989 2045 2023 dies
2061 1991 2136 2024 eius·
2146 1991 2309 2025 doloribus

1347 2041 1378 2071 et
1400 2039 1562 2072 aerumnis
1585 2039 1668 2081 pleni
1693 2044 1785 2080 sunt,
1810 2051 1868 2075 nec
1898 2051 1956 2084 per
1980 2049 2104 2076 noctem
2127 2049 2233 2078 mente
2260 2053 2311 2078 re-

1346 2092 1480 2134 quiescit
1495 2105 1511 2121 1>
1519 2104 1527 2132 ;
1552 2096 1584 2126 et
1606 2093 1685 2126 Osee
1709 2095 1858 2136 septimo:
1888 2109 1904 2125 «
1920 2096 2133 2130 Comederunt
2149 2098 2242 2132 alieni
2258 2108 2311 2132 ro-

1345 2144 1408 2177 bur
1431 2146 1514 2185 eius,
1539 2149 1570 2179 et
1594 2147 1661 2189 ipse
1684 2148 1832 2188 nescivit3
1858 2149 1912 2182 sed
1935 2154 1967 2182 et
1983 2151 2051 2183 cani
2068 2151 2259 2185 effusisunt
2274 2152 2308 2185 in

1346 2207 1400 2237 eo,
1417 2204 1448 2231 et
1471 2199 1538 2241 ipse
1561 2199 1716 2241 ignoravit
1733 2214 1763 2232 ι).
1780 2220 1824 2225 -
1839 2201 1919 2235 Haec
1942 2203 2036 2236 etiam
2059 2203 2226 2238 infirmitas
2242 2215 2309 2238 non

1344 2252 1426 2284 stmt
1437 2251 1598 2295 respicere
1609 2263 1766 2292 sarsam;
1778 2255 1862 2288 unde
1874 2255 1991 2289 dicitur
2003 2257 2151 2291 Matthaei
2164 2265 2256 2292 sexto
2266 2259 2306 2291 ¹²:

1351 2319 1366 2335 «
1382 2306 1439 2339 Ubi
1463 2311 1511 2339 est
1535 2307 1706 2341 thesaurus
1730 2314 1823 2348 tuus,
1840 2309 1882 2341 ibi
1899 2315 1930 2342 et
1946 2318 2001 2343 cor
2018 2316 2110 2344 tuum
2124 2324 2154 2351 »;
2179 2315 2210 2345 et
2227 2313 2309 2346 Psal-

1346 2368 1436 2392 mus:
1467 2372 1482 2389 α
1499 2360 1713 2402 Supercecidit
1737 2362 1817 2404 ignis
1832 2375 1864 2401 2),
1889 2363 2008 2396 scilicet
2027 2364 2218 2406 cupiditatis,
2247 2379 2262 2395 α
2276 2369 2307 2399 et

1345 2421 1406 2444 non
1431 2412 1579 2446 viderunt
1603 2418 1699 2447 solem
1717 2428 1748 2454 n,
1773 2424 1813 2448 ne
1836 2416 2082 2450 recordarentur
2106 2422 2164 2450 etc.

1415 2577 1427 2592 ⁹
1447 2580 1519 2605 Vers.
1543 2579 1584 2605 Μ.
1603 2594 1639 2600 -
1659 2581 1786 2612 Superius
1805 2589 1853 2614 pro
1868 2589 1920 2615 per
1939 2582 2106 2617 infirmitatis·
2127 2584 2186 2610 Vat.
2211 2584 2244 2611 ob
2270 2585 2308 2612 in-

1343 2622 1489 2656 firmitatis.
1636 2631 1639 2633 ·

1416 2665 1439 2680 ¹⁰
1458 2667 1551 2693 Psalm.
1572 2668 1619 2698 le,
1639 2668 1667 2693 tt
1680 2687 1688 2700 ,
1713 2669 1754 2694 cui
1779 2668 1947 2702 subiungitur
1966 2670 2023 2696 lsai.
2043 2672 2090 2702 51,
2110 2673 2153 2698 23.
2172 2672 2224 2699 Cir.
2247 2673 2307 2700 Gre-

1345 2718 1415 2744 gor.,
1434 2712 1461 2737 ll.
1481 2712 1576 2737 Homil.
1596 2711 1621 2737 in
1640 2713 1741 2744 Evang.
1761 2713 1849 2739 homil.
1868 2714 1912 2739 31.
1931 2721 1957 2740 n.
1977 2715 2004 2741 6.
2232 2743 2237 2746 ,

1415 2754 1437 2769 ¹¹
1458 2756 1542 2781 Set-m.
1562 2756 1604 2782 48.
1627 2756 1661 2782 ad
1685 2757 1787 2783 Fratres
1810 2758 1836 2783 in
1855 2765 1945 2784 eremo
1966 2758 2048 2791 (inter
2066 2767 2146 2791 opera
2167 2760 2306 2794 August.):

1344 2799 1437 2825 Omnia
1457 2799 1482 2825 in
1508 2802 1614 2826 nomine
1638 2804 1777 2827 senescunt
1795 2802 1871 2833 vitia,
1891 2804 1944 2828 sola
1969 2804 2077 2829 avaritia
2098 2804 2252 2831 iuvenescit.
2271 2820 2306 2825 —

1345 2843 1401 2868 Duo
1420 2850 1495 2876 seqq.
1516 2843 1565 2870 loci
1590 2848 1650 2870 sunt
1675 2845 1758 2870 Eccle.
1778 2847 1807 2876 2,
1831 2846 1874 2871 23.
1893 2850 1919 2871 et
1942 2847 2009 2872 Osee
2027 2847 2057 2880 7,
2083 2848 2107 2873 9.
2126 2862 2162 2868 —
2180 2849 2304 2881 August,

1344 2888 1427 2913 Set-m.
1448 2889 1508 2914 llo.
1528 2888 1602 2921 (alias
1620 2890 1664 2915 31.
1683 2889 1717 2915 de
1736 2890 1830 2916 Verbis
1850 2891 1968 2924 Domini)
1989 2898 2012 2917 c.
2031 2893 2056 2917 2.
2075 2900 2102 2918 n.
2123 2894 2153 2919 2:
2175 2894 2243 2926 Quid
2262 2895 2304 2921 illa

1344 2933 1438 2957 mulier
1456 2936 1545 2959 aecem
1563 2937 1589 2960 et
1606 2939 1663 2960 octo
1683 2941 1765 2960 annos
1785 2936 1885 2960 babens
1903 2935 1929 2961 in
1950 2936 2118 2962 infirmitate?
2140 2939 2189 2964 Sex
2211 2938 2305 2965 diebus

1344 2976 1414 3002 Deus
1433 2978 1542 3008 perfecit
1560 2985 1641 3010 opera
1660 2985 1717 3004 sue.
1738 2979 1789 3004 Ter
1802 2979 1856 3004 seni
1875 2980 1967 3005 decem
1987 2983 2012 3006 et
2030 2987 2089 3007 octo
2108 2982 2213 3008 iaciunt.
2227 2983 2302 3016 Quod

1344 3026 1408 3051 ergo
1436 3020 1592 3052 significavit
1620 3022 1766 3048 triennium
1786 3022 1810 3048 in
1830 3023 1925 3049 arbore
1950 3022 2008 3057 [cfr.
2036 3031 2116 3057 supra
2145 3034 2207 3058 pag.
2236 3027 2302 3060 340,

1344 3071 1404 3089 noia
1431 3064 1482 3097 7.],
1511 3066 1561 3091 hoe
1586 3066 1678 3092 decem
1703 3069 1728 3092 et
1751 3070 1810 3093 octo
1825 3067 1888 3093 'anni
1914 3068 1940 3093 in
1960 3068 2002 3094 illa
2027 3070 2146 3096 muliere.
2167 3070 2218 3097 Csr.
2240 3073 2304 3098 Gre-

1344 3115 1414 3141 gor.‚
1433 3110 1482 3134 loc.
1501 3110 1544 3136 cit.

1415 3151 1437 3168 ¹²
1456 3154 1530 3180 VerS.
1550 3155 1579 3180 ‘Al
1592 3174 1599 3186 ,
1619 3160 1678 3187 post
1690 3163 1770 3189 quem
1789 3156 1831 3182 Ps.
1844 3156 1891 3188 57,
1910 3156 1934 3182 9.
1948 3157 2038 3183 Glossn
2058 3158 2242 3192 interlinearis
2262 3164 2302 3194 (ex

1343 3196 1466 3229 (ii-egon,
1485 3200 1534 3224 loc.
1553 3199 1622 3232 cit.)2
1642 3199 1677 3225 Et
1688 3206 1754 3232 ecce,
1769 3200 1877 3233 multer,
1899 3208 1968 3234 qaae
1986 3200 2100 3229 habebat
2116 3203 2245 3237 spiritum
2263 3204 2303 3231 itt-

1342 3240 1493 3275 firmitatisi,
1513 3248 1631 3268 artiorem
1651 3246 1827 3277 terrenorum,
1846 3245 1927 3271 anniv
1945 3244 2034 3272 decem
2053 3252 2080 3273 ec
2096 3249 2154 3274 octo
2161 3257 2179 3281 ‚a
2192 3250 2217 3275 et
2240 3250 2301 3276 erat

1342 3284 1486 3318 inclinata,
1506 3293 1520 3312 a
1539 3288 1694 3314 rectitudine
1712 3288 1821 3321 mentis,
1840 3295 1915 3315 iaec...
1933 3295 2047 3317 sursum
2065 3291 2212 3325 respicere,
2238 3293 2301 3326 quia

1343 3331 1388 3362 qui
1407 3336 1512 3362 semper
1531 3332 1603 3357 videt
1621 3332 1694 3365 quod
1711 3339 1817 3364 semper
1834 3335 1944 3365 cogitat,
1963 3338 1988 3359 et
2007 3333 2052 3360 ubi
2071 3335 2117 3362 diu
2131 3339 2225 3369 sponte
2242 3344 2302 3369 per-

1343 3373 1423 3405 sistit,
1442 3373 1493 3406 ibi,
1512 3376 1590 3401 etiam
1610 3382 1670 3402 cum
1690 3377 1813 3408 uoluerit,
1832 3376 1902 3403 cudit
1920 3380 2035 3404 coactus.

2332 825 2364 847 De
2375 831 2444 849 secun(

2335 1464 2444 1492 Expositio
2454 1481 2455 1486 ,

2331 1491 2444 1519 spiritualis
