2476 3921
189 528 248 552 item,
264 527 290 547 de

147 557 237 581 quatuor
245 559 292 580 spe-

147 581 254 602 ctantibus
265 580 291 601 ad

147 608 273 629 doctrinam.

313 271 374 303 144

309 362 481 403 exiguntur
512 357 549 391 ad
582 355 719 397 regimen
748 352 977 395 praelatorum,
998 350 1074 391 quia
1101 362 1116 377 «ι
1135 347 1184 381 his
1207 348 1269 381 uti—

311 416 371 448 lius
394 413 470 446 nihil
494 414 541 443 est
564 409 595 441 in
619 408 683 440 vita
699 406 880 440 hominibus
897 418 927 444 n,
951 403 1126 445 Sapientiae
1148 405 1267 434 octavo.

400 467 451 499 37.
469 463 618 505 Sequitur
641 461 679 493 de
695 459 876 493 nominibus
891 456 1084 499 apostolicis,
1099 464 1181 498 quae
1198 464 1269 497 per-

312 523 410 555 tinent
433 519 471 551 ad
502 516 709 552 doctrinam,
741 521 813 545 cum
845 511 937 544 dicit:
968 508 1182 552 Philippum,
1214 509 1268 550 qui

310 575 537 615 interpretatur
560 579 596 602 os
613 566 782 609 lampadis
796 567 823 603 1;
840 565 870 597 in
888 573 952 606 quo
972 563 1167 601 insinuatur,
1184 561 1269 604 quod

310 627 451 661 doctrina
478 621 661 665 episcopalis
690 620 783 653 debet
805 627 873 651 esse
898 616 1012 649 lucida
1043 618 1198 658 quantuni
1230 614 1268 646 ad

313 680 503 714 intellectum
535 674 759 711 audientium,
794 675 831 704 ut
862 671 902 704 sit
939 683 954 698 «
981 672 1127 711 aspectus
1158 676 1270 700 eorum

311 733 398 776 quasi
431 733 575 773 aspectus
608 726 821 768 lampadarum
839 738 870 763 n,
894 722 1062 756 Ezechielis
1085 721 1202 763 primo;
1234 723 1271 752 ut

312 789 446 829 ponatur
476 796 491 812 «
516 783 633 823 lampas
664 788 761 821 super
793 777 1015 811 candelabrum
1038 789 1069 814 n,
1102 773 1271 807 Zachariae

312 843 439 882 quarto,
465 846 525 869 non
555 848 569 863 «ι
587 834 647 867 sub
663 832 767 865 modio
780 845 811 870 n,
836 830 917 863 inl'ra
940 829 1121 867 undecim0;
1138 827 1191 861 sed
1216 827 1272 860 sic-

312 897 346 925 ut
370 892 407 924 de
433 890 496 922 Elia
518 887 634 921 dicitur
659 884 863 920 Ecclesiastici
888 883 1129 926 quadragesimo
1145 884 1270 914 octavo:

317 961 331 975 «
349 945 486 978 Verbum
511 943 579 984 eius
603 940 692 983 quasi
717 939 820 972 facula
841 937 1018 971 ardebat».
1048 955 1092 960 --
1121 936 1160 967 Et
1184 935 1271 967 Bar-

312 998 548 1034 tholomaeum,
580 994 634 1037 qui
667 994 896 1035 interpretatur
923 990 1015 1032 filius
1042 988 1272 1031 suspendentis

311 1052 444 1096 aquas2
460 1065 491 1089 »,
516 1051 546 1082 in
571 1058 635 1091 quo
659 1046 843 1088 intelligitur
867 1044 1010 1078 doctrina
1032 1044 1147 1076 devota
1171 1051 1272 1084 quan—

312 1110 378 1138 tum
402 1105 440 1137 ad
464 1102 636 1146 affectum,
661 1104 697 1133 ut
720 1109 760 1133 ex
777 1098 942 1132 devotione
965 1095 1137 1138 suspendat
1159 1099 1191 1128 et
1213 1095 1273 1127 ele-

312 1164 362 1192 vet
386 1159 541 1199 lacrymas
564 1164 666 1197 usque
689 1154 727 1186 ad
751 1153 895 1191 oculum,
918 1151 957 1184 de
981 1160 1045 1193 quo
1068 1149 1144 1182 dicit
1167 1148 1272 1181 Domi-

310 1222 371 1245 nus
393 1212 431 1244 ad
449 1211 500 1243 lob
525 1208 684 1251 trigesimo
700 1210 810 1240 octavo
823 1206 854 1238 ³:
885 1219 899 1233 «
916 1203 1063 1246 Nunquid
1087 1203 1225 1236 elevabis
1241 1202 1273 1235 in

311 1267 424 1300 nebula
464 1273 570 1298 vocem
611 1255 756 1295 tuam»?
790 1259 908 1293 scilicet
942 1259 974 1291 in
1009 1257 1174 1290 devotione
1216 1265 1273 1289 seu

310 1319 549 1363 compunctione
565 1317 595 1350 in
612 1315 766 1353 docendo;
789 1327 803 1342 ι(
816 1317 848 1346 et
872 1313 1008 1355 impetus
1024 1320 1182 1354 aquarum
1199 1319 1273 1352 ope-

311 1375 370 1407 riet
393 1377 423 1406 te
440 1376 480 1404 »2
503 1372 534 1404 in
561 1368 775 1412 lacrymand03
800 1367 884 1410 quod
912 1365 985 1398 facit
1017 1364 1186 1402 Dominus,
1218 1363 1272 1405 qui

316 1441 331 1455 «
355 1419 392 1459 ad
426 1434 531 1458 vocem
568 1432 657 1457 suam
693 1422 746 1455 dat
782 1419 1017 1453 multitudinem
1052 1426 1209 1460 aquarum
1241 1416 1273 1449 in

310 1480 394 1513 caelo
425 1482 456 1512 et
483 1478 584 1511 elevat
607 1475 739 1509 nebulas
762 1474 802 1506 ab
833 1472 1089 1506 extremitatibus
1113 1474 1217 1504 terrae
1242 1483 1274 1508 »,

311 1533 457 1567 ieremiae
479 1531 617 1569 decimo;
641 1533 673 1563 et
693 1528 853 1570 «fulgura
870 1527 899 1559 in
918 1526 1056 1568 pluviam
1081 1525 1197 1563 facit»,
1215 1524 1274 1557 sic-

311 1592 346 1620 ut
368 1587 442 1620 dicit
465 1586 619 1623 psalmus,
644 1583 673 1615 id
691 1585 738 1615 est
761 1580 1027 1614 comminationes.

400 1640 452 1673 38.
481 1639 582 1680 (Vers.
615 1637 689 1676 iti).
715 1633 933 1672 Matthaeum,
958 1633 1013 1675 qui
1046 1632 1275 1673 interpretatur

312 1694 455 1726 donatus
467 1693 492 1729 4,
517 1701 573 1733 per
590 1699 685 1732 quem
710 1689 900 1726 insinuatur,
916 1686 1001 1729 quod
1024 1685 1167 1718 doctrina
1182 1684 1275 1717 dehet

312 1756 379 1780 esse
402 1744 635 1787 aedificatoria
652 1743 698 1775 ad
721 1741 938 1785 operandum.
957 1740 1031 1772 Nam
1050 1741 1119 1781 post
1136 1738 1273 1771 habitam

311 1800 507 1833 devotionem
530 1800 669 1840 oportet,
693 1795 776 1839 quod
801 1794 915 1837 aliquis
938 1793 1082 1826 auditum
1103 1792 1275 1825 salutarem

314 1853 440 1895 impleat
462 1860 519 1894 per
543 1851 657 1883 bonam
674 1849 904 1892 operationem;
930 1847 989 1879 hoc
1013 1850 1060 1879 est
1075 1846 1115 1878 ab
1140 1845 1193 1878 illo
1209 1853 1276 1887 spe-

313 1907 442 1945 cialiter,
466 1915 484 1938 a
507 1914 571 1947 quo
601 1918 616 1932 «
631 1912 724 1936 omne
746 1902 855 1935 datum
879 1901 1033 1943 optimum
1057 1903 1088 1932 et
1111 1907 1204 1931 omne
1220 1898 1275 1931 do-

313 1969 388 1993 num
405 1959 578 2002 perfectum
597 1971 631 1997 »‚
657 1957 755 1990 iacobi
772 1956 884 1998 primo.
909 1955 977 1997 lpse
994 1954 1090 1986 verbo
1116 1952 1274 1996 praedica-

314 2014 390 2047 toris
413 2013 533 2046 confert
558 2012 707 2045 virtutem
731 2010 797 2043 sive
824 2009 956 2052 gratiam
980 2007 1221 2050 praedicationis
1244 2009 1275 2039 et

313 2067 548 2106 aedificationis;
570 2065 654 2099 unde
670 2065 765 2098 Isaiae
788 2063 1029 2106 quadragesimo
1046 2062 1162 2104 primo:
1184 2074 1200 2089 «
1214 2060 1276 2092 Pri-

909 261 1102 294 COMMENT.
1128 260 1164 292 ΙΝ
1184 259 1427 292 —EVANGELIUM
1451 258 1569 292 LUCAE
1593 258 1625 291 C.
1651 258 1699 291 Vl.

1334 357 1405 381 mus
1428 348 1465 380 ad
1492 347 1563 379 Sion
1587 346 1684 379 dicet:
1703 346 1795 384 Ecce,
1819 345 1945 384 adsum,
1962 349 1994 378 et
2017 345 2185 378 ierusalem
2201 354 2296 378 evan-

1333 402 1474 444 gelistam
1505 401 1587 434 dabo
1611 414 1640 432 n.
1659 420 1703 424 —-
1722 402 1760 433 Et
1791 398 1966 438 Thomam,
1990 399 2046 441 qui
2069 399 2297 441 interpretatur

1333 455 1476 499 abyssus
1488 455 1513 493 ⁵,
1545 463 1601 496 per
1629 454 1713 497 quod
1737 453 1922 495 intelligitur
1943 451 2162 495 profunditas
2185 452 2298 485 eructi-

1335 509 1434 542 tionia
1450 508 1695 547 credendorum,
1719 512 1755 540 ut
1772 507 1812 540 sit
1833 519 1848 535 α
1865 506 2030 539 consilium
2046 506 2114 539 eius
2138 506 2169 538 in
2185 506 2299 548 abysso

1333 571 1447 604 magna
1471 575 1501 600 n,
1533 565 1569 594 ut
1603 561 1719 594 dicitur
1752 560 1955 593 Ecclesiastici
1990 559 2139 602 vigesimo
2173 563 2298 602 quarto.

1334 615 1420 648 Unde
1437 615 1603 657 quaeritur
1626 624 1645 647 a
1661 614 1714 647 lob
1731 613 1892 656 trigesimo
1914 617 2042 646 octavo:
2071 626 2086 642 «
2104 613 2249 655 Nunquid
2267 613 2299 646 in

1334 667 1512 700 novissimis
1535 667 1637 709 abyssi
1662 666 1868 699 deambulasti
1885 669 1928 698 »ἲ
1950 679 1965 694 α
1982 665 2008 698 Ο
2024 665 2156 698 altitudo
2178 665 2300 698 divitia-

1336 730 1407 753 rum
1431 715 1602 763 sapientiae
1625 723 1657 753 et
1680 720 1828 753 scientiae
1845 719 1915 758 Dei,
1940 728 2035 761 quam
2060 719 2300 761 incomprehen-

1336 773 1438 806 sibilia
1461 777 1535 806 sunt
1559 773 1674 806 iudicia
1690 773 1758 806 eius
1774 775 1805 804 »t
1831 772 1920 815 quia,
1942 785 1957 800 «
1976 772 2090 804 iudicia
2113 771 2182 805 eius
2209 772 2300 814 abys-

1335 835 1390 860 sus
1413 827 1514 860 multa
1530 840 1561 866 »,
1585 826 1623 859 ad
1649 827 1802 859 Romanos
1824 825 1991 858 undecimo
2019 829 2050 858 et
2080 825 2228 858 Psalmus.
2258 843 2300 849 -

1336 881 1372 913 Et
1396 881 1473 913 haec
1489 883 1628 922 quatuor
1651 879 1811 921 pertinent
1826 876 1872 911 ad
1888 878 2094 917 doctrinam,
2111 882 2147 911 ut
2164 878 2207 912 sic
2222 887 2301 921 qua—

1337 937 1521 978 tuorbrotae
1554 945 1569 960 «
1598 933 1629 965 in
1661 936 1800 974 quatuor
1831 935 1938 974 partes
1968 931 2153 974 gradiantur
2176 935 2208 964 et
2239 940 2301 964 non

1336 990 1539 1020 revertantur
1562 986 1761 1019 ambulantes
1776 999 1808 1025 »,
1834 985 2002 1018 Ezechielis
2025 985 2146 1018 decimo
2158 985 2181 1017 ⁶.

1426 1040 1478 1072 39.
1504 1040 1655 1082 Sequitur
1678 1039 1716 1072 de
1739 1039 1801 1072 illis
1816 1039 2015 1077 nominibus,
2039 1048 2120 1081 quae
2144 1039 2304 1097 pertinent
2314 1042 2451 1096 sssssffifitffi„

1336 1093 1374 1125 ad
1398 1092 1602 1134 exemplum:
1620 1092 1794 1130 Iacobum,
1819 1092 1874 1134 qui
1892 1092 2120 1134 interpretatur
2144 1091 2303 1131 luctator,

1338 1145 1498 1188 Alphaei,
1523 1146 1577 1188 qui
1595 1146 1825 1188 interpretatur
1847 1144 2013 1188 supitivus
2026 1146 2053 1183 ⁷3
2072 1146 2102 1178 in
2119 1154 2183 1188 quo
2195 1145 2303 1188 expri-

1336 1200 1436 1232 mitur
1459 1200 1643 1242 exemplum
1659 1198 1824 1242 perfectae
1836 1199 2060 1241 paupertatis.
2084 1199 2171 1232 Unde
2186 1198 2302 1241 Grego-

1338 1253 1424 1286 rius:
1455 1266 1470 1282 «τ
1486 1253 1544 1295 Qui
1570 1253 1607 1285 ad
1625 1256 1784 1286 certamen
1810 1261 1883 1285 cum
1899 1252 2022 1285 diabolo
2046 1255 2194 1294 properat
2210 1252 2304 1285 vesti-

1337 1310 1443 1340 menta
1467 1306 1605 1345 abiiciat,
1631 1316 1670 1339 ne
1694 1306 1889 1339 succumbat.
1914 1306 1995 1348 Quid
2019 1309 2124 1338 autem
2150 1309 2225 1338 sunt
2240 1309 2304 1338 ter-

1338 1370 1415 1394 rena
1430 1361 1536 1394 omnia
1552 1360 1609 1393 nisi
1628 1360 1783 1403 quaedam
1800 1360 1943 1402 corporis
1960 1359 2143 1399 indumenta
2155 1362 2197 1393 »2
2217 1359 2303 1392 Unde

1339 1415 1494 1448 volentem
1520 1415 1550 1447 in
1570 1417 1754 1456 paupertate
1779 1414 1890 1446 luctari
1909 1417 2034 1456 oportet
2059 1412 2243 1455 temporalia
2257 1412 2304 1445 fu·

1338 1477 1424 1510 gere,
1440 1467 1615 1500 secundum
1632 1467 1716 1509 quod
1733 1467 1808 1500 dicit
1825 1467 1966 1500 psalmus
1978 1467 2006 1499 ⁸:
2025 1480 2040 1495 «
2054 1467 2145 1506 Ecce,
2162 1465 2304 1508 elongavi

1338 1522 1462 1563 fugiens
1485 1525 1516 1554 et
1539 1521 1640 1553 mansi
1665 1521 1696 1554 in
1722 1521 1889 1554 solitudine
1913 1535 1944 1553 ».
1969 1521 2019 1554 Sic
2044 1521 2124 1554 Elias
2147 1520 2177 1552 in
2201 1519 2305 1562 figura

1339 1575 1437 1607 huius
1459 1574 1540 1616 sugit
1555 1583 1573 1606 a
1595 1574 1673 1607 facie
1689 1574 1822 1613 lezabel,
1847 1583 1928 1616 quae
1945 1574 2174 1616 interpretatur
2189 1572 2305 1615 fluxus

1339 1628 1557 1672 sterquilinii;
1570 1637 1627 1670 per
1639 1628 1723 1670 quod
1740 1628 1924 1670 designatur
1937 1628 2158 1670 temporalium
2174 1627 2305 1660 fluxibi-

1341 1683 1420 1715 litas.
1439 1701 1481 1706 —
1499 1683 1539 1714 Et
1555 1682 1737 1720 Simonem,
1751 1682 1805 1723 qui
1819 1681 2048 1722 interpretatur
2064 1680 2230 1719 obediens,
2246 1680 2306 1725 qui

1339 1741 1480 1769 vocatur
1497 1735 1618 1768 Zelotes
1631 1735 1655 1774 ⁹,
1673 1734 1702 1767 id
1716 1738 1764 1767 est
1780 1734 1982 1774 aemulator-3
2000 1734 2032 1767 in
2045 1743 2109 1776 quo
2120 1734 2303 1776 exemplum

1339 1790 1533 1832 exprimitur
1546 1788 1713 1832 perfectae
1729 1788 1931 1821 humilitatis
1943 1797 2015 1821 cum
2032 1788 2242 1821 aemulatione
2253 1797 2305 1820 or-

1339 1844 1463 1877 dinatae
1487 1843 1644 1881 caritatis3
1669 1843 1753 1876 unde
1770 1842 1890 1885 primae
1907 1842 1989 1875 Petri
2006 1842 2127 1884 primo:
2150 1841 2306 1874 «Animas

1339 1902 1461 1931 vestras
1484 1897 1691 1930 castificantes
1708 1896 1739 1929 in
1763 1895 1940 1929 obedientia
1960 1895 2113 1934 caritatis,
2138 1895 2168 1927 in
2193 1894 2306 1927 frater-

1339 1952 1446 1985 nitatis
1461 1960 1583 1989 amore,
1600 1950 1732 1992 simplici
1750 1959 1792 1983 ex
1809 1950 1903 1982 corde
1920 1949 2053 1982 invicem
2070 1948 2189 1991 diligite
2205 1951 2306 1981 atten-

1339 2006 1403 2038 tius
1422 2017 1451 2044 »3
1478 2004 1681 2037 Ecclesiastici
1707 2003 1818 2036 tertio:
1849 2017 1864 2032 «
1881 2002 1945 2036 Filii
1963 2002 2151 2044 sapientiae,
2175 2002 2306 2035 ecclesia

1339 2060 1512 2098 iustorum,
1537 2063 1567 2091 et
1591 2058 1676 2090 natio
1700 2057 1828 2090 illorum
1852 2057 2028 2090 obedientia
2052 2060 2084 2089 et
2106 2056 2231 2089 dilectio
2248 2070 2277 2088 ι».

316 2299 425 2324 virtutes
443 2297 575 2328 oriuntur,
594 2295 716 2321 videlicet
735 2293 917 2327 prudentiam,
938 2292 1133 2322 fortitudinem,
1153 2290 1276 2317 iustitiam

315 2348 394 2377 atque
413 2341 611 2374 temperantiam
632 2343 680 2366 etc.
700 2353 735 2358 —
754 2338 877 2372 Sequitur
898 2338 960 2370 Sap.
979 2337 1009 2368 8,
1028 2336 1060 2368 7,
1080 2336 1121 2362 cui
1135 2336 1154 2361 G
1169 2335 1278 2361 subiun-

316 2388 354 2420 git
372 2388 412 2413 est
429 2379 523 2412 anima
543 2384 616 2417 (vide
635 2384 714 2416 paulo
734 2382 842 2408 inferius
855 2381 991 2407 lectionem
1007 2380 1084 2413 vat).
1098 2393 1134 2399 —
1151 2378 1278 2411 Superius

316 2439 364 2465 pro
377 2429 533 2459 Secundum
546 2427 768 2455 combinationem
779 2427 836 2452 Vat.
850 2429 876 2451 et
887 2426 909 2451 G
922 2424 1077 2452 Secundum
1088 2422 1277 2458 configuratio-

315 2483 386 2503 nem.
407 2476 463 2501 Vat.
483 2474 582 2500 ibidem
602 2471 799 2505 (coniungendo
818 2470 952 2504 sequentia
972 2476 1033 2495 cum
1049 2467 1277 2501 praecedentibus)

317 2522 393 2553 legit:
413 2520 465 2546 Per
483 2517 732 2554 mulieremlpotest
748 2514 927 2550 spiritualiter
946 2513 1060 2548 intelliqi
1071 2513 1165 2540 anima
1184 2520 1279 2540 secun-

317 2565 383 2591 ‹lum
402 2562 645 2599 confiyurationem
664 2561 783 2588 istarum
802 2562 921 2600 quatuor
941 2559 1082 2586 virtutum.
1105 2557 1176 2585 Vidit
1193 2562 1242 2584 ete.

389 2608 397 2623 ¹
418 2608 468 2634 Csr.
488 2615 566 2639 supra
582 2614 642 2639 pag.
657 2606 704 2638 64,
717 2608 777 2631 nota
793 2605 835 2631 10.
850 2619 886 2623 —-
899 2604 1016 2630 Subinde
1029 2604 1174 2635 allegantur
1187 2603 1278 2628 Ezecli.

320 2656 348 2685 i,
373 2654 416 2686 ¹33
436 2654 542 2679 Zachar.
564 2652 594 2684 4,
617 2652 647 2677 2:
672 2650 730 2677 Vidi
737 2672 744 2683 ,
764 2651 789 2677 et
806 2656 872 2682 ecce,
895 2647 1089 2676 candelabrum
1108 2654 1225 2674 aureum
1244 2648 1280 2673 to-

319 2701 375 2726 tum
395 2701 418 2725 et
438 2698 545 2731 lampas
564 2696 620 2723 eius
639 2703 723 2729 super
742 2696 824 2729 caput
842 2693 928 2728 ipsius
934 2703 945 2726 ,·
964 2694 1026 2719 Luc.
1047 2693 1093 2725 11,
1108 2694 1150 2718 33.
1164 2696 1190 2718 et
1202 2692 1280 2717 Eccli.

320 2745 368 2775 ts,
392 2744 412 2768 l.

390 2786 400 2801 ²
421 2787 540 2817 Hier-ou,
569 2786 616 2811 loc.
646 2785 702 2810 cit.:
732 2783 972 2815 Bartholomaeus,
1003 2782 1071 2808 tilius
1096 2781 1281 2814 suspendentis

320 2839 416 2864 aquas,
435 2831 477 2856 vel
496 2830 564 2856 [llius
583 2828 768 2861 suspende-ntis
788 2828 839 2854 me'.
859 2827 955 2859 Syrum
975 2830 1014 2853 est
1033 2833 1143 2857 nomen,
1163 2833 1215 2851 uon
1235 2826 1281 2851 He-

321 2875 439 2900 bracum.

392 2919 402 2933 ²³
421 2920 496 2945 Vers.
516 2919 564 2949 34,
584 2922 643 2951 post
662 2925 741 2951 quem
773 2919 818 2943 ler.
840 2918 885 2948 10,
916 2917 947 2942 13
961 2936 967 2947 ,
986 2915 1031 2941 ubi
1051 2916 1129 2942 etiam
1156 2914 1280 2947 liabetur,

322 2965 392 2996 quod
413 2964 506 2995 legitur
527 2964 564 2988 Ps.
587 2962 651 2994 134,
670 2962 694 2987 7.
715 2962 835 2993 August,
860 2962 975 2986 Enarrat.
1002 2960 1027 2985 in
1047 2960 1086 2985 rs.
1112 2959 1168 2984 134:
1188 2966 1215 2984 n.
1239 2959 1281 2984 13:

323 3008 433 3040 Fulgura
453 3011 526 3039 suut,
545 3007 724 3033 contremiscis
730 3017 737 3038 ;
751 3006 834 3039 pluit.
849 3005 958 3037 gaudes.
973 3003 1099 3038 Fulqura
1118 3003 1146 3029 in
1157 3002 1282 3037 pluviam

322 3052 396 3085 fecit,
418 3052 463 3084 qui
483 3051 587 3082 terruit,
607 3051 663 3083 ipse
683 3054 710 3077 ut
729 3050 868 3083 gauderes.

368 3106 370 3108 ’
393 3095 403 3109 ⁴
424 3096 536 3126 Hieron„
555 3096 602 3121 loc.
622 3096 676 3121 cit:
697 3094 864 3126 Matthaeus,
884 3094 997 3120 donatus
1009 3093 1157 3126 quondam*
1175 3106 1210 3112 -
1225 3093 1282 3118 Duo

324 3147 396 3172 seqq.
417 3139 465 3165 loci
484 3143 544 3165 sunt
564 3140 611 3164 lac.
639 3140 667 3169 1,
699 3139 738 3164 17.
760 3142 785 3164 ct
814 3138 870 3164 lsai.
896 3138 943 3169 tl,
964 3137 1006 3163 27.
1025 3151 1061 3156 —
1087 3136 1195 3162 inferius
1214 3136 1283 3167 Vnt„

324 3184 422 3208 omisso
441 3190 501 3208 curn
531 3184 660 3209 nonnullis
686 3183 763 3208 codd.
792 3184 910 3216 oportet,
930 3189 978 3214 pro
998 3180 1071 3214 quint
1089 3180 1188 3214 aliquis
1207 3179 1282 3206 audi-

324 3229 383 3253 tum
401 3227 550 3253 salutarem
578 3226 688 3260 impleat
712 3227 845 3253 sunau-iit
873 3226 945 3260 quod
973 3226 1033 3260 quis
1054 3225 1165 3252 uerbum
1184 3224 1283 3251 sallitis

326 3271 449 3297 auditum
468 3270 585 3304 impleat.

396 3314 407 3328 ⁵
426 3316 538 3346 Hieron,
558 3316 607 3340 loc.
625 3315 685 3340 cit.:
707 3315 836 3347 Thomas,
856 3315 983 3347 abyssus,
1002 3316 1043 3341 vel
1064 3314 1199 3347 geminus;
1213 3314 1284 3340 unde

326 3363 351 3385 et
369 3361 467 3385 (iraecc
497 3359 623 3391 Didymus
650 3360 803 3391 appellatur.
823 3373 857 3379 ——
878 3361 1028 3392 Sequuntur
1056 3359 1133 3385 Eccli.
1159 3359 1206 3389 24,
1235 3359 1283 3384 39:

327 3403 474 3430 Consilium
494 3403 566 3429 illius
585 3402 619 3429 ab
637 3402 734 3436 abysso
754 3410 871 3436 maqmn
892 3403 935 3429 lob
955 3404 1003 3436 38,
1025 3404 1070 3434 16;
1084 3404 1159 3429 Rom.
1178 3404 1218 3435 ll,
1242 3403 1284 3429 33.

326 3451 352 3474 et
371 3448 410 3473 ΡΞ.
430 3447 476 3479 35,
494 3447 519 3473 7.

1412 2287 1423 2303 ⁶
1442 2289 1517 2314 Vers.
1542 2289 1584 2313 ll:
1606 2287 1725 2321 Cumque
1743 2286 1930 2319 ambularent,
1950 2286 1978 2312 in
1998 2289 2117 2320 quatuor
2126 2288 2221 2320 partes
2241 2293 2307 2320 ¹qra-

1341 2333 1496 2366 diebantur,
1516 2334 1540 2359 et
1558 2339 1614 2359 non
1632 2331 1836 2359 revertebantur
1855 2330 2025 2358 ambulantes
2046 2331 2102 2363 (cfr.
2123 2332 2132 2356 i
2146 2352 2152 2364 ,
2174 2332 2237 2365 17.).
2255 2332 2306 2358 Pro

1341 2380 1366 2405 et
1385 2385 1439 2405 non
1457 2379 1631 2404 revertantur
1650 2377 1729 2403 codd.
1748 2378 1773 2403 et
1791 2377 1980 2408 revertantur,
1993 2383 2043 2408 pro
2056 2383 2108 2409 qua
2123 2376 2185 2402 falsa
2198 2376 2307 2402 lectione

1342 2422 1395 2447 iam
1414 2421 1530 2454 secunda
1551 2428 1644 2447 manus
1663 2421 1689 2447 in
1708 2421 1730 2446 D
1749 2420 1884 2447 substituit
1912 2426 1960 2446 nec
1985 2422 2167 2447 revertantur.
2187 2421 2306 2453 Gregor.,

1344 2468 1360 2492 l.
1381 2467 1476 2492 llomil.
1498 2467 1522 2492 in
1544 2467 1635 2492 Ezech.
1655 2465 1743 2492 homil.
1764 2466 1788 2491 3.
1802 2472 1826 2490 n.
1845 2465 1890 2490 16:
1910 2465 2024 2490 pennata
2037 2465 2171 2496 animalia,
2186 2466 2307 2492 videlicet

1344 2511 1538 2543 praedicatores
1557 2511 1653 2542 sancti,
1672 2517 1734 2536 eum
1754 2509 1891 2540 incedunt,
1911 2508 2022 2535 minime
2040 2511 2230 2542 revertuntur,
2244 2510 2307 2543 quia

1343 2556 1381 2582 sic
1399 2563 1413 2581 a
1427 2556 1537 2582 terrenis
1555 2555 1657 2582 actibus
1676 2556 1708 2581 ad
1729 2554 1871 2587 spiritualia
1894 2556 2092 2586 pertranseunt,
2106 2557 2134 2579 ut
2147 2554 2180 2580 ad
2194 2561 2224 2579 ea
2237 2561 2307 2588 quae

1344 2601 1517 2634 reliquerunt,
1545 2599 1653 2626 ulterius
1683 2600 1828 2625 nullatenus
1855 2599 2030 2625 reflectantur.
2060 2598 2141 2630 Quasi
2170 2598 2239 2624 enim
2259 2605 2307 2630 per

1344 2646 1478 2679 quandam
1498 2646 1568 2670 viam
1588 2645 1626 2671 eis
1646 2645 1768 2671 incedere
1787 2647 1826 2670 est
1846 2647 1932 2669 mente
1951 2643 1988 2668 ire
2012 2649 2118 2675 semper
2136 2643 2170 2668 ad
2190 2643 2306 2669 meliora.

1345 2691 1492 2724 Quot-onim
1513 2690 1546 2716 de
1565 2688 1685 2722 reprobis
1705 2689 1815 2720 dicitur,
1833 2689 1895 2722 quia
1915 2687 2017 2713 reversi
2036 2690 2097 2713 sunt
2115 2687 2196 2712 corde
2215 2687 2240 2712 in
2259 2688 2306 2713 Ae.-

1346 2738 1457 2767 gyptum
1477 2733 1569 2767 [Num.
1592 2733 1636 2765 14,
1656 2733 1680 2758 3.
1701 2732 1777 2766 seq.].
1798 2734 1827 2758 Et
1852 2739 1899 2764 per
1924 2731 2093 2763 semetipsam
2123 2730 2225 2756 Veritas
2242 2730 2306 2756 dicit

1347 2778 1418 2812 [Luc.
1439 2779 1469 2809 9,
1489 2777 1558 2812 62.]:
1578 2777 1662 2804 Nemo
1682 2777 1789 2804 mittens¹
1809 2783 1923 2803 manum
1942 2775 1979 2802 ad
1997 2777 2126 2802 aratrum
2145 2779 2194 2801 etc.

1417 2820 1426 2836 ⁷
1447 2822 1561 2853 Hierou.,
1582 2823 1630 2847 loc.
1644 2822 1701 2848 cit:
1720 2820 1873 2855 Alphaeus‚
1894 2820 2036 2852 fugitivus,
2055 2819 2101 2845 sed
2115 2819 2210 2845 melius
2229 2818 2307 2844 mille-

1346 2868 1441 2898 simus,
1461 2867 1502 2892 vcl
1522 2867 1623 2892 doctus.
1644 2880 1679 2885 —
1699 2865 1830 2891 Sententia
1851 2864 1969 2897 Gregorii
1991 2863 2102 2890 hahetur
2122 2864 2149 2889 ll.
2169 2863 2262 2889 Homil.
2281 2863 2307 2888 in

1343 2908 1446 2944 evang.
1467 2911 1554 2937 homil.
1576 2912 1618 2939 32.
1638 2918 1663 2936 n.
1685 2912 1709 2937 2.

1355 2948 1362 2955 ⁶
1418 2955 1428 2971 ⁸
1448 2957 1540 2982 Psalm.
1562 2956 1610 2987 54,
1629 2957 1654 2981 8.
1674 2970 1707 2974 —
1726 2956 1849 2989 Sequitur
1869 2955 1906 2981 lll.
1925 2955 1991 2986 Reg.
2015 2954 2058 2986 19,
2080 2954 2104 2979 3.
2124 2960 2195 2986 seq.:
2210 2952 2309 2978 Timuit

1346 3009 1411 3034 ergo
1431 3001 1497 3027 Elias
1516 3004 1541 3027 et
1560 3008 1672 3032 surgens
1691 2999 1779 3026 abiit...
1800 3001 1829 3025 Et
1849 2999 1961 3031 perrexit
1980 2999 2005 3024 in
2025 2998 2158 3024 desertum
2178 3001 2228 3022 etc.
2253 2996 2308 3022 Ilie-

1347 3054 1412 3077 ron.,
1431 3046 1465 3071 de
1484 3045 1614 3071 Nominib.
1633 3044 1752 3070 Hebraic.
1773 3048 1824 3070 vet.
1839 3047 1939 3069 testam.
1961 3043 1997 3068 111.
2017 3043 2095 3074 Reg.:
2115 3051 2126 3065 ι
2141 3040 2244 3072 kabel,
2264 3047 2309 3066 co-

1348 3090 1498 3122 habitatrix,
1527 3090 1583 3115 sive
1611 3090 1696 3115 fluxus
1725 3095 1809 3114 vanus
1823 3098 1848 3113 ».
1868 3087 1932 3113 ibid.
1956 3094 2017 3112 nov.
2045 3089 2146 3112 testam.
2172 3085 2206 3111 (le
2225 3086 2308 3117 Apoc.

1349 3135 1461 3161 loannis:
1481 3133 1596 3165 lezabel,
1626 3134 1711 3159 fluxus
1739 3132 1889 3165 sanguinis,
1918 3131 1960 3157 vel
1989 3132 2073 3156 fluens
2092 3130 2235 3162 sanguine,
2261 3129 2308 3155 sed

1348 3179 1455 3210 melius,
1475 3179 1520 3204 ubi
1540 3181 1579 3204 est
1597 3178 1798 3211 sterquilinium.

1419 3221 1430 3237 ⁹
1449 3224 1563 3253 Hieron„
1583 3223 1631 3248 loc.
1660 3223 1703 3259 cit.
1732 3229 1794 3248 noV.
1812 3225 1914 3247 testam.
1934 3220 2025 3246 Marci:
2049 3230 2061 3242 «
2077 3218 2181 3251 Geumi,
2201 3219 2308 3249 zelotes;

1349 3269 1420 3295 unde
1438 3269 1463 3294 in
1483 3268 1532 3293 alio
1552 3268 1609 3293 loco
1627 3266 1793 3297 Canauaeus,
1820 3265 1844 3291 in
1873 3265 1923 3290 alio
1952 3265 2051 3290 Zelotes
2070 3264 2165 3289 dicitur
2180 3273 2203 3289 n.
2224 3263 2308 3295 Beda,

1349 3314 1375 3339 ll.
1395 3313 1420 3338 in
1440 3314 1501 3338 Luc,
1522 3312 1551 3342 6,
1577 3312 1619 3337 ¹5:
1639 3311 1729 3337 Simon
1749 3314 1836 3336 autem
1857 3310 1957 3335 Zelotes
1977 3309 2032 3341 ipse
2051 3311 2090 3334 est
2109 3311 2134 3333 ct
2154 3308 2244 3333 Simon
2263 3306 2309 3333 ca-

1348 3364 1465 3383 nanaeus
1483 3357 1516 3382 ‹le
1537 3355 1595 3381 vico
1614 3355 1742 3381 Galilaeae
1760 3354 1843 3385 Cana,
1863 3353 1908 3379 ubi
1933 3360 2016 3386 aquas
2035 3352 2161 3378 Dominus
2181 3351 2309 3377 convertit

1349 3402 1373 3428 in
1393 3402 1493 3428 vinum.
1513 3400 1580 3426 Caua
1601 3399 1701 3433 quippe
1720 3400 1804 3430 zelus,
1824 3397 1977 3424 Cananaeus
1997 3397 2090 3423 zelotes
2118 3396 2307 3428 interpretatur.

1348 3460 1384 3466 —
1404 3447 1459 3472 Duo
1478 3452 1553 3478 seqq.
1574 3444 1623 3471 loci
1642 3447 1702 3469 sunt
1722 3443 1736 3468 l.
1757 3443 1824 3468 Petr.
1848 3443 1873 3474 l,
1895 3443 1937 3467 22.
1956 3445 1981 3467 et
2001 3441 2076 3467 Eccli.
2096 3441 2121 3473 3,
2145 3441 2166 3466 l.

2331 1095 2359 1117 ad
2373 1101 2442 1117 exem-

2354 1122 2419 1150 plum.
