2476 3921
158 978 218 1008 ltem,
233 977 290 999 solli-

198 1007 249 1026 cita.

147 2141 206 2167 item,
216 2141 299 2164 devota.

311 300 349 309 ”⁰
889 295 1082 329 COMMENT.
1108 296 1145 329 ΙΝ
1169 296 1407 330 EVANGELIUM
1431 297 1549 330 LUCAE
1573 296 1604 329 C.
1630 296 1716 329 XXII.

310 300 373 332 006

309 390 434 421 tenetur
452 387 536 420 lesus
552 389 583 419 et
599 386 670 419 inde
686 385 825 418 ascendit
845 385 876 417 10
893 385 1013 418 caelum
1025 411 1032 424 ,
1045 388 1082 417 ut
1093 385 1265 424 sciremus,

309 441 384 484 quia
407 440 479 473 iude
502 439 707 472 ascendemus
730 438 768 471 ad
793 439 915 477 caelos,
940 437 1023 471 unde
1047 438 1212 480 vigilamus
1235 441 1267 471 et

309 503 438 527 oramus
462 496 493 526 et
517 492 652 534 ligamur
676 495 707 525 et
731 501 793 524 non
817 491 1055 524 recalcitramus
1072 504 1101 523 n.
1120 509 1161 514 —
1179 491 1266 523 Prin-

309 547 416 589 cipalis
447 550 549 579 tamen
583 545 663 578 ratio
693 548 761 578 erat
791 549 971 583 secretum,
1004 544 1088 577 unde
1122 548 1153 577 et
1184 544 1266 577 solos

309 600 450 642 permisit
474 599 520 631 ire
543 598 733 640 discipulos;
759 601 889 640 propter
913 597 998 639 quod
1025 597 1129 630 addit:
1156 597 1268 630 Secuti

308 657 388 685 sunt
410 656 521 684 autem
546 651 640 683 illum
665 654 694 683 et
716 650 893 692 discipuli,
918 653 1070 692 tanquam
1095 649 1266 682 familiares

311 710 342 739 et
365 705 495 748 privati,
520 704 601 736 inter
618 712 698 746 quos
722 703 815 736 etiam
839 703 1058 735 familiariores
1081 702 1190 744 elegit,
1215 711 1266 735 co-

309 768 376 792 ram
401 758 518 801 quibus
542 757 573 789 10
599 760 704 789 monte
728 756 972 798 transfiguratus
996 755 1073 795 suit;
1090 755 1174 788 unde
1191 756 1266 787 Mat-

309 812 392 845 thaei
417 811 565 854 vigesimo
593 811 728 843 sext01:
759 822 774 838 α
791 810 934 841 Assumto
963 809 1053 841 Petro
1084 812 1115 841 et
1141 808 1266 841 duobus

309 866 381 898 filiis
404 864 572 903 Zebedaei,
596 863 698 905 coepit
722 862 900 895 contristari
925 865 955 894 et
978 865 1118 894 moestus
1150 870 1218 894 esse
1235 874 1264 893 ».

400 920 452 950 52.
478 918 578 958 (Vers.
604 915 682 957 210).
708 915 850 948 Secundo
873 919 1028 957 quantum
1045 915 1084 947 ad
1101 915 1266 947 orationis

308 971 561 1005 sollicitudinem
584 979 624 1001 ex
644 972 742 1011 parte
766 967 875 1000 animi
896 968 1018 1000 subdit:
1045 968 1086 999 Et
1100 977 1177 999 cum
1189 977 1266 1009 per-

308 1025 447 1058 venisset
469 1024 514 1056 act
539 1023 646 1055 locum
659 1023 691 1060 2,
715 1022 803 1054 dixit
826 1021 916 1053 illis:
946 1021 1064 1059 Orate,
1082 1030 1121 1052 nc
1137 1020 1267 1052 intretis

309 1078 345 1111 in
368 1076 584 1109 tentationem.
612 1076 657 1107 Ex
681 1084 745 1117 quo
768 1076 916 1115 apparet,
934 1073 1019 1115 quod
1035 1073 1188 1105 Dominus
1205 1073 1266 1105 sol-

309 1131 392 1164 licite
414 1129 523 1162 orabat
547 1132 579 1161 et
601 1128 639 1160 ad
664 1127 838 1160 orationem
863 1126 1033 1168 discipulos
1060 1126 1265 1164 sollicitabat,

308 1188 344 1217 ut
367 1183 508 1220 doceret,
525 1181 655 1214 sollicite
671 1180 827 1213 orandum
850 1182 981 1221 propter
1002 1179 1197 1211 imminentia
1213 1187 1267 1220 pe-

308 1236 417 1270 ricula.
443 1236 531 1267 Tunc
547 1234 629 1266 enim
648 1233 808 1275 potissime
825 1232 959 1265 orationi
977 1231 1184 1265 insistendum
1201 1235 1266 1271 est,

308 1289 480 1323 secundum
498 1287 575 1320 illud
600 1287 758 1320 Psalmi³z
789 1299 804 1315 «
820 1287 852 1318 10
877 1286 927 1319 (110
951 1285 1163 1318 tribulationis
1180 1294 1268 1318 meae

308 1344 408 1376 Deum
441 1341 598 1383 exquisivi
622 1340 768 1372 manibus
792 1340 902 1372 10015»
931 1342 989 1372 etc.
1022 1338 1153 1380 Quando
1184 1339 1267 1371 enim

309 1396 442 1429 tentatio
467 1394 633 1433 imminet,
658 1396 783 1436 oportet
814 1396 889 1426 tunc
918 1393 1088 1434 implorare
1111 1392 1269 1425 auxilium

308 1449 346 1482 de
369 1448 520 1487 excelsis,
553 1447 726 1480 secundum
754 1446 832 1479 illud
856 1445 983 1479 secundi
1010 1445 1267 1487 Paralipomenon

308 1502 460 1545 vigesimo
472 1502 503 1533 4;
526 1514 541 1529 (ι
558 1501 635 1533 Cum
654 1500 854 1542 ignoramus,
873 1499 949 1541 quid
965 1508 1059 1541 agere
1082 1498 1267 1538 debeamus,

308 1557 369 1588 hoc
393 1555 495 1588 solum
519 1554 674 1587 habemus
697 1553 834 1592 residui,
858 1557 895 1585 ut
918 1553 1026 1585 oculos
1042 1555 1167 1585 nostros
1183 1552 1222 1585 ad
1238 1555 1269 1585 te

309 1608 528 1650 dirigamus».
565 1607 643 1639 Cum
678 1609 784 1639 autem
817 1606 911 1638 homo
943 1609 1109 1644 tentatur,
1142 1608 1268 1647 oportet

309 1662 413 1703 ipsum
437 1663 544 1702 petere
564 1659 739 1698 auxilium,
764 1668 803 1692 00
827 1658 995 1697 vincatur,
1019 1661 1050 1691 et
1073 1658 1133 1690 hoc
1149 1658 1268 1700 petitur

310 1714 341 1746 in
366 1713 506 1745 oratione
529 1712 701 1754 domini-ca,
726 1711 873 1744 Matthaei
897 1710 1036 1743 sexto⁵z
1066 1722 1081 1738 (ε
1100 1710 1135 1742 Ε1
1156 1719 1196 1742 00
1212 1718 1269 1742 005

309 1766 438 1798 inducas
462 1765 493 1797 in
517 1765 721 1797 tentationem
737 1778 768 1795 ».
793 1763 879 1796 Unde
896 1764 950 1805 qui
968 1763 1000 1795 in
1018 1763 1190 1796 tentatione
1205 1772 1267 1795 non

310 1819 417 1861 vigilat
440 1821 471 1851 et
494 1821 563 1851 orat
595 1817 698 1850 socius
729 1820 776 1850 est
807 1817 905 1855 furis,
938 1816 1030 1859 quia,
1060 1825 1133 1849 cum
1157 1816 1269 1848 sentiat

310 1872 433 1910 hostes,
458 1881 520 1904 non
543 1871 656 1904 clamat
679 1870 718 1903 ad
739 1870 906 1902 Dominum
932 1869 1027 1902 castri
1044 1873 1075 1901 et
1096 1869 1165 1901 eius
1188 1869 1269 1901 mili-

311 1930 374 1964 tes,
399 1928 434 1957 ut
458 1928 656 1957 succurrant.
688 1923 774 1956 Unde
805 1932 902 1965 supra
934 1922 1084 1964 vigesimo
1119 1922 1268 1963 primo⁶:

317 1992 332 2007 «
348 1969 478 2020 Vigilate
503 1978 587 2010 00101
612 1980 753 2018 tempore
774 1980 918 2014 orantes,
936 1980 972 2008 ut
987 1975 1072 2017 digni
1090 1975 1269 2008 habeamini

312 2031 421 2073 fugere
445 2031 503 2063 ista
526 2030 647 2068 omnia,
672 2038 753 2071 quae
776 2032 911 2061 ventura
934 2031 1055 2061 sunt».

403 2083 454 2116 53.
480 2083 581 2122 (Vers.
606 2083 684 2123 [11).
709 2082 814 2115 Το1110
847 2085 1001 2124 quantum
1035 2081 1074 2113 ad
1106 2080 1270 2113 orationis

312 2137 512 2169 devotionem
536 2145 575 2167 ex
598 2139 694 2177 parte
726 2135 817 2167 modi
839 2134 963 2167 orandi
986 2133 1112 2166 subdit:
1140 2134 1178 2166 Et
1201 2133 1270 2175 ipse

312 2189 452 2222 avulsus
476 2192 522 2221 cst
545 2187 586 2220 ab
611 2188 675 2227 eis,
700 2192 864 2231 qua-ntum
887 2188 997 2220 iactus
1014 2190 1061 2219 est
1077 2186 1220 2229 lapidis,
1241 2189 1270 2218 et

309 2242 427 2285 positis
449 2241 586 2284 qenibas
610 2241 730 2274 orabat
738 2253 749 2279 ;
773 2241 805 2273 10
829 2250 892 2283 quo
916 2240 1051 2273 ostendit
1071 2239 1269 2273 devotionem

313 2300 343 2329 et
367 2294 577 2327 humilitatem
601 2298 632 2327 et
655 2293 863 2326 reverentiam
887 2293 1000 2326 cordis.
1030 2292 1117 2325 Unde
1140 2292 1267 2325 Beda⁷z

318 2362 333 2377 a
353 2347 478 2380 Orabat
507 2346 626 2389 positis
656 2346 813 2389 mnibus,
845 2350 881 2379 ut
916 2346 1125 2379 humilitatem
1155 2345 1268 2378 mentis

313 2402 423 2434 habitu
447 2400 587 2442 corporis
611 2399 836 2432 ostenderet».
860 2399 897 2432 Et
919 2399 979 2432 hoc
1003 2399 1131 2441 quidem
1155 2407 1267 2432 conve-

312 2455 402 2487 niens
425 2458 514 2493 erat;
538 2462 609 2485 nam
635 2453 704 2485 talis
728 2452 827 2484 oratio
850 2452 989 2484 maxime
1013 2452 1132 2493 placet,
1157 2460 1268 2484 secun-

312 2508 388 2541 dum
420 2507 496 2539 illud
522 2506 724 2539 Ecclesiastici
753 2505 912 2547 trigesimo
944 2504 1097 2547 quinto⁸:
1129 2517 1144 2533 α
1161 2504 1268 2537 Oratio

385 2702 393 2716 ¹
414 2702 489 2727 Vers.
509 2701 559 2732 37;
579 2702 626 2727 cfr.
645 2708 724 2733 supra
744 2708 766 2726 c.
787 2701 810 2726 9.
831 2708 858 2726 n.
877 2701 919 2726 45.
938 2715 973 2720 —
993 2702 1120 2733 Superius
1139 2709 1187 2733 pro
1201 2701 1270 2728 inter

314 2753 381 2780 quos
400 2746 480 2772 etiam
499 2745 693 2779 familiariores
713 2745 771 2770 Vat.
791 2752 857 2778 qnos
876 2745 965 2771 etiam.

385 2790 395 2804 ²
415 2789 498 2816 Codd.
517 2789 629 2836 CDGlH
649 2788 685 2815 ad
703 2796 765 2815 eum
785 2788 882 2815 locum.
901 2789 990 2814 Glossa
1005 2788 1205 2815 interlinearis:
1226 2789 1270 2814 Se-

315 2835 432 2860 cundum
452 2835 515 2859 alios
535 2833 633 2866 [Matth.
654 2834 701 2864 26,
722 2834 773 2864 36;
794 2833 871 2858 Marc.
891 2832 937 2864 lsi,
958 2832 1014 2866 32.]
1035 2833 1061 2858 in
1080 2833 1182 2863 villam,
1202 2840 1270 2865 quae

314 2879 408 2905 dicitur
427 2878 601 2903 Gethsemani.

386 2922 396 2936 ³
416 2923 510 2947 Psalm.
529 2922 577 2952 76,
598 2922 621 2947 3.

385 2966 395 2980 ⁴¹
416 2967 491 2991 Vcrs.
512 2967 553 2992 12.
574 2979 609 2984 -
628 2966 717 2991 Glossa
737 2964 879 2991 ordinaria
900 2965 940 2997 (ex
965 2965 1049 2997 Beda,
1077 2966 1123 2998 qui
1151 2965 1270 2998 sequitur

315 3011 433 3042 llieron.,
453 3011 495 3036 lV.
515 3010 659 3036 Comment.
681 3010 706 3035 in
726 3010 812 3035 Matth.
832 3010 879 3041 26,
901 3009 952 3042 4¹.)
974 3010 1000 3035 in
1019 3011 1080 3035 Luc.
1096 3011 1143 3041 22,
1158 3010 1206 3035 40:
1225 3011 1270 3035 lm-

315 3054 439 3087 possibile
458 3058 510 3085 051,
530 3055 663 3080 hominem
683 3061 735 3079 non
756 3054 860 3085 tentari,
880 3061 928 3079 nec
946 3054 998 3079 ait:
1013 3055 1044 3080 Ut
1057 3060 1110 3079 11011
1124 3054 1269 3084 tentemini,

315 3099 377 3125 sed:
396 3098 435 3125 Ne
453 3098 558 3129 intretis
577 3098 605 3124 in
625 3098 810 3130 tentationem,
829 3099 916 3130 orate,
939 3098 964 3124 id
978 3101 1030 3131 est,
1050 3105 1082 3123 110
1101 3098 1205 3123 tentatio
1221 3105 1270 3123 vos

315 3147 421 3175 superet
439 3147 464 3168 et
483 3143 548 3168 intra
567 3149 654 3168 casses
673 3149 735 3168 suos
754 3146 847 3168 teneat.

386 3187 396 3201 5
417 3188 490 3213 Vers.
514 3188 559 3217 133
579 3188 626 3212 cfr.
644 3194 724 3218 supra
742 3194 765 3212 c.
789 3187 830 3212 11.
849 3194 873 3212 n.
895 3187 936 3212 16.

386 3231 397 3246 ⁶
416 3232 491 3257 Vers.
511 3232 552 3257 36.
573 3232 640 3257 Vide
661 3232 863 3263 Theophylact.,
882 3231 908 3256 in
926 3232 988 3257 Luc.
1009 3232 1057 3262 22,
1078 3230 1166 3257 39-46.

387 3275 396 3290 ⁷
416 3276 485 3302 Libr.
507 3276 549 3301 lV.
567 3276 593 3301 10
612 3276 674 3301 Luc.
694 3277 743 3307 22,
763 3275 805 3308 41,
819 3275 864 3301 ubi
877 3276 994 3308 sequitur
1007 3276 1127 3306 Hieron„
1141 3275 1183 3301 lV.
1197 3274 1271 3301 Com-

316 3324 395 3346 ment.
413 3321 439 3345 in
459 3321 546 3346 Matth.
565 3320 613 3352 26,
638 3320 679 3345 39.

386 3363 396 3378 Β
416 3365 491 3390 vers.
511 3364 552 3397 21,
571 3364 613 3390 cui
633 3363 801 3396 subiungitur
820 3365 860 3390 Ps.
881 3365 941 3395 101,
962 3365 1009 3396 18,
1029 3363 1074 3389 ubi
1095 3371 1143 3396 pro
1161 3369 1270 3397 precem

317 3409 427 3440 Vulgata
443 3415 544 3441 preces.

386 3451 397 3466 ⁹
418 3453 490 3478 Vers.
512 3453 553 3478 16.
572 3455 597 3478 01
615 3452 709 3486 deiuge
729 3453 793 3484 Eph.
814 3453 844 3483 3,
865 3452 951 3477 vta-15.

1331 385 1527 418 humiliantis
1550 394 1584 418 se
1607 385 1708 418 nubes
1740 384 1934 426 penetrabit,
1967 388 1998 418 et
2029 385 2128 418 donec
2160 386 2288 428 propin-

1331 442 1423 480 quet,
1439 448 1511 471 >non
1535 438 1748 471 consolabitur
1764 450 1795 477 »;
1820 438 1905 471 unde
1927 441 1959 471 et
1982 438 2014 471 in
2039 439 2176 471 Psalmo:
2198 452 2214 468 α
2232 439 2289 472 Re-

1330 491 1436 532 spexit
1459 491 1489 523 10
1514 491 1689 524 orationem
1713 490 1880 523 humilium
1898 494 1930 524 et
1946 500 2007 524 non
2025 492 2144 533 sprevit
2164 501 2289 534 precem

1330 553 1441 576 eorum
1461 557 1477 573 ι)
1489 556 1504 588 ;-
1522 548 1554 576 01
1576 544 1646 577 ideo
1662 543 1766 576 Iudith
1782 553 1865 576 nono
1878 544 1891 563 ⁹
1905 556 1912 576 :
1935 557 1951 573 «
1967 544 2138 577 Humilium
2154 548 2186 578 et
2201 554 2290 578 man-

1332 599 1496 629 suetorum
1520 605 1645 638 semper
1669 596 1725 628 tibi
1741 596 1860 637 placuit
1875 596 2055 638 deprecatio
2072 610 2103 629 ».
2119 597 2182 630 Hoc
2197 597 2290 630 modo

1329 649 1440 682 orabat
1464 649 1597 688 Paulus,
1613 649 1652 682 ad
1669 649 1817 691 Ephesios
1833 649 1944 682 tertio:
1967 662 1983 678 α
2000 650 2089 688 Ρο10,
2106 654 2143 683 111
2159 659 2221 683 000
2237 650 2291 684 de-

1329 701 1441 735 ficiatis
1457 702 1488 734 in
1502 702 1758 735 tribulationibus
1770 702 1849 734 meis
1861 711 1919 744 pro
1932 702 2030 735 vobis.
2044 703 2143 736 Huius
2160 703 2205 736 rei
2222 712 2291 745 gra·

1328 755 1371 787 tia
1383 755 1475 787 flecto
1486 764 1589 797 genua
1601 764 1670 788 mea
1681 755 1720 787 ad
1733 755 1855 788 Patrem
1868 755 1991 788 Domini
2004 756 2104 788 nostri
2118 756 2186 789 lesu
2199 756 2291 789 Chri-

1331 808 1389 847 sti,
1414 817 1455 841 ex
1487 817 1551 850 quo
1582 808 1685 841 omnis
1716 808 1888 850 paternitas
1911 808 1943 840 in
1968 809 2063 842 caelis
2085 812 2117 842 et
2140 809 2172 842 in
2204 813 2291 842 terra

1329 861 1512 894 nominatur
1528 875 1559 893 ».
1580 881 1625 885 —
1641 862 1677 894 Et
1700 865 1791 901 nota,
1815 861 1900 903 quod
1922 861 2015 900 dicit,
2040 862 2125 904 quod
2148 862 2290 895 avulsus

1330 917 1377 945 est
1400 923 1422 945 a
1445 913 1621 956 discipulis
1645 914 1691 946 ad
1714 914 1842 946 iactum
1859 913 2001 956 lapidis,
2019 923 2081 947 non
2098 914 2200 947 solum
2217 924 2290 956 pro-

1330 968 1400 1007 pter
1416 969 1586 1005 secretum,
1599 975 1710 999 verum
1727 966 1821 999 etiam
1838 970 1968 1008 propter
1984 966 2201 1010 mysterium
2216 966 2292 1009 quia

1331 1027 1389 1060 per
1413 1019 1472 1051 hoc
1496 1019 1751 1061 significabatur,
1775 1019 1860 1062 quod
1884 1019 1963 1061 lapis
1979 1019 2031 1052 ille
2046 1019 2208 1062 angularis
2223 1023 2292 1053 erat

1330 1080 1349 1103 a
1371 1071 1534 1113 discipulis
1556 1072 1595 1104 ad
1620 1072 1778 1105 modicum
1802 1072 1997 1114 separandus
2012 1075 2044 1105 et
2060 1073 2121 1105 cito
2144 1081 2292 1106 reversu-

1331 1133 1405 1163 rus,
1429 1124 1513 1166 quod
1538 1125 1691 1166 significat
1715 1125 1878 1158 absconsio
1893 1130 2025 1167 patenae
2041 1126 2072 1158 in
2089 1126 2181 1159 Missa
2193 1126 2230 1158 ¹⁰.
2247 1145 2292 1149 —

1331 1177 1385 1210 Vel
1410 1181 1495 1210 certe
1520 1177 1692 1220 significat,
1716 1178 1800 1221 quod
1824 1179 1863 1211 ad
1887 1179 1964 1218 hoc,
1989 1179 2073 1221 quod
2092 1179 2163 1221 quis
2180 1179 2291 1212 devote

1331 1233 1418 1269 oret,
1446 1234 1588 1272 oportet,
1619 1231 1703 1273 quod
1726 1241 1745 1264 a
1768 1232 1947 1265 carnalibus
1978 1232 2144 1265 affectibus
2176 1232 2292 1265 avella-

1332 1286 1405 1323 tur3
1430 1284 1516 1316 unde
1531 1284 1626 1317 Isaiae
1644 1284 1793 1326 vigesimo
1816 1288 1925 1318 octavo
1938 1286 1986 1317 ¹¹:
2017 1298 2033 1314 «
2049 1285 2149 1326 Quem
2167 1285 2291 1318 docebit

1332 1336 1520 1369 scientiam?
1545 1337 1580 1370 Et
1603 1346 1697 1379 quem
1722 1338 1896 1380 intelligere
1919 1338 2011 1371 faciet
2035 1338 2206 1371 auditum?
2232 1339 2292 1372 Ab-

1332 1390 1461 1423 lactatos
1485 1399 1504 1423 a
1520 1390 1616 1429 lacte,
1633 1391 1760 1424 avulsos
1774 1391 1815 1424 ab
1831 1391 1984 1424 uberibus
2000 1405 2031 1424 1).
2050 1392 2086 1424 Et
2102 1392 2180 1424 haec
2197 1392 2291 1425 aval-

1330 1442 1381 1475 sio
1405 1452 1466 1475 non
1491 1446 1593 1484 potest
1617 1440 1768 1476 05500151
1797 1453 1854 1485 per
1884 1443 2040 1486 quendam
2073 1444 2227 1486 impetum
2260 1448 2292 1478 et

1332 1498 1452 1528 motum
1470 1496 1660 1536 violentum;
1678 1500 1709 1529 et
1725 1500 1854 1539 propter
1871 1497 1967 1530 istum
1991 1497 2143 1539 impetum
2161 1497 2292 1540 spiritus

1332 1549 1519 1591 postulantis
1547 1550 1663 1582 dicitur
1686 1550 1725 1582 ad
1750 1551 1902 1583 Romanos
1925 1554 2035 1583 octavo
2049 1551 2095 1583 1²:
2124 1564 2139 1579 a
2157 1551 2292 1593 Spiritus

1331 1605 1389 1641 est,
1406 1602 1459 1644 qui
1478 1603 1616 1644 postulat
1628 1612 1686 1645 pro
1698 1603 1788 1636 nobis
1800 1603 1969 1646 gemitibus
1982 1603 2246 1637 inenarrabilibus
2259 1617 2290 1636 ».

1422 1655 1473 1687 54.
1499 1655 1600 1697 (Vers.
1625 1656 1703 1695 [12).
1729 1656 1848 1697 Quarto
1871 1659 2027 1699 quantum
2058 1656 2098 1689 ad
2126 1656 2291 1689 orationis

1331 1708 1560 1741 discretionem
1576 1708 1662 1741 addit
1676 1721 1683 1741 :
1702 1709 1842 1742 Dicens:
1865 1710 1989 1748 Pater,
2006 1709 2037 1742 si
2052 1710 2122 1749 vis,
2140 1709 2292 1752 transfer

2310 868 2429 891 Notandum

2308 896 2438 923 mysterium.

2310 1186 2386 1210 Aliter.

2310 1665 2371 1691 Item,
2390 1665 2421 1687 di-

2330 1695 2407 1716 scruta.

1331 1761 1466 1794 calicem
1499 1762 1601 1794 istum
1625 1772 1647 1795 a
1671 1772 1730 1794 me.
1756 1763 1814 1795 Per
1845 1762 1979 1795 calicem
2010 1763 2114 1795 istum
2144 1762 2292 1804 intelligi·
2329 1773 2333 1776 ‘

1332 1818 1387 1847 tur
1411 1814 1532 1856 passio,
1556 1824 1614 1856 pro
1638 1824 1675 1848 eo
1698 1815 1783 1857 quod
1807 1815 1839 1847 in
1863 1815 1958 1847 calice
1983 1818 2077 1856 potus
2107 1814 2228 1847 bibitur
2259 1814 2292 1846 in

1332 1877 1500 1907 mensura,
1533 1867 1706 1900 secundum
1738 1867 1817 1900 illud
1849 1867 1959 1900 Psalmi
1974 1868 2022 1899 13:
2052 1880 2068 1896 «ε
2085 1867 2208 1900 Cibabis
2231 1876 2289 1900 uos

1332 1929 1412 1962 pane
1436 1921 1650 1962 lacrymarum
1680 1923 1712 1953 et
1746 1923 1857 1962 potum
1887 1920 1976 1953 dabis
2007 1920 2097 1953 nobis
2127 1920 2160 1952 10
2191 1920 2293 1961 lacry—

1332 1974 1392 2006 mis
1414 1974 1446 2006 in
1470 1983 1620 2006 mensura
1635 1987 1666 2006 ».
1691 1974 1779 2006 Η1106
1800 1973 1929 2007 calicem
1945 1973 2090 2006 Christus
2105 1973 2202 2013 bibit,
2219 1982 2292 2006 cum

1332 2026 1507 2068 passionem
1525 2026 1701 2059 voluntarie
1717 2026 1875 2068 gustavit·;
1901 2026 2041 2059 Psalmus
2055 2027 2102 2059 ¹4:
2132 2039 2148 2055 <x
2164 2027 2209 2060 De
2226 2029 2290 2059 tor-

1332 2082 1422 2112 rente
1445 2079 1476 2111 in
1495 2079 1544 2112 via
1560 2079 1638 2112 bibit
1654 2092 1670 2108 »
1696 2083 1774 2119 016.;
1791 2082 1823 2112 01
1838 2079 1984 2112 Matthaei
2001 2079 2167 2122 vigesimo:
2190 2093 2206 2109 «
2222 2079 2292 2127 Pot-

1331 2132 1407 2165 estis
1438 2132 1546 2165 bibere
1578 2133 1724 2172 calicem,
1756 2141 1851 2175 quem
1883 2142 1941 2175 ego
1970 2132 2132 2166 bibiturus
2166 2142 2236 2166 sum
2254 2136 2291 2165 »2

1333 2186 1419 2218 Hunc
1448 2186 1575 2219 calicem
1599 2185 1744 2219 Christus
1767 2185 1876 2219 bibere
1900 2186 2023 2219 volebat
2047 2186 2208 2219 voluntate
2232 2196 2291 2219 ra-

1333 2239 1451 2278 tionis,
1483 2239 1537 2272 sed
1560 2239 1752 2272 abhorrebat
1784 2239 1945 2272 voluntate
1976 2239 2214 2272 sensualitatis.
2247 2257 2292 2262 —

1333 2293 1418 2325 Unde
1442 2293 1517 2335 quia
1540 2293 1621 2325 ratio
1644 2293 1865 2325 dominabatur
1896 2292 2109 2332 sensualitati,
2133 2292 2203 2326 ideo
2236 2292 2291 2325 ad-

1331 2345 1393 2378 dit:
1426 2346 1657 2378 Verumtamen
1681 2355 1747 2378 non
1763 2355 1837 2378 mea
1853 2345 2026 2384 voluntas,
2043 2346 2100 2378 sed
2125 2350 2185 2378 tua
2207 2344 2291 2388 fiat;

1331 2399 1364 2431 in
1388 2408 1451 2441 quo
1474 2402 1622 2441 apparet,
1647 2399 1732 2442 quod
1755 2399 1893 2431 discrete
1916 2399 2060 2441 petebat,
2082 2399 2157 2441 quia
2179 2398 2292 2432 volun-

1332 2455 1428 2485 tatem
1456 2452 1560 2485 carnis
1591 2452 1744 2485 voluntati
1769 2451 1900 2484 rationis
1930 2455 1961 2484 et
1996 2452 2149 2485 voluntati
2173 2451 2292 2485 Divini-

1332 2505 1404 2538 tatis
1435 2505 1641 2545 sufficiebat,
1677 2504 1851 2538 secundum
1883 2505 1960 2537 illud
1985 2505 2107 2538 Ioannis
2138 2508 2229 2546 sexto
2241 2504 2290 2536 15;

1405 2701 1427 2716 ¹⁰
1447 2701 1498 2727 Csr.
1519 2702 1649 2726 lnnoccnt.
1670 2701 1712 2731 lll,
1733 2701 1760 2725 ll.
1779 2701 1813 2725 de
1833 2701 1912 2725 Sacro
1936 2701 2023 2725 altaris
2040 2700 2179 2732 mysterio,
2198 2707 2222 2726 c.
2240 2700 2291 2726 59:

1335 2745 1385 2770 Sed
1414 2745 1523 2770 latitudo
1551 2745 1638 2770 cordis
1667 2744 1701 2769 ab
1725 2744 1763 2769 615
1783 2743 1938 2777 [Apostolis]
1957 2745 2059 2776 aufugit
2078 2748 2103 2770 et
2122 2745 2207 2775 latuit,
2230 2751 2291 2770 cum

1333 2796 1425 2814 omnes
1444 2789 1578 2820 discipuli,
1598 2788 1687 2813 relicto
1707 2788 1846 2819 magistro,
1861 2789 1985 2819 sugerunt
1996 2791 2022 2813 et
2034 2789 2177 2819 latuerunt,
2193 2791 2219 2813 et
2232 2788 2290 2814 ideo

1334 2835 1394 2864 post
1412 2836 1561 2864 susceptam
1591 2831 1705 2857 oblatam
1725 2832 1848 2857 sacerdos
1867 2831 2006 2857 abscondit
2024 2831 2075 2857 sub
2094 2832 2222 2864 corporali
2248 2839 2291 2864 pa-

1334 2879 1419 2901 tenam
1439 2879 1487 2901 016.

1407 2920 1427 2934 ¹¹
1449 2921 1524 2946 Vers.
1547 2920 1571 2945 9.
1584 2934 1619 2939 —
1632 2921 1722 2945 Glossa
1742 2919 1885 2946 ordinaria
1899 2920 1939 2953 (cx
1953 2920 2022 2946 Beda
2031 2939 2038 2951 ‚
2051 2920 2097 2953 qui
2111 2920 2228 2953 sequitur
2241 2922 2291 2946 Au-

1334 2968 1401 2996 gust.
1412 2985 1417 2995 ,
1430 2965 1455 2998 ΙΙ.
1467 2965 1516 2997 Qq.
1531 2964 1695 2996 Evangelior.
1708 2972 1733 2997 q.
1745 2964 1798 2997 50.)
1811 2965 1835 2989 111
1850 2965 1912 2990 Luc.
1925 2965 1973 2996 22,
1988 2964 2015 2989 41
2029 2973 2035 2989 ;
2051 2964 2190 2995 Quantum
2204 2964 2290 2991 motus

1333 3010 1372 3034 est
1391 3008 1488 3042 lapidis
1498 3018 1508 3040 ,·
1528 3009 1552 3033 10
1574 3010 1623 3034 hoc
1643 3009 1753 3040 mystice
1777 3009 1871 3041 innuit,
1901 3011 1928 3034 ut
1954 3008 1979 3033 in
2004 3008 2092 3040 ipsum
2119 3008 2232 3040 dirigant
2259 3009 2291 3034 la-

1333 3053 1437 3085 pidem,
1457 3053 1482 3078 id
1502 3056 1555 3084 est,
1574 3059 1659 3085 usque
1678 3052 1711 3078 ad
1730 3053 1818 3084 ipsum
1838 3052 1984 3084 perducant
2008 3052 2176 3078 intentionem
2201 3053 2290 3084 Legis,

1333 3104 1402 3130 quae
1421 3097 1516 3129 scripta
1535 3100 1591 3125 erat
1610 3097 1635 3122 in
1655 3097 1741 3129 lapide
1766 3099 1816 3122 etc.
1834 3110 1870 3115 —
1889 3096 2016 3129 Superius
2044 3104 2093 3129 pro
2120 3096 2210 3123 devote
2234 3098 2292 3124 oret

1334 3141 1391 3167 Vat.
1411 3140 1442 3167 de
1460 3143 1536 3167 noctc
1555 3142 1620 3167 oret.

1406 3185 1427 3199 ¹2
1448 3186 1523 3210 Vers.
1543 3186 1584 3210 26.
1604 3198 1640 3204 -—
1664 3185 1791 3216 Superius
1813 3191 1862 3217 pro
1880 3184 2045 3218 postulantis
2071 3186 2121 3211 BG
2149 3184 2290 3216 elevantis,

1334 3230 1354 3254 Α
1365 3228 1383 3255 C
1394 3229 1416 3254 D
1434 3228 1577 3262 cleqanter.

1406 3272 1428 3287 ¹⁸
1448 3273 1540 3299 Psalm.
1561 3272 1610 3303 79,
1630 3273 1656 3298 6.

1406 3317 1427 3331 ¹¹
1447 3318 1540 3342 Psalm.
1562 3317 1625 3348 109,
1645 3317 1671 3342 7.
1690 3319 1716 3342 01
1734 3317 1830 3343 deinde
1849 3317 1934 3343 Matth.
1956 3318 2004 3349 20,
2025 3318 2067 3343 22.

1405 3360 1428 3376 ¹⁶
1447 3361 1521 3387 Vers.
1542 3361 1583 3386 38.
1597 3375 1633 3380 —
1646 3361 1697 3387 Clr.
1717 3362 1752 3387 111.
1767 3362 1837 3387 Seut.
1856 3362 1882 3387 d.
1902 3361 1943 3387 47.
1963 3369 1988 3387 11.
2007 3363 2032 3388 2.
2051 3369 2077 3395 q.
2097 3362 2127 3393 3,
2147 3361 2192 3387 ubi
2211 3362 2289 3387 etiam

1334 3405 1445 3431 dicitur:
1470 3415 1482 3428 α
1496 3406 1525 3430 Et
1543 3405 1731 3431 attendendum
1750 3408 1803 3436 est,
1822 3406 1895 3438 quod
1914 3406 1979 3432 ratio
1998 3406 2026 3432 111
2044 3406 2167 3438 petitione
2187 3406 2226 3431 illa
2239 3412 2290 3431 ser-

1334 3450 1406 3475 vavit
1424 3450 1535 3475 sormam
1555 3449 1691 3481 prudentis
1710 3452 1735 3475 01
1753 3449 1837 3475 fidelis
1848 3449 1987 3482 advocati,
2000 3450 2046 3483 qui
2060 3449 2220 3476 desiderium
2235 3456 2290 3474 sen-
