<?xml version="1.0" encoding="UTF-8"?>
<!DOCTYPE html PUBLIC "-//W3C//DTD XHTML 1.0 Transitional//EN"
    "http://www.w3.org/TR/xhtml1/DTD/xhtml1-transitional.dtd">
<html xmlns="http://www.w3.org/1999/xhtml" xml:lang="en" lang="en">
 <head>
  <title>
</title>
<meta http-equiv="Content-Type" content="text/html;charset=utf-8" />
  <meta name='ocr-system' content='tesseract 3.04.00' />
  <meta name='ocr-capabilities' content='ocr_page ocr_carea ocr_par ocr_line ocrx_word'/>
</head>
<body>
  <div class='ocr_page' id='page_1' title='image "./doctorisseraphic07bona_0271.png"; bbox 0 0 2476 3921; ppageno 0'>
   <div class='ocr_carea' id='block_1_1' title="bbox 49 634 152 657">
    <p class='ocr_par' dir='ltr' id='par_1_1' title="bbox 49 634 152 657">
     <span class='ocr_line' id='line_1_1' title="bbox 49 634 152 657; baseline -0.01 0"><span class='ocrx_word' id='word_1_1' title='bbox 49 634 152 657; x_wconf 76' lang='lat' dir='ltr'><strong>Boi-tatio.</strong></span> 
     </span>
    </p>
   </div>
   <div class='ocr_carea' id='block_1_2' title="bbox 21 954 150 1030">
    <p class='ocr_par' dir='ltr' id='par_1_2' title="bbox 21 954 150 1030">
     <span class='ocr_line' id='line_1_2' title="bbox 21 954 150 977; baseline -0.023 0"><span class='ocrx_word' id='word_1_2' title='bbox 21 955 51 977; x_wconf 80' lang='lat' dir='ltr'><strong>De</strong></span> <span class='ocrx_word' id='word_1_3' title='bbox 66 954 150 976; x_wconf 83' lang='lat' dir='ltr'><strong>hnmili-</strong></span> 
     </span>
     <span class='ocr_line' id='line_1_3' title="bbox 21 981 149 1008; baseline -0.016 -4"><span class='ocrx_word' id='word_1_4' title='bbox 21 983 63 1004; x_wconf 71' lang='lat' dir='ltr'><strong>tato</strong></span> <span class='ocrx_word' id='word_1_5' title='bbox 80 981 149 1008; x_wconf 81' lang='lat' dir='ltr'><strong>quoad</strong></span> 
     </span>
     <span class='ocr_line' id='line_1_4' title="bbox 30 1010 139 1030; baseline -0.009 0"><span class='ocrx_word' id='word_1_6' title='bbox 30 1010 139 1030; x_wconf 77' lang='lat' dir='ltr'><strong>extraneos</strong></span> 
     </span>
    </p>
   </div>
   <div class='ocr_carea' id='block_1_3' title="bbox 5 468 12 1064">
    <p class='ocr_par' dir='ltr' id='par_1_3' title="bbox 5 468 12 1064">
     <span class='ocr_line' id='line_1_5' title="bbox 5 468 12 1064; baseline 0 0"><span class='ocrx_word' id='word_1_7' title='bbox 5 468 12 1064; x_wconf 95' lang='lat' dir='ltr'><strong> </strong></span> 
     </span>
    </p>
   </div>
   <div class='ocr_carea' id='block_1_4' title="bbox 29 1037 140 1084">
    <p class='ocr_par' dir='ltr' id='par_1_4' title="bbox 29 1037 140 1084">
     <span class='ocr_line' id='line_1_6' title="bbox 29 1037 140 1066; baseline -0.018 -9"><span class='ocrx_word' id='word_1_8' title='bbox 29 1037 140 1066; x_wconf 70' lang='lat' dir='ltr'><strong>tanguntur</strong></span> 
     </span>
     <span class='ocr_line' id='line_1_7' title="bbox 58 1064 106 1084; baseline -0.021 0"><span class='ocrx_word' id='word_1_9' title='bbox 58 1064 106 1084; x_wconf 84' lang='lat' dir='ltr'><strong>tna.</strong></span> 
     </span>
    </p>
   </div>
   <div class='ocr_carea' id='block_1_5' title="bbox 43 1381 143 1404">
    <p class='ocr_par' dir='ltr' id='par_1_5' title="bbox 43 1381 143 1404">
     <span class='ocr_line' id='line_1_8' title="bbox 43 1381 143 1404; baseline 0 0"><span class='ocrx_word' id='word_1_10' title='bbox 43 1381 143 1404; x_wconf 86' lang='lat' dir='ltr'><strong>Primum.</strong></span> 
     </span>
    </p>
   </div>
   <div class='ocr_carea' id='block_1_6' title="bbox 3 1703 140 1726">
    <p class='ocr_par' dir='ltr' id='par_1_6' title="bbox 3 1703 140 1726">
     <span class='ocr_line' id='line_1_9' title="bbox 3 1703 140 1726; baseline 0 0"><span class='ocrx_word' id='word_1_11' title='bbox 3 1705 5 1721; x_wconf 81' lang='lat'><strong>¹</strong></span> <span class='ocrx_word' id='word_1_12' title='bbox 13 1703 140 1726; x_wconf 80' lang='lat' dir='ltr'><strong>Notandum.</strong></span> 
     </span>
    </p>
   </div>
   <div class='ocr_carea' id='block_1_7' title="bbox 770 272 1563 313">
    <p class='ocr_par' dir='ltr' id='par_1_7' title="bbox 770 272 1563 313">
     <span class='ocr_line' id='line_1_10' title="bbox 770 272 1563 313; baseline 0.01 -8"><span class='ocrx_word' id='word_1_13' title='bbox 770 272 965 306; x_wconf 89' lang='lat' dir='ltr'><strong>COMMENT.</strong></span> <span class='ocrx_word' id='word_1_14' title='bbox 991 274 1028 306; x_wconf 88' lang='lat' dir='ltr'><strong>IN</strong></span> <span class='ocrx_word' id='word_1_15' title='bbox 1054 274 1292 309; x_wconf 80' lang='lat' dir='ltr'><strong>EVANGELIUM</strong></span> <span class='ocrx_word' id='word_1_16' title='bbox 1317 278 1434 311; x_wconf 74' lang='lat' dir='ltr'><strong>LUCAE</strong></span> <span class='ocrx_word' id='word_1_17' title='bbox 1459 280 1490 312; x_wconf 88' lang='lat' dir='ltr'><strong>C.</strong></span> <span class='ocrx_word' id='word_1_18' title='bbox 1518 281 1563 313; x_wconf 89' lang='grc' dir='ltr'><strong>ΙΧ.</strong></span> 
     </span>
    </p>
   </div>
   <div class='ocr_carea' id='block_1_8' title="bbox 155 360 1135 2439">
    <p class='ocr_par' dir='ltr' id='par_1_8' title="bbox 169 360 1135 874">
     <span class='ocr_line' id='line_1_11' title="bbox 174 360 1135 404; baseline 0.004 -12"><span class='ocrx_word' id='word_1_19' title='bbox 174 362 268 392; x_wconf 89' lang='lat' dir='ltr'><strong>erunt</strong></span> <span class='ocrx_word' id='word_1_20' title='bbox 284 360 377 402; x_wconf 91' lang='lat' dir='ltr'><strong>primi</strong></span> <span class='ocrx_word' id='word_1_21' title='bbox 399 360 573 400; x_wconf 90' lang='lat' dir='ltr'><strong>novissimi,</strong></span> <span class='ocrx_word' id='word_1_22' title='bbox 591 364 622 394; x_wconf 89' lang='lat' dir='ltr'><strong>et</strong></span> <span class='ocrx_word' id='word_1_23' title='bbox 634 361 905 404; x_wconf 72' lang='lat' dir='ltr'><strong>novissimi‘primi</strong></span> <span class='ocrx_word' id='word_1_24' title='bbox 920 376 950 394; x_wconf 71' lang='lat' dir='ltr'><strong>n.</strong></span> <span class='ocrx_word' id='word_1_25' title='bbox 969 363 1004 395; x_wconf 87' lang='lat' dir='ltr'><strong>Et</strong></span> <span class='ocrx_word' id='word_1_26' title='bbox 1021 363 1135 396; x_wconf 87' lang='lat' dir='ltr'><strong>Paulus</strong></span> 
     </span>
     <span class='ocr_line' id='line_1_12' title="bbox 174 413 1134 458; baseline 0.004 -13"><span class='ocrx_word' id='word_1_27' title='bbox 174 413 233 446; x_wconf 91' lang='lat' dir='ltr'><strong>hoc</strong></span> <span class='ocrx_word' id='word_1_28' title='bbox 257 413 421 446; x_wconf 89' lang='lat' dir='ltr'><strong>attendens</strong></span> <span class='ocrx_word' id='word_1_29' title='bbox 445 413 565 456; x_wconf 83' lang='lat' dir='ltr'><strong>primae</strong></span> <span class='ocrx_word' id='word_1_30' title='bbox 592 414 631 447; x_wconf 87' lang='lat' dir='ltr'><strong>ad</strong></span> <span class='ocrx_word' id='word_1_31' title='bbox 654 414 832 448; x_wconf 80' lang='lat' dir='ltr'>Corinthios</span> <span class='ocrx_word' id='word_1_32' title='bbox 855 415 975 448; x_wconf 89' lang='lat' dir='ltr'><strong>decimo</strong></span> <span class='ocrx_word' id='word_1_33' title='bbox 999 417 1110 458; x_wconf 91' lang='lat' dir='ltr'><strong>quinto</strong></span> <span class='ocrx_word' id='word_1_34' title='bbox 1124 418 1134 436; x_wconf 84' lang='lat'><strong>¹</strong></span> 
     </span>
     <span class='ocr_line' id='line_1_13' title="bbox 173 466 1134 512; baseline 0.004 -14"><span class='ocrx_word' id='word_1_35' title='bbox 173 466 312 499; x_wconf 86' lang='lat' dir='ltr'><strong>dicebat:</strong></span> <span class='ocrx_word' id='word_1_36' title='bbox 342 479 357 495; x_wconf 78' lang='grc' dir='ltr'>α</span> <span class='ocrx_word' id='word_1_37' title='bbox 375 467 438 509; x_wconf 85' lang='lat' dir='ltr'><strong>Ego</strong></span> <span class='ocrx_word' id='word_1_38' title='bbox 462 476 532 500; x_wconf 91' lang='lat' dir='ltr'><strong>sum</strong></span> <span class='ocrx_word' id='word_1_39' title='bbox 558 468 708 501; x_wconf 90' lang='lat' dir='ltr'><strong>minimus</strong></span> <span class='ocrx_word' id='word_1_40' title='bbox 735 469 968 510; x_wconf 81' lang='lat' dir='ltr'><strong>Apostolorum,</strong></span> <span class='ocrx_word' id='word_1_41' title='bbox 993 470 1046 512; x_wconf 91' lang='lat' dir='ltr'><strong>qui</strong></span> <span class='ocrx_word' id='word_1_42' title='bbox 1072 479 1134 502; x_wconf 90' lang='lat' dir='ltr'><strong>non</strong></span> 
     </span>
     <span class='ocr_line' id='line_1_14' title="bbox 173 520 1134 564; baseline 0.004 -12"><span class='ocrx_word' id='word_1_43' title='bbox 173 528 243 552; x_wconf 91' lang='lat' dir='ltr'><strong>sum</strong></span> <span class='ocrx_word' id='word_1_44' title='bbox 267 520 382 562; x_wconf 84' lang='lat' dir='ltr'><strong>dignus</strong></span> <span class='ocrx_word' id='word_1_45' title='bbox 405 521 511 553; x_wconf 89' lang='lat' dir='ltr'><strong>vocari</strong></span> <span class='ocrx_word' id='word_1_46' title='bbox 536 522 700 563; x_wconf 79' lang='lat' dir='ltr'><strong>Apostolus</strong></span> <span class='ocrx_word' id='word_1_47' title='bbox 721 534 755 561; x_wconf 77' lang='lat'><strong>»3</strong></span> <span class='ocrx_word' id='word_1_48' title='bbox 781 526 811 554; x_wconf 92' lang='lat' dir='ltr'><strong>et</strong></span> <span class='ocrx_word' id='word_1_49' title='bbox 835 522 872 555; x_wconf 90' lang='lat' dir='ltr'><strong>ad</strong></span> <span class='ocrx_word' id='word_1_50' title='bbox 900 523 1047 564; x_wconf 80' lang='lat' dir='ltr'><strong>Ephesios</strong></span> <span class='ocrx_word' id='word_1_51' title='bbox 1073 527 1134 556; x_wconf 90' lang='lat' dir='ltr'><strong>ter-</strong></span> 
     </span>
     <span class='ocr_line' id='line_1_15' title="bbox 173 572 1135 618; baseline 0.005 -14"><span class='ocrx_word' id='word_1_52' title='bbox 173 572 234 605; x_wconf 88' lang='lat' dir='ltr'><strong>tio:</strong></span> <span class='ocrx_word' id='word_1_53' title='bbox 263 585 278 601; x_wconf 74' lang='grc' dir='ltr'><strong>ιι</strong></span> <span class='ocrx_word' id='word_1_54' title='bbox 296 573 369 606; x_wconf 83' lang='lat' dir='ltr'>Mihi</span> <span class='ocrx_word' id='word_1_55' title='bbox 394 574 534 607; x_wconf 88' lang='lat' dir='ltr'><strong>omnium</strong></span> <span class='ocrx_word' id='word_1_56' title='bbox 552 578 731 608; x_wconf 84' lang='lat' dir='ltr'><strong>sanctorum</strong></span> <span class='ocrx_word' id='word_1_57' title='bbox 757 575 886 608; x_wconf 86' lang='lat' dir='ltr'><strong>minimo</strong></span> <span class='ocrx_word' id='word_1_58' title='bbox 905 576 977 608; x_wconf 89' lang='lat' dir='ltr'><strong>data</strong></span> <span class='ocrx_word' id='word_1_59' title='bbox 1000 580 1047 609; x_wconf 90' lang='lat' dir='ltr'><strong>est</strong></span> <span class='ocrx_word' id='word_1_60' title='bbox 1063 586 1135 618; x_wconf 81' lang='lat' dir='ltr'><strong>gra-</strong></span> 
     </span>
     <span class='ocr_line' id='line_1_16' title="bbox 173 624 1135 670; baseline 0.005 -13"><span class='ocrx_word' id='word_1_61' title='bbox 173 624 215 657; x_wconf 89' lang='lat' dir='ltr'><strong>tia</strong></span> <span class='ocrx_word' id='word_1_62' title='bbox 232 625 317 658; x_wconf 84' lang='lat' dir='ltr'><strong>haec</strong></span> <span class='ocrx_word' id='word_1_63' title='bbox 334 639 364 658; x_wconf 90' lang='lat'><strong>».</strong></span> <span class='ocrx_word' id='word_1_64' title='bbox 381 645 425 649; x_wconf 95' lang='lat'><strong>-—</strong></span> <span class='ocrx_word' id='word_1_65' title='bbox 443 627 522 669; x_wconf 85' lang='lat' dir='ltr'><strong>Ergo</strong></span> <span class='ocrx_word' id='word_1_66' title='bbox 546 627 627 660; x_wconf 89' lang='lat' dir='ltr'><strong>inter</strong></span> <span class='ocrx_word' id='word_1_67' title='bbox 652 628 736 661; x_wconf 88' lang='lat' dir='ltr'><strong>viros</strong></span> <span class='ocrx_word' id='word_1_68' title='bbox 759 628 939 670; x_wconf 77' lang='lat' dir='ltr'><strong>spirituales</strong></span> <span class='ocrx_word' id='word_1_69' title='bbox 957 638 1017 661; x_wconf 91' lang='lat' dir='ltr'><strong>non</strong></span> <span class='ocrx_word' id='word_1_70' title='bbox 1042 629 1135 662; x_wconf 90' lang='lat' dir='ltr'><strong>debet</strong></span> 
     </span>
     <span class='ocr_line' id='line_1_17' title="bbox 171 680 1135 724; baseline 0.004 -13"><span class='ocrx_word' id='word_1_71' title='bbox 171 687 239 711; x_wconf 91' lang='lat' dir='ltr'><strong>esse</strong></span> <span class='ocrx_word' id='word_1_72' title='bbox 263 680 422 712; x_wconf 87' lang='lat' dir='ltr'><strong>contentio</strong></span> <span class='ocrx_word' id='word_1_73' title='bbox 444 680 482 713; x_wconf 91' lang='lat' dir='ltr'><strong>de</strong></span> <span class='ocrx_word' id='word_1_74' title='bbox 499 681 602 722; x_wconf 89' lang='lat' dir='ltr'><strong>primo</strong></span> <span class='ocrx_word' id='word_1_75' title='bbox 626 681 707 720; x_wconf 88' lang='lat' dir='ltr'><strong>loco,</strong></span> <span class='ocrx_word' id='word_1_76' title='bbox 729 681 783 714; x_wconf 88' lang='lat' dir='ltr'><strong>sed</strong></span> <span class='ocrx_word' id='word_1_77' title='bbox 799 682 838 714; x_wconf 91' lang='lat' dir='ltr'><strong>de</strong></span> <span class='ocrx_word' id='word_1_78' title='bbox 862 685 1035 723; x_wconf 90' lang='lat' dir='ltr'><strong>postremo,</strong></span> <span class='ocrx_word' id='word_1_79' title='bbox 1060 683 1135 724; x_wconf 91' lang='lat' dir='ltr'><strong>quia</strong></span> 
     </span>
     <span class='ocr_line' id='line_1_18' title="bbox 171 732 1134 773; baseline 0.004 -9"><span class='ocrx_word' id='word_1_80' title='bbox 171 732 223 765; x_wconf 91' lang='lat' dir='ltr'><strong>ille</strong></span> <span class='ocrx_word' id='word_1_81' title='bbox 263 733 477 766; x_wconf 80' lang='lat' dir='ltr'><strong>honorabilior</strong></span> <span class='ocrx_word' id='word_1_82' title='bbox 515 738 580 773; x_wconf 87' lang='lat' dir='ltr'><strong>est,</strong></span> <span class='ocrx_word' id='word_1_83' title='bbox 620 735 702 768; x_wconf 89' lang='lat' dir='ltr'><strong>sicut</strong></span> <span class='ocrx_word' id='word_1_84' title='bbox 741 735 857 768; x_wconf 90' lang='lat' dir='ltr'><strong>dicitur</strong></span> <span class='ocrx_word' id='word_1_85' title='bbox 893 735 975 768; x_wconf 85' lang='lat' dir='ltr'><strong>infra</strong></span> <span class='ocrx_word' id='word_1_86' title='bbox 1013 735 1134 768; x_wconf 89' lang='lat' dir='ltr'><strong>decimo</strong></span> 
     </span>
     <span class='ocr_line' id='line_1_19' title="bbox 170 786 1133 830; baseline 0.003 -12"><span class='ocrx_word' id='word_1_87' title='bbox 170 789 301 827; x_wconf 88' lang='lat' dir='ltr'><strong>quarto:</strong></span> <span class='ocrx_word' id='word_1_88' title='bbox 332 799 347 815; x_wconf 73' lang='grc' dir='ltr'>α</span> <span class='ocrx_word' id='word_1_89' title='bbox 363 786 440 819; x_wconf 90' lang='lat' dir='ltr'><strong>Cum</strong></span> <span class='ocrx_word' id='word_1_90' title='bbox 466 792 595 821; x_wconf 89' lang='lat' dir='ltr'><strong>vocatus</strong></span> <span class='ocrx_word' id='word_1_91' title='bbox 626 788 725 821; x_wconf 87' lang='lat' dir='ltr'><strong>fueris</strong></span> <span class='ocrx_word' id='word_1_92' title='bbox 748 788 786 821; x_wconf 92' lang='lat' dir='ltr'><strong>ad</strong></span> <span class='ocrx_word' id='word_1_93' title='bbox 815 789 959 830; x_wconf 85' lang='lat' dir='ltr'><strong>nuptias,</strong></span> <span class='ocrx_word' id='word_1_94' title='bbox 984 789 1133 822; x_wconf 78' lang='lat' dir='ltr'><strong>recumbe</strong></span> 
     </span>
     <span class='ocr_line' id='line_1_20' title="bbox 169 839 605 874; baseline 0.007 -3"><span class='ocrx_word' id='word_1_95' title='bbox 169 839 200 871; x_wconf 93' lang='lat' dir='ltr'><strong>in</strong></span> <span class='ocrx_word' id='word_1_96' title='bbox 225 839 394 872; x_wconf 89' lang='lat' dir='ltr'><strong>novissimo</strong></span> <span class='ocrx_word' id='word_1_97' title='bbox 418 840 486 873; x_wconf 88' lang='lat' dir='ltr'><strong>loco</strong></span> <span class='ocrx_word' id='word_1_98' title='bbox 503 854 518 870; x_wconf 84' lang='lat'>»</span> <span class='ocrx_word' id='word_1_99' title='bbox 547 845 605 874; x_wconf 91' lang='lat' dir='ltr'><strong>etc.</strong></span> 
     </span>
    </p>

    <p class='ocr_par' dir='ltr' id='par_1_9' title="bbox 164 892 1133 1302">
     <span class='ocr_line' id='line_1_21' title="bbox 259 892 1131 938; baseline 0.005 -14"><span class='ocrx_word' id='word_1_100' title='bbox 259 892 310 924; x_wconf 89' lang='lat'><strong>90.</strong></span> <span class='ocrx_word' id='word_1_101' title='bbox 337 892 438 933; x_wconf 89' lang='lat' dir='ltr'><strong>(Vers.</strong></span> <span class='ocrx_word' id='word_1_102' title='bbox 456 893 534 933; x_wconf 71' lang='grc'>49).</span> <span class='ocrx_word' id='word_1_103' title='bbox 556 894 766 938; x_wconf 65' lang='lat' dir='ltr'><strong>Respondeas</strong></span> <span class='ocrx_word' id='word_1_104' title='bbox 782 898 892 926; x_wconf 81' lang='lat' dir='ltr'><strong>autem</strong></span> <span class='ocrx_word' id='word_1_105' title='bbox 915 895 1056 927; x_wconf 73' lang='lat' dir='ltr'><strong>loannes</strong></span> <span class='ocrx_word' id='word_1_106' title='bbox 1073 898 1131 928; x_wconf 90' lang='lat' dir='ltr'><strong>etc.</strong></span> 
     </span>
     <span class='ocr_line' id='line_1_22' title="bbox 168 945 1133 981; baseline 0.003 -3"><span class='ocrx_word' id='word_1_107' title='bbox 168 945 238 978; x_wconf 89' lang='lat' dir='ltr'><strong>Post</strong></span> <span class='ocrx_word' id='word_1_108' title='bbox 261 945 437 979; x_wconf 74' lang='lat' dir='ltr'><strong>doctrinam</strong></span> <span class='ocrx_word' id='word_1_109' title='bbox 470 947 658 980; x_wconf 91' lang='lat' dir='ltr'><strong>humilitatis</strong></span> <span class='ocrx_word' id='word_1_110' title='bbox 680 947 718 980; x_wconf 89' lang='lat' dir='ltr'><strong>ad</strong></span> <span class='ocrx_word' id='word_1_111' title='bbox 747 947 935 981; x_wconf 85' lang='lat' dir='ltr'><strong>domesticos</strong></span> <span class='ocrx_word' id='word_1_112' title='bbox 958 948 1048 981; x_wconf 89' lang='lat' dir='ltr'><strong>docet</strong></span> <span class='ocrx_word' id='word_1_113' title='bbox 1074 949 1133 981; x_wconf 88' lang='lat' dir='ltr'><strong>hu—</strong></span> 
     </span>
     <span class='ocr_line' id='line_1_23' title="bbox 169 999 1132 1041; baseline 0.004 -10"><span class='ocrx_word' id='word_1_114' title='bbox 169 999 330 1032; x_wconf 88' lang='lat' dir='ltr'><strong>militatem</strong></span> <span class='ocrx_word' id='word_1_115' title='bbox 357 1000 537 1041; x_wconf 15' lang='lat' dir='ltr'><strong>‘habendam</strong></span> <span class='ocrx_word' id='word_1_116' title='bbox 562 1001 608 1034; x_wconf 79' lang='lat' dir='ltr'><strong>ad</strong></span> <span class='ocrx_word' id='word_1_117' title='bbox 639 1006 834 1040; x_wconf 73' lang='lat' dir='ltr'><strong>eoetraneos;</strong></span> <span class='ocrx_word' id='word_1_118' title='bbox 858 1002 942 1035; x_wconf 89' lang='lat' dir='ltr'><strong>circa</strong></span> <span class='ocrx_word' id='word_1_119' title='bbox 966 1003 1057 1035; x_wconf 89' lang='lat' dir='ltr'><strong>cuius</strong></span> <span class='ocrx_word' id='word_1_120' title='bbox 1086 1003 1132 1035; x_wconf 90' lang='lat' dir='ltr'><strong>in-</strong></span> 
     </span>
     <span class='ocr_line' id='line_1_24' title="bbox 167 1053 1132 1089; baseline 0.003 -3"><span class='ocrx_word' id='word_1_121' title='bbox 167 1053 376 1087; x_wconf 89' lang='lat' dir='ltr'><strong>sinuationem</strong></span> <span class='ocrx_word' id='word_1_122' title='bbox 405 1054 466 1087; x_wconf 89' lang='lat' dir='ltr'><strong>tria</strong></span> <span class='ocrx_word' id='word_1_123' title='bbox 494 1055 752 1088; x_wconf 86' lang='lat' dir='ltr'><strong>introducuntur.</strong></span> <span class='ocrx_word' id='word_1_124' title='bbox 787 1056 889 1088; x_wconf 84' lang='lat' dir='ltr'><strong>Primo</strong></span> <span class='ocrx_word' id='word_1_125' title='bbox 920 1057 1002 1088; x_wconf 82' lang='lat' dir='ltr'><strong>enim</strong></span> <span class='ocrx_word' id='word_1_126' title='bbox 1034 1057 1132 1089; x_wconf 90' lang='lat' dir='ltr'><strong>intro-</strong></span> 
     </span>
     <span class='ocr_line' id='line_1_25' title="bbox 166 1107 1132 1152; baseline 0.003 -12"><span class='ocrx_word' id='word_1_127' title='bbox 166 1107 294 1141; x_wconf 87' lang='lat' dir='ltr'><strong>ducitur</strong></span> <span class='ocrx_word' id='word_1_128' title='bbox 330 1117 371 1141; x_wconf 85' lang='lat' dir='ltr'><strong>ex</strong></span> <span class='ocrx_word' id='word_1_129' title='bbox 407 1109 601 1151; x_wconf 54' lang='lat' dir='ltr'><strong>partemii-z·</strong></span> <span class='ocrx_word' id='word_1_130' title='bbox 623 1110 775 1142; x_wconf 75' lang='lat' dir='ltr'><strong>extranei</strong></span> <span class='ocrx_word' id='word_1_131' title='bbox 805 1111 952 1152; x_wconf 71' lang='lat' dir='ltr'><strong>operatio</strong></span> <span class='ocrx_word' id='word_1_132' title='bbox 979 1111 1132 1150; x_wconf 72' lang='lat' dir='ltr'><strong>uirtutis,-</strong></span> 
     </span>
     <span class='ocr_line' id='line_1_26' title="bbox 166 1161 1130 1205; baseline 0.003 -11"><span class='ocrx_word' id='word_1_133' title='bbox 166 1161 304 1194; x_wconf 82' lang='lat' dir='ltr'><strong>secundo</strong></span> <span class='ocrx_word' id='word_1_134' title='bbox 327 1171 418 1202; x_wconf 91' lang='lat' dir='ltr'><strong>vero,</strong></span> <span class='ocrx_word' id='word_1_135' title='bbox 449 1171 491 1195; x_wconf 87' lang='lat' dir='ltr'><strong>ex</strong></span> <span class='ocrx_word' id='word_1_136' title='bbox 520 1166 621 1204; x_wconf 86' lang='lat' dir='ltr'><strong>parte</strong></span> <span class='ocrx_word' id='word_1_137' title='bbox 640 1163 801 1205; x_wconf 80' lang='lat' dir='ltr'><strong>discipuli</strong></span> <span class='ocrx_word' id='word_1_138' title='bbox 827 1163 1006 1205; x_wconf 73' lang='lat' dir='ltr'><strong>prohibitio</strong></span> <span class='ocrx_word' id='word_1_139' title='bbox 1038 1168 1130 1197; x_wconf 82' lang='lat' dir='ltr'><strong>teme-</strong></span> 
     </span>
     <span class='ocr_line' id='line_1_27' title="bbox 165 1215 1130 1260; baseline 0.004 -13"><span class='ocrx_word' id='word_1_140' title='bbox 165 1215 279 1248; x_wconf 76' lang='lat' dir='ltr'><strong>ritatis</strong></span> <span class='ocrx_word' id='word_1_141' title='bbox 296 1216 325 1254; x_wconf 77' lang='grc'><strong>2;</strong></span> <span class='ocrx_word' id='word_1_142' title='bbox 351 1216 443 1249; x_wconf 90' lang='lat' dir='ltr'><strong>tertio</strong></span> <span class='ocrx_word' id='word_1_143' title='bbox 467 1225 557 1255; x_wconf 91' lang='lat' dir='ltr'><strong>vero,</strong></span> <span class='ocrx_word' id='word_1_144' title='bbox 582 1225 623 1249; x_wconf 85' lang='lat' dir='ltr'><strong>ex</strong></span> <span class='ocrx_word' id='word_1_145' title='bbox 650 1221 738 1259; x_wconf 88' lang='lat' dir='ltr'><strong>parte</strong></span> <span class='ocrx_word' id='word_1_146' title='bbox 770 1217 928 1259; x_wconf 76' lang='lat' dir='ltr'><strong>Mayislri</strong></span> <span class='ocrx_word' id='word_1_147' title='bbox 951 1219 1130 1260; x_wconf 76' lang='lat' dir='ltr'><strong>persuasio</strong></span> 
     </span>
     <span class='ocr_line' id='line_1_28' title="bbox 164 1267 374 1302; baseline 0.005 -1"><span class='ocrx_word' id='word_1_148' title='bbox 164 1267 374 1302; x_wconf 77' lang='lat' dir='ltr'><strong>humilitatis.</strong></span> 
     </span>
    </p>

    <p class='ocr_par' dir='ltr' id='par_1_10' title="bbox 155 1323 1129 2439">
     <span class='ocr_line' id='line_1_29' title="bbox 254 1323 1129 1366; baseline 0.002 -11"><span class='ocrx_word' id='word_1_149' title='bbox 254 1323 357 1355; x_wconf 86' lang='lat' dir='ltr'><strong>Primo</strong></span> <span class='ocrx_word' id='word_1_150' title='bbox 380 1332 456 1365; x_wconf 86' lang='lat' dir='ltr'><strong>ergo</strong></span> <span class='ocrx_word' id='word_1_151' title='bbox 480 1323 651 1356; x_wconf 76' lang='lat' dir='ltr'><strong>introducit</strong></span> <span class='ocrx_word' id='word_1_152' title='bbox 675 1325 897 1366; x_wconf 75' lang='lat' dir='ltr'><strong>operationem</strong></span> <span class='ocrx_word' id='word_1_153' title='bbox 931 1325 1067 1357; x_wconf 73' lang='lat' dir='ltr'><strong>virtutis</strong></span> <span class='ocrx_word' id='word_1_154' title='bbox 1090 1335 1129 1357; x_wconf 68' lang='lat' dir='ltr'><strong>ex</strong></span> 
     </span>
     <span class='ocr_line' id='line_1_30' title="bbox 159 1377 1129 1420; baseline 0.001 -10"><span class='ocrx_word' id='word_1_155' title='bbox 159 1381 259 1420; x_wconf 81' lang='lat' dir='ltr'><strong>parte</strong></span> <span class='ocrx_word' id='word_1_156' title='bbox 281 1377 351 1410; x_wconf 85' lang='lat' dir='ltr'><strong>viri</strong></span> <span class='ocrx_word' id='word_1_157' title='bbox 372 1378 541 1416; x_wconf 70' lang='lat' dir='ltr'><strong>extranei,</strong></span> <span class='ocrx_word' id='word_1_158' title='bbox 566 1387 639 1410; x_wconf 86' lang='lat' dir='ltr'><strong>cum</strong></span> <span class='ocrx_word' id='word_1_159' title='bbox 663 1377 755 1410; x_wconf 88' lang='lat' dir='ltr'><strong>dicit:</strong></span> <span class='ocrx_word' id='word_1_160' title='bbox 786 1379 994 1420; x_wconf 65' lang='lat' dir='ltr'><strong>Respondeas</strong></span> <span class='ocrx_word' id='word_1_161' title='bbox 1017 1383 1129 1411; x_wconf 81' lang='lat' dir='ltr'><strong>autem</strong></span> 
     </span>
     <span class='ocr_line' id='line_1_31' title="bbox 162 1430 1128 1474; baseline 0.002 -12"><span class='ocrx_word' id='word_1_162' title='bbox 162 1430 305 1462; x_wconf 75' lang='lat' dir='ltr'><strong>Ioannes</strong></span> <span class='ocrx_word' id='word_1_163' title='bbox 335 1430 441 1463; x_wconf 71' lang='lat' dir='ltr'><strong>dixu:</strong></span> <span class='ocrx_word' id='word_1_164' title='bbox 474 1431 686 1473; x_wconf 76' lang='lat' dir='ltr'><strong>Praeceptor,</strong></span> <span class='ocrx_word' id='word_1_165' title='bbox 715 1431 864 1464; x_wconf 75' lang='lat' dir='ltr'><strong>vidimus</strong></span> <span class='ocrx_word' id='word_1_166' title='bbox 895 1432 1060 1474; x_wconf 80' lang='lat' dir='ltr'><strong>quendam</strong></span> <span class='ocrx_word' id='word_1_167' title='bbox 1093 1433 1128 1464; x_wconf 79' lang='lat' dir='ltr'><strong>iu</strong></span> 
     </span>
     <span class='ocr_line' id='line_1_32' title="bbox 162 1483 1128 1526; baseline 0.002 -11"><span class='ocrx_word' id='word_1_168' title='bbox 162 1483 295 1515; x_wconf 75' lang='lat' dir='ltr'><strong>nomine</strong></span> <span class='ocrx_word' id='word_1_169' title='bbox 319 1488 375 1516; x_wconf 85' lang='lat' dir='ltr'><strong>tuo</strong></span> <span class='ocrx_word' id='word_1_170' title='bbox 399 1483 576 1516; x_wconf 78' lang='lat' dir='ltr'><strong>eiicieulem</strong></span> <span class='ocrx_word' id='word_1_171' title='bbox 601 1483 789 1517; x_wconf 81' lang='lat' dir='ltr'><strong>daemonia.</strong></span> <span class='ocrx_word' id='word_1_172' title='bbox 816 1484 895 1526; x_wconf 87' lang='lat' dir='ltr'><strong>Quia</strong></span> <span class='ocrx_word' id='word_1_173' title='bbox 918 1485 1000 1517; x_wconf 89' lang='lat' dir='ltr'><strong>enim</strong></span> <span class='ocrx_word' id='word_1_174' title='bbox 1022 1485 1128 1517; x_wconf 84' lang='lat' dir='ltr'><strong>Domi-</strong></span> 
     </span>
     <span class='ocr_line' id='line_1_33' title="bbox 161 1537 1126 1578; baseline 0.002 -10"><span class='ocrx_word' id='word_1_175' title='bbox 161 1545 223 1569; x_wconf 91' lang='lat' dir='ltr'><strong>nus</strong></span> <span class='ocrx_word' id='word_1_176' title='bbox 247 1540 448 1578; x_wconf 80' lang='lat' dir='ltr'><strong>persuaserat</strong></span> <span class='ocrx_word' id='word_1_177' title='bbox 480 1537 709 1576; x_wconf 82' lang='lat' dir='ltr'><strong>humilitatem,</strong></span> <span class='ocrx_word' id='word_1_178' title='bbox 734 1538 842 1570; x_wconf 91' lang='lat' dir='ltr'><strong>volens</strong></span> <span class='ocrx_word' id='word_1_179' title='bbox 874 1537 954 1570; x_wconf 85' lang='lat' dir='ltr'><strong>scire</strong></span> <span class='ocrx_word' id='word_1_180' title='bbox 979 1538 1126 1577; x_wconf 90' lang='lat' dir='ltr'><strong>loannes,</strong></span> 
     </span>
     <span class='ocr_line' id='line_1_34' title="bbox 161 1590 1127 1630; baseline 0.002 -8"><span class='ocrx_word' id='word_1_181' title='bbox 161 1592 270 1622; x_wconf 89' lang='lat' dir='ltr'><strong>utrum</strong></span> <span class='ocrx_word' id='word_1_182' title='bbox 296 1590 520 1623; x_wconf 83' lang='lat' dir='ltr'><strong>documentum</strong></span> <span class='ocrx_word' id='word_1_183' title='bbox 545 1591 583 1623; x_wconf 88' lang='lat' dir='ltr'><strong>ad</strong></span> <span class='ocrx_word' id='word_1_184' title='bbox 607 1594 777 1624; x_wconf 78' lang='lat' dir='ltr'><strong>extraneos</strong></span> <span class='ocrx_word' id='word_1_185' title='bbox 801 1600 834 1624; x_wconf 84' lang='lat' dir='ltr'><strong>se</strong></span> <span class='ocrx_word' id='word_1_186' title='bbox 857 1591 1025 1630; x_wconf 82' lang='lat' dir='ltr'><strong>extendat3</strong></span> <span class='ocrx_word' id='word_1_187' title='bbox 1057 1591 1127 1624; x_wconf 89' lang='lat' dir='ltr'><strong>ideo</strong></span> 
     </span>
     <span class='ocr_line' id='line_1_35' title="bbox 160 1643 1126 1686; baseline 0.002 -10"><span class='ocrx_word' id='word_1_188' title='bbox 160 1643 328 1686; x_wconf 87' lang='lat' dir='ltr'><strong>respondet</strong></span> <span class='ocrx_word' id='word_1_189' title='bbox 351 1647 383 1676; x_wconf 90' lang='lat' dir='ltr'><strong>et</strong></span> <span class='ocrx_word' id='word_1_190' title='bbox 404 1644 489 1677; x_wconf 88' lang='lat' dir='ltr'><strong>hunc</strong></span> <span class='ocrx_word' id='word_1_191' title='bbox 512 1648 701 1678; x_wconf 89' lang='lat' dir='ltr'><strong>extraneum</strong></span> <span class='ocrx_word' id='word_1_192' title='bbox 719 1644 881 1678; x_wconf 79' lang='lat' dir='ltr'><strong>facientem</strong></span> <span class='ocrx_word' id='word_1_193' title='bbox 907 1645 1063 1678; x_wconf 88' lang='lat' dir='ltr'><strong>mirabilia</strong></span> <span class='ocrx_word' id='word_1_194' title='bbox 1079 1646 1126 1678; x_wconf 90' lang='lat' dir='ltr'><strong>in-</strong></span> 
     </span>
     <span class='ocr_line' id='line_1_36' title="bbox 160 1697 1127 1740; baseline 0.002 -10"><span class='ocrx_word' id='word_1_195' title='bbox 160 1697 307 1730; x_wconf 82' lang='lat' dir='ltr'><strong>troducit.</strong></span> <span class='ocrx_word' id='word_1_196' title='bbox 334 1698 481 1731; x_wconf 83' lang='lat' dir='ltr'><strong>Extranei</strong></span> <span class='ocrx_word' id='word_1_197' title='bbox 503 1702 608 1731; x_wconf 91' lang='lat' dir='ltr'><strong>autem</strong></span> <span class='ocrx_word' id='word_1_198' title='bbox 629 1708 648 1731; x_wconf 85' lang='lat' dir='ltr'><strong>a</strong></span> <span class='ocrx_word' id='word_1_199' title='bbox 671 1699 796 1731; x_wconf 90' lang='lat' dir='ltr'><strong>Christo</strong></span> <span class='ocrx_word' id='word_1_200' title='bbox 815 1704 947 1740; x_wconf 86' lang='lat' dir='ltr'><strong>possunt</strong></span> <span class='ocrx_word' id='word_1_201' title='bbox 972 1699 1127 1733; x_wconf 89' lang='lat' dir='ltr'><strong>miracula</strong></span> 
     </span>
     <span class='ocr_line' id='line_1_37' title="bbox 159 1751 1125 1794; baseline 0.002 -10"><span class='ocrx_word' id='word_1_202' title='bbox 159 1751 276 1791; x_wconf 88' lang='lat' dir='ltr'><strong>facere,</strong></span> <span class='ocrx_word' id='word_1_203' title='bbox 302 1752 477 1784; x_wconf 89' lang='lat' dir='ltr'><strong>secundum</strong></span> <span class='ocrx_word' id='word_1_204' title='bbox 508 1752 585 1785; x_wconf 86' lang='lat' dir='ltr'><strong>illud</strong></span> <span class='ocrx_word' id='word_1_205' title='bbox 610 1752 754 1785; x_wconf 83' lang='lat' dir='ltr'><strong>Matthaei</strong></span> <span class='ocrx_word' id='word_1_206' title='bbox 789 1753 966 1794; x_wconf 72' lang='lat' dir='ltr'><strong>sepum03:</strong></span> <span class='ocrx_word' id='word_1_207' title='bbox 997 1766 1013 1782; x_wconf 66' lang='grc' dir='ltr'><em>α</em></span> <span class='ocrx_word' id='word_1_208' title='bbox 1037 1753 1125 1786; x_wconf 84' lang='grc' dir='ltr'>ΜιιΙῑί</span> 
     </span>
     <span class='ocr_line' id='line_1_38' title="bbox 159 1805 1125 1844; baseline 0.002 -6"><span class='ocrx_word' id='word_1_209' title='bbox 159 1805 264 1838; x_wconf 87' lang='lat' dir='ltr'><strong>dicent</strong></span> <span class='ocrx_word' id='word_1_210' title='bbox 288 1805 383 1838; x_wconf 93' lang='lat' dir='ltr'><strong>mihi:</strong></span> <span class='ocrx_word' id='word_1_211' title='bbox 408 1806 557 1844; x_wconf 90' lang='lat' dir='ltr'><strong>Domine,</strong></span> <span class='ocrx_word' id='word_1_212' title='bbox 582 1806 613 1838; x_wconf 93' lang='lat' dir='ltr'><strong>in</strong></span> <span class='ocrx_word' id='word_1_213' title='bbox 642 1806 768 1838; x_wconf 89' lang='lat' dir='ltr'><strong>nomine</strong></span> <span class='ocrx_word' id='word_1_214' title='bbox 792 1809 847 1838; x_wconf 92' lang='lat' dir='ltr'><strong>tuo</strong></span> <span class='ocrx_word' id='word_1_215' title='bbox 870 1806 1036 1839; x_wconf 79' lang='lat' dir='ltr'><strong>daemonia</strong></span> <span class='ocrx_word' id='word_1_216' title='bbox 1063 1807 1125 1840; x_wconf 91' lang='lat' dir='ltr'><strong>eie-</strong></span> 
     </span>
     <span class='ocr_line' id='line_1_39' title="bbox 159 1859 1123 1893; baseline 0.001 -1"><span class='ocrx_word' id='word_1_217' title='bbox 159 1859 262 1892; x_wconf 84' lang='lat' dir='ltr'><strong>cimus</strong></span> <span class='ocrx_word' id='word_1_218' title='bbox 285 1863 317 1892; x_wconf 89' lang='lat' dir='ltr'><strong>et</strong></span> <span class='ocrx_word' id='word_1_219' title='bbox 340 1860 370 1892; x_wconf 91' lang='lat' dir='ltr'><strong>in</strong></span> <span class='ocrx_word' id='word_1_220' title='bbox 396 1859 521 1892; x_wconf 88' lang='lat' dir='ltr'><strong>nomine</strong></span> <span class='ocrx_word' id='word_1_221' title='bbox 554 1863 609 1892; x_wconf 91' lang='lat' dir='ltr'><strong>tuo</strong></span> <span class='ocrx_word' id='word_1_222' title='bbox 638 1859 772 1892; x_wconf 88' lang='lat' dir='ltr'><strong>virtutes</strong></span> <span class='ocrx_word' id='word_1_223' title='bbox 796 1860 912 1892; x_wconf 84' lang='lat' dir='ltr'><strong>multas</strong></span> <span class='ocrx_word' id='word_1_224' title='bbox 936 1860 1069 1893; x_wconf 84' lang='lat' dir='ltr'><strong>fecimus</strong></span> <span class='ocrx_word' id='word_1_225' title='bbox 1093 1875 1123 1893; x_wconf 82' lang='lat'><strong>».</strong></span> 
     </span>
     <span class='ocr_line' id='line_1_40' title="bbox 158 1913 1125 1956; baseline 0.001 -10"><span class='ocrx_word' id='word_1_226' title='bbox 158 1913 246 1946; x_wconf 88' lang='lat' dir='ltr'><strong>Tunc</strong></span> <span class='ocrx_word' id='word_1_227' title='bbox 262 1913 345 1946; x_wconf 87' lang='lat' dir='ltr'><strong>dicet</strong></span> <span class='ocrx_word' id='word_1_228' title='bbox 367 1913 442 1946; x_wconf 90' lang='lat' dir='ltr'><strong>illis:</strong></span> <span class='ocrx_word' id='word_1_229' title='bbox 465 1927 480 1941; x_wconf 71' lang='grc' dir='ltr'><strong>α</strong></span> <span class='ocrx_word' id='word_1_230' title='bbox 497 1913 651 1946; x_wconf 87' lang='lat' dir='ltr'><strong>Discedite</strong></span> <span class='ocrx_word' id='word_1_231' title='bbox 676 1922 693 1945; x_wconf 85' lang='lat' dir='ltr'><strong>a</strong></span> <span class='ocrx_word' id='word_1_232' title='bbox 711 1922 775 1953; x_wconf 86' lang='lat' dir='ltr'><strong>me,</strong></span> <span class='ocrx_word' id='word_1_233' title='bbox 793 1914 847 1955; x_wconf 92' lang='lat' dir='ltr'><strong>qui</strong></span> <span class='ocrx_word' id='word_1_234' title='bbox 872 1914 1044 1956; x_wconf 87' lang='lat' dir='ltr'><strong>operamini</strong></span> <span class='ocrx_word' id='word_1_235' title='bbox 1070 1915 1125 1947; x_wconf 91' lang='lat' dir='ltr'><strong>ini-</strong></span> 
     </span>
     <span class='ocr_line' id='line_1_41' title="bbox 158 1966 1123 2009; baseline 0.002 -10"><span class='ocrx_word' id='word_1_236' title='bbox 158 1966 310 2008; x_wconf 83' lang='lat' dir='ltr'><strong>quitatem</strong></span> <span class='ocrx_word' id='word_1_237' title='bbox 327 1979 357 1998; x_wconf 75' lang='lat'><strong>».</strong></span> <span class='ocrx_word' id='word_1_238' title='bbox 383 1967 445 1999; x_wconf 91' lang='lat' dir='ltr'><strong>Hoc</strong></span> <span class='ocrx_word' id='word_1_239' title='bbox 467 1970 573 1999; x_wconf 91' lang='lat' dir='ltr'><strong>autem</strong></span> <span class='ocrx_word' id='word_1_240' title='bbox 599 1966 648 2006; x_wconf 87' lang='lat' dir='ltr'><strong>fit,</strong></span> <span class='ocrx_word' id='word_1_241' title='bbox 673 1967 799 2009; x_wconf 91' lang='lat' dir='ltr'><strong>quando</strong></span> <span class='ocrx_word' id='word_1_242' title='bbox 823 1967 896 2009; x_wconf 89' lang='lat' dir='ltr'><strong>quis</strong></span> <span class='ocrx_word' id='word_1_243' title='bbox 912 1967 1007 2000; x_wconf 89' lang='lat' dir='ltr'><strong>habet</strong></span> <span class='ocrx_word' id='word_1_244' title='bbox 1030 1968 1123 2001; x_wconf 86' lang='lat' dir='ltr'><strong>fidem</strong></span> 
     </span>
     <span class='ocr_line' id='line_1_42' title="bbox 156 2020 1123 2060; baseline 0.002 -8"><span class='ocrx_word' id='word_1_245' title='bbox 156 2020 292 2053; x_wconf 91' lang='lat' dir='ltr'><strong>nominis</strong></span> <span class='ocrx_word' id='word_1_246' title='bbox 314 2020 429 2053; x_wconf 86' lang='lat' dir='ltr'><strong>Christi</strong></span> <span class='ocrx_word' id='word_1_247' title='bbox 455 2020 521 2053; x_wconf 90' lang='lat' dir='ltr'><strong>sine</strong></span> <span class='ocrx_word' id='word_1_248' title='bbox 545 2020 685 2053; x_wconf 90' lang='lat' dir='ltr'><strong>caritatis</strong></span> <span class='ocrx_word' id='word_1_249' title='bbox 705 2030 826 2060; x_wconf 89' lang='lat' dir='ltr'><strong>amore,</strong></span> <span class='ocrx_word' id='word_1_250' title='bbox 852 2021 1027 2054; x_wconf 88' lang='lat' dir='ltr'><strong>secundum</strong></span> <span class='ocrx_word' id='word_1_251' title='bbox 1045 2020 1123 2055; x_wconf 90' lang='lat' dir='ltr'><strong>illud</strong></span> 
     </span>
     <span class='ocr_line' id='line_1_43' title="bbox 156 2074 1123 2116; baseline 0.002 -10"><span class='ocrx_word' id='word_1_252' title='bbox 156 2074 277 2116; x_wconf 85' lang='lat' dir='ltr'><strong>primae</strong></span> <span class='ocrx_word' id='word_1_253' title='bbox 300 2074 338 2106; x_wconf 90' lang='lat' dir='ltr'><strong>ad</strong></span> <span class='ocrx_word' id='word_1_254' title='bbox 363 2074 541 2107; x_wconf 90' lang='lat' dir='ltr'><strong>Corinthios</strong></span> <span class='ocrx_word' id='word_1_255' title='bbox 564 2075 686 2113; x_wconf 85' lang='lat' dir='ltr'><strong>decimo</strong></span> <span class='ocrx_word' id='word_1_256' title='bbox 709 2076 846 2108; x_wconf 72' lang='lat' dir='ltr'><strong>tertio4:</strong></span> <span class='ocrx_word' id='word_1_257' title='bbox 876 2089 891 2104; x_wconf 71' lang='grc' dir='ltr'><strong>«κ</strong></span> <span class='ocrx_word' id='word_1_258' title='bbox 917 2076 946 2108; x_wconf 90' lang='lat' dir='ltr'><strong>Si</strong></span> <span class='ocrx_word' id='word_1_259' title='bbox 979 2076 1123 2109; x_wconf 83' lang='lat' dir='ltr'><strong>habuero</strong></span> 
     </span>
     <span class='ocr_line' id='line_1_44' title="bbox 156 2127 1121 2168; baseline 0.002 -8"><span class='ocrx_word' id='word_1_260' title='bbox 156 2127 269 2167; x_wconf 81' lang='lat' dir='ltr'><strong>iidem,</strong></span> <span class='ocrx_word' id='word_1_261' title='bbox 294 2128 336 2160; x_wconf 90' lang='lat' dir='ltr'><strong>ita</strong></span> <span class='ocrx_word' id='word_1_262' title='bbox 367 2132 403 2161; x_wconf 91' lang='lat' dir='ltr'><strong>ut</strong></span> <span class='ocrx_word' id='word_1_263' title='bbox 435 2132 556 2162; x_wconf 88' lang='lat' dir='ltr'><strong>montes</strong></span> <span class='ocrx_word' id='word_1_264' title='bbox 585 2128 787 2168; x_wconf 81' lang='lat' dir='ltr'><strong>transferam,</strong></span> <span class='ocrx_word' id='word_1_265' title='bbox 821 2129 984 2162; x_wconf 90' lang='lat' dir='ltr'><strong>caritatem</strong></span> <span class='ocrx_word' id='word_1_266' title='bbox 1015 2133 1121 2162; x_wconf 89' lang='lat' dir='ltr'><strong>autem</strong></span> 
     </span>
     <span class='ocr_line' id='line_1_45' title="bbox 156 2182 1122 2225; baseline 0.002 -11"><span class='ocrx_word' id='word_1_267' title='bbox 156 2191 217 2214; x_wconf 92' lang='lat' dir='ltr'><strong>non</strong></span> <span class='ocrx_word' id='word_1_268' title='bbox 244 2182 400 2221; x_wconf 88' lang='lat' dir='ltr'><strong>habuero;</strong></span> <span class='ocrx_word' id='word_1_269' title='bbox 425 2182 504 2215; x_wconf 90' lang='lat' dir='ltr'><strong>nihil</strong></span> <span class='ocrx_word' id='word_1_270' title='bbox 528 2192 599 2215; x_wconf 88' lang='lat' dir='ltr'><strong>sum</strong></span> <span class='ocrx_word' id='word_1_271' title='bbox 618 2197 646 2214; x_wconf 87' lang='lat'><strong>».</strong></span> <span class='ocrx_word' id='word_1_272' title='bbox 673 2183 708 2215; x_wconf 87' lang='lat' dir='ltr'><strong>Et</strong></span> <span class='ocrx_word' id='word_1_273' title='bbox 738 2183 796 2215; x_wconf 77' lang='lat' dir='ltr'><strong>hor.</strong></span> <span class='ocrx_word' id='word_1_274' title='bbox 820 2186 885 2221; x_wconf 90' lang='lat' dir='ltr'><strong>est,</strong></span> <span class='ocrx_word' id='word_1_275' title='bbox 909 2183 984 2225; x_wconf 90' lang='lat' dir='ltr'><strong>quia</strong></span> <span class='ocrx_word' id='word_1_276' title='bbox 1007 2183 1122 2216; x_wconf 89' lang='lat' dir='ltr'><strong>caritas</strong></span> 
     </span>
     <span class='ocr_line' id='line_1_46' title="bbox 156 2234 1122 2279; baseline 0.001 -12"><span class='ocrx_word' id='word_1_277' title='bbox 156 2238 203 2267; x_wconf 88' lang='lat' dir='ltr'><strong>est</strong></span> <span class='ocrx_word' id='word_1_278' title='bbox 227 2234 278 2267; x_wconf 83' lang='lat' dir='ltr'><strong>illa</strong></span> <span class='ocrx_word' id='word_1_279' title='bbox 301 2244 383 2277; x_wconf 88' lang='lat' dir='ltr'><strong>quae</strong></span> <span class='ocrx_word' id='word_1_280' title='bbox 406 2235 479 2268; x_wconf 83' lang='lat' dir='ltr'><strong>facit</strong></span> <span class='ocrx_word' id='word_1_281' title='bbox 499 2236 635 2268; x_wconf 91' lang='lat' dir='ltr'><strong>amicum</strong></span> <span class='ocrx_word' id='word_1_282' title='bbox 660 2235 785 2268; x_wconf 87' lang='lat' dir='ltr'><strong>Christi.</strong></span> <span class='ocrx_word' id='word_1_283' title='bbox 812 2236 844 2268; x_wconf 91' lang='lat' dir='ltr'><strong>ln</strong></span> <span class='ocrx_word' id='word_1_284' title='bbox 861 2236 920 2268; x_wconf 89' lang='lat' dir='ltr'><strong>hoc</strong></span> <span class='ocrx_word' id='word_1_285' title='bbox 944 2240 1050 2268; x_wconf 88' lang='lat' dir='ltr'><strong>autem</strong></span> <span class='ocrx_word' id='word_1_286' title='bbox 1066 2245 1122 2279; x_wconf 92' lang='lat' dir='ltr'><strong>ap-</strong></span> 
     </span>
     <span class='ocr_line' id='line_1_47' title="bbox 155 2288 1121 2331; baseline 0.002 -11"><span class='ocrx_word' id='word_1_287' title='bbox 155 2292 245 2330; x_wconf 89' lang='lat' dir='ltr'><strong>paret</strong></span> <span class='ocrx_word' id='word_1_288' title='bbox 269 2288 372 2321; x_wconf 89' lang='lat' dir='ltr'><strong>virtus</strong></span> <span class='ocrx_word' id='word_1_289' title='bbox 391 2289 528 2321; x_wconf 91' lang='lat' dir='ltr'><strong>nominis</strong></span> <span class='ocrx_word' id='word_1_290' title='bbox 551 2289 682 2327; x_wconf 87' lang='lat' dir='ltr'><strong>Christi,</strong></span> <span class='ocrx_word' id='word_1_291' title='bbox 699 2292 735 2321; x_wconf 89' lang='lat' dir='ltr'><strong>ut</strong></span> <span class='ocrx_word' id='word_1_292' title='bbox 759 2298 888 2331; x_wconf 87' lang='lat' dir='ltr'><strong>magnae</strong></span> <span class='ocrx_word' id='word_1_293' title='bbox 904 2289 944 2322; x_wconf 92' lang='lat' dir='ltr'><strong>sit</strong></span> <span class='ocrx_word' id='word_1_294' title='bbox 964 2289 1121 2323; x_wconf 86' lang='lat' dir='ltr'><strong>efficaciae</strong></span> 
     </span>
     <span class='ocr_line' id='line_1_48' title="bbox 155 2340 1120 2380; baseline 0.003 -7"><span class='ocrx_word' id='word_1_295' title='bbox 155 2340 335 2373; x_wconf 90' lang='lat' dir='ltr'><strong>invocatum</strong></span> <span class='ocrx_word' id='word_1_296' title='bbox 362 2342 402 2374; x_wconf 89' lang='lat' dir='ltr'><strong>ab</strong></span> <span class='ocrx_word' id='word_1_297' title='bbox 425 2342 600 2379; x_wconf 86' lang='lat' dir='ltr'><strong>extraneis,</strong></span> <span class='ocrx_word' id='word_1_298' title='bbox 626 2345 675 2380; x_wconf 89' lang='lat' dir='ltr'><strong>ut,</strong></span> <span class='ocrx_word' id='word_1_299' title='bbox 694 2341 868 2375; x_wconf 89' lang='lat' dir='ltr'><strong>secundum</strong></span> <span class='ocrx_word' id='word_1_300' title='bbox 890 2342 967 2375; x_wconf 90' lang='lat' dir='ltr'><strong>illud</strong></span> <span class='ocrx_word' id='word_1_301' title='bbox 988 2343 1026 2376; x_wconf 93' lang='lat' dir='ltr'><strong>ad</strong></span> <span class='ocrx_word' id='word_1_302' title='bbox 1051 2343 1120 2376; x_wconf 86' lang='lat' dir='ltr'><strong>Phi-</strong></span> 
     </span>
     <span class='ocr_line' id='line_1_49' title="bbox 155 2394 1120 2439; baseline 0.003 -12"><span class='ocrx_word' id='word_1_303' title='bbox 155 2394 311 2437; x_wconf 90' lang='lat' dir='ltr'><strong>lippenses</strong></span> <span class='ocrx_word' id='word_1_304' title='bbox 331 2394 513 2433; x_wconf 87' lang='lat' dir='ltr'><strong>secundo⁵‚</strong></span> <span class='ocrx_word' id='word_1_305' title='bbox 542 2408 557 2423; x_wconf 85' lang='grc'><em>«</em></span> <span class='ocrx_word' id='word_1_306' title='bbox 575 2395 605 2427; x_wconf 89' lang='lat' dir='ltr'><strong>in</strong></span> <span class='ocrx_word' id='word_1_307' title='bbox 630 2395 757 2428; x_wconf 83' lang='lat' dir='ltr'><strong>nomine</strong></span> <span class='ocrx_word' id='word_1_308' title='bbox 774 2395 844 2429; x_wconf 90' lang='lat' dir='ltr'><strong>lesu</strong></span> <span class='ocrx_word' id='word_1_309' title='bbox 867 2405 959 2429; x_wconf 91' lang='lat' dir='ltr'><strong>omne</strong></span> <span class='ocrx_word' id='word_1_310' title='bbox 979 2397 1120 2439; x_wconf 86' lang='lat' dir='ltr'><strong>genufle-</strong></span> 
     </span>
    </p>
   </div>
   <div class='ocr_carea' id='block_1_9' title="bbox 142 2448 1120 2487">
    <p class='ocr_par' dir='ltr' id='par_1_11' title="bbox 142 2448 1120 2487">
     <span class='ocr_line' id='line_1_50' title="bbox 142 2448 1120 2487; baseline 0.004 -7"><span class='ocrx_word' id='word_1_311' title='bbox 142 2451 259 2481; x_wconf 81' lang='lat' dir='ltr'><strong>ctatur</strong></span> <span class='ocrx_word' id='word_1_312' title='bbox 271 2448 478 2487; x_wconf 74' lang='lat' dir='ltr'><strong>caelestium,</strong></span> <span class='ocrx_word' id='word_1_313' title='bbox 504 2449 704 2482; x_wconf 89' lang='lat' dir='ltr'><strong>terrestrium</strong></span> <span class='ocrx_word' id='word_1_314' title='bbox 722 2454 753 2482; x_wconf 87' lang='lat' dir='ltr'><strong>et</strong></span> <span class='ocrx_word' id='word_1_315' title='bbox 776 2450 972 2483; x_wconf 84' lang='lat' dir='ltr'><strong>infernorum</strong></span> <span class='ocrx_word' id='word_1_316' title='bbox 985 2464 1016 2483; x_wconf 85' lang='lat'><strong>».</strong></span> <span class='ocrx_word' id='word_1_317' title='bbox 1034 2451 1120 2484; x_wconf 90' lang='lat' dir='ltr'><strong>Unde</strong></span> 
     </span>
    </p>
   </div>
   <div class='ocr_carea' id='block_1_10' title="bbox 155 2500 1119 2588">
    <p class='ocr_par' dir='ltr' id='par_1_12' title="bbox 155 2500 1119 2588">
     <span class='ocr_line' id='line_1_51' title="bbox 155 2500 1119 2541; baseline 0.004 -8"><span class='ocrx_word' id='word_1_318' title='bbox 155 2500 235 2534; x_wconf 88' lang='lat' dir='ltr'><strong>infra</strong></span> <span class='ocrx_word' id='word_1_319' title='bbox 259 2501 394 2534; x_wconf 86' lang='lat' dir='ltr'><strong>decimo:</strong></span> <span class='ocrx_word' id='word_1_320' title='bbox 418 2515 433 2530; x_wconf 85' lang='lat'>«</span> <span class='ocrx_word' id='word_1_321' title='bbox 446 2502 592 2541; x_wconf 81' lang='lat' dir='ltr'><strong>Domine,</strong></span> <span class='ocrx_word' id='word_1_322' title='bbox 616 2502 648 2535; x_wconf 91' lang='lat' dir='ltr'><strong>in</strong></span> <span class='ocrx_word' id='word_1_323' title='bbox 665 2503 791 2536; x_wconf 86' lang='lat' dir='ltr'><strong>nomine</strong></span> <span class='ocrx_word' id='word_1_324' title='bbox 808 2506 863 2536; x_wconf 91' lang='lat' dir='ltr'><strong>tuo</strong></span> <span class='ocrx_word' id='word_1_325' title='bbox 883 2503 976 2536; x_wconf 86' lang='lat' dir='ltr'><strong>etiam</strong></span> <span class='ocrx_word' id='word_1_326' title='bbox 993 2504 1119 2537; x_wconf 89' lang='lat' dir='ltr'><strong>daemo-</strong></span> 
     </span>
     <span class='ocr_line' id='line_1_52' title="bbox 155 2553 603 2588; baseline 0.002 -2"><span class='ocrx_word' id='word_1_327' title='bbox 155 2553 207 2586; x_wconf 88' lang='lat' dir='ltr'><strong>nia</strong></span> <span class='ocrx_word' id='word_1_328' title='bbox 231 2554 444 2588; x_wconf 91' lang='lat' dir='ltr'><strong>subiiciuntur</strong></span> <span class='ocrx_word' id='word_1_329' title='bbox 468 2555 558 2588; x_wconf 77' lang='lat' dir='ltr'><strong>nohis</strong></span> <span class='ocrx_word' id='word_1_330' title='bbox 575 2569 603 2587; x_wconf 90' lang='lat'><strong>».</strong></span> 
     </span>
    </p>
   </div>
   <div class='ocr_carea' id='block_1_11' title="bbox 1154 422 1171 2346">
    <p class='ocr_par' dir='ltr' id='par_1_13' title="bbox 1154 422 1171 2346">
     <span class='ocr_line' id='line_1_53' title="bbox 1154 422 1171 2346; baseline 0 0"><span class='ocrx_word' id='word_1_331' title='bbox 1154 422 1171 2346; x_wconf 95' lang='lat' dir='ltr'><strong> </strong></span> 
     </span>
    </p>
   </div>
   <div class='ocr_carea' id='block_1_12' title="bbox 2103 289 2166 321">
    <p class='ocr_par' dir='ltr' id='par_1_14' title="bbox 2103 289 2166 321">
     <span class='ocr_line' id='line_1_54' title="bbox 2103 289 2166 321; baseline 0 0"><span class='ocrx_word' id='word_1_332' title='bbox 2103 289 2166 321; x_wconf 66' lang='lat'><strong>245</strong></span> 
     </span>
    </p>
   </div>
   <div class='ocr_carea' id='block_1_13' title="bbox 1183 367 2168 2551">
    <p class='ocr_par' dir='ltr' id='par_1_15' title="bbox 1190 367 2168 1798">
     <span class='ocr_line' id='line_1_55' title="bbox 1290 367 2168 415; baseline 0.014 -17"><span class='ocrx_word' id='word_1_333' title='bbox 1290 367 1341 398; x_wconf 84' lang='lat'><strong>91.</strong></span> <span class='ocrx_word' id='word_1_334' title='bbox 1368 367 1510 400; x_wconf 90' lang='lat' dir='ltr'><strong>Secundo</strong></span> <span class='ocrx_word' id='word_1_335' title='bbox 1528 378 1602 402; x_wconf 91' lang='lat' dir='ltr'><strong>vero</strong></span> <span class='ocrx_word' id='word_1_336' title='bbox 1620 370 1791 405; x_wconf 85' lang='lat' dir='ltr'><strong>introducit</strong></span> <span class='ocrx_word' id='word_1_337' title='bbox 1803 373 2056 415; x_wconf 76' lang='lat' dir='ltr'><strong>prohibicionem</strong></span> <span class='ocrx_word' id='word_1_338' title='bbox 2075 381 2168 409; x_wconf 84' lang='lat' dir='ltr'><strong>teme-</strong></span> 
     </span>
     <span class='ocr_line' id='line_1_56' title="bbox 1200 418 2167 471; baseline 0.013 -21"><span class='ocrx_word' id='word_1_339' title='bbox 1200 418 1313 451; x_wconf 74' lang='lat' dir='ltr'><strong>ritati-5</strong></span> <span class='ocrx_word' id='word_1_340' title='bbox 1337 430 1376 452; x_wconf 74' lang='lat' dir='ltr'><strong>ex</strong></span> <span class='ocrx_word' id='word_1_341' title='bbox 1407 425 1503 462; x_wconf 78' lang='lat' dir='ltr'><strong>parte</strong></span> <span class='ocrx_word' id='word_1_342' title='bbox 1535 422 1712 465; x_wconf 78' lang='lat' dir='ltr'><strong>discipuli,</strong></span> <span class='ocrx_word' id='word_1_343' title='bbox 1737 434 1809 458; x_wconf 87' lang='lat' dir='ltr'><strong>cum</strong></span> <span class='ocrx_word' id='word_1_344' title='bbox 1841 427 1901 459; x_wconf 88' lang='lat' dir='ltr'><strong>ait:</strong></span> <span class='ocrx_word' id='word_1_345' title='bbox 1929 429 1966 460; x_wconf 86' lang='lat' dir='ltr'><strong>Et</strong></span> <span class='ocrx_word' id='word_1_346' title='bbox 1992 429 2167 471; x_wconf 77' lang='lat' dir='ltr'><strong>prohibui·</strong></span> 
     </span>
     <span class='ocr_line' id='line_1_57' title="bbox 1199 474 2167 522; baseline 0.013 -19"><span class='ocrx_word' id='word_1_347' title='bbox 1199 481 1276 504; x_wconf 77' lang='lat' dir='ltr'><strong>mus</strong></span> <span class='ocrx_word' id='word_1_348' title='bbox 1307 482 1402 511; x_wconf 82' lang='lat' dir='ltr'><strong>eum,</strong></span> <span class='ocrx_word' id='word_1_349' title='bbox 1436 474 1554 507; x_wconf 88' lang='lat' dir='ltr'><strong>scilicet</strong></span> <span class='ocrx_word' id='word_1_350' title='bbox 1585 484 1642 517; x_wconf 81' lang='lat' dir='ltr'><strong>ego</strong></span> <span class='ocrx_word' id='word_1_351' title='bbox 1675 486 1746 510; x_wconf 88' lang='lat' dir='ltr'><strong>cnm</strong></span> <span class='ocrx_word' id='word_1_352' title='bbox 1779 479 1865 519; x_wconf 88' lang='lat' dir='ltr'><strong>aliis;</strong></span> <span class='ocrx_word' id='word_1_353' title='bbox 1898 482 1981 522; x_wconf 90' lang='lat' dir='ltr'><strong>quod</strong></span> <span class='ocrx_word' id='word_1_354' title='bbox 2015 492 2073 515; x_wconf 93' lang='lat' dir='ltr'><strong>non</strong></span> <span class='ocrx_word' id='word_1_355' title='bbox 2108 484 2167 516; x_wconf 81' lang='lat' dir='ltr'><strong>fuit</strong></span> 
     </span>
     <span class='ocr_line' id='line_1_58' title="bbox 1199 524 2166 572; baseline 0.013 -17"><span class='ocrx_word' id='word_1_356' title='bbox 1199 524 1319 566; x_wconf 88' lang='lat' dir='ltr'><strong>absque</strong></span> <span class='ocrx_word' id='word_1_357' title='bbox 1344 530 1418 558; x_wconf 90' lang='lat' dir='ltr'><strong>nota</strong></span> <span class='ocrx_word' id='word_1_358' title='bbox 1449 529 1711 568; x_wconf 84' lang='lat' dir='ltr'><strong>praesumtionis,</strong></span> <span class='ocrx_word' id='word_1_359' title='bbox 1740 532 1888 572; x_wconf 85' lang='lat' dir='ltr'><strong>quoniam</strong></span> <span class='ocrx_word' id='word_1_360' title='bbox 1924 534 2166 568; x_wconf 70' lang='lat' dir='ltr'><strong>proverbiorum</strong></span> 
     </span>
     <span class='ocr_line' id='line_1_59' title="bbox 1201 578 2166 631; baseline 0.013 -22"><span class='ocrx_word' id='word_1_361' title='bbox 1201 578 1338 610; x_wconf 68' lang='lat' dir='ltr'><strong>tertioss:</strong></span> <span class='ocrx_word' id='word_1_362' title='bbox 1369 580 1465 612; x_wconf 74' lang='lat' dir='ltr'><strong>«Noli</strong></span> <span class='ocrx_word' id='word_1_363' title='bbox 1492 582 1678 622; x_wconf 91' lang='lat' dir='ltr'><strong>prohibere,</strong></span> <span class='ocrx_word' id='word_1_364' title='bbox 1711 584 1893 619; x_wconf 84' lang='lat' dir='ltr'><strong>benefacere</strong></span> <span class='ocrx_word' id='word_1_365' title='bbox 1917 596 1989 620; x_wconf 88' lang='lat' dir='ltr'><strong>eum</strong></span> <span class='ocrx_word' id='word_1_366' title='bbox 2016 589 2069 630; x_wconf 86' lang='lat' dir='ltr'><strong>qui</strong></span> <span class='ocrx_word' id='word_1_367' title='bbox 2099 593 2166 631; x_wconf 85' lang='lat' dir='ltr'><strong>pot-</strong></span> 
     </span>
     <span class='ocr_line' id='line_1_60' title="bbox 1199 631 2166 681; baseline 0.012 -18"><span class='ocrx_word' id='word_1_368' title='bbox 1199 634 1263 670; x_wconf 85' lang='lat' dir='ltr'><strong>est;</strong></span> <span class='ocrx_word' id='word_1_369' title='bbox 1289 631 1314 664; x_wconf 90' lang='lat' dir='ltr'><strong>si</strong></span> <span class='ocrx_word' id='word_1_370' title='bbox 1340 636 1443 674; x_wconf 83' lang='lat' dir='ltr'><strong>potes,</strong></span> <span class='ocrx_word' id='word_1_371' title='bbox 1467 637 1498 666; x_wconf 90' lang='lat' dir='ltr'><strong>et</strong></span> <span class='ocrx_word' id='word_1_372' title='bbox 1522 634 1588 676; x_wconf 89' lang='lat' dir='ltr'><strong>ipse</strong></span> <span class='ocrx_word' id='word_1_373' title='bbox 1613 636 1739 669; x_wconf 85' lang='lat' dir='ltr'><strong>benefac</strong></span> <span class='ocrx_word' id='word_1_374' title='bbox 1757 652 1786 669; x_wconf 73' lang='grc' dir='ltr'><strong>ι».</strong></span> <span class='ocrx_word' id='word_1_375' title='bbox 1809 658 1852 662; x_wconf 94' lang='lat'><strong>—-</strong></span> <span class='ocrx_word' id='word_1_376' title='bbox 1873 640 1952 681; x_wconf 88' lang='lat' dir='ltr'><strong>Quia</strong></span> <span class='ocrx_word' id='word_1_377' title='bbox 1978 645 2079 674; x_wconf 89' lang='lat' dir='ltr'><strong>tamen</strong></span> <span class='ocrx_word' id='word_1_378' title='bbox 2105 643 2166 675; x_wconf 86' lang='lat' dir='ltr'><strong>fre-</strong></span> 
     </span>
     <span class='ocr_line' id='line_1_61' title="bbox 1199 686 2165 734; baseline 0.013 -19"><span class='ocrx_word' id='word_1_379' title='bbox 1199 687 1334 725; x_wconf 82' lang='lat' dir='ltr'><strong>quenter</strong></span> <span class='ocrx_word' id='word_1_380' title='bbox 1351 686 1436 727; x_wconf 90' lang='lat' dir='ltr'><strong>quod</strong></span> <span class='ocrx_word' id='word_1_381' title='bbox 1460 687 1495 719; x_wconf 86' lang='lat' dir='ltr'><strong>fit</strong></span> <span class='ocrx_word' id='word_1_382' title='bbox 1512 688 1608 730; x_wconf 89' lang='lat' dir='ltr'><strong>typho</strong></span> <span class='ocrx_word' id='word_1_383' title='bbox 1632 690 1798 731; x_wconf 87' lang='lat' dir='ltr'><strong>superbiae</strong></span> <span class='ocrx_word' id='word_1_384' title='bbox 1822 693 1970 734; x_wconf 80' lang='lat' dir='ltr'><strong>palliatur</strong></span> <span class='ocrx_word' id='word_1_385' title='bbox 1987 695 2053 727; x_wconf 90' lang='lat' dir='ltr'><strong>zelo</strong></span> <span class='ocrx_word' id='word_1_386' title='bbox 2077 695 2165 728; x_wconf 90' lang='lat' dir='ltr'><strong>iusti-</strong></span> 
     </span>
     <span class='ocr_line' id='line_1_62' title="bbox 1200 736 2164 787; baseline 0.013 -19"><span class='ocrx_word' id='word_1_387' title='bbox 1200 736 1275 775; x_wconf 88' lang='lat' dir='ltr'><strong>tiae,</strong></span> <span class='ocrx_word' id='word_1_388' title='bbox 1294 738 1362 771; x_wconf 92' lang='lat' dir='ltr'><strong>ideo</strong></span> <span class='ocrx_word' id='word_1_389' title='bbox 1378 739 1534 782; x_wconf 82' lang='lat' dir='ltr'><strong>adiungit.-</strong></span> <span class='ocrx_word' id='word_1_390' title='bbox 1553 742 1641 782; x_wconf 84' lang='lat' dir='ltr'><strong>Quia</strong></span> <span class='ocrx_word' id='word_1_391' title='bbox 1657 752 1722 775; x_wconf 78' lang='lat' dir='ltr'><strong>non</strong></span> <span class='ocrx_word' id='word_1_392' title='bbox 1738 745 1889 787; x_wconf 75' lang='lat' dir='ltr'><strong>sequitur</strong></span> <span class='ocrx_word' id='word_1_393' title='bbox 1908 751 1935 778; x_wconf 82' lang='lat' dir='ltr'><strong>te</strong></span> <span class='ocrx_word' id='word_1_394' title='bbox 1948 747 1959 765; x_wconf 77' lang='lat'>⁷</span> <span class='ocrx_word' id='word_1_395' title='bbox 1976 747 2164 787; x_wconf 72' lang='lat' dir='ltr'><strong>nobiseum,-</strong></span> 
     </span>
     <span class='ocr_line' id='line_1_63' title="bbox 1199 790 2164 844; baseline 0.013 -22"><span class='ocrx_word' id='word_1_396' title='bbox 1199 794 1229 822; x_wconf 91' lang='lat' dir='ltr'><strong>et</strong></span> <span class='ocrx_word' id='word_1_397' title='bbox 1247 790 1315 823; x_wconf 89' lang='lat' dir='ltr'><strong>ideo</strong></span> <span class='ocrx_word' id='word_1_398' title='bbox 1340 801 1401 825; x_wconf 90' lang='lat' dir='ltr'><strong>non</strong></span> <span class='ocrx_word' id='word_1_399' title='bbox 1425 797 1472 826; x_wconf 92' lang='lat' dir='ltr'><strong>est</strong></span> <span class='ocrx_word' id='word_1_400' title='bbox 1494 794 1625 836; x_wconf 83' lang='lat' dir='ltr'><strong>dignus,</strong></span> <span class='ocrx_word' id='word_1_401' title='bbox 1651 800 1686 828; x_wconf 92' lang='lat' dir='ltr'><strong>ut</strong></span> <span class='ocrx_word' id='word_1_402' title='bbox 1710 797 1749 829; x_wconf 92' lang='lat' dir='ltr'><strong>sit</strong></span> <span class='ocrx_word' id='word_1_403' title='bbox 1774 798 1862 831; x_wconf 86' lang='lat' dir='ltr'><strong>nobis</strong></span> <span class='ocrx_word' id='word_1_404' title='bbox 1886 799 1996 833; x_wconf 88' lang='lat' dir='ltr'><strong>similis</strong></span> <span class='ocrx_word' id='word_1_405' title='bbox 2021 801 2051 833; x_wconf 91' lang='lat' dir='ltr'><strong>in</strong></span> <span class='ocrx_word' id='word_1_406' title='bbox 2069 811 2164 844; x_wconf 89' lang='lat' dir='ltr'><strong>opere</strong></span> 
     </span>
     <span class='ocr_line' id='line_1_64' title="bbox 1201 844 2163 895; baseline 0.014 -19"><span class='ocrx_word' id='word_1_407' title='bbox 1201 844 1443 886; x_wconf 88' lang='lat' dir='ltr'><strong>miraculorum,</strong></span> <span class='ocrx_word' id='word_1_408' title='bbox 1469 848 1522 890; x_wconf 88' lang='lat' dir='ltr'><strong>qui</strong></span> <span class='ocrx_word' id='word_1_409' title='bbox 1548 858 1608 881; x_wconf 90' lang='lat' dir='ltr'><strong>non</strong></span> <span class='ocrx_word' id='word_1_410' title='bbox 1634 853 1681 882; x_wconf 92' lang='lat' dir='ltr'><strong>est</strong></span> <span class='ocrx_word' id='word_1_411' title='bbox 1704 851 1814 884; x_wconf 89' lang='lat' dir='ltr'><strong>similis</strong></span> <span class='ocrx_word' id='word_1_412' title='bbox 1838 852 1868 884; x_wconf 90' lang='lat' dir='ltr'><strong>in</strong></span> <span class='ocrx_word' id='word_1_413' title='bbox 1895 853 2072 895; x_wconf 89' lang='lat' dir='ltr'><strong>impletione</strong></span> <span class='ocrx_word' id='word_1_414' title='bbox 2090 865 2163 888; x_wconf 88' lang='lat' dir='ltr'><strong>con-</strong></span> 
     </span>
     <span class='ocr_line' id='line_1_65' title="bbox 1198 898 2162 949; baseline 0.015 -20"><span class='ocrx_word' id='word_1_415' title='bbox 1198 898 1352 931; x_wconf 89' lang='lat' dir='ltr'><strong>siliorum.</strong></span> <span class='ocrx_word' id='word_1_416' title='bbox 1380 900 1410 932; x_wconf 89' lang='lat' dir='ltr'><strong>ln</strong></span> <span class='ocrx_word' id='word_1_417' title='bbox 1437 901 1495 934; x_wconf 90' lang='lat' dir='ltr'><strong>hoc</strong></span> <span class='ocrx_word' id='word_1_418' title='bbox 1519 906 1625 935; x_wconf 86' lang='lat' dir='ltr'><strong>autem</strong></span> <span class='ocrx_word' id='word_1_419' title='bbox 1653 904 1767 937; x_wconf 87' lang='lat' dir='ltr'><strong>latebat</strong></span> <span class='ocrx_word' id='word_1_420' title='bbox 1790 906 1900 945; x_wconf 89' lang='lat' dir='ltr'><strong>elatio,</strong></span> <span class='ocrx_word' id='word_1_421' title='bbox 1925 908 2014 949; x_wconf 86' lang='lat' dir='ltr'><strong>quasi</strong></span> <span class='ocrx_word' id='word_1_422' title='bbox 2044 909 2162 943; x_wconf 87' lang='lat' dir='ltr'><strong>diceret</strong></span> 
     </span>
     <span class='ocr_line' id='line_1_66' title="bbox 1199 951 2162 1001; baseline 0.013 -18"><span class='ocrx_word' id='word_1_423' title='bbox 1199 951 1274 984; x_wconf 87' lang='lat' dir='ltr'><strong>illud</strong></span> <span class='ocrx_word' id='word_1_424' title='bbox 1293 953 1386 986; x_wconf 89' lang='lat' dir='ltr'><strong>Isaiae</strong></span> <span class='ocrx_word' id='word_1_425' title='bbox 1403 956 1599 997; x_wconf 83' lang='lat' dir='ltr'><strong>sexagesimo</strong></span> <span class='ocrx_word' id='word_1_426' title='bbox 1623 957 1734 999; x_wconf 90' lang='lat' dir='ltr'><strong>quinto</strong></span> <span class='ocrx_word' id='word_1_427' title='bbox 1747 958 1774 990; x_wconf 63' lang='grc' dir='ltr'><strong>ὃς</strong></span> <span class='ocrx_word' id='word_1_428' title='bbox 1798 972 1813 987; x_wconf 77' lang='grc' dir='ltr'><strong>ει</strong></span> <span class='ocrx_word' id='word_1_429' title='bbox 1826 960 1884 1001; x_wconf 86' lang='lat' dir='ltr'><strong>Qui</strong></span> <span class='ocrx_word' id='word_1_430' title='bbox 1902 961 2026 994; x_wconf 88' lang='lat' dir='ltr'><strong>dicunt:</strong></span> <span class='ocrx_word' id='word_1_431' title='bbox 2045 963 2162 996; x_wconf 83' lang='lat' dir='ltr'><strong>Recede</strong></span> 
     </span>
     <span class='ocr_line' id='line_1_67' title="bbox 1197 1009 2159 1054; baseline 0.012 -17"><span class='ocrx_word' id='word_1_432' title='bbox 1197 1014 1215 1037; x_wconf 85' lang='lat' dir='ltr'><strong>a</strong></span> <span class='ocrx_word' id='word_1_433' title='bbox 1239 1014 1303 1045; x_wconf 90' lang='lat' dir='ltr'><strong>me,</strong></span> <span class='ocrx_word' id='word_1_434' title='bbox 1328 1015 1367 1039; x_wconf 90' lang='lat' dir='ltr'><strong>ne</strong></span> <span class='ocrx_word' id='word_1_435' title='bbox 1390 1009 1625 1050; x_wconf 86' lang='lat' dir='ltr'><strong>appropinques</strong></span> <span class='ocrx_word' id='word_1_436' title='bbox 1649 1011 1744 1049; x_wconf 90' lang='lat' dir='ltr'><strong>mihi,</strong></span> <span class='ocrx_word' id='word_1_437' title='bbox 1770 1012 1845 1054; x_wconf 89' lang='lat' dir='ltr'><strong>quia</strong></span> <span class='ocrx_word' id='word_1_438' title='bbox 1870 1013 2052 1047; x_wconf 86' lang='lat' dir='ltr'><strong>immundus</strong></span> <span class='ocrx_word' id='word_1_439' title='bbox 2076 1025 2109 1049; x_wconf 85' lang='lat' dir='ltr'><strong>es</strong></span> <span class='ocrx_word' id='word_1_440' title='bbox 2130 1031 2159 1049; x_wconf 87' lang='lat'><strong>».</strong></span> 
     </span>
     <span class='ocr_line' id='line_1_68' title="bbox 1198 1059 2161 1107; baseline 0.012 -16"><span class='ocrx_word' id='word_1_441' title='bbox 1198 1059 1233 1091; x_wconf 90' lang='lat' dir='ltr'><strong>Et</strong></span> <span class='ocrx_word' id='word_1_442' title='bbox 1256 1060 1427 1101; x_wconf 85' lang='lat' dir='ltr'><strong>apparebat</strong></span> <span class='ocrx_word' id='word_1_443' title='bbox 1450 1062 1619 1095; x_wconf 87' lang='lat' dir='ltr'><strong>aemulatio</strong></span> <span class='ocrx_word' id='word_1_444' title='bbox 1644 1063 1709 1103; x_wconf 89' lang='lat' dir='ltr'><strong>illa,</strong></span> <span class='ocrx_word' id='word_1_445' title='bbox 1734 1065 1772 1098; x_wconf 91' lang='lat' dir='ltr'><strong>de</strong></span> <span class='ocrx_word' id='word_1_446' title='bbox 1789 1075 1852 1107; x_wconf 88' lang='lat' dir='ltr'><strong>qua</strong></span> <span class='ocrx_word' id='word_1_447' title='bbox 1877 1067 2087 1101; x_wconf 88' lang='lat' dir='ltr'><strong>Numerorum</strong></span> <span class='ocrx_word' id='word_1_448' title='bbox 2106 1080 2161 1103; x_wconf 89' lang='lat' dir='ltr'><strong>un-</strong></span> 
     </span>
     <span class='ocr_line' id='line_1_69' title="bbox 1195 1112 2160 1160; baseline 0.012 -16"><span class='ocrx_word' id='word_1_449' title='bbox 1195 1112 1316 1146; x_wconf 89' lang='lat' dir='ltr'><strong>decimo</strong></span> <span class='ocrx_word' id='word_1_450' title='bbox 1331 1113 1447 1147; x_wconf 89' lang='lat' dir='ltr'><strong>dicitur</strong></span> <span class='ocrx_word' id='word_1_451' title='bbox 1463 1115 1502 1148; x_wconf 88' lang='lat' dir='ltr'><strong>de</strong></span> <span class='ocrx_word' id='word_1_452' title='bbox 1526 1116 1619 1156; x_wconf 89' lang='lat' dir='ltr'><strong>viris,</strong></span> <span class='ocrx_word' id='word_1_453' title='bbox 1636 1118 1690 1159; x_wconf 91' lang='lat' dir='ltr'><strong>qui</strong></span> <span class='ocrx_word' id='word_1_454' title='bbox 1709 1119 1979 1160; x_wconf 88' lang='lat' dir='ltr'><strong>prophetaverunt</strong></span> <span class='ocrx_word' id='word_1_455' title='bbox 2001 1122 2031 1154; x_wconf 92' lang='lat' dir='ltr'><strong>in</strong></span> <span class='ocrx_word' id='word_1_456' title='bbox 2049 1124 2160 1156; x_wconf 86' lang='lat' dir='ltr'><strong>castris</strong></span> 
     </span>
     <span class='ocr_line' id='line_1_70' title="bbox 1195 1166 2159 1211; baseline 0.012 -13"><span class='ocrx_word' id='word_1_457' title='bbox 1195 1166 1262 1199; x_wconf 90' lang='lat' dir='ltr'><strong>sine</strong></span> <span class='ocrx_word' id='word_1_458' title='bbox 1286 1167 1403 1209; x_wconf 86' lang='lat' dir='ltr'><strong>Moyse,</strong></span> <span class='ocrx_word' id='word_1_459' title='bbox 1429 1169 1513 1210; x_wconf 88' lang='lat' dir='ltr'><strong>quod</strong></span> <span class='ocrx_word' id='word_1_460' title='bbox 1544 1170 1653 1202; x_wconf 81' lang='lat' dir='ltr'><strong>«dixit</strong></span> <span class='ocrx_word' id='word_1_461' title='bbox 1677 1171 1779 1211; x_wconf 87' lang='lat' dir='ltr'><strong>losue,</strong></span> <span class='ocrx_word' id='word_1_462' title='bbox 1804 1173 1889 1206; x_wconf 85' lang='lat' dir='ltr'><strong>filius</strong></span> <span class='ocrx_word' id='word_1_463' title='bbox 1916 1175 2003 1207; x_wconf 90' lang='lat' dir='ltr'><strong>Nun:</strong></span> <span class='ocrx_word' id='word_1_464' title='bbox 2028 1176 2159 1210; x_wconf 88' lang='lat' dir='ltr'><strong>Domine</strong></span> 
     </span>
     <span class='ocr_line' id='line_1_71' title="bbox 1195 1220 2159 1270; baseline 0.012 -18"><span class='ocrx_word' id='word_1_465' title='bbox 1195 1220 1236 1252; x_wconf 92' lang='lat' dir='ltr'><strong>mi</strong></span> <span class='ocrx_word' id='word_1_466' title='bbox 1262 1221 1395 1262; x_wconf 88' lang='lat' dir='ltr'><strong>Moyses,</strong></span> <span class='ocrx_word' id='word_1_467' title='bbox 1414 1222 1546 1263; x_wconf 91' lang='lat' dir='ltr'><strong>prohibe</strong></span> <span class='ocrx_word' id='word_1_468' title='bbox 1566 1232 1629 1256; x_wconf 88' lang='lat' dir='ltr'><strong>eos.</strong></span> <span class='ocrx_word' id='word_1_469' title='bbox 1647 1226 1683 1256; x_wconf 79' lang='lat' dir='ltr'><strong>At</strong></span> <span class='ocrx_word' id='word_1_470' title='bbox 1707 1225 1772 1258; x_wconf 87' lang='lat' dir='ltr'><strong>ille:</strong></span> <span class='ocrx_word' id='word_1_471' title='bbox 1791 1226 1889 1267; x_wconf 72' lang='lat' dir='ltr'><strong>Qnid,</strong></span> <span class='ocrx_word' id='word_1_472' title='bbox 1915 1228 2031 1270; x_wconf 90' lang='lat' dir='ltr'><strong>inquit,</strong></span> <span class='ocrx_word' id='word_1_473' title='bbox 2056 1239 2159 1263; x_wconf 89' lang='lat' dir='ltr'><strong>aemu-</strong></span> 
     </span>
     <span class='ocr_line' id='line_1_72' title="bbox 1195 1273 2158 1325; baseline 0.012 -20"><span class='ocrx_word' id='word_1_474' title='bbox 1195 1273 1269 1306; x_wconf 91' lang='lat' dir='ltr'><strong>laris</strong></span> <span class='ocrx_word' id='word_1_475' title='bbox 1293 1283 1351 1316; x_wconf 92' lang='lat' dir='ltr'><strong>pro</strong></span> <span class='ocrx_word' id='word_1_476' title='bbox 1374 1284 1425 1308; x_wconf 90' lang='lat' dir='ltr'><strong>me</strong></span> <span class='ocrx_word' id='word_1_477' title='bbox 1442 1279 1484 1308; x_wconf 84' lang='lat'><strong>»?</strong></span> <span class='ocrx_word' id='word_1_478' title='bbox 1509 1276 1594 1310; x_wconf 88' lang='lat' dir='ltr'><strong>Unde</strong></span> <span class='ocrx_word' id='word_1_479' title='bbox 1620 1277 1766 1318; x_wconf 88' lang='lat' dir='ltr'><strong>loannes,</strong></span> <span class='ocrx_word' id='word_1_480' title='bbox 1790 1280 1844 1322; x_wconf 91' lang='lat' dir='ltr'><strong>qui</strong></span> <span class='ocrx_word' id='word_1_481' title='bbox 1877 1286 1945 1313; x_wconf 89' lang='lat' dir='ltr'><strong>erat</strong></span> <span class='ocrx_word' id='word_1_482' title='bbox 1968 1284 2158 1325; x_wconf 85' lang='lat' dir='ltr'><strong>praecipuus</strong></span> 
     </span>
     <span class='ocr_line' id='line_1_73' title="bbox 1193 1329 2156 1376; baseline 0.011 -17"><span class='ocrx_word' id='word_1_483' title='bbox 1193 1331 1314 1360; x_wconf 89' lang='lat' dir='ltr'><strong>amator</strong></span> <span class='ocrx_word' id='word_1_484' title='bbox 1345 1329 1465 1361; x_wconf 91' lang='lat' dir='ltr'><strong>Domini</strong></span> <span class='ocrx_word' id='word_1_485' title='bbox 1498 1334 1529 1363; x_wconf 92' lang='lat' dir='ltr'><strong>et</strong></span> <span class='ocrx_word' id='word_1_486' title='bbox 1553 1331 1682 1364; x_wconf 91' lang='lat' dir='ltr'><strong>honoris</strong></span> <span class='ocrx_word' id='word_1_487' title='bbox 1706 1332 1775 1365; x_wconf 88' lang='lat' dir='ltr'><strong>eius</strong></span> <span class='ocrx_word' id='word_1_488' title='bbox 1802 1335 1990 1374; x_wconf 85' lang='lat' dir='ltr'><strong>aemulator,</strong></span> <span class='ocrx_word' id='word_1_489' title='bbox 2015 1346 2156 1376; x_wconf 91' lang='lat' dir='ltr'><strong>omnem,</strong></span> 
     </span>
     <span class='ocr_line' id='line_1_74' title="bbox 1193 1381 2157 1428; baseline 0.011 -16"><span class='ocrx_word' id='word_1_490' title='bbox 1193 1381 1248 1423; x_wconf 91' lang='lat' dir='ltr'><strong>qui</strong></span> <span class='ocrx_word' id='word_1_491' title='bbox 1273 1381 1442 1414; x_wconf 92' lang='lat' dir='ltr'><strong>Dominum</strong></span> <span class='ocrx_word' id='word_1_492' title='bbox 1468 1392 1530 1416; x_wconf 91' lang='lat' dir='ltr'><strong>non</strong></span> <span class='ocrx_word' id='word_1_493' title='bbox 1553 1385 1695 1424; x_wconf 89' lang='lat' dir='ltr'><strong>amabat,</strong></span> <span class='ocrx_word' id='word_1_494' title='bbox 1720 1395 1738 1418; x_wconf 86' lang='lat' dir='ltr'><strong>a</strong></span> <span class='ocrx_word' id='word_1_495' title='bbox 1763 1388 1992 1428; x_wconf 87' lang='lat' dir='ltr'><strong>praedicatione</strong></span> <span class='ocrx_word' id='word_1_496' title='bbox 2024 1391 2157 1424; x_wconf 90' lang='lat' dir='ltr'><strong>nominis</strong></span> 
     </span>
     <span class='ocr_line' id='line_1_75' title="bbox 1192 1434 2155 1476; baseline 0.01 -10"><span class='ocrx_word' id='word_1_497' title='bbox 1192 1434 1309 1467; x_wconf 90' lang='lat' dir='ltr'><strong>Christi</strong></span> <span class='ocrx_word' id='word_1_498' title='bbox 1341 1436 1513 1469; x_wconf 86' lang='lat' dir='ltr'><strong>excludere</strong></span> <span class='ocrx_word' id='word_1_499' title='bbox 1546 1438 1678 1471; x_wconf 85' lang='lat' dir='ltr'><strong>volebat.</strong></span> <span class='ocrx_word' id='word_1_500' title='bbox 1709 1439 1795 1473; x_wconf 90' lang='lat' dir='ltr'><strong>Unde</strong></span> <span class='ocrx_word' id='word_1_501' title='bbox 1826 1440 1906 1473; x_wconf 88' lang='lat' dir='ltr'><strong>Beda</strong></span> <span class='ocrx_word' id='word_1_502' title='bbox 1938 1442 1969 1474; x_wconf 92' lang='lat' dir='ltr'><strong>in</strong></span> <span class='ocrx_word' id='word_1_503' title='bbox 2001 1442 2155 1476; x_wconf 87' lang='lat' dir='ltr'><strong>Glossa⁹:</strong></span> 
     </span>
     <span class='ocr_line' id='line_1_76' title="bbox 1197 1489 2155 1537; baseline 0.01 -17"><span class='ocrx_word' id='word_1_504' title='bbox 1197 1501 1213 1517; x_wconf 72' lang='grc' dir='ltr'><strong>«ε</strong></span> <span class='ocrx_word' id='word_1_505' title='bbox 1230 1489 1376 1528; x_wconf 89' lang='lat' dir='ltr'><strong>loannes,</strong></span> <span class='ocrx_word' id='word_1_506' title='bbox 1401 1489 1533 1532; x_wconf 86' lang='lat' dir='ltr'><strong>diligens</strong></span> <span class='ocrx_word' id='word_1_507' title='bbox 1558 1491 1725 1525; x_wconf 90' lang='lat' dir='ltr'><strong>Dominum</strong></span> <span class='ocrx_word' id='word_1_508' title='bbox 1749 1498 1780 1526; x_wconf 92' lang='lat' dir='ltr'><strong>et</strong></span> <span class='ocrx_word' id='word_1_509' title='bbox 1803 1503 1821 1526; x_wconf 90' lang='lat' dir='ltr'><strong>a</strong></span> <span class='ocrx_word' id='word_1_510' title='bbox 1846 1495 1977 1528; x_wconf 87' lang='lat' dir='ltr'><strong>Domino</strong></span> <span class='ocrx_word' id='word_1_511' title='bbox 2008 1496 2155 1537; x_wconf 88' lang='lat' dir='ltr'><strong>dilectus,</strong></span> 
     </span>
     <span class='ocr_line' id='line_1_77' title="bbox 1191 1542 2156 1589; baseline 0.011 -16"><span class='ocrx_word' id='word_1_512' title='bbox 1191 1542 1426 1575; x_wconf 89' lang='lat' dir='ltr'><strong>excludendum</strong></span> <span class='ocrx_word' id='word_1_513' title='bbox 1452 1547 1541 1585; x_wconf 87' lang='lat' dir='ltr'><strong>putat</strong></span> <span class='ocrx_word' id='word_1_514' title='bbox 1565 1554 1583 1577; x_wconf 89' lang='lat' dir='ltr'><strong>a</strong></span> <span class='ocrx_word' id='word_1_515' title='bbox 1611 1545 1762 1579; x_wconf 78' lang='lat' dir='ltr'><strong>beneficio</strong></span> <span class='ocrx_word' id='word_1_516' title='bbox 1791 1548 1844 1589; x_wconf 92' lang='lat' dir='ltr'><strong>qui</strong></span> <span class='ocrx_word' id='word_1_517' title='bbox 1882 1558 1943 1581; x_wconf 91' lang='lat' dir='ltr'><strong>non</strong></span> <span class='ocrx_word' id='word_1_518' title='bbox 1968 1554 2077 1583; x_wconf 88' lang='lat' dir='ltr'><strong>utatur</strong></span> <span class='ocrx_word' id='word_1_519' title='bbox 2101 1551 2156 1584; x_wconf 93' lang='lat' dir='ltr'><strong>ob-</strong></span> 
     </span>
     <span class='ocr_line' id='line_1_78' title="bbox 1192 1595 2156 1646; baseline 0.01 -19"><span class='ocrx_word' id='word_1_520' title='bbox 1192 1595 1302 1637; x_wconf 90' lang='lat' dir='ltr'><strong>sequio</strong></span> <span class='ocrx_word' id='word_1_521' title='bbox 1327 1609 1356 1628; x_wconf 80' lang='grc'>».</span> <span class='ocrx_word' id='word_1_522' title='bbox 1383 1596 1607 1630; x_wconf 87' lang='lat' dir='ltr'><strong>Verumtamen</strong></span> <span class='ocrx_word' id='word_1_523' title='bbox 1640 1598 1825 1639; x_wconf 86' lang='lat' dir='ltr'><strong>fallebatur,</strong></span> <span class='ocrx_word' id='word_1_524' title='bbox 1850 1602 1940 1643; x_wconf 85' lang='lat' dir='ltr'><strong>quia,</strong></span> <span class='ocrx_word' id='word_1_525' title='bbox 1972 1603 2010 1635; x_wconf 88' lang='lat' dir='ltr'><strong>ad</strong></span> <span class='ocrx_word' id='word_1_526' title='bbox 2042 1604 2156 1646; x_wconf 85' lang='lat' dir='ltr'><strong>Philip-</strong></span> 
     </span>
     <span class='ocr_line' id='line_1_79' title="bbox 1192 1650 2156 1698; baseline 0.009 -17"><span class='ocrx_word' id='word_1_527' title='bbox 1192 1658 1304 1691; x_wconf 89' lang='lat' dir='ltr'><strong>penses</strong></span> <span class='ocrx_word' id='word_1_528' title='bbox 1327 1650 1448 1692; x_wconf 83' lang='lat' dir='ltr'><strong>prim0‚</strong></span> <span class='ocrx_word' id='word_1_529' title='bbox 1479 1664 1493 1679; x_wconf 72' lang='grc' dir='ltr'><strong>(ι</strong></span> <span class='ocrx_word' id='word_1_530' title='bbox 1511 1651 1576 1685; x_wconf 81' lang='lat' dir='ltr'><strong>sive</strong></span> <span class='ocrx_word' id='word_1_531' title='bbox 1600 1661 1657 1694; x_wconf 92' lang='lat' dir='ltr'><strong>per</strong></span> <span class='ocrx_word' id='word_1_532' title='bbox 1681 1654 1890 1694; x_wconf 79' lang='lat' dir='ltr'><strong>occasIonem,</strong></span> <span class='ocrx_word' id='word_1_533' title='bbox 1915 1656 1981 1689; x_wconf 91' lang='lat' dir='ltr'><strong>sive</strong></span> <span class='ocrx_word' id='word_1_534' title='bbox 1998 1666 2054 1698; x_wconf 90' lang='lat' dir='ltr'><strong>per</strong></span> <span class='ocrx_word' id='word_1_535' title='bbox 2078 1658 2156 1690; x_wconf 85' lang='lat' dir='ltr'><strong>veri-</strong></span> 
     </span>
     <span class='ocr_line' id='line_1_80' title="bbox 1192 1703 2155 1751; baseline 0.01 -17"><span class='ocrx_word' id='word_1_536' title='bbox 1192 1706 1287 1735; x_wconf 87' lang='lat' dir='ltr'><strong>tatem</strong></span> <span class='ocrx_word' id='word_1_537' title='bbox 1311 1703 1518 1736; x_wconf 89' lang='lat' dir='ltr'><strong>annuntietur</strong></span> <span class='ocrx_word' id='word_1_538' title='bbox 1541 1704 1705 1745; x_wconf 89' lang='lat' dir='ltr'><strong>Christus,</strong></span> <span class='ocrx_word' id='word_1_539' title='bbox 1738 1707 1791 1739; x_wconf 89' lang='lat' dir='ltr'><strong>sed</strong></span> <span class='ocrx_word' id='word_1_540' title='bbox 1824 1707 1855 1740; x_wconf 91' lang='lat' dir='ltr'><strong>in</strong></span> <span class='ocrx_word' id='word_1_541' title='bbox 1887 1709 1947 1741; x_wconf 87' lang='lat' dir='ltr'><strong>hoc</strong></span> <span class='ocrx_word' id='word_1_542' title='bbox 1975 1710 2096 1751; x_wconf 83' lang='lat' dir='ltr'><strong>gaudeo</strong></span> <span class='ocrx_word' id='word_1_543' title='bbox 2124 1715 2155 1744; x_wconf 90' lang='lat' dir='ltr'><strong>et</strong></span> 
     </span>
     <span class='ocr_line' id='line_1_81' title="bbox 1190 1756 1380 1798; baseline 0 -10"><span class='ocrx_word' id='word_1_544' title='bbox 1190 1756 1334 1798; x_wconf 87' lang='lat' dir='ltr'><strong>gaudebo</strong></span> <span class='ocrx_word' id='word_1_545' title='bbox 1350 1770 1380 1788; x_wconf 81' lang='grc'>».</span> 
     </span>
    </p>

    <p class='ocr_par' dir='ltr' id='par_1_16' title="bbox 1184 1811 2154 2438">
     <span class='ocr_line' id='line_1_82' title="bbox 1281 1811 2154 1858; baseline 0.009 -16"><span class='ocrx_word' id='word_1_546' title='bbox 1281 1811 1332 1843; x_wconf 69' lang='lat'><strong>92.</strong></span> <span class='ocrx_word' id='word_1_547' title='bbox 1358 1811 1459 1852; x_wconf 92' lang='lat' dir='ltr'><strong>(Vers.</strong></span> <span class='ocrx_word' id='word_1_548' title='bbox 1486 1812 1563 1852; x_wconf 77' lang='lat'><strong>50.).</strong></span> <span class='ocrx_word' id='word_1_549' title='bbox 1589 1813 1694 1845; x_wconf 88' lang='lat' dir='ltr'><strong>Tertio</strong></span> <span class='ocrx_word' id='word_1_550' title='bbox 1717 1819 1871 1856; x_wconf 88' lang='lat' dir='ltr'><strong>quantum</strong></span> <span class='ocrx_word' id='word_1_551' title='bbox 1897 1816 1935 1848; x_wconf 87' lang='lat' dir='ltr'><strong>ad</strong></span> <span class='ocrx_word' id='word_1_552' title='bbox 1961 1818 2154 1858; x_wconf 74' lang='lat' dir='ltr'><strong>persuasio-</strong></span> 
     </span>
     <span class='ocr_line' id='line_1_83' title="bbox 1188 1862 2154 1911; baseline 0.008 -16"><span class='ocrx_word' id='word_1_553' title='bbox 1188 1873 1264 1896; x_wconf 73' lang='lat' dir='ltr'><strong>nem</strong></span> <span class='ocrx_word' id='word_1_554' title='bbox 1287 1862 1487 1897; x_wconf 70' lang='lat' dir='ltr'><strong>humilitatis</strong></span> <span class='ocrx_word' id='word_1_555' title='bbox 1510 1875 1550 1897; x_wconf 74' lang='lat' dir='ltr'><strong>ex</strong></span> <span class='ocrx_word' id='word_1_556' title='bbox 1570 1871 1669 1907; x_wconf 78' lang='lat' dir='ltr'><strong>parte</strong></span> <span class='ocrx_word' id='word_1_557' title='bbox 1685 1867 1843 1910; x_wconf 72' lang='lat' dir='ltr'><strong>Mayistri</strong></span> <span class='ocrx_word' id='word_1_558' title='bbox 1864 1869 2023 1911; x_wconf 83' lang='lat' dir='ltr'><strong>adiungit:</strong></span> <span class='ocrx_word' id='word_1_559' title='bbox 2052 1871 2088 1902; x_wconf 86' lang='lat' dir='ltr'><strong>Et</strong></span> <span class='ocrx_word' id='word_1_560' title='bbox 2104 1871 2154 1903; x_wconf 83' lang='lat' dir='ltr'><strong>ait</strong></span> 
     </span>
     <span class='ocr_line' id='line_1_84' title="bbox 1189 1916 2153 1963; baseline 0.008 -15"><span class='ocrx_word' id='word_1_561' title='bbox 1189 1917 1235 1949; x_wconf 87' lang='lat' dir='ltr'><strong>ad</strong></span> <span class='ocrx_word' id='word_1_562' title='bbox 1258 1916 1352 1949; x_wconf 85' lang='lat' dir='ltr'><strong>illum</strong></span> <span class='ocrx_word' id='word_1_563' title='bbox 1370 1918 1481 1950; x_wconf 78' lang='lat' dir='ltr'><strong>lesus.-</strong></span> <span class='ocrx_word' id='word_1_564' title='bbox 1507 1918 1612 1951; x_wconf 80' lang='lat' dir='ltr'><strong>Nolite</strong></span> <span class='ocrx_word' id='word_1_565' title='bbox 1634 1918 1821 1961; x_wconf 78' lang='lat' dir='ltr'><strong>prohibere,</strong></span> <span class='ocrx_word' id='word_1_566' title='bbox 1847 1921 1901 1954; x_wconf 86' lang='lat' dir='ltr'><strong>sed</strong></span> <span class='ocrx_word' id='word_1_567' title='bbox 1918 1923 2023 1963; x_wconf 83' lang='lat' dir='ltr'><strong>potius</strong></span> <span class='ocrx_word' id='word_1_568' title='bbox 2047 1924 2153 1956; x_wconf 87' lang='lat' dir='ltr'><strong>humi-</strong></span> 
     </span>
     <span class='ocr_line' id='line_1_85' title="bbox 1188 1969 2152 2015; baseline 0.009 -14"><span class='ocrx_word' id='word_1_569' title='bbox 1188 1969 1260 2002; x_wconf 89' lang='lat' dir='ltr'><strong>liter</strong></span> <span class='ocrx_word' id='word_1_570' title='bbox 1281 1970 1433 2003; x_wconf 89' lang='lat' dir='ltr'><strong>sustinete</strong></span> <span class='ocrx_word' id='word_1_571' title='bbox 1458 1971 1529 2003; x_wconf 87' lang='lat' dir='ltr'><strong>licet</strong></span> <span class='ocrx_word' id='word_1_572' title='bbox 1552 1971 1788 2013; x_wconf 89' lang='lat' dir='ltr'><strong>imperfectum,</strong></span> <span class='ocrx_word' id='word_1_573' title='bbox 1814 1974 1905 2015; x_wconf 89' lang='lat' dir='ltr'><strong>quia,</strong></span> <span class='ocrx_word' id='word_1_574' title='bbox 1934 1975 1972 2007; x_wconf 89' lang='lat' dir='ltr'><strong>ad</strong></span> <span class='ocrx_word' id='word_1_575' title='bbox 1999 1975 2152 2010; x_wconf 86' lang='lat' dir='ltr'><strong>Romanos</strong></span> 
     </span>
     <span class='ocr_line' id='line_1_86' title="bbox 1187 2022 2151 2074; baseline 0.009 -20"><span class='ocrx_word' id='word_1_576' title='bbox 1187 2022 1307 2055; x_wconf 85' lang='lat' dir='ltr'><strong>decimo</strong></span> <span class='ocrx_word' id='word_1_577' title='bbox 1324 2023 1435 2065; x_wconf 90' lang='lat' dir='ltr'><strong>quinto</strong></span> <span class='ocrx_word' id='word_1_578' title='bbox 1450 2024 1484 2063; x_wconf 88' lang='lat'><strong>¹⁰,</strong></span> <span class='ocrx_word' id='word_1_579' title='bbox 1514 2037 1529 2052; x_wconf 76' lang='lat' dir='ltr'><strong>c&lt;</strong></span> <span class='ocrx_word' id='word_1_580' title='bbox 1554 2024 1705 2058; x_wconf 88' lang='lat' dir='ltr'><strong>debemus</strong></span> <span class='ocrx_word' id='word_1_581' title='bbox 1729 2035 1785 2059; x_wconf 88' lang='lat' dir='ltr'><strong>nos</strong></span> <span class='ocrx_word' id='word_1_582' title='bbox 1810 2027 1966 2061; x_wconf 85' lang='lat' dir='ltr'><strong>firmiores</strong></span> <span class='ocrx_word' id='word_1_583' title='bbox 1985 2029 2151 2074; x_wconf 73' lang='lat' dir='ltr'><strong>imbecilli-</strong></span> 
     </span>
     <span class='ocr_line' id='line_1_87' title="bbox 1187 2076 2148 2124; baseline 0.008 -16"><span class='ocrx_word' id='word_1_584' title='bbox 1187 2079 1266 2109; x_wconf 87' lang='lat' dir='ltr'><strong>tates</strong></span> <span class='ocrx_word' id='word_1_585' title='bbox 1289 2076 1488 2110; x_wconf 84' lang='lat' dir='ltr'><strong>infirmorum</strong></span> <span class='ocrx_word' id='word_1_586' title='bbox 1522 2079 1679 2111; x_wconf 88' lang='lat' dir='ltr'><strong>sustinere</strong></span> <span class='ocrx_word' id='word_1_587' title='bbox 1703 2083 1734 2112; x_wconf 90' lang='lat' dir='ltr'><strong>et</strong></span> <span class='ocrx_word' id='word_1_588' title='bbox 1758 2089 1819 2112; x_wconf 90' lang='lat' dir='ltr'><strong>non</strong></span> <span class='ocrx_word' id='word_1_589' title='bbox 1852 2081 1942 2114; x_wconf 85' lang='lat' dir='ltr'><strong>nobis</strong></span> <span class='ocrx_word' id='word_1_590' title='bbox 1971 2082 2093 2124; x_wconf 91' lang='lat' dir='ltr'><strong>placere</strong></span> <span class='ocrx_word' id='word_1_591' title='bbox 2113 2096 2148 2123; x_wconf 76' lang='lat'><strong>”3</strong></span> 
     </span>
     <span class='ocr_line' id='line_1_88' title="bbox 1186 2130 2150 2172; baseline 0.008 -10"><span class='ocrx_word' id='word_1_592' title='bbox 1186 2133 1217 2162; x_wconf 85' lang='lat' dir='ltr'><strong>et</strong></span> <span class='ocrx_word' id='word_1_593' title='bbox 1242 2130 1395 2169; x_wconf 86' lang='lat' dir='ltr'><strong>maxime,</strong></span> <span class='ocrx_word' id='word_1_594' title='bbox 1420 2131 1546 2172; x_wconf 90' lang='lat' dir='ltr'><strong>quando</strong></span> <span class='ocrx_word' id='word_1_595' title='bbox 1563 2132 1710 2165; x_wconf 86' lang='lat' dir='ltr'><strong>infirmus</strong></span> <span class='ocrx_word' id='word_1_596' title='bbox 1727 2142 1788 2165; x_wconf 90' lang='lat' dir='ltr'><strong>non</strong></span> <span class='ocrx_word' id='word_1_597' title='bbox 1810 2138 1857 2167; x_wconf 87' lang='lat' dir='ltr'><strong>est</strong></span> <span class='ocrx_word' id='word_1_598' title='bbox 1875 2135 2016 2168; x_wconf 87' lang='lat' dir='ltr'><strong>veritatis</strong></span> <span class='ocrx_word' id='word_1_599' title='bbox 2039 2137 2150 2170; x_wconf 77' lang='lat' dir='ltr'><strong>adver—</strong></span> 
     </span>
     <span class='ocr_line' id='line_1_89' title="bbox 1185 2184 2149 2228; baseline 0.007 -12"><span class='ocrx_word' id='word_1_600' title='bbox 1185 2184 1298 2216; x_wconf 90' lang='lat' dir='ltr'><strong>sarius.</strong></span> <span class='ocrx_word' id='word_1_601' title='bbox 1317 2202 1358 2207; x_wconf 90' lang='lat'>—</span> <span class='ocrx_word' id='word_1_602' title='bbox 1377 2184 1506 2226; x_wconf 84' lang='lat' dir='ltr'><strong>Propter</strong></span> <span class='ocrx_word' id='word_1_603' title='bbox 1527 2185 1612 2227; x_wconf 90' lang='lat' dir='ltr'><strong>quod</strong></span> <span class='ocrx_word' id='word_1_604' title='bbox 1635 2186 1737 2219; x_wconf 80' lang='lat' dir='ltr'><strong>addit:</strong></span> <span class='ocrx_word' id='word_1_605' title='bbox 1760 2187 1826 2228; x_wconf 83' lang='lat' dir='ltr'><strong>Qui</strong></span> <span class='ocrx_word' id='word_1_606' title='bbox 1840 2188 1861 2205; x_wconf 89' lang='lat'><strong>&#39;¹</strong></span> <span class='ocrx_word' id='word_1_607' title='bbox 1882 2198 1947 2221; x_wconf 45' lang='lat' dir='ltr'><strong>&#39;non</strong></span> <span class='ocrx_word' id='word_1_608' title='bbox 1971 2199 2016 2221; x_wconf 79' lang='lat' dir='ltr'><strong>esc</strong></span> <span class='ocrx_word' id='word_1_609' title='bbox 2033 2190 2149 2223; x_wconf 80' lang='lat' dir='ltr'><strong>adver-</strong></span> 
     </span>
     <span class='ocr_line' id='line_1_90' title="bbox 1184 2237 2150 2279; baseline 0.009 -11"><span class='ocrx_word' id='word_1_610' title='bbox 1184 2246 1262 2269; x_wconf 79' lang='lat' dir='ltr'><strong>sum</strong></span> <span class='ocrx_word' id='word_1_611' title='bbox 1286 2247 1342 2269; x_wconf 75' lang='lat' dir='ltr'><strong>vos</strong></span> <span class='ocrx_word' id='word_1_612' title='bbox 1367 2247 1431 2279; x_wconf 80' lang='lat' dir='ltr'><strong>pro</strong></span> <span class='ocrx_word' id='word_1_613' title='bbox 1455 2237 1546 2270; x_wconf 83' lang='lat' dir='ltr'><strong>vobis</strong></span> <span class='ocrx_word' id='word_1_614' title='bbox 1570 2243 1625 2271; x_wconf 76' lang='lat' dir='ltr'><strong>est.</strong></span> <span class='ocrx_word' id='word_1_615' title='bbox 1653 2239 1688 2271; x_wconf 88' lang='lat' dir='ltr'><strong>Et</strong></span> <span class='ocrx_word' id='word_1_616' title='bbox 1712 2239 1780 2273; x_wconf 90' lang='lat' dir='ltr'><strong>ideo</strong></span> <span class='ocrx_word' id='word_1_617' title='bbox 1805 2241 1863 2274; x_wconf 89' lang='lat' dir='ltr'><strong>iste</strong></span> <span class='ocrx_word' id='word_1_618' title='bbox 1879 2241 1966 2275; x_wconf 89' lang='lat' dir='ltr'><strong>utilis</strong></span> <span class='ocrx_word' id='word_1_619' title='bbox 1989 2247 2036 2275; x_wconf 86' lang='lat' dir='ltr'><strong>est</strong></span> <span class='ocrx_word' id='word_1_620' title='bbox 2060 2244 2150 2278; x_wconf 90' lang='lat' dir='ltr'><strong>nobis</strong></span> 
     </span>
     <span class='ocr_line' id='line_1_91' title="bbox 1185 2290 2148 2337; baseline 0.008 -15"><span class='ocrx_word' id='word_1_621' title='bbox 1185 2294 1216 2323; x_wconf 92' lang='lat' dir='ltr'><strong>et</strong></span> <span class='ocrx_word' id='word_1_622' title='bbox 1240 2290 1429 2330; x_wconf 88' lang='lat' dir='ltr'><strong>tolerabilis,</strong></span> <span class='ocrx_word' id='word_1_623' title='bbox 1457 2300 1530 2324; x_wconf 90' lang='lat' dir='ltr'><strong>cum</strong></span> <span class='ocrx_word' id='word_1_624' title='bbox 1554 2301 1611 2325; x_wconf 90' lang='lat' dir='ltr'><strong>nos</strong></span> <span class='ocrx_word' id='word_1_625' title='bbox 1627 2302 1689 2325; x_wconf 89' lang='lat' dir='ltr'><strong>non</strong></span> <span class='ocrx_word' id='word_1_626' title='bbox 1714 2294 1895 2336; x_wconf 85' lang='lat' dir='ltr'><strong>impugnet,</strong></span> <span class='ocrx_word' id='word_1_627' title='bbox 1920 2295 1973 2328; x_wconf 87' lang='lat' dir='ltr'><strong>sed</strong></span> <span class='ocrx_word' id='word_1_628' title='bbox 2004 2296 2148 2337; x_wconf 77' lang='lat' dir='ltr'><strong>adiuvet3</strong></span> 
     </span>
     <span class='ocr_line' id='line_1_92' title="bbox 1185 2344 2148 2392; baseline 0.008 -16"><span class='ocrx_word' id='word_1_629' title='bbox 1185 2344 1269 2377; x_wconf 91' lang='lat' dir='ltr'><strong>unde</strong></span> <span class='ocrx_word' id='word_1_630' title='bbox 1287 2344 1490 2378; x_wconf 89' lang='lat' dir='ltr'><strong>Ecclesiastici</strong></span> <span class='ocrx_word' id='word_1_631' title='bbox 1516 2346 1696 2379; x_wconf 87' lang='lat' dir='ltr'><strong>undecimo:</strong></span> <span class='ocrx_word' id='word_1_632' title='bbox 1719 2360 1735 2376; x_wconf 71' lang='grc' dir='ltr'><em>α</em></span> <span class='ocrx_word' id='word_1_633' title='bbox 1749 2348 1791 2380; x_wconf 90' lang='lat' dir='ltr'><strong>De</strong></span> <span class='ocrx_word' id='word_1_634' title='bbox 1815 2357 1851 2381; x_wconf 89' lang='lat' dir='ltr'><strong>ea</strong></span> <span class='ocrx_word' id='word_1_635' title='bbox 1868 2358 1917 2388; x_wconf 92' lang='lat' dir='ltr'><strong>re,</strong></span> <span class='ocrx_word' id='word_1_636' title='bbox 1942 2359 2023 2392; x_wconf 87' lang='lat' dir='ltr'><strong>quae</strong></span> <span class='ocrx_word' id='word_1_637' title='bbox 2040 2355 2071 2384; x_wconf 89' lang='lat' dir='ltr'><strong>te</strong></span> <span class='ocrx_word' id='word_1_638' title='bbox 2087 2360 2148 2384; x_wconf 91' lang='lat' dir='ltr'><strong>non</strong></span> 
     </span>
     <span class='ocr_line' id='line_1_93' title="bbox 1184 2398 1835 2438; baseline 0.005 -8"><span class='ocrx_word' id='word_1_639' title='bbox 1184 2398 1346 2438; x_wconf 87' lang='lat' dir='ltr'><strong>molestat,</strong></span> <span class='ocrx_word' id='word_1_640' title='bbox 1371 2408 1410 2432; x_wconf 88' lang='lat' dir='ltr'><strong>ne</strong></span> <span class='ocrx_word' id='word_1_641' title='bbox 1433 2401 1605 2433; x_wconf 85' lang='lat' dir='ltr'><strong>certaveris</strong></span> <span class='ocrx_word' id='word_1_642' title='bbox 1622 2413 1651 2432; x_wconf 73' lang='lat' dir='ltr'><strong>n.</strong></span> <span class='ocrx_word' id='word_1_643' title='bbox 1832 2426 1835 2428; x_wconf 79' lang='grc'>.</span> 
     </span>
    </p>

    <p class='ocr_par' dir='ltr' id='par_1_17' title="bbox 1183 2451 2147 2551">
     <span class='ocr_line' id='line_1_94' title="bbox 1274 2451 2147 2491; baseline 0.009 -8"><span class='ocrx_word' id='word_1_644' title='bbox 1274 2451 1325 2484; x_wconf 85' lang='grc'>93.</span> <span class='ocrx_word' id='word_1_645' title='bbox 1351 2452 1410 2484; x_wconf 88' lang='lat' dir='ltr'><strong>Sed</strong></span> <span class='ocrx_word' id='word_1_646' title='bbox 1434 2452 1508 2485; x_wconf 92' lang='lat' dir='ltr'><strong>huic</strong></span> <span class='ocrx_word' id='word_1_647' title='bbox 1533 2453 1658 2486; x_wconf 90' lang='lat' dir='ltr'><strong>videtur</strong></span> <span class='ocrx_word' id='word_1_648' title='bbox 1682 2455 1876 2488; x_wconf 88' lang='lat' dir='ltr'><strong>contrarium</strong></span> <span class='ocrx_word' id='word_1_649' title='bbox 1901 2456 1979 2489; x_wconf 90' lang='lat' dir='ltr'><strong>illud</strong></span> <span class='ocrx_word' id='word_1_650' title='bbox 2001 2458 2147 2491; x_wconf 87' lang='lat' dir='ltr'><strong>Matthaei</strong></span> 
     </span>
     <span class='ocr_line' id='line_1_95' title="bbox 1183 2504 2146 2551; baseline 0.009 -15"><span class='ocrx_word' id='word_1_651' title='bbox 1183 2504 1367 2537; x_wconf 87' lang='lat' dir='ltr'><strong>duodecimo</strong></span> <span class='ocrx_word' id='word_1_652' title='bbox 1382 2506 1425 2537; x_wconf 82' lang='lat'><strong>¹²:</strong></span> <span class='ocrx_word' id='word_1_653' title='bbox 1456 2519 1472 2534; x_wconf 84' lang='lat'>«</span> <span class='ocrx_word' id='word_1_654' title='bbox 1488 2506 1546 2548; x_wconf 90' lang='lat' dir='ltr'><strong>Qui</strong></span> <span class='ocrx_word' id='word_1_655' title='bbox 1572 2516 1634 2540; x_wconf 90' lang='lat' dir='ltr'><strong>non</strong></span> <span class='ocrx_word' id='word_1_656' title='bbox 1658 2511 1705 2540; x_wconf 91' lang='lat' dir='ltr'><strong>est</strong></span> <span class='ocrx_word' id='word_1_657' title='bbox 1728 2517 1852 2541; x_wconf 91' lang='lat' dir='ltr'><strong>mecum</strong></span> <span class='ocrx_word' id='word_1_658' title='bbox 1877 2514 1987 2543; x_wconf 88' lang='lat' dir='ltr'><strong>contra</strong></span> <span class='ocrx_word' id='word_1_659' title='bbox 2010 2520 2061 2545; x_wconf 88' lang='lat' dir='ltr'><strong>me</strong></span> <span class='ocrx_word' id='word_1_660' title='bbox 2082 2516 2146 2551; x_wconf 90' lang='lat' dir='ltr'><strong>est,</strong></span> 
     </span>
    </p>
   </div>
   <div class='ocr_carea' id='block_1_14' title="bbox 1133 2558 2147 2605">
    <p class='ocr_par' dir='ltr' id='par_1_18' title="bbox 1133 2558 2147 2605">
     <span class='ocr_line' id='line_1_96' title="bbox 1133 2558 2147 2605; baseline 0.01 -16"><span class='ocrx_word' id='word_1_661' title='bbox 1133 2558 1140 2565; x_wconf 87' lang='lat'>&#39;</span> <span class='ocrx_word' id='word_1_662' title='bbox 1183 2561 1214 2591; x_wconf 86' lang='lat' dir='ltr'><strong>et</strong></span> <span class='ocrx_word' id='word_1_663' title='bbox 1237 2558 1292 2600; x_wconf 89' lang='lat' dir='ltr'><strong>qui</strong></span> <span class='ocrx_word' id='word_1_664' title='bbox 1321 2567 1384 2590; x_wconf 91' lang='lat' dir='ltr'><strong>non</strong></span> <span class='ocrx_word' id='word_1_665' title='bbox 1417 2564 1587 2602; x_wconf 86' lang='lat' dir='ltr'><strong>congregat</strong></span> <span class='ocrx_word' id='word_1_666' title='bbox 1609 2569 1735 2594; x_wconf 90' lang='lat' dir='ltr'><strong>mecum</strong></span> <span class='ocrx_word' id='word_1_667' title='bbox 1766 2561 1917 2605; x_wconf 87' lang='lat' dir='ltr'><strong>dispergit</strong></span> <span class='ocrx_word' id='word_1_668' title='bbox 1940 2577 1956 2592; x_wconf 67' lang='grc' dir='ltr'><strong>ι»</strong></span> <span class='ocrx_word' id='word_1_669' title='bbox 1972 2576 1980 2603; x_wconf 86' lang='grc'><strong>;</strong></span> <span class='ocrx_word' id='word_1_670' title='bbox 2005 2565 2058 2598; x_wconf 88' lang='lat' dir='ltr'><strong>sed</strong></span> <span class='ocrx_word' id='word_1_671' title='bbox 2090 2565 2147 2599; x_wconf 86' lang='lat' dir='ltr'><strong>iste</strong></span> 
     </span>
    </p>
   </div>
   <div class='ocr_carea' id='block_1_15' title="bbox 914 2680 1468 2685">
    <p class='ocr_par' dir='ltr' id='par_1_19' title="bbox 914 2680 1468 2685">
     <span class='ocr_line' id='line_1_97' title="bbox 914 2680 1468 2685; baseline 0 0"><span class='ocrx_word' id='word_1_672' title='bbox 914 2680 1468 2685; x_wconf 95' lang='lat' dir='ltr'><strong> </strong></span> 
     </span>
    </p>
   </div>
   <div class='ocr_carea' id='block_1_16' title="bbox 155 2778 1117 3348">
    <p class='ocr_par' dir='ltr' id='par_1_20' title="bbox 226 2778 1099 2858">
     <span class='ocr_line' id='line_1_98' title="bbox 227 2778 1099 2815; baseline 0.006 -10"><span class='ocrx_word' id='word_1_673' title='bbox 227 2778 236 2793; x_wconf 90' lang='lat'><strong>¹</strong></span> <span class='ocrx_word' id='word_1_674' title='bbox 257 2780 332 2806; x_wconf 62' lang='lat' dir='ltr'><strong>Vers.</strong></span> <span class='ocrx_word' id='word_1_675' title='bbox 353 2781 381 2811; x_wconf 78' lang='lat'><strong>9,</strong></span> <span class='ocrx_word' id='word_1_676' title='bbox 403 2781 444 2806; x_wconf 86' lang='lat' dir='ltr'><strong>cui</strong></span> <span class='ocrx_word' id='word_1_677' title='bbox 464 2781 661 2813; x_wconf 76' lang='lat' dir='ltr'><strong>subiunguntur</strong></span> <span class='ocrx_word' id='word_1_678' title='bbox 681 2782 745 2813; x_wconf 78' lang='lat' dir='ltr'><strong>Eph.</strong></span> <span class='ocrx_word' id='word_1_679' title='bbox 766 2782 795 2812; x_wconf 88' lang='lat'><strong>3,</strong></span> <span class='ocrx_word' id='word_1_680' title='bbox 819 2783 842 2807; x_wconf 84' lang='lat'><strong>8.</strong></span> <span class='ocrx_word' id='word_1_681' title='bbox 863 2785 888 2807; x_wconf 87' lang='lat' dir='ltr'><strong>et</strong></span> <span class='ocrx_word' id='word_1_682' title='bbox 908 2783 970 2809; x_wconf 84' lang='lat' dir='ltr'><strong>Luc.</strong></span> <span class='ocrx_word' id='word_1_683' title='bbox 991 2783 1036 2815; x_wconf 72' lang='grc'><strong>14,</strong></span> <span class='ocrx_word' id='word_1_684' title='bbox 1058 2784 1099 2810; x_wconf 87' lang='grc'><strong>10.</strong></span> 
     </span>
     <span class='ocr_line' id='line_1_99' title="bbox 226 2822 955 2858; baseline 0.005 -9"><span class='ocrx_word' id='word_1_685' title='bbox 226 2822 237 2837; x_wconf 73' lang='lat'>²</span> <span class='ocrx_word' id='word_1_686' title='bbox 258 2825 313 2850; x_wconf 86' lang='lat' dir='ltr'><strong>Vat.</strong></span> <span class='ocrx_word' id='word_1_687' title='bbox 334 2825 520 2858; x_wconf 69' lang='lat' dir='ltr'><strong>prohibitionis</strong></span> <span class='ocrx_word' id='word_1_688' title='bbox 541 2825 695 2857; x_wconf 77' lang='lat' dir='ltr'><strong>temeritas,·</strong></span> <span class='ocrx_word' id='word_1_689' title='bbox 714 2827 760 2852; x_wconf 81' lang='lat' dir='ltr'><strong>cfr.</strong></span> <span class='ocrx_word' id='word_1_690' title='bbox 780 2827 845 2852; x_wconf 80' lang='lat' dir='ltr'><strong>infra</strong></span> <span class='ocrx_word' id='word_1_691' title='bbox 865 2834 891 2853; x_wconf 89' lang='lat' dir='ltr'><strong>n.</strong></span> <span class='ocrx_word' id='word_1_692' title='bbox 911 2828 955 2853; x_wconf 82' lang='grc'><strong>91.</strong></span> 
     </span>
    </p>

    <p class='ocr_par' dir='ltr' id='par_1_21' title="bbox 226 2867 500 2895">
     <span class='ocr_line' id='line_1_100' title="bbox 226 2867 500 2895; baseline 0.004 -1"><span class='ocrx_word' id='word_1_693' title='bbox 226 2867 237 2882; x_wconf 81' lang='lat'><strong>¹³</strong></span> <span class='ocrx_word' id='word_1_694' title='bbox 258 2869 332 2894; x_wconf 71' lang='lat' dir='ltr'><strong>VerS.</strong></span> <span class='ocrx_word' id='word_1_695' title='bbox 351 2871 394 2894; x_wconf 81' lang='lat'><strong>22.</strong></span> <span class='ocrx_word' id='word_1_696' title='bbox 413 2873 438 2895; x_wconf 86' lang='lat' dir='ltr'><strong>et</strong></span> <span class='ocrx_word' id='word_1_697' title='bbox 458 2871 500 2895; x_wconf 71' lang='lat'><strong>23.</strong></span> 
     </span>
    </p>

    <p class='ocr_par' dir='ltr' id='par_1_22' title="bbox 226 2912 375 2939">
     <span class='ocr_line' id='line_1_101' title="bbox 226 2912 375 2939; baseline -0.007 -1"><span class='ocrx_word' id='word_1_698' title='bbox 226 2912 237 2926; x_wconf 80' lang='lat'><strong>‘²</strong></span> <span class='ocrx_word' id='word_1_699' title='bbox 258 2914 330 2939; x_wconf 83' lang='lat' dir='ltr'><strong>Vers.</strong></span> <span class='ocrx_word' id='word_1_700' title='bbox 352 2915 375 2939; x_wconf 75' lang='lat'><strong>2.</strong></span> 
     </span>
    </p>

    <p class='ocr_par' dir='ltr' id='par_1_23' title="bbox 155 2956 1117 3078">
     <span class='ocr_line' id='line_1_102' title="bbox 192 2956 1117 2995; baseline 0.009 -14"><span class='ocrx_word' id='word_1_701' title='bbox 192 2976 198 2980; x_wconf 86' lang='lat'><strong>.</strong></span> <span class='ocrx_word' id='word_1_702' title='bbox 226 2956 236 2970; x_wconf 79' lang='lat'>⁵</span> <span class='ocrx_word' id='word_1_703' title='bbox 257 2958 330 2983; x_wconf 87' lang='lat' dir='ltr'><strong>Vers.</strong></span> <span class='ocrx_word' id='word_1_704' title='bbox 357 2959 396 2990; x_wconf 85' lang='lat' dir='ltr'><strong>lO,</strong></span> <span class='ocrx_word' id='word_1_705' title='bbox 417 2963 476 2990; x_wconf 82' lang='lat' dir='ltr'><strong>post</strong></span> <span class='ocrx_word' id='word_1_706' title='bbox 495 2967 574 2992; x_wconf 85' lang='lat' dir='ltr'><strong>quem</strong></span> <span class='ocrx_word' id='word_1_707' title='bbox 595 2961 656 2986; x_wconf 87' lang='lat' dir='ltr'><strong>Luc.</strong></span> <span class='ocrx_word' id='word_1_708' title='bbox 678 2961 725 2992; x_wconf 67' lang='lat'><strong>110,</strong></span> <span class='ocrx_word' id='word_1_709' title='bbox 753 2961 791 2987; x_wconf 87' lang='grc'><strong>17.</strong></span> <span class='ocrx_word' id='word_1_710' title='bbox 812 2976 845 2979; x_wconf 93' lang='grc'>-</span> <span class='ocrx_word' id='word_1_711' title='bbox 866 2962 993 2994; x_wconf 84' lang='lat' dir='ltr'><strong>Superius</strong></span> <span class='ocrx_word' id='word_1_712' title='bbox 1012 2970 1060 2995; x_wconf 87' lang='lat' dir='ltr'><strong>pro</strong></span> <span class='ocrx_word' id='word_1_713' title='bbox 1086 2965 1117 2989; x_wconf 74' lang='lat' dir='ltr'><strong>nt</strong></span> 
     </span>
     <span class='ocr_line' id='line_1_103' title="bbox 155 2999 1117 3041; baseline 0.008 -15"><span class='ocrx_word' id='word_1_714' title='bbox 155 3008 270 3035; x_wconf 58' lang='lat' dir='ltr'><strong>magnae</strong></span> <span class='ocrx_word' id='word_1_715' title='bbox 289 3002 323 3028; x_wconf 74' lang='lat' dir='ltr'><strong>sit</strong></span> <span class='ocrx_word' id='word_1_716' title='bbox 342 3002 473 3036; x_wconf 74' lang='lat' dir='ltr'><strong>efficaciae</strong></span> <span class='ocrx_word' id='word_1_717' title='bbox 495 3005 551 3029; x_wconf 86' lang='lat' dir='ltr'><strong>Vat.</strong></span> <span class='ocrx_word' id='word_1_718' title='bbox 570 3004 709 3031; x_wconf 72' lang='lat' dir='ltr'><strong>maoez&#39;mae</strong></span> <span class='ocrx_word' id='word_1_719' title='bbox 728 2999 871 3040; x_wconf 79' lang='lat' dir='ltr'><strong>efficaciae,</strong></span> <span class='ocrx_word' id='word_1_720' title='bbox 894 3005 961 3033; x_wconf 79' lang='lat' dir='ltr'><strong>dum</strong></span> <span class='ocrx_word' id='word_1_721' title='bbox 974 3006 1040 3033; x_wconf 80' lang='lat' dir='ltr'><strong>talia</strong></span> <span class='ocrx_word' id='word_1_722' title='bbox 1060 3014 1117 3041; x_wconf 80' lang='lat' dir='ltr'><strong>ope-</strong></span> 
     </span>
     <span class='ocr_line' id='line_1_104' title="bbox 155 3047 804 3078; baseline 0.006 -7"><span class='ocrx_word' id='word_1_723' title='bbox 155 3047 245 3077; x_wconf 83' lang='lat' dir='ltr'><strong>ratur,</strong></span> <span class='ocrx_word' id='word_1_724' title='bbox 266 3049 291 3071; x_wconf 84' lang='lat' dir='ltr'><strong>et</strong></span> <span class='ocrx_word' id='word_1_725' title='bbox 310 3051 370 3078; x_wconf 78' lang='lat' dir='ltr'><strong>post</strong></span> <span class='ocrx_word' id='word_1_726' title='bbox 388 3048 539 3077; x_wconf 65' lang='lat' dir='ltr'><strong>extraneis,</strong></span> <span class='ocrx_word' id='word_1_727' title='bbox 560 3050 591 3075; x_wconf 77' lang='lat' dir='ltr'><strong>vt</strong></span> <span class='ocrx_word' id='word_1_728' title='bbox 608 3049 682 3075; x_wconf 84' lang='lat' dir='ltr'><strong>addit</strong></span> <span class='ocrx_word' id='word_1_729' title='bbox 700 3049 804 3077; x_wconf 85' lang='lat' dir='ltr'><strong>merito.</strong></span> 
     </span>
    </p>

    <p class='ocr_par' dir='ltr' id='par_1_24' title="bbox 227 3089 389 3118">
     <span class='ocr_line' id='line_1_105' title="bbox 227 3089 389 3118; baseline 0.019 -3"><span class='ocrx_word' id='word_1_730' title='bbox 227 3089 238 3104; x_wconf 80' lang='lat'>⁰</span> <span class='ocrx_word' id='word_1_731' title='bbox 257 3091 332 3117; x_wconf 77' lang='lat' dir='ltr'><strong>Vcrs.</strong></span> <span class='ocrx_word' id='word_1_732' title='bbox 345 3092 389 3118; x_wconf 84' lang='lat'><strong>27.</strong></span> 
     </span>
    </p>

    <p class='ocr_par' dir='ltr' id='par_1_25' title="bbox 156 3133 1116 3348">
     <span class='ocr_line' id='line_1_106' title="bbox 227 3133 1115 3172; baseline 0.007 -12"><span class='ocrx_word' id='word_1_733' title='bbox 227 3133 236 3147; x_wconf 90' lang='lat'>⁷</span> <span class='ocrx_word' id='word_1_734' title='bbox 259 3137 368 3167; x_wconf 81' lang='lat' dir='ltr'><strong>Vulgata</strong></span> <span class='ocrx_word' id='word_1_735' title='bbox 383 3141 409 3162; x_wconf 82' lang='lat' dir='ltr'><strong>el.</strong></span> <span class='ocrx_word' id='word_1_736' title='bbox 429 3138 483 3162; x_wconf 82' lang='lat' dir='ltr'><strong>Vnt.</strong></span> <span class='ocrx_word' id='word_1_737' title='bbox 498 3138 620 3163; x_wconf 87' lang='lat' dir='ltr'><strong>omittunt</strong></span> <span class='ocrx_word' id='word_1_738' title='bbox 639 3139 674 3171; x_wconf 86' lang='lat' dir='ltr'><strong>le,</strong></span> <span class='ocrx_word' id='word_1_739' title='bbox 695 3139 768 3172; x_wconf 89' lang='lat' dir='ltr'><strong>quod</strong></span> <span class='ocrx_word' id='word_1_740' title='bbox 782 3142 868 3165; x_wconf 83' lang='lat' dir='ltr'><strong>tamen</strong></span> <span class='ocrx_word' id='word_1_741' title='bbox 887 3139 1025 3166; x_wconf 86' lang='lat' dir='ltr'><strong>exhibetur</strong></span> <span class='ocrx_word' id='word_1_742' title='bbox 1037 3141 1115 3166; x_wconf 85' lang='lat' dir='ltr'><strong>etiam</strong></span> 
     </span>
     <span class='ocr_line' id='line_1_107' title="bbox 156 3180 1116 3218; baseline 0.008 -15"><span class='ocrx_word' id='word_1_743' title='bbox 156 3186 169 3204; x_wconf 90' lang='lat' dir='ltr'><strong>a</strong></span> <span class='ocrx_word' id='word_1_744' title='bbox 190 3180 218 3204; x_wconf 71' lang='lat'><strong>13.</strong></span> <span class='ocrx_word' id='word_1_745' title='bbox 238 3180 343 3206; x_wconf 83' lang='lat' dir='ltr'><strong>Alberto</strong></span> <span class='ocrx_word' id='word_1_746' title='bbox 363 3185 389 3206; x_wconf 80' lang='lat' dir='ltr'><strong>et</strong></span> <span class='ocrx_word' id='word_1_747' title='bbox 407 3182 433 3206; x_wconf 84' lang='lat' dir='ltr'><strong>S.</strong></span> <span class='ocrx_word' id='word_1_748' title='bbox 460 3181 561 3207; x_wconf 86' lang='lat' dir='ltr'><strong>Thoma</strong></span> <span class='ocrx_word' id='word_1_749' title='bbox 583 3182 648 3214; x_wconf 87' lang='lat' dir='ltr'><strong>(Cat.</strong></span> <span class='ocrx_word' id='word_1_750' title='bbox 675 3190 753 3209; x_wconf 84' lang='lat' dir='ltr'><strong>aurea</strong></span> <span class='ocrx_word' id='word_1_751' title='bbox 774 3183 799 3209; x_wconf 91' lang='lat' dir='ltr'><strong>in</strong></span> <span class='ocrx_word' id='word_1_752' title='bbox 822 3185 885 3210; x_wconf 86' lang='lat' dir='ltr'><strong>Luc.</strong></span> <span class='ocrx_word' id='word_1_753' title='bbox 904 3185 928 3210; x_wconf 85' lang='grc'>9.</span> <span class='ocrx_word' id='word_1_754' title='bbox 953 3192 979 3211; x_wconf 92' lang='lat' dir='ltr'><strong>n.</strong></span> <span class='ocrx_word' id='word_1_755' title='bbox 1000 3186 1063 3218; x_wconf 83' lang='grc'>10.).</span> <span class='ocrx_word' id='word_1_756' title='bbox 1081 3199 1116 3205; x_wconf 92' lang='grc'><strong>-</strong></span> 
     </span>
     <span class='ocr_line' id='line_1_108' title="bbox 156 3225 1115 3263; baseline 0.008 -15"><span class='ocrx_word' id='word_1_757' title='bbox 156 3225 279 3255; x_wconf 60' lang='lat' dir='ltr'><strong>(ii-egon,</strong></span> <span class='ocrx_word' id='word_1_758' title='bbox 301 3226 324 3250; x_wconf 92' lang='grc'><strong>11.</strong></span> <span class='ocrx_word' id='word_1_759' title='bbox 347 3226 439 3251; x_wconf 79' lang='grc' dir='ltr'>ΗοιηίΙ.</span> <span class='ocrx_word' id='word_1_760' title='bbox 459 3226 483 3251; x_wconf 94' lang='lat' dir='ltr'><strong>in</strong></span> <span class='ocrx_word' id='word_1_761' title='bbox 511 3226 608 3259; x_wconf 80' lang='lat' dir='ltr'><strong>Evang.</strong></span> <span class='ocrx_word' id='word_1_762' title='bbox 629 3228 718 3253; x_wconf 88' lang='lat' dir='ltr'><strong>homil.</strong></span> <span class='ocrx_word' id='word_1_763' title='bbox 742 3228 785 3254; x_wconf 74' lang='lat'><strong>34.</strong></span> <span class='ocrx_word' id='word_1_764' title='bbox 804 3236 830 3254; x_wconf 88' lang='lat' dir='ltr'><strong>n.</strong></span> <span class='ocrx_word' id='word_1_765' title='bbox 851 3230 881 3255; x_wconf 83' lang='lat'><strong>2:</strong></span> <span class='ocrx_word' id='word_1_766' title='bbox 902 3229 953 3255; x_wconf 81' lang='lat' dir='ltr'><strong>Sed</strong></span> <span class='ocrx_word' id='word_1_767' title='bbox 972 3230 1043 3256; x_wconf 83' lang='lat' dir='ltr'><strong>aliud</strong></span> <span class='ocrx_word' id='word_1_768' title='bbox 1062 3234 1115 3263; x_wconf 86' lang='lat' dir='ltr'><strong>est,</strong></span> 
     </span>
     <span class='ocr_line' id='line_1_109' title="bbox 156 3269 1115 3306; baseline 0.008 -13"><span class='ocrx_word' id='word_1_769' title='bbox 156 3269 229 3301; x_wconf 86' lang='lat' dir='ltr'><strong>quod</strong></span> <span class='ocrx_word' id='word_1_770' title='bbox 248 3269 333 3301; x_wconf 76' lang='lat' dir='ltr'><strong>agitur</strong></span> <span class='ocrx_word' id='word_1_771' title='bbox 354 3271 434 3301; x_wconf 78' lang='lat' dir='ltr'><strong>typho</strong></span> <span class='ocrx_word' id='word_1_772' title='bbox 454 3271 607 3303; x_wconf 80' lang='lat' dir='ltr'><strong>superbiae,</strong></span> <span class='ocrx_word' id='word_1_773' title='bbox 627 3272 712 3303; x_wconf 85' lang='lat' dir='ltr'><strong>aliud,</strong></span> <span class='ocrx_word' id='word_1_774' title='bbox 725 3273 798 3305; x_wconf 88' lang='lat' dir='ltr'><strong>quod</strong></span> <span class='ocrx_word' id='word_1_775' title='bbox 821 3274 876 3299; x_wconf 88' lang='lat' dir='ltr'><strong>zelo</strong></span> <span class='ocrx_word' id='word_1_776' title='bbox 890 3274 1051 3306; x_wconf 85' lang='lat' dir='ltr'><strong>disciplinae.</strong></span> <span class='ocrx_word' id='word_1_777' title='bbox 1064 3274 1115 3301; x_wconf 72' lang='lat' dir='ltr'><strong>Ct&#39;r.</strong></span> 
     </span>
     <span class='ocr_line' id='line_1_110' title="bbox 157 3314 1116 3348; baseline 0.007 -10"><span class='ocrx_word' id='word_1_778' title='bbox 157 3314 174 3339; x_wconf 94' lang='grc'><strong>1.</strong></span> <span class='ocrx_word' id='word_1_779' title='bbox 194 3314 287 3339; x_wconf 89' lang='lat' dir='ltr'><strong>llomil.</strong></span> <span class='ocrx_word' id='word_1_780' title='bbox 307 3314 332 3339; x_wconf 88' lang='lat' dir='ltr'><strong>iu</strong></span> <span class='ocrx_word' id='word_1_781' title='bbox 358 3315 450 3341; x_wconf 85' lang='lat' dir='ltr'><strong>Ezech.</strong></span> <span class='ocrx_word' id='word_1_782' title='bbox 470 3316 560 3342; x_wconf 90' lang='lat' dir='ltr'><strong>homil.</strong></span> <span class='ocrx_word' id='word_1_783' title='bbox 580 3317 605 3342; x_wconf 81' lang='lat'><strong>9.</strong></span> <span class='ocrx_word' id='word_1_784' title='bbox 630 3324 653 3342; x_wconf 92' lang='lat' dir='ltr'><strong>n.</strong></span> <span class='ocrx_word' id='word_1_785' title='bbox 676 3317 723 3348; x_wconf 73' lang='lat'><strong>⁴3,</strong></span> <span class='ocrx_word' id='word_1_786' title='bbox 744 3317 790 3343; x_wconf 91' lang='lat' dir='ltr'><strong>ubi</strong></span> <span class='ocrx_word' id='word_1_787' title='bbox 814 3318 894 3344; x_wconf 86' lang='lat' dir='ltr'><strong>dicit:</strong></span> <span class='ocrx_word' id='word_1_788' title='bbox 914 3319 956 3344; x_wconf 88' lang='lat' dir='ltr'><strong>Sic</strong></span> <span class='ocrx_word' id='word_1_789' title='bbox 976 3321 1046 3344; x_wconf 78' lang='lat' dir='ltr'><strong>‘vero</strong></span> <span class='ocrx_word' id='word_1_790' title='bbox 1065 3318 1116 3345; x_wconf 84' lang='lat' dir='ltr'><strong>sub</strong></span> 
     </span>
    </p>
   </div>
   <div class='ocr_carea' id='block_1_17' title="bbox 156 3358 1137 3401">
    <p class='ocr_par' dir='ltr' id='par_1_26' title="bbox 156 3358 1137 3401">
     <span class='ocr_line' id='line_1_111' title="bbox 156 3358 1137 3401; baseline 0.006 -18"><span class='ocrx_word' id='word_1_791' title='bbox 156 3358 309 3384; x_wconf 73' lang='lat' dir='ltr'><strong>auctoritate</strong></span> <span class='ocrx_word' id='word_1_792' title='bbox 321 3359 445 3390; x_wconf 86' lang='lat' dir='ltr'><strong>superbia</strong></span> <span class='ocrx_word' id='word_1_793' title='bbox 459 3363 484 3386; x_wconf 88' lang='lat' dir='ltr'><strong>et</strong></span> <span class='ocrx_word' id='word_1_794' title='bbox 504 3362 634 3387; x_wconf 84' lang='lat' dir='ltr'><strong>humanus</strong></span> <span class='ocrx_word' id='word_1_795' title='bbox 647 3361 725 3387; x_wconf 89' lang='lat' dir='ltr'><strong>timor</strong></span> <span class='ocrx_word' id='word_1_796' title='bbox 744 3361 794 3387; x_wconf 89' lang='lat' dir='ltr'><strong>sub</strong></span> <span class='ocrx_word' id='word_1_797' title='bbox 808 3362 951 3388; x_wconf 86' lang='lat' dir='ltr'><strong>humilitate</strong></span> <span class='ocrx_word' id='word_1_798' title='bbox 969 3370 997 3389; x_wconf 87' lang='lat' dir='ltr'><strong>se</strong></span> <span class='ocrx_word' id='word_1_799' title='bbox 1011 3363 1115 3396; x_wconf 83' lang='lat' dir='ltr'><strong>palliat,</strong></span> <span class='ocrx_word' id='word_1_800' title='bbox 1133 3396 1137 3401; x_wconf 93' lang='lat'><strong>.</strong></span> 
     </span>
    </p>
   </div>
   <div class='ocr_carea' id='block_1_18' title="bbox 157 3403 1116 3485">
    <p class='ocr_par' dir='ltr' id='par_1_27' title="bbox 157 3403 1116 3485">
     <span class='ocr_line' id='line_1_112' title="bbox 157 3403 1116 3441; baseline 0.007 -14"><span class='ocrx_word' id='word_1_801' title='bbox 157 3407 185 3427; x_wconf 88' lang='lat' dir='ltr'><strong>ut</strong></span> <span class='ocrx_word' id='word_1_802' title='bbox 203 3409 282 3434; x_wconf 83' lang='lat' dir='ltr'><strong>saepe</strong></span> <span class='ocrx_word' id='word_1_803' title='bbox 302 3410 348 3428; x_wconf 84' lang='lat' dir='ltr'><strong>nec</strong></span> <span class='ocrx_word' id='word_1_804' title='bbox 372 3403 414 3429; x_wconf 86' lang='lat' dir='ltr'><strong>ille</strong></span> <span class='ocrx_word' id='word_1_805' title='bbox 433 3405 519 3430; x_wconf 84' lang='lat' dir='ltr'><strong>valeat</strong></span> <span class='ocrx_word' id='word_1_806' title='bbox 537 3405 718 3436; x_wconf 85' lang='lat' dir='ltr'><strong>considerare,</strong></span> <span class='ocrx_word' id='word_1_807' title='bbox 738 3406 803 3439; x_wconf 87' lang='lat' dir='ltr'><strong>quid</strong></span> <span class='ocrx_word' id='word_1_808' title='bbox 822 3406 885 3437; x_wconf 86' lang='lat' dir='ltr'><strong>Deo,</strong></span> <span class='ocrx_word' id='word_1_809' title='bbox 904 3414 952 3433; x_wconf 87' lang='lat' dir='ltr'><strong>nec</strong></span> <span class='ocrx_word' id='word_1_810' title='bbox 971 3407 1032 3438; x_wconf 89' lang='lat' dir='ltr'><strong>iste,</strong></span> <span class='ocrx_word' id='word_1_811' title='bbox 1051 3407 1116 3441; x_wconf 88' lang='lat' dir='ltr'><strong>quid</strong></span> 
     </span>
     <span class='ocr_line' id='line_1_113' title="bbox 157 3447 1115 3485; baseline 0.007 -14"><span class='ocrx_word' id='word_1_812' title='bbox 157 3447 252 3473; x_wconf 80' lang='lat' dir='ltr'><strong>debeat</strong></span> <span class='ocrx_word' id='word_1_813' title='bbox 271 3447 447 3479; x_wconf 82' lang='lat' dir='ltr'><strong>proximo.—</strong></span> <span class='ocrx_word' id='word_1_814' title='bbox 460 3448 588 3481; x_wconf 82' lang='lat' dir='ltr'><strong>Superius</strong></span> <span class='ocrx_word' id='word_1_815' title='bbox 607 3456 655 3482; x_wconf 90' lang='lat' dir='ltr'><strong>pro</strong></span> <span class='ocrx_word' id='word_1_816' title='bbox 670 3449 807 3484; x_wconf 77' lang='lat' dir='ltr'><strong>palliatur</strong></span> <span class='ocrx_word' id='word_1_817' title='bbox 826 3450 940 3477; x_wconf 83' lang='lat' dir='ltr'><strong>CDGH</strong></span> <span class='ocrx_word' id='word_1_818' title='bbox 960 3451 1061 3485; x_wconf 80' lang='lat' dir='ltr'><strong>palliat</strong></span> <span class='ocrx_word' id='word_1_819' title='bbox 1078 3459 1115 3479; x_wconf 77' lang='lat' dir='ltr'><strong>se.</strong></span> 
     </span>
    </p>
   </div>
   <div class='ocr_carea' id='block_1_19' title="bbox 1180 2786 2146 3484">
    <p class='ocr_par' dir='ltr' id='par_1_28' title="bbox 1181 2786 2146 2857">
     <span class='ocr_line' id='line_1_114' title="bbox 1181 2786 2146 2821; baseline 0.005 -11"><span class='ocrx_word' id='word_1_820' title='bbox 1181 2799 1216 2804; x_wconf 98' lang='lat'><strong>—</strong></span> <span class='ocrx_word' id='word_1_821' title='bbox 1235 2786 1344 2811; x_wconf 79' lang='lat' dir='ltr'><strong>inferius</strong></span> <span class='ocrx_word' id='word_1_822' title='bbox 1366 2789 1425 2818; x_wconf 87' lang='lat' dir='ltr'><strong>post</strong></span> <span class='ocrx_word' id='word_1_823' title='bbox 1449 2793 1504 2812; x_wconf 80' lang='lat' dir='ltr'><strong>&lt;non</strong></span> <span class='ocrx_word' id='word_1_824' title='bbox 1523 2788 1563 2812; x_wconf 85' lang='lat' dir='ltr'><strong>est</strong></span> <span class='ocrx_word' id='word_1_825' title='bbox 1586 2786 1682 2813; x_wconf 57' lang='lat' dir='ltr'><strong>similla</strong></span> <span class='ocrx_word' id='word_1_826' title='bbox 1702 2786 1721 2813; x_wconf 95' lang='lat' dir='ltr'><strong>C</strong></span> <span class='ocrx_word' id='word_1_827' title='bbox 1748 2787 1779 2819; x_wconf 92' lang='lat' dir='ltr'><strong>(D</strong></span> <span class='ocrx_word' id='word_1_828' title='bbox 1805 2795 1819 2813; x_wconf 85' lang='lat' dir='ltr'><strong>a</strong></span> <span class='ocrx_word' id='word_1_829' title='bbox 1845 2788 1960 2814; x_wconf 83' lang='lat' dir='ltr'><strong>secunda</strong></span> <span class='ocrx_word' id='word_1_830' title='bbox 1987 2790 2076 2821; x_wconf 81' lang='lat' dir='ltr'><strong>manu)</strong></span> <span class='ocrx_word' id='word_1_831' title='bbox 2103 2789 2146 2815; x_wconf 85' lang='lat' dir='ltr'><strong>ad-</strong></span> 
     </span>
     <span class='ocr_line' id='line_1_115' title="bbox 1181 2830 2041 2857; baseline 0.006 -2"><span class='ocrx_word' id='word_1_832' title='bbox 1181 2830 1248 2856; x_wconf 87' lang='lat' dir='ltr'><strong>dunt</strong></span> <span class='ocrx_word' id='word_1_833' title='bbox 1266 2830 1356 2857; x_wconf 82' lang='lat' dir='ltr'><strong>etiam.</strong></span> <span class='ocrx_word' id='word_1_834' title='bbox 2037 2854 2041 2855; x_wconf 19' lang='grc' dir='ltr'><em>γ</em></span> 
     </span>
    </p>

    <p class='ocr_par' dir='ltr' id='par_1_29' title="bbox 1252 2872 2034 2910">
     <span class='ocr_line' id='line_1_116' title="bbox 1252 2872 2034 2910; baseline 0.004 -10"><span class='ocrx_word' id='word_1_835' title='bbox 1252 2872 1263 2888; x_wconf 78' lang='lat'>⁰</span> <span class='ocrx_word' id='word_1_836' title='bbox 1283 2875 1357 2901; x_wconf 86' lang='lat' dir='ltr'><strong>Vers.</strong></span> <span class='ocrx_word' id='word_1_837' title='bbox 1377 2876 1402 2901; x_wconf 88' lang='lat'><strong>5.</strong></span> <span class='ocrx_word' id='word_1_838' title='bbox 1422 2889 1457 2895; x_wconf 93' lang='lat'><strong>—</strong></span> <span class='ocrx_word' id='word_1_839' title='bbox 1477 2875 1595 2902; x_wconf 86' lang='lat' dir='ltr'><strong>Subinde</strong></span> <span class='ocrx_word' id='word_1_840' title='bbox 1614 2876 1758 2909; x_wconf 81' lang='lat' dir='ltr'><strong>allegantur</strong></span> <span class='ocrx_word' id='word_1_841' title='bbox 1778 2877 1854 2903; x_wconf 90' lang='lat' dir='ltr'><strong>Num.</strong></span> <span class='ocrx_word' id='word_1_842' title='bbox 1878 2878 1923 2910; x_wconf 89' lang='grc'><strong>11,</strong></span> <span class='ocrx_word' id='word_1_843' title='bbox 1943 2877 2034 2904; x_wconf 79' lang='lat'>27-29.</span> 
     </span>
    </p>

    <p class='ocr_par' dir='ltr' id='par_1_30' title="bbox 1180 2917 2145 3042">
     <span class='ocr_line' id='line_1_117' title="bbox 1252 2917 2145 2952; baseline 0.004 -7"><span class='ocrx_word' id='word_1_844' title='bbox 1252 2917 1263 2932; x_wconf 82' lang='lat'><strong>⁹</strong></span> <span class='ocrx_word' id='word_1_845' title='bbox 1283 2920 1386 2946; x_wconf 83' lang='lat' dir='ltr'><strong>Scilicet</strong></span> <span class='ocrx_word' id='word_1_846' title='bbox 1404 2919 1562 2952; x_wconf 79' lang='lat' dir='ltr'><strong>ordinaria,</strong></span> <span class='ocrx_word' id='word_1_847' title='bbox 1581 2920 1607 2946; x_wconf 93' lang='lat' dir='ltr'><strong>in</strong></span> <span class='ocrx_word' id='word_1_848' title='bbox 1633 2921 1709 2947; x_wconf 85' lang='lat' dir='ltr'><strong>cuius</strong></span> <span class='ocrx_word' id='word_1_849' title='bbox 1728 2921 1780 2946; x_wconf 81' lang='lat' dir='ltr'><strong>fine</strong></span> <span class='ocrx_word' id='word_1_850' title='bbox 1805 2922 1862 2947; x_wconf 91' lang='lat' dir='ltr'><strong>Vat.</strong></span> <span class='ocrx_word' id='word_1_851' title='bbox 1882 2925 1908 2947; x_wconf 90' lang='lat' dir='ltr'><strong>et</strong></span> <span class='ocrx_word' id='word_1_852' title='bbox 1926 2923 2043 2948; x_wconf 89' lang='lat' dir='ltr'><strong>nonnulli</strong></span> <span class='ocrx_word' id='word_1_853' title='bbox 2066 2923 2145 2949; x_wconf 91' lang='lat' dir='ltr'><strong>codd.</strong></span> 
     </span>
     <span class='ocr_line' id='line_1_118' title="bbox 1180 2963 2144 2997; baseline 0.005 -8"><span class='ocrx_word' id='word_1_854' title='bbox 1180 2969 1236 2989; x_wconf 75' lang='lat' dir='ltr'><strong>non</strong></span> <span class='ocrx_word' id='word_1_855' title='bbox 1261 2963 1362 2997; x_wconf 81' lang='lat' dir='ltr'><strong>utitur,</strong></span> <span class='ocrx_word' id='word_1_856' title='bbox 1383 2965 1430 2990; x_wconf 88' lang='lat' dir='ltr'><strong>sed</strong></span> <span class='ocrx_word' id='word_1_857' title='bbox 1449 2968 1533 2991; x_wconf 88' lang='lat' dir='ltr'><strong>textus</strong></span> <span class='ocrx_word' id='word_1_858' title='bbox 1552 2965 1686 2997; x_wconf 86' lang='lat' dir='ltr'><strong>originalis</strong></span> <span class='ocrx_word' id='word_1_859' title='bbox 1705 2969 1731 2992; x_wconf 84' lang='lat' dir='ltr'><strong>et</strong></span> <span class='ocrx_word' id='word_1_860' title='bbox 1749 2965 1831 2992; x_wconf 92' lang='lat' dir='ltr'><strong>CDG</strong></span> <span class='ocrx_word' id='word_1_861' title='bbox 1850 2973 1903 2993; x_wconf 72' lang='lat' dir='ltr'><strong>non</strong></span> <span class='ocrx_word' id='word_1_862' title='bbox 1924 2968 2028 2994; x_wconf 79' lang='lat' dir='ltr'><strong>utatur.</strong></span> <span class='ocrx_word' id='word_1_863' title='bbox 2047 2981 2082 2987; x_wconf 89' lang='lat'><strong>—·</strong></span> <span class='ocrx_word' id='word_1_864' title='bbox 2102 2969 2144 2994; x_wconf 87' lang='lat' dir='ltr'><strong>Se-</strong></span> 
     </span>
     <span class='ocr_line' id='line_1_119' title="bbox 1181 3008 1958 3042; baseline 0.003 -8"><span class='ocrx_word' id='word_1_865' title='bbox 1181 3008 1271 3041; x_wconf 89' lang='lat' dir='ltr'><strong>quitur</strong></span> <span class='ocrx_word' id='word_1_866' title='bbox 1291 3009 1352 3034; x_wconf 82' lang='lat' dir='ltr'><strong>Phil.</strong></span> <span class='ocrx_word' id='word_1_867' title='bbox 1374 3010 1384 3034; x_wconf 71' lang='grc'><strong>’1</strong></span> <span class='ocrx_word' id='word_1_868' title='bbox 1397 3029 1404 3040; x_wconf 84' lang='grc'><strong><em>,</em></strong></span> <span class='ocrx_word' id='word_1_869' title='bbox 1425 3010 1466 3035; x_wconf 85' lang='grc'><strong>18.</strong></span> <span class='ocrx_word' id='word_1_870' title='bbox 1486 3009 1536 3036; x_wconf 84' lang='lat' dir='ltr'><strong>Cfr.</strong></span> <span class='ocrx_word' id='word_1_871' title='bbox 1556 3017 1636 3042; x_wconf 87' lang='lat' dir='ltr'><strong>supra</strong></span> <span class='ocrx_word' id='word_1_872' title='bbox 1657 3017 1679 3035; x_wconf 87' lang='lat' dir='ltr'><strong>c.</strong></span> <span class='ocrx_word' id='word_1_873' title='bbox 1700 3011 1724 3035; x_wconf 85' lang='grc'>8.</span> <span class='ocrx_word' id='word_1_874' title='bbox 1744 3018 1768 3036; x_wconf 89' lang='lat' dir='ltr'><strong>n.</strong></span> <span class='ocrx_word' id='word_1_875' title='bbox 1790 3011 1832 3036; x_wconf 88' lang='lat'><strong>68.</strong></span> <span class='ocrx_word' id='word_1_876' title='bbox 1853 3012 1878 3036; x_wconf 87' lang='lat' dir='ltr'><strong>in</strong></span> <span class='ocrx_word' id='word_1_877' title='bbox 1898 3012 1958 3036; x_wconf 82' lang='lat' dir='ltr'><strong>fine.</strong></span> 
     </span>
    </p>

    <p class='ocr_par' dir='ltr' id='par_1_31' title="bbox 1180 3051 2144 3260">
     <span class='ocr_line' id='line_1_120' title="bbox 1253 3051 2144 3088; baseline 0.006 -10"><span class='ocrx_word' id='word_1_878' title='bbox 1253 3051 1275 3067; x_wconf 80' lang='lat'><strong>¹⁰</strong></span> <span class='ocrx_word' id='word_1_879' title='bbox 1293 3054 1368 3079; x_wconf 89' lang='lat' dir='ltr'><strong>Vers.</strong></span> <span class='ocrx_word' id='word_1_880' title='bbox 1390 3054 1413 3079; x_wconf 84' lang='lat' dir='ltr'><strong>l.</strong></span> <span class='ocrx_word' id='word_1_881' title='bbox 1431 3067 1467 3073; x_wconf 94' lang='lat'><strong>—</strong></span> <span class='ocrx_word' id='word_1_882' title='bbox 1486 3054 1575 3080; x_wconf 81' lang='lat' dir='ltr'><strong>Glossa</strong></span> <span class='ocrx_word' id='word_1_883' title='bbox 1602 3053 1746 3081; x_wconf 79' lang='lat' dir='ltr'><strong>ordinaria</strong></span> <span class='ocrx_word' id='word_1_884' title='bbox 1766 3055 1807 3088; x_wconf 84' lang='lat' dir='ltr'><strong>(ex</strong></span> <span class='ocrx_word' id='word_1_885' title='bbox 1832 3055 1938 3088; x_wconf 82' lang='lat' dir='ltr'><strong>Ambr.,</strong></span> <span class='ocrx_word' id='word_1_886' title='bbox 1959 3056 2011 3081; x_wconf 91' lang='lat' dir='ltr'><strong>Vll.</strong></span> <span class='ocrx_word' id='word_1_887' title='bbox 2031 3057 2055 3082; x_wconf 89' lang='lat' dir='ltr'><strong>in</strong></span> <span class='ocrx_word' id='word_1_888' title='bbox 2081 3058 2144 3083; x_wconf 89' lang='lat' dir='ltr'><strong>Luc.</strong></span> 
     </span>
     <span class='ocr_line' id='line_1_121' title="bbox 1181 3097 2143 3132; baseline 0.005 -10"><span class='ocrx_word' id='word_1_889' title='bbox 1181 3097 1205 3122; x_wconf 85' lang='grc'>9.</span> <span class='ocrx_word' id='word_1_890' title='bbox 1226 3104 1251 3122; x_wconf 91' lang='lat' dir='ltr'><strong>n.</strong></span> <span class='ocrx_word' id='word_1_891' title='bbox 1265 3097 1333 3130; x_wconf 77' lang='lat'><strong>25.):</strong></span> <span class='ocrx_word' id='word_1_892' title='bbox 1353 3097 1441 3124; x_wconf 82' lang='lat' dir='ltr'><strong>Nolite</strong></span> <span class='ocrx_word' id='word_1_893' title='bbox 1450 3097 1603 3131; x_wconf 78' lang='lat' dir='ltr'><strong>prohibere.</strong></span> <span class='ocrx_word' id='word_1_894' title='bbox 1627 3098 1771 3130; x_wconf 71' lang='lat' dir='ltr'><strong>Qua&#39;ena&#39;m.</strong></span> <span class='ocrx_word' id='word_1_895' title='bbox 1791 3100 1847 3125; x_wconf 88' lang='lat' dir='ltr'><strong>Non</strong></span> <span class='ocrx_word' id='word_1_896' title='bbox 1861 3100 2061 3132; x_wconf 81' lang='lat' dir='ltr'><strong>reprehenditur</strong></span> <span class='ocrx_word' id='word_1_897' title='bbox 2074 3102 2143 3127; x_wconf 85' lang='lat' dir='ltr'><strong>loan-</strong></span> 
     </span>
     <span class='ocr_line' id='line_1_122' title="bbox 1180 3141 2142 3177; baseline 0.006 -12"><span class='ocrx_word' id='word_1_898' title='bbox 1180 3148 1240 3173; x_wconf 86' lang='lat' dir='ltr'><strong>nes,</strong></span> <span class='ocrx_word' id='word_1_899' title='bbox 1260 3141 1321 3174; x_wconf 88' lang='lat' dir='ltr'><strong>quia</strong></span> <span class='ocrx_word' id='word_1_900' title='bbox 1341 3148 1431 3167; x_wconf 88' lang='lat' dir='ltr'><strong>amore</strong></span> <span class='ocrx_word' id='word_1_901' title='bbox 1451 3141 1574 3173; x_wconf 80' lang='lat' dir='ltr'><strong>faciebat,</strong></span> <span class='ocrx_word' id='word_1_902' title='bbox 1594 3143 1640 3168; x_wconf 86' lang='lat' dir='ltr'><strong>sed</strong></span> <span class='ocrx_word' id='word_1_903' title='bbox 1660 3143 1781 3175; x_wconf 84' lang='lat' dir='ltr'><strong>docetur,</strong></span> <span class='ocrx_word' id='word_1_904' title='bbox 1802 3147 1830 3169; x_wconf 88' lang='lat' dir='ltr'><strong>ut</strong></span> <span class='ocrx_word' id='word_1_905' title='bbox 1848 3145 1962 3177; x_wconf 68' lang='lat' dir='ltr'><strong>unxerit,</strong></span> <span class='ocrx_word' id='word_1_906' title='bbox 1977 3145 2142 3172; x_wconf 81' lang='lat' dir='ltr'><strong>intirmorum</strong></span> 
     </span>
     <span class='ocr_line' id='line_1_123' title="bbox 1180 3184 2143 3220; baseline 0.006 -11"><span class='ocrx_word' id='word_1_907' title='bbox 1180 3191 1238 3210; x_wconf 85' lang='lat' dir='ltr'><strong>esse</strong></span> <span class='ocrx_word' id='word_1_908' title='bbox 1256 3184 1448 3218; x_wconf 84' lang='lat' dir='ltr'><strong>firmorumque</strong></span> <span class='ocrx_word' id='word_1_909' title='bbox 1473 3186 1638 3217; x_wconf 84' lang='lat' dir='ltr'><strong>distantiam,</strong></span> <span class='ocrx_word' id='word_1_910' title='bbox 1667 3187 1728 3220; x_wconf 89' lang='lat' dir='ltr'><strong>quia</strong></span> <span class='ocrx_word' id='word_1_911' title='bbox 1757 3187 1898 3220; x_wconf 84' lang='lat' dir='ltr'><strong>Dominus,</strong></span> <span class='ocrx_word' id='word_1_912' title='bbox 1924 3189 1971 3214; x_wconf 84' lang='lat' dir='ltr'><strong>etsi</strong></span> <span class='ocrx_word' id='word_1_913' title='bbox 1992 3194 2143 3216; x_wconf 87' lang='lat' dir='ltr'><strong>remunerat</strong></span> 
     </span>
     <span class='ocr_line' id='line_1_124' title="bbox 1180 3229 1662 3260; baseline 0.006 -6"><span class='ocrx_word' id='word_1_914' title='bbox 1180 3229 1315 3260; x_wconf 80' lang='lat' dir='ltr'><strong>tortiores,</strong></span> <span class='ocrx_word' id='word_1_915' title='bbox 1335 3237 1386 3255; x_wconf 91' lang='lat' dir='ltr'><strong>non</strong></span> <span class='ocrx_word' id='word_1_916' title='bbox 1405 3230 1517 3256; x_wconf 87' lang='lat' dir='ltr'><strong>excludit</strong></span> <span class='ocrx_word' id='word_1_917' title='bbox 1536 3230 1662 3257; x_wconf 81' lang='lat' dir='ltr'><strong>infirmos.</strong></span> 
     </span>
    </p>

    <p class='ocr_par' dir='ltr' id='par_1_32' title="bbox 1180 3273 2144 3396">
     <span class='ocr_line' id='line_1_125' title="bbox 1252 3273 2144 3310; baseline 0.006 -11"><span class='ocrx_word' id='word_1_918' title='bbox 1252 3273 1273 3288; x_wconf 85' lang='lat'><strong>¹¹</strong></span> <span class='ocrx_word' id='word_1_919' title='bbox 1296 3274 1421 3307; x_wconf 82' lang='lat' dir='ltr'><strong>Vulgata,</strong></span> <span class='ocrx_word' id='word_1_920' title='bbox 1441 3282 1522 3308; x_wconf 86' lang='lat' dir='ltr'><strong>quam</strong></span> <span class='ocrx_word' id='word_1_921' title='bbox 1541 3279 1688 3308; x_wconf 86' lang='lat' dir='ltr'><strong>sequuntur</strong></span> <span class='ocrx_word' id='word_1_922' title='bbox 1707 3277 1824 3303; x_wconf 89' lang='lat' dir='ltr'><strong>nonnulli</strong></span> <span class='ocrx_word' id='word_1_923' title='bbox 1848 3278 1926 3303; x_wconf 88' lang='lat' dir='ltr'><strong>codd.</strong></span> <span class='ocrx_word' id='word_1_924' title='bbox 1946 3282 1971 3303; x_wconf 88' lang='lat' dir='ltr'><strong>et</strong></span> <span class='ocrx_word' id='word_1_925' title='bbox 1990 3278 2062 3309; x_wconf 70' lang='lat' dir='ltr'><strong>Vnt,</strong></span> <span class='ocrx_word' id='word_1_926' title='bbox 2090 3278 2144 3310; x_wconf 82' lang='lat' dir='ltr'><strong>Qui</strong></span> 
     </span>
     <span class='ocr_line' id='line_1_126' title="bbox 1180 3319 2140 3355; baseline 0.004 -9"><span class='ocrx_word' id='word_1_927' title='bbox 1180 3319 1258 3346; x_wconf 78' lang='lat' dir='ltr'><strong>enim.</strong></span> <span class='ocrx_word' id='word_1_928' title='bbox 1278 3333 1314 3338; x_wconf 97' lang='lat'><strong>—</strong></span> <span class='ocrx_word' id='word_1_929' title='bbox 1340 3319 1457 3346; x_wconf 86' lang='lat' dir='ltr'><strong>Subinde</strong></span> <span class='ocrx_word' id='word_1_930' title='bbox 1479 3321 1606 3353; x_wconf 86' lang='lat' dir='ltr'><strong>allegatur</strong></span> <span class='ocrx_word' id='word_1_931' title='bbox 1631 3322 1707 3347; x_wconf 85' lang='lat' dir='ltr'><strong>Eccli.</strong></span> <span class='ocrx_word' id='word_1_932' title='bbox 1734 3323 1779 3353; x_wconf 83' lang='grc'><strong>11,</strong></span> <span class='ocrx_word' id='word_1_933' title='bbox 1802 3323 1835 3353; x_wconf 81' lang='grc'><strong>9,</strong></span> <span class='ocrx_word' id='word_1_934' title='bbox 1856 3321 1901 3348; x_wconf 91' lang='lat' dir='ltr'><strong>ubi</strong></span> <span class='ocrx_word' id='word_1_935' title='bbox 1926 3330 1975 3355; x_wconf 89' lang='lat' dir='ltr'><strong>pro</strong></span> <span class='ocrx_word' id='word_1_936' title='bbox 1994 3322 2140 3350; x_wconf 80' lang='lat' dir='ltr'><strong>certaveris</strong></span> 
     </span>
     <span class='ocr_line' id='line_1_127' title="bbox 1181 3364 1553 3396; baseline 0.003 -6"><span class='ocrx_word' id='word_1_937' title='bbox 1181 3364 1292 3396; x_wconf 81' lang='lat' dir='ltr'><strong>Vulgata</strong></span> <span class='ocrx_word' id='word_1_938' title='bbox 1311 3367 1337 3389; x_wconf 91' lang='lat' dir='ltr'><strong>et</strong></span> <span class='ocrx_word' id='word_1_939' title='bbox 1356 3364 1415 3390; x_wconf 84' lang='lat' dir='ltr'><strong>Vat.</strong></span> <span class='ocrx_word' id='word_1_940' title='bbox 1433 3364 1553 3391; x_wconf 78' lang='lat' dir='ltr'><strong>certeris.</strong></span> 
     </span>
    </p>

    <p class='ocr_par' dir='ltr' id='par_1_33' title="bbox 1181 3407 2141 3484">
     <span class='ocr_line' id='line_1_128' title="bbox 1251 3407 2141 3444; baseline 0.003 -10"><span class='ocrx_word' id='word_1_941' title='bbox 1251 3407 1273 3422; x_wconf 78' lang='lat'><strong>¹⁹</strong></span> <span class='ocrx_word' id='word_1_942' title='bbox 1293 3409 1369 3435; x_wconf 80' lang='lat' dir='ltr'><strong>Vei-s.</strong></span> <span class='ocrx_word' id='word_1_943' title='bbox 1389 3409 1431 3434; x_wconf 87' lang='lat'><strong>30.</strong></span> <span class='ocrx_word' id='word_1_944' title='bbox 1451 3409 1500 3435; x_wconf 89' lang='lat' dir='ltr'><strong>Pro</strong></span> <span class='ocrx_word' id='word_1_945' title='bbox 1514 3411 1662 3444; x_wconf 74' lang='lat' dir='ltr'><strong>conqreqat</strong></span> <span class='ocrx_word' id='word_1_946' title='bbox 1679 3409 1698 3436; x_wconf 93' lang='lat' dir='ltr'><strong>C</strong></span> <span class='ocrx_word' id='word_1_947' title='bbox 1710 3410 1794 3436; x_wconf 83' lang='lat' dir='ltr'><strong>DGH</strong></span> <span class='ocrx_word' id='word_1_948' title='bbox 1814 3410 1927 3444; x_wconf 74' lang='lat' dir='ltr'><strong>colliqit,</strong></span> <span class='ocrx_word' id='word_1_949' title='bbox 1941 3411 2014 3444; x_wconf 91' lang='lat' dir='ltr'><strong>quod</strong></span> <span class='ocrx_word' id='word_1_950' title='bbox 2027 3411 2141 3437; x_wconf 88' lang='lat' dir='ltr'><strong>occurrit</strong></span> 
     </span>
     <span class='ocr_line' id='line_1_129' title="bbox 1181 3453 1750 3484; baseline 0.004 -6"><span class='ocrx_word' id='word_1_951' title='bbox 1181 3453 1243 3478; x_wconf 89' lang='lat' dir='ltr'><strong>Luc.</strong></span> <span class='ocrx_word' id='word_1_952' title='bbox 1262 3453 1289 3478; x_wconf 82' lang='grc'><strong>11</strong></span> <span class='ocrx_word' id='word_1_953' title='bbox 1302 3472 1309 3484; x_wconf 84' lang='grc'><strong><em>,</em></strong></span> <span class='ocrx_word' id='word_1_954' title='bbox 1329 3453 1371 3479; x_wconf 81' lang='lat'><strong>23.</strong></span> <span class='ocrx_word' id='word_1_955' title='bbox 1746 3471 1750 3473; x_wconf 59' lang='lat'><strong>&gt;</strong></span> 
     </span>
    </p>
   </div>
   <div class='ocr_carea' id='block_1_20' title="bbox 2188 387 2317 411">
    <p class='ocr_par' dir='ltr' id='par_1_34' title="bbox 2188 387 2317 411">
     <span class='ocr_line' id='line_1_130' title="bbox 2188 387 2317 411; baseline 0.023 -3"><span class='ocrx_word' id='word_1_956' title='bbox 2188 387 2317 411; x_wconf 75' lang='lat' dir='ltr'><strong>Secundum.</strong></span> 
     </span>
    </p>
   </div>
   <div class='ocr_carea' id='block_1_21' title="bbox 2187 651 2317 675">
    <p class='ocr_par' dir='ltr' id='par_1_35' title="bbox 2187 651 2317 675">
     <span class='ocr_line' id='line_1_131' title="bbox 2187 651 2317 675; baseline 0.023 -3"><span class='ocrx_word' id='word_1_957' title='bbox 2187 651 2317 675; x_wconf 66' lang='lat' dir='ltr'><strong>Notandum.</strong></span> 
     </span>
    </p>
   </div>
   <div class='ocr_carea' id='block_1_22' title="bbox 2174 1826 2278 1847">
    <p class='ocr_par' dir='ltr' id='par_1_36' title="bbox 2174 1826 2278 1847">
     <span class='ocr_line' id='line_1_132' title="bbox 2174 1826 2278 1847; baseline 0 0"><span class='ocrx_word' id='word_1_958' title='bbox 2174 1826 2278 1847; x_wconf 84' lang='lat' dir='ltr'><strong>Tertium.</strong></span> 
     </span>
    </p>
   </div>
   <div class='ocr_carea' id='block_1_23' title="bbox 2167 2466 2294 2489">
    <p class='ocr_par' dir='ltr' id='par_1_37' title="bbox 2167 2466 2294 2489">
     <span class='ocr_line' id='line_1_133' title="bbox 2167 2466 2294 2489; baseline 0.016 -2"><span class='ocrx_word' id='word_1_959' title='bbox 2167 2466 2294 2489; x_wconf 76' lang='lat' dir='ltr'><strong>Difficultas.</strong></span> 
     </span>
    </p>
   </div>
  </div>
 </body>
</html>
