<?xml version="1.0" encoding="UTF-8"?>
<!DOCTYPE html PUBLIC "-//W3C//DTD XHTML 1.0 Transitional//EN"
    "http://www.w3.org/TR/xhtml1/DTD/xhtml1-transitional.dtd">
<html xmlns="http://www.w3.org/1999/xhtml" xml:lang="en" lang="en">
 <head>
  <title>
</title>
<meta http-equiv="Content-Type" content="text/html;charset=utf-8" />
  <meta name='ocr-system' content='tesseract 3.04.00' />
  <meta name='ocr-capabilities' content='ocr_page ocr_carea ocr_par ocr_line ocrx_word'/>
</head>
<body>
  <div class='ocr_page' id='page_1' title='image "./doctorisseraphic07bona_0537.png"; bbox 0 0 2476 3921; ppageno 0'>
   <div class='ocr_carea' id='block_1_1' title="bbox 6 394 161 451">
    <p class='ocr_par' dir='ltr' id='par_1_1' title="bbox 6 394 161 451">
     <span class='ocr_line' id='line_1_1' title="bbox 6 394 161 419; baseline -0.019 0"><span class='ocrx_word' id='word_1_1' title='bbox 6 402 7 410; x_wconf 65' lang='lat'>¹</span> <span class='ocrx_word' id='word_1_2' title='bbox 37 395 98 419; x_wconf 74' lang='lat' dir='ltr'>Ratio</span> <span class='ocrx_word' id='word_1_3' title='bbox 111 394 148 417; x_wconf 86' lang='lat' dir='ltr'>tri·</span> <span class='ocrx_word' id='word_1_4' title='bbox 159 409 161 412; x_wconf 33' lang='grc' dir='ltr'><em>ψ</em></span> 
     </span>
     <span class='ocr_line' id='line_1_2' title="bbox 58 422 114 451; baseline 0 -7"><span class='ocrx_word' id='word_1_5' title='bbox 58 422 114 451; x_wconf 86' lang='lat' dir='ltr'>plex.</span> 
     </span>
    </p>
   </div>
   <div class='ocr_carea' id='block_1_2' title="bbox 6 675 8 733">
    <p class='ocr_par' dir='ltr' id='par_1_2' title="bbox 6 675 8 733">
     <span class='ocr_line' id='line_1_3' title="bbox 6 675 8 696; baseline 0 0"><span class='ocrx_word' id='word_1_6' title='bbox 6 675 8 696; x_wconf 93' lang='grc'>1</span> 
     </span>
     <span class='ocr_line' id='line_1_4' title="bbox 7 697 8 711; baseline 0 0"><span class='ocrx_word' id='word_1_7' title='bbox 7 697 8 711; x_wconf 81' lang='lat' dir='ltr'>l</span> 
     </span>
     <span class='ocr_line' id='line_1_5' title="bbox 7 713 8 733; baseline 0 0"><span class='ocrx_word' id='word_1_8' title='bbox 7 713 8 733; x_wconf 99' lang='grc'>1</span> 
     </span>
    </p>
   </div>
   <div class='ocr_carea' id='block_1_3' title="bbox 7 745 151 859">
    <p class='ocr_par' dir='ltr' id='par_1_3' title="bbox 7 745 151 859">
     <span class='ocr_line' id='line_1_6' title="bbox 7 745 151 799; baseline -0.014 -8"><span class='ocrx_word' id='word_1_9' title='bbox 7 745 61 798; x_wconf 33' lang='lat' dir='ltr'>,Quid</span> <span class='ocrx_word' id='word_1_10' title='bbox 74 767 102 799; x_wconf 63' lang='lat' dir='ltr'>git</span> <span class='ocrx_word' id='word_1_11' title='bbox 115 766 151 789; x_wconf 80' lang='lat' dir='ltr'>de-</span> 
     </span>
     <span class='ocr_line' id='line_1_7' title="bbox 7 799 116 859; baseline -0.018 -41"><span class='ocrx_word' id='word_1_12' title='bbox 7 801 9 859; x_wconf 42' lang='lat' dir='ltr'><em>r</em></span> <span class='ocrx_word' id='word_1_13' title='bbox 37 799 116 818; x_wconf 76' lang='lat' dir='ltr'>narius.</span> 
     </span>
    </p>
   </div>
   <div class='ocr_carea' id='block_1_4' title="bbox 7 878 148 1224">
    <p class='ocr_par' dir='ltr' id='par_1_4' title="bbox 7 878 148 1224">
     <span class='ocr_line' id='line_1_8' title="bbox 7 878 9 935; baseline 0 0"><span class='ocrx_word' id='word_1_14' title='bbox 7 878 9 935; x_wconf 97' lang='grc'>1</span> 
     </span>
     <span class='ocr_line' id='line_1_9' title="bbox 8 1086 148 1137; baseline -0.007 0"><span class='ocrx_word' id='word_1_15' title='bbox 8 1086 148 1137; x_wconf 53' lang='lat' dir='ltr'>*vinae</span> 
     </span>
     <span class='ocr_line' id='line_1_10' title="bbox 8 1199 9 1224; baseline 0 0"><span class='ocrx_word' id='word_1_16' title='bbox 8 1199 9 1224; x_wconf 99' lang='grc'>1</span> 
     </span>
    </p>
   </div>
   <div class='ocr_carea' id='block_1_5' title="bbox 8 1299 148 1430">
    <p class='ocr_par' dir='ltr' id='par_1_5' title="bbox 8 1299 148 1430">
     <span class='ocr_line' id='line_1_11' title="bbox 8 1299 148 1333; baseline -0.014 -9"><span class='ocrx_word' id='word_1_17' title='bbox 8 1299 61 1333; x_wconf 67' lang='lat' dir='ltr'>Quid</span> <span class='ocrx_word' id='word_1_18' title='bbox 76 1306 148 1333; x_wconf 74' lang='lat' dir='ltr'>super-</span> 
     </span>
     <span class='ocr_line' id='line_1_12' title="bbox 8 1326 148 1383; baseline 0.007 -7"><span class='ocrx_word' id='word_1_19' title='bbox 8 1326 9 1382; x_wconf 95' lang='grc'>1</span> <span class='ocrx_word' id='word_1_20' title='bbox 16 1329 101 1383; x_wconf 52' lang='lat' dir='ltr'>tisim</span> <span class='ocrx_word' id='word_1_21' title='bbox 111 1327 148 1350; x_wconf 78' lang='lat'>‘¹⁸¹‘</span> 
     </span>
     <span class='ocr_line' id='line_1_13' title="bbox 8 1392 9 1408; baseline 0 0"><span class='ocrx_word' id='word_1_22' title='bbox 8 1392 9 1408; x_wconf 80' lang='lat' dir='ltr'>l</span> 
     </span>
     <span class='ocr_line' id='line_1_14' title="bbox 8 1410 9 1430; baseline 0 0"><span class='ocrx_word' id='word_1_23' title='bbox 8 1410 9 1430; x_wconf 99' lang='grc'>1</span> 
     </span>
    </p>
   </div>
   <div class='ocr_carea' id='block_1_6' title="bbox 8 1620 148 1650">
    <p class='ocr_par' dir='ltr' id='par_1_6' title="bbox 8 1620 148 1650">
     <span class='ocr_line' id='line_1_15' title="bbox 8 1620 148 1650; baseline -0.007 -7"><span class='ocrx_word' id='word_1_24' title='bbox 8 1623 10 1640; x_wconf 74' lang='lat' dir='ltr'>l</span> <span class='ocrx_word' id='word_1_25' title='bbox 21 1620 148 1650; x_wconf 66' lang='lat' dir='ltr'>Notandum.</span> 
     </span>
    </p>
   </div>
   <div class='ocr_carea' id='block_1_7' title="bbox 19 2101 150 2150">
    <p class='ocr_par' dir='ltr' id='par_1_7' title="bbox 19 2101 150 2150">
     <span class='ocr_line' id='line_1_16' title="bbox 19 2101 150 2125; baseline 0.015 -2"><span class='ocrx_word' id='word_1_26' title='bbox 19 2101 99 2124; x_wconf 76' lang='lat' dir='ltr'>Solutio</span> <span class='ocrx_word' id='word_1_27' title='bbox 114 2107 150 2125; x_wconf 80' lang='lat' dir='ltr'>ve-</span> 
     </span>
     <span class='ocr_line' id='line_1_17' title="bbox 57 2134 102 2150; baseline 0 0"><span class='ocrx_word' id='word_1_28' title='bbox 57 2134 102 2150; x_wconf 70' lang='lat' dir='ltr'>tax.</span> 
     </span>
    </p>
   </div>
   <div class='ocr_carea' id='block_1_8' title="bbox 758 191 1562 230">
    <p class='ocr_par' dir='ltr' id='par_1_8' title="bbox 758 191 1562 230">
     <span class='ocr_line' id='line_1_18' title="bbox 758 191 1562 230; baseline 0.006 -5"><span class='ocrx_word' id='word_1_29' title='bbox 758 191 952 226; x_wconf 88' lang='lat' dir='ltr'>COMMENT.</span> <span class='ocrx_word' id='word_1_30' title='bbox 978 192 1015 226; x_wconf 86' lang='lat' dir='ltr'>IN</span> <span class='ocrx_word' id='word_1_31' title='bbox 1039 193 1278 227; x_wconf 80' lang='lat' dir='ltr'>EVANGELiUM</span> <span class='ocrx_word' id='word_1_32' title='bbox 1302 195 1419 229; x_wconf 82' lang='lat' dir='ltr'>LUCAE</span> <span class='ocrx_word' id='word_1_33' title='bbox 1444 196 1476 229; x_wconf 83' lang='lat' dir='ltr'>C.</span> <span class='ocrx_word' id='word_1_34' title='bbox 1500 197 1562 230; x_wconf 89' lang='lat' dir='ltr'>XX.</span> 
     </span>
    </p>
   </div>
   <div class='ocr_carea' id='block_1_9' title="bbox 165 279 1132 853">
    <p class='ocr_par' dir='ltr' id='par_1_9' title="bbox 165 279 1132 853">
     <span class='ocr_line' id='line_1_19' title="bbox 167 279 1131 324; baseline 0 -10"><span class='ocrx_word' id='word_1_35' title='bbox 167 280 484 324; x_wconf 76' lang='lat' dir='ltr'><em>superscriptionem</em></span> <span class='ocrx_word' id='word_1_36' title='bbox 497 279 537 313; x_wconf 79' lang='lat'>²?</span> <span class='ocrx_word' id='word_1_37' title='bbox 556 280 794 323; x_wconf 84' lang='lat' dir='ltr'>Respondentes</span> <span class='ocrx_word' id='word_1_38' title='bbox 809 281 969 314; x_wconf 79' lang='lat' dir='ltr'>dixerunt</span> <span class='ocrx_word' id='word_1_39' title='bbox 984 281 1032 314; x_wconf 83' lang='lat' dir='ltr'>ei:</span> <span class='ocrx_word' id='word_1_40' title='bbox 1052 281 1131 315; x_wconf 90' lang='lat' dir='ltr'>Cae-</span> 
     </span>
     <span class='ocr_line' id='line_1_20' title="bbox 165 334 1130 376; baseline -0.002 -7"><span class='ocrx_word' id='word_1_41' title='bbox 165 334 277 374; x_wconf 86' lang='lat' dir='ltr'>saris,</span> <span class='ocrx_word' id='word_1_42' title='bbox 301 334 419 368; x_wconf 90' lang='lat' dir='ltr'>scilicet</span> <span class='ocrx_word' id='word_1_43' title='bbox 442 334 475 367; x_wconf 92' lang='lat' dir='ltr'>in</span> <span class='ocrx_word' id='word_1_44' title='bbox 498 334 651 367; x_wconf 82' lang='lat' dir='ltr'>exteriori</span> <span class='ocrx_word' id='word_1_45' title='bbox 679 334 778 376; x_wconf 89' lang='lat' dir='ltr'>signo.</span> <span class='ocrx_word' id='word_1_46' title='bbox 806 334 868 368; x_wconf 88' lang='lat' dir='ltr'>Hoc</span> <span class='ocrx_word' id='word_1_47' title='bbox 892 334 1045 368; x_wconf 85' lang='lat' dir='ltr'>Dominus</span> <span class='ocrx_word' id='word_1_48' title='bbox 1068 344 1130 367; x_wconf 91' lang='lat' dir='ltr'>non</span> 
     </span>
     <span class='ocr_line' id='line_1_21' title="bbox 166 387 1132 433; baseline -0.001 -11"><span class='ocrx_word' id='word_1_49' title='bbox 166 388 309 433; x_wconf 89' lang='lat' dir='ltr'>quaerit,</span> <span class='ocrx_word' id='word_1_50' title='bbox 333 388 408 431; x_wconf 91' lang='lat' dir='ltr'>quia</span> <span class='ocrx_word' id='word_1_51' title='bbox 431 387 571 427; x_wconf 91' lang='lat' dir='ltr'>dubitet,</span> <span class='ocrx_word' id='word_1_52' title='bbox 596 387 650 421; x_wconf 90' lang='lat' dir='ltr'>sed</span> <span class='ocrx_word' id='word_1_53' title='bbox 674 390 710 421; x_wconf 93' lang='lat' dir='ltr'>ut</span> <span class='ocrx_word' id='word_1_54' title='bbox 734 396 776 421; x_wconf 85' lang='lat' dir='ltr'>ex</span> <span class='ocrx_word' id='word_1_55' title='bbox 800 397 912 421; x_wconf 92' lang='lat' dir='ltr'>eorum</span> <span class='ocrx_word' id='word_1_56' title='bbox 928 388 1132 431; x_wconf 83' lang='lat' dir='ltr'>responsione</span> 
     </span>
     <span class='ocr_line' id='line_1_22' title="bbox 166 440 1132 485; baseline -0.001 -10"><span class='ocrx_word' id='word_1_57' title='bbox 166 442 251 485; x_wconf 91' lang='lat' dir='ltr'>ipsos</span> <span class='ocrx_word' id='word_1_58' title='bbox 274 441 424 475; x_wconf 80' lang='lat' dir='ltr'>confutet.</span> <span class='ocrx_word' id='word_1_59' title='bbox 449 459 491 465; x_wconf 90' lang='lat'><em>-</em></span> <span class='ocrx_word' id='word_1_60' title='bbox 517 441 572 474; x_wconf 90' lang='lat' dir='ltr'>Vel</span> <span class='ocrx_word' id='word_1_61' title='bbox 594 440 665 474; x_wconf 89' lang='lat' dir='ltr'>ideo</span> <span class='ocrx_word' id='word_1_62' title='bbox 687 440 999 483; x_wconf 76' lang='lat' dir='ltr'>quaeritimaginem</span> <span class='ocrx_word' id='word_1_63' title='bbox 1023 444 1055 474; x_wconf 89' lang='lat' dir='ltr'>et</span> <span class='ocrx_word' id='word_1_64' title='bbox 1078 450 1132 474; x_wconf 91' lang='lat' dir='ltr'>su-</span> 
     </span>
     <span class='ocr_line' id='line_1_23' title="bbox 165 494 1132 538; baseline -0.002 -9"><span class='ocrx_word' id='word_1_65' title='bbox 165 494 427 538; x_wconf 88' lang='lat' dir='ltr'>perscriptionem</span> <span class='ocrx_word' id='word_1_66' title='bbox 449 494 588 534; x_wconf 90' lang='lat' dir='ltr'>denarii,</span> <span class='ocrx_word' id='word_1_67' title='bbox 611 497 649 527; x_wconf 91' lang='lat' dir='ltr'>ut</span> <span class='ocrx_word' id='word_1_68' title='bbox 671 502 714 527; x_wconf 84' lang='lat' dir='ltr'>ex</span> <span class='ocrx_word' id='word_1_69' title='bbox 734 494 802 536; x_wconf 91' lang='lat' dir='ltr'>ipsa</span> <span class='ocrx_word' id='word_1_70' title='bbox 817 494 919 527; x_wconf 82' lang='lat' dir='ltr'>forma</span> <span class='ocrx_word' id='word_1_71' title='bbox 935 497 967 527; x_wconf 93' lang='lat' dir='ltr'>et</span> <span class='ocrx_word' id='word_1_72' title='bbox 982 494 1086 537; x_wconf 84' lang='lat' dir='ltr'>figura</span> <span class='ocrx_word' id='word_1_73' title='bbox 1100 497 1132 528; x_wconf 92' lang='lat' dir='ltr'>et</span> 
     </span>
     <span class='ocr_line' id='line_1_24' title="bbox 165 546 1132 591; baseline -0.002 -9"><span class='ocrx_word' id='word_1_74' title='bbox 165 548 316 591; x_wconf 81' lang='lat' dir='ltr'>qualitate</span> <span class='ocrx_word' id='word_1_75' title='bbox 336 547 381 581; x_wconf 93' lang='lat' dir='ltr'>rei</span> <span class='ocrx_word' id='word_1_76' title='bbox 405 547 549 580; x_wconf 89' lang='lat' dir='ltr'>ostendat</span> <span class='ocrx_word' id='word_1_77' title='bbox 572 555 700 580; x_wconf 90' lang='lat' dir='ltr'>manare</span> <span class='ocrx_word' id='word_1_78' title='bbox 715 546 831 585; x_wconf 85' lang='lat' dir='ltr'>debere</span> <span class='ocrx_word' id='word_1_79' title='bbox 847 546 999 580; x_wconf 89' lang='lat' dir='ltr'>iudicium</span> <span class='ocrx_word' id='word_1_80' title='bbox 1023 547 1132 590; x_wconf 90' lang='lat' dir='ltr'>aequi-</span> 
     </span>
     <span class='ocr_line' id='line_1_25' title="bbox 166 599 1132 642; baseline -0.001 -8"><span class='ocrx_word' id='word_1_81' title='bbox 166 600 248 634; x_wconf 87' lang='lat' dir='ltr'>tatis.</span> <span class='ocrx_word' id='word_1_82' title='bbox 261 619 306 624; x_wconf 89' lang='lat'>—</span> <span class='ocrx_word' id='word_1_83' title='bbox 319 600 375 633; x_wconf 94' lang='lat' dir='ltr'>Vel</span> <span class='ocrx_word' id='word_1_84' title='bbox 386 599 456 633; x_wconf 92' lang='lat' dir='ltr'>ideo</span> <span class='ocrx_word' id='word_1_85' title='bbox 468 599 528 633; x_wconf 90' lang='lat' dir='ltr'>hoc</span> <span class='ocrx_word' id='word_1_86' title='bbox 541 599 689 641; x_wconf 87' lang='lat' dir='ltr'>requirit,</span> <span class='ocrx_word' id='word_1_87' title='bbox 701 603 738 632; x_wconf 92' lang='lat' dir='ltr'>ut</span> <span class='ocrx_word' id='word_1_88' title='bbox 753 599 914 639; x_wconf 89' lang='lat' dir='ltr'>ostendat,</span> <span class='ocrx_word' id='word_1_89' title='bbox 931 600 1016 642; x_wconf 90' lang='lat' dir='ltr'>quod</span> <span class='ocrx_word' id='word_1_90' title='bbox 1033 609 1132 633; x_wconf 90' lang='lat' dir='ltr'>unus-</span> 
     </span>
     <span class='ocr_line' id='line_1_26' title="bbox 165 652 1129 697; baseline -0.001 -10"><span class='ocrx_word' id='word_1_91' title='bbox 165 654 301 697; x_wconf 89' lang='lat' dir='ltr'>quisque</span> <span class='ocrx_word' id='word_1_92' title='bbox 323 653 511 686; x_wconf 80' lang='lat' dir='ltr'>iudicandus</span> <span class='ocrx_word' id='word_1_93' title='bbox 534 656 583 686; x_wconf 89' lang='lat' dir='ltr'>est</span> <span class='ocrx_word' id='word_1_94' title='bbox 604 652 779 686; x_wconf 91' lang='lat' dir='ltr'>secundum</span> <span class='ocrx_word' id='word_1_95' title='bbox 812 653 1129 696; x_wconf 82' lang='lat' dir='ltr'>superscriptionem,</span> 
     </span>
     <span class='ocr_line' id='line_1_27' title="bbox 165 706 1129 750; baseline -0.001 -9"><span class='ocrx_word' id='word_1_96' title='bbox 165 716 262 750; x_wconf 91' lang='lat' dir='ltr'>quam</span> <span class='ocrx_word' id='word_1_97' title='bbox 285 707 533 750; x_wconf 69' lang='lat' dir='ltr'>superscriptam</span> <span class='ocrx_word' id='word_1_98' title='bbox 557 706 653 740; x_wconf 92' lang='lat' dir='ltr'>habet</span> <span class='ocrx_word' id='word_1_99' title='bbox 676 706 802 749; x_wconf 80' lang='lat' dir='ltr'>imagini</span> <span class='ocrx_word' id='word_1_100' title='bbox 820 707 934 740; x_wconf 89' lang='lat' dir='ltr'>mentis</span> <span class='ocrx_word' id='word_1_101' title='bbox 950 716 1035 741; x_wconf 89' lang='lat' dir='ltr'>suae.</span> <span class='ocrx_word' id='word_1_102' title='bbox 1053 708 1129 740; x_wconf 91' lang='lat' dir='ltr'>Nam</span> 
     </span>
     <span class='ocr_line' id='line_1_28' title="bbox 165 760 1132 803; baseline 0.002 -10"><span class='ocrx_word' id='word_1_103' title='bbox 165 769 223 803; x_wconf 93' lang='lat' dir='ltr'>per</span> <span class='ocrx_word' id='word_1_104' title='bbox 253 760 434 793; x_wconf 81' lang='lat' dir='ltr'>denarium</span> <span class='ocrx_word' id='word_1_105' title='bbox 464 760 652 802; x_wconf 79' lang='lat' dir='ltr'>intelligitur</span> <span class='ocrx_word' id='word_1_106' title='bbox 675 760 789 800; x_wconf 89' lang='lat' dir='ltr'>homo,</span> <span class='ocrx_word' id='word_1_107' title='bbox 814 761 889 803; x_wconf 90' lang='lat' dir='ltr'>quia</span> <span class='ocrx_word' id='word_1_108' title='bbox 911 761 1062 795; x_wconf 91' lang='lat' dir='ltr'>denarius</span> <span class='ocrx_word' id='word_1_109' title='bbox 1084 765 1132 795; x_wconf 90' lang='lat' dir='ltr'>est</span> 
     </span>
     <span class='ocr_line' id='line_1_29' title="bbox 165 813 1132 853; baseline 0 -5"><span class='ocrx_word' id='word_1_110' title='bbox 165 814 205 848; x_wconf 89' lang='lat' dir='ltr'>de</span> <span class='ocrx_word' id='word_1_111' title='bbox 226 813 359 847; x_wconf 70' lang='lat' dir='ltr'>materia</span> <span class='ocrx_word' id='word_1_112' title='bbox 381 813 544 853; x_wconf 83' lang='lat' dir='ltr'>terrestri,</span> <span class='ocrx_word' id='word_1_113' title='bbox 568 813 687 846; x_wconf 89' lang='lat' dir='ltr'>scilicet</span> <span class='ocrx_word' id='word_1_114' title='bbox 710 813 749 847; x_wconf 89' lang='lat' dir='ltr'>de</span> <span class='ocrx_word' id='word_1_115' title='bbox 772 814 917 853; x_wconf 88' lang='lat' dir='ltr'>metallo,</span> <span class='ocrx_word' id='word_1_116' title='bbox 934 818 965 847; x_wconf 90' lang='lat' dir='ltr'>et</span> <span class='ocrx_word' id='word_1_117' title='bbox 982 814 1078 848; x_wconf 93' lang='lat' dir='ltr'>homo</span> <span class='ocrx_word' id='word_1_118' title='bbox 1093 815 1132 848; x_wconf 92' lang='lat' dir='ltr'>de</span> 
     </span>
    </p>
   </div>
   <div class='ocr_carea' id='block_1_10' title="bbox 119 866 1131 907">
    <p class='ocr_par' dir='ltr' id='par_1_10' title="bbox 119 866 1131 907">
     <span class='ocr_line' id='line_1_30' title="bbox 119 866 1131 907; baseline 0 -6"><span class='ocrx_word' id='word_1_119' title='bbox 119 890 121 893; x_wconf 85' lang='lat'>.</span> <span class='ocrx_word' id='word_1_120' title='bbox 167 868 258 907; x_wconf 91' lang='lat' dir='ltr'>lim0;</span> <span class='ocrx_word' id='word_1_121' title='bbox 282 867 412 900; x_wconf 87' lang='lat' dir='ltr'>Genesis</span> <span class='ocrx_word' id='word_1_122' title='bbox 435 866 620 900; x_wconf 65' lang='lat' dir='ltr'>secundoss:</span> <span class='ocrx_word' id='word_1_123' title='bbox 650 879 666 896; x_wconf 72' lang='grc' dir='ltr'>α</span> <span class='ocrx_word' id='word_1_124' title='bbox 682 867 841 900; x_wconf 90' lang='lat' dir='ltr'>Formavit</span> <span class='ocrx_word' id='word_1_125' title='bbox 863 868 949 901; x_wconf 92' lang='lat' dir='ltr'>Deus</span> <span class='ocrx_word' id='word_1_126' title='bbox 972 868 1131 902; x_wconf 90' lang='lat' dir='ltr'>hominem</span> 
     </span>
    </p>
   </div>
   <div class='ocr_carea' id='block_1_11' title="bbox 165 920 1136 2405">
    <p class='ocr_par' dir='ltr' id='par_1_11' title="bbox 165 920 1136 2032">
     <span class='ocr_line' id='line_1_31' title="bbox 166 920 1132 964; baseline 0 -10"><span class='ocrx_word' id='word_1_127' title='bbox 166 921 205 955; x_wconf 92' lang='lat' dir='ltr'>de</span> <span class='ocrx_word' id='word_1_128' title='bbox 228 920 303 954; x_wconf 87' lang='lat' dir='ltr'>limo</span> <span class='ocrx_word' id='word_1_129' title='bbox 327 923 433 954; x_wconf 90' lang='lat' dir='ltr'>terrae</span> <span class='ocrx_word' id='word_1_130' title='bbox 449 933 481 960; x_wconf 75' lang='grc' dir='ltr'>»ς</span> <span class='ocrx_word' id='word_1_131' title='bbox 510 923 545 953; x_wconf 89' lang='lat' dir='ltr'>et</span> <span class='ocrx_word' id='word_1_132' title='bbox 568 920 636 963; x_wconf 89' lang='lat' dir='ltr'>ipse</span> <span class='ocrx_word' id='word_1_133' title='bbox 660 920 808 954; x_wconf 81' lang='lat' dir='ltr'>decimus</span> <span class='ocrx_word' id='word_1_134' title='bbox 831 924 879 955; x_wconf 89' lang='lat' dir='ltr'>est</span> <span class='ocrx_word' id='word_1_135' title='bbox 902 925 973 964; x_wconf 89' lang='lat' dir='ltr'>post</span> <span class='ocrx_word' id='word_1_136' title='bbox 996 930 1132 955; x_wconf 83' lang='lat' dir='ltr'>novena-</span> 
     </span>
     <span class='ocr_line' id='line_1_32' title="bbox 166 973 1132 1018; baseline 0 -10"><span class='ocrx_word' id='word_1_137' title='bbox 166 974 251 1008; x_wconf 92' lang='lat' dir='ltr'>rium</span> <span class='ocrx_word' id='word_1_138' title='bbox 272 974 463 1017; x_wconf 83' lang='lat' dir='ltr'>Angelorum</span> <span class='ocrx_word' id='word_1_139' title='bbox 494 977 525 1007; x_wconf 91' lang='lat' dir='ltr'>et</span> <span class='ocrx_word' id='word_1_140' title='bbox 548 983 606 1016; x_wconf 91' lang='lat' dir='ltr'>per</span> <span class='ocrx_word' id='word_1_141' title='bbox 629 973 829 1007; x_wconf 76' lang='lat' dir='ltr'>drachmam</span> <span class='ocrx_word' id='word_1_142' title='bbox 852 984 959 1008; x_wconf 81' lang='lat' dir='ltr'>unam</span> <span class='ocrx_word' id='word_1_143' title='bbox 989 975 1132 1018; x_wconf 88' lang='lat' dir='ltr'>designa-</span> 
     </span>
     <span class='ocr_line' id='line_1_33' title="bbox 165 1027 1131 1070; baseline 0 -9"><span class='ocrx_word' id='word_1_144' title='bbox 165 1031 220 1062; x_wconf 91' lang='lat' dir='ltr'>tur</span> <span class='ocrx_word' id='word_1_145' title='bbox 243 1037 342 1070; x_wconf 90' lang='lat' dir='ltr'>supra</span> <span class='ocrx_word' id='word_1_146' title='bbox 363 1027 485 1061; x_wconf 88' lang='lat' dir='ltr'>decimo</span> <span class='ocrx_word' id='word_1_147' title='bbox 508 1027 640 1070; x_wconf 90' lang='lat' dir='ltr'>quinto:</span> <span class='ocrx_word' id='word_1_148' title='bbox 670 1040 686 1056; x_wconf 78' lang='grc' dir='ltr'><em>α</em></span> <span class='ocrx_word' id='word_1_149' title='bbox 702 1027 762 1061; x_wconf 81' lang='lat' dir='ltr'>Aut</span> <span class='ocrx_word' id='word_1_150' title='bbox 786 1037 868 1070; x_wconf 91' lang='lat' dir='ltr'>quae</span> <span class='ocrx_word' id='word_1_151' title='bbox 891 1028 1007 1062; x_wconf 91' lang='lat' dir='ltr'>mulier</span> <span class='ocrx_word' id='word_1_152' title='bbox 1027 1041 1043 1058; x_wconf 67' lang='grc' dir='ltr'>ιι</span> <span class='ocrx_word' id='word_1_153' title='bbox 1072 1031 1131 1062; x_wconf 91' lang='lat' dir='ltr'>etc.</span> 
     </span>
     <span class='ocr_line' id='line_1_34' title="bbox 167 1080 1130 1125; baseline 0 -10"><span class='ocrx_word' id='word_1_154' title='bbox 167 1082 225 1115; x_wconf 92' lang='lat' dir='ltr'>Per</span> <span class='ocrx_word' id='word_1_155' title='bbox 248 1081 431 1125; x_wconf 65' lang='lat' dir='ltr'>imaginem</span> <span class='ocrx_word' id='word_1_156' title='bbox 454 1080 589 1114; x_wconf 84' lang='lat' dir='ltr'>denarii</span> <span class='ocrx_word' id='word_1_157' title='bbox 611 1080 798 1123; x_wconf 84' lang='lat' dir='ltr'>intelligitur</span> <span class='ocrx_word' id='word_1_158' title='bbox 822 1081 958 1114; x_wconf 82' lang='lat' dir='ltr'>Trinitas</span> <span class='ocrx_word' id='word_1_159' title='bbox 981 1090 1130 1124; x_wconf 88' lang='lat' dir='ltr'>persona-</span> 
     </span>
     <span class='ocr_line' id='line_1_35' title="bbox 167 1133 1132 1177; baseline 0.001 -9"><span class='ocrx_word' id='word_1_160' title='bbox 167 1143 259 1174; x_wconf 90' lang='lat' dir='ltr'>rum,</span> <span class='ocrx_word' id='word_1_161' title='bbox 281 1134 321 1168; x_wconf 91' lang='lat' dir='ltr'>de</span> <span class='ocrx_word' id='word_1_162' title='bbox 344 1140 408 1177; x_wconf 88' lang='lat' dir='ltr'>qua</span> <span class='ocrx_word' id='word_1_163' title='bbox 431 1133 636 1167; x_wconf 86' lang='lat' dir='ltr'>Ecclesiastici</span> <span class='ocrx_word' id='word_1_164' title='bbox 661 1133 782 1167; x_wconf 87' lang='lat' dir='ltr'>decimo</span> <span class='ocrx_word' id='word_1_165' title='bbox 806 1134 985 1177; x_wconf 82' lang='lat' dir='ltr'>septimo³:</span> <span class='ocrx_word' id='word_1_166' title='bbox 1015 1148 1031 1164; x_wconf 74' lang='grc' dir='ltr'><em>α</em></span> <span class='ocrx_word' id='word_1_167' title='bbox 1048 1135 1132 1169; x_wconf 90' lang='lat' dir='ltr'>Deus</span> 
     </span>
     <span class='ocr_line' id='line_1_36' title="bbox 166 1187 1131 1231; baseline 0 -9"><span class='ocrx_word' id='word_1_168' title='bbox 166 1188 205 1222; x_wconf 91' lang='lat' dir='ltr'>de</span> <span class='ocrx_word' id='word_1_169' title='bbox 236 1191 322 1222; x_wconf 87' lang='lat' dir='ltr'>terra</span> <span class='ocrx_word' id='word_1_170' title='bbox 353 1188 472 1221; x_wconf 89' lang='lat' dir='ltr'>creavit</span> <span class='ocrx_word' id='word_1_171' title='bbox 502 1187 661 1220; x_wconf 91' lang='lat' dir='ltr'>hominem</span> <span class='ocrx_word' id='word_1_172' title='bbox 693 1190 725 1220; x_wconf 92' lang='lat' dir='ltr'>et</span> <span class='ocrx_word' id='word_1_173' title='bbox 755 1187 930 1221; x_wconf 91' lang='lat' dir='ltr'>secundum</span> <span class='ocrx_word' id='word_1_174' title='bbox 965 1188 1131 1231; x_wconf 81' lang='lat' dir='ltr'>imaginem</span> 
     </span>
     <span class='ocr_line' id='line_1_37' title="bbox 167 1239 1132 1282; baseline -0.001 -7"><span class='ocrx_word' id='word_1_175' title='bbox 167 1250 256 1276; x_wconf 90' lang='lat' dir='ltr'>suam</span> <span class='ocrx_word' id='word_1_176' title='bbox 287 1241 361 1274; x_wconf 88' lang='lat' dir='ltr'>fecit</span> <span class='ocrx_word' id='word_1_177' title='bbox 391 1240 482 1274; x_wconf 92' lang='lat' dir='ltr'>illum</span> <span class='ocrx_word' id='word_1_178' title='bbox 498 1253 529 1280; x_wconf 79' lang='grc'>»;</span> <span class='ocrx_word' id='word_1_179' title='bbox 562 1243 594 1273; x_wconf 85' lang='lat' dir='ltr'>et</span> <span class='ocrx_word' id='word_1_180' title='bbox 623 1239 752 1273; x_wconf 87' lang='lat' dir='ltr'>Genesis</span> <span class='ocrx_word' id='word_1_181' title='bbox 784 1240 908 1282; x_wconf 90' lang='lat' dir='ltr'>primo:</span> <span class='ocrx_word' id='word_1_182' title='bbox 938 1241 1132 1274; x_wconf 76' lang='lat' dir='ltr'>«Faciamus</span> 
     </span>
     <span class='ocr_line' id='line_1_38' title="bbox 167 1294 1132 1337; baseline -0.002 -8"><span class='ocrx_word' id='word_1_183' title='bbox 167 1295 327 1329; x_wconf 90' lang='lat' dir='ltr'>hominem</span> <span class='ocrx_word' id='word_1_184' title='bbox 351 1294 390 1328; x_wconf 88' lang='lat' dir='ltr'>ad</span> <span class='ocrx_word' id='word_1_185' title='bbox 421 1294 590 1337; x_wconf 82' lang='lat' dir='ltr'>imaginem</span> <span class='ocrx_word' id='word_1_186' title='bbox 608 1306 623 1323; x_wconf 56' lang='grc' dir='ltr'>ιω</span> <span class='ocrx_word' id='word_1_187' title='bbox 652 1297 711 1326; x_wconf 85' lang='lat' dir='ltr'>etc.</span> <span class='ocrx_word' id='word_1_188' title='bbox 737 1294 794 1327; x_wconf 86' lang='lat' dir='ltr'>Per</span> <span class='ocrx_word' id='word_1_189' title='bbox 817 1295 1132 1337; x_wconf 75' lang='lat' dir='ltr'>superscriptionem</span> 
     </span>
     <span class='ocr_line' id='line_1_39' title="bbox 167 1347 1131 1391; baseline -0.002 -9"><span class='ocrx_word' id='word_1_190' title='bbox 167 1348 354 1391; x_wconf 84' lang='lat' dir='ltr'>intelligitur</span> <span class='ocrx_word' id='word_1_191' title='bbox 376 1348 513 1391; x_wconf 84' lang='lat' dir='ltr'>qualitas</span> <span class='ocrx_word' id='word_1_192' title='bbox 536 1356 682 1386; x_wconf 89' lang='lat' dir='ltr'>morum,</span> <span class='ocrx_word' id='word_1_193' title='bbox 707 1347 832 1380; x_wconf 81' lang='lat' dir='ltr'>ethaeo</span> <span class='ocrx_word' id='word_1_194' title='bbox 848 1350 896 1380; x_wconf 89' lang='lat' dir='ltr'>est</span> <span class='ocrx_word' id='word_1_195' title='bbox 910 1347 1048 1390; x_wconf 87' lang='lat' dir='ltr'>duplex:</span> <span class='ocrx_word' id='word_1_196' title='bbox 1066 1357 1131 1381; x_wconf 85' lang='lat' dir='ltr'>una</span> 
     </span>
     <span class='ocr_line' id='line_1_40' title="bbox 168 1400 1132 1443; baseline -0.001 -8"><span class='ocrx_word' id='word_1_197' title='bbox 168 1402 304 1441; x_wconf 82' lang='lat' dir='ltr'>divina,</span> <span class='ocrx_word' id='word_1_198' title='bbox 329 1401 390 1434; x_wconf 87' lang='lat' dir='ltr'>alia</span> <span class='ocrx_word' id='word_1_199' title='bbox 412 1401 600 1434; x_wconf 78' lang='lat' dir='ltr'>mundana.</span> <span class='ocrx_word' id='word_1_200' title='bbox 631 1400 754 1433; x_wconf 85' lang='lat' dir='ltr'>Divina</span> <span class='ocrx_word' id='word_1_201' title='bbox 777 1403 825 1433; x_wconf 86' lang='lat' dir='ltr'>est</span> <span class='ocrx_word' id='word_1_202' title='bbox 848 1409 905 1442; x_wconf 90' lang='lat' dir='ltr'>per</span> <span class='ocrx_word' id='word_1_203' title='bbox 929 1400 1036 1434; x_wconf 90' lang='lat' dir='ltr'>lumen</span> <span class='ocrx_word' id='word_1_204' title='bbox 1060 1410 1132 1443; x_wconf 88' lang='lat' dir='ltr'>gra-</span> 
     </span>
     <span class='ocr_line' id='line_1_41' title="bbox 167 1453 1133 1496; baseline -0.003 -7"><span class='ocrx_word' id='word_1_205' title='bbox 167 1455 228 1489; x_wconf 92' lang='lat' dir='ltr'>tiae</span> <span class='ocrx_word' id='word_1_206' title='bbox 251 1458 282 1488; x_wconf 90' lang='lat' dir='ltr'>et</span> <span class='ocrx_word' id='word_1_207' title='bbox 305 1454 460 1494; x_wconf 89' lang='lat' dir='ltr'>iustitiae;</span> <span class='ocrx_word' id='word_1_208' title='bbox 482 1454 623 1487; x_wconf 89' lang='lat' dir='ltr'>Psalmus</span> <span class='ocrx_word' id='word_1_209' title='bbox 635 1454 664 1486; x_wconf 72' lang='lat'>4:</span> <span class='ocrx_word' id='word_1_210' title='bbox 690 1467 706 1482; x_wconf 85' lang='lat'>«</span> <span class='ocrx_word' id='word_1_211' title='bbox 722 1453 884 1496; x_wconf 88' lang='lat' dir='ltr'>Signatum</span> <span class='ocrx_word' id='word_1_212' title='bbox 900 1457 947 1487; x_wconf 91' lang='lat' dir='ltr'>est</span> <span class='ocrx_word' id='word_1_213' title='bbox 963 1463 1060 1496; x_wconf 90' lang='lat' dir='ltr'>super</span> <span class='ocrx_word' id='word_1_214' title='bbox 1076 1463 1133 1487; x_wconf 93' lang='lat' dir='ltr'>nos</span> 
     </span>
     <span class='ocr_line' id='line_1_42' title="bbox 168 1506 1133 1550; baseline -0.002 -8"><span class='ocrx_word' id='word_1_215' title='bbox 168 1509 277 1542; x_wconf 90' lang='lat' dir='ltr'>lumen</span> <span class='ocrx_word' id='word_1_216' title='bbox 300 1508 409 1541; x_wconf 89' lang='lat' dir='ltr'>vultus</span> <span class='ocrx_word' id='word_1_217' title='bbox 432 1507 498 1547; x_wconf 91' lang='lat' dir='ltr'>tui,</span> <span class='ocrx_word' id='word_1_218' title='bbox 521 1507 653 1540; x_wconf 88' lang='lat' dir='ltr'>Domine</span> <span class='ocrx_word' id='word_1_219' title='bbox 669 1519 700 1547; x_wconf 88' lang='lat'>»;</span> <span class='ocrx_word' id='word_1_220' title='bbox 717 1506 895 1540; x_wconf 85' lang='lat' dir='ltr'>mundana</span> <span class='ocrx_word' id='word_1_221' title='bbox 910 1510 1034 1546; x_wconf 90' lang='lat' dir='ltr'>autem,</span> <span class='ocrx_word' id='word_1_222' title='bbox 1051 1516 1133 1550; x_wconf 88' lang='lat' dir='ltr'>quae</span> 
     </span>
     <span class='ocr_line' id='line_1_43' title="bbox 168 1559 1132 1602; baseline -0.003 -7"><span class='ocrx_word' id='word_1_223' title='bbox 168 1565 216 1595; x_wconf 89' lang='lat' dir='ltr'>est</span> <span class='ocrx_word' id='word_1_224' title='bbox 239 1561 398 1600; x_wconf 86' lang='lat' dir='ltr'>Caesaris,</span> <span class='ocrx_word' id='word_1_225' title='bbox 423 1564 471 1594; x_wconf 91' lang='lat' dir='ltr'>est</span> <span class='ocrx_word' id='word_1_226' title='bbox 493 1569 551 1602; x_wconf 87' lang='lat' dir='ltr'>per</span> <span class='ocrx_word' id='word_1_227' title='bbox 574 1560 749 1602; x_wconf 86' lang='lat' dir='ltr'>appetitum</span> <span class='ocrx_word' id='word_1_228' title='bbox 773 1559 954 1602; x_wconf 75' lang='lat' dir='ltr'>cupiditatis</span> <span class='ocrx_word' id='word_1_229' title='bbox 977 1563 1008 1593; x_wconf 90' lang='lat' dir='ltr'>et</span> <span class='ocrx_word' id='word_1_230' title='bbox 1031 1560 1132 1593; x_wconf 89' lang='lat' dir='ltr'>avari-</span> 
     </span>
     <span class='ocr_line' id='line_1_44' title="bbox 167 1613 1132 1656; baseline -0.002 -8"><span class='ocrx_word' id='word_1_231' title='bbox 167 1615 238 1648; x_wconf 90' lang='lat' dir='ltr'>tiae.</span> <span class='ocrx_word' id='word_1_232' title='bbox 263 1614 308 1647; x_wconf 95' lang='lat' dir='ltr'>De</span> <span class='ocrx_word' id='word_1_233' title='bbox 331 1614 391 1647; x_wconf 86' lang='lat' dir='ltr'>hac</span> <span class='ocrx_word' id='word_1_234' title='bbox 414 1613 646 1647; x_wconf 80' lang='lat' dir='ltr'>Ambrosius⁵z</span> <span class='ocrx_word' id='word_1_235' title='bbox 678 1626 694 1643; x_wconf 75' lang='grc' dir='ltr'><strong>α</strong></span> <span class='ocrx_word' id='word_1_236' title='bbox 710 1613 813 1656; x_wconf 84' lang='lat' dir='ltr'>Imago</span> <span class='ocrx_word' id='word_1_237' title='bbox 830 1613 971 1646; x_wconf 83' lang='lat' dir='ltr'>Caesaris</span> <span class='ocrx_word' id='word_1_238' title='bbox 995 1622 1057 1646; x_wconf 90' lang='lat' dir='ltr'>non</span> <span class='ocrx_word' id='word_1_239' title='bbox 1082 1622 1132 1647; x_wconf 93' lang='lat' dir='ltr'>re-</span> 
     </span>
     <span class='ocr_line' id='line_1_45' title="bbox 166 1666 1135 1711; baseline -0.001 -10"><span class='ocrx_word' id='word_1_240' title='bbox 166 1668 290 1711; x_wconf 89' lang='lat' dir='ltr'>peritur</span> <span class='ocrx_word' id='word_1_241' title='bbox 314 1667 374 1701; x_wconf 91' lang='lat' dir='ltr'>nisi</span> <span class='ocrx_word' id='word_1_242' title='bbox 398 1667 429 1700; x_wconf 92' lang='lat' dir='ltr'>in</span> <span class='ocrx_word' id='word_1_243' title='bbox 458 1667 556 1706; x_wconf 90' lang='lat' dir='ltr'>mari,</span> <span class='ocrx_word' id='word_1_244' title='bbox 580 1666 636 1700; x_wconf 93' lang='lat' dir='ltr'>ubi</span> <span class='ocrx_word' id='word_1_245' title='bbox 659 1667 813 1700; x_wconf 87' lang='lat' dir='ltr'>dracones</span> <span class='ocrx_word' id='word_1_246' title='bbox 829 1679 860 1706; x_wconf 80' lang='lat'>»;</span> <span class='ocrx_word' id='word_1_247' title='bbox 884 1667 916 1699; x_wconf 91' lang='lat' dir='ltr'>in</span> <span class='ocrx_word' id='word_1_248' title='bbox 940 1676 1004 1710; x_wconf 90' lang='lat' dir='ltr'>quo</span> <span class='ocrx_word' id='word_1_249' title='bbox 1036 1667 1135 1710; x_wconf 85' lang='lat' dir='ltr'>tangit</span> 
     </span>
     <span class='ocr_line' id='line_1_46' title="bbox 167 1720 1134 1764; baseline -0.001 -9"><span class='ocrx_word' id='word_1_250' title='bbox 167 1721 245 1755; x_wconf 91' lang='lat' dir='ltr'>illud</span> <span class='ocrx_word' id='word_1_251' title='bbox 268 1721 354 1764; x_wconf 89' lang='lat' dir='ltr'>quod</span> <span class='ocrx_word' id='word_1_252' title='bbox 369 1720 486 1763; x_wconf 91' lang='lat' dir='ltr'>legitur</span> <span class='ocrx_word' id='word_1_253' title='bbox 502 1720 647 1754; x_wconf 88' lang='lat' dir='ltr'>Matthaei</span> <span class='ocrx_word' id='word_1_254' title='bbox 664 1720 788 1754; x_wconf 88' lang='lat' dir='ltr'>decimo</span> <span class='ocrx_word' id='word_1_255' title='bbox 804 1720 954 1763; x_wconf 88' lang='lat' dir='ltr'>septimo,</span> <span class='ocrx_word' id='word_1_256' title='bbox 971 1720 1027 1753; x_wconf 90' lang='lat' dir='ltr'>ubi</span> <span class='ocrx_word' id='word_1_257' title='bbox 1044 1720 1134 1754; x_wconf 90' lang='lat' dir='ltr'>Chri-</span> 
     </span>
     <span class='ocr_line' id='line_1_47' title="bbox 166 1774 1132 1817; baseline -0.002 -8"><span class='ocrx_word' id='word_1_258' title='bbox 166 1779 235 1809; x_wconf 90' lang='lat' dir='ltr'>stus</span> <span class='ocrx_word' id='word_1_259' title='bbox 257 1775 343 1810; x_wconf 85' lang='lat' dir='ltr'>misit</span> <span class='ocrx_word' id='word_1_260' title='bbox 366 1775 494 1808; x_wconf 88' lang='lat' dir='ltr'>Petrum</span> <span class='ocrx_word' id='word_1_261' title='bbox 517 1774 557 1807; x_wconf 91' lang='lat' dir='ltr'>ad</span> <span class='ocrx_word' id='word_1_262' title='bbox 580 1781 689 1814; x_wconf 89' lang='lat' dir='ltr'>mare;</span> <span class='ocrx_word' id='word_1_263' title='bbox 714 1778 745 1808; x_wconf 91' lang='lat' dir='ltr'>et</span> <span class='ocrx_word' id='word_1_264' title='bbox 769 1774 888 1807; x_wconf 88' lang='lat' dir='ltr'>invenit</span> <span class='ocrx_word' id='word_1_265' title='bbox 904 1774 1022 1817; x_wconf 89' lang='lat' dir='ltr'>piscem</span> <span class='ocrx_word' id='word_1_266' title='bbox 1045 1777 1077 1808; x_wconf 89' lang='lat' dir='ltr'>et</span> <span class='ocrx_word' id='word_1_267' title='bbox 1101 1775 1132 1807; x_wconf 93' lang='lat' dir='ltr'>in</span> 
     </span>
     <span class='ocr_line' id='line_1_48' title="bbox 166 1827 1135 1872; baseline -0.002 -10"><span class='ocrx_word' id='word_1_268' title='bbox 166 1828 252 1872; x_wconf 85' lang='lat' dir='ltr'>pisce</span> <span class='ocrx_word' id='word_1_269' title='bbox 274 1831 441 1868; x_wconf 85' lang='lat' dir='ltr'>staterem,</span> <span class='ocrx_word' id='word_1_270' title='bbox 467 1837 564 1871; x_wconf 91' lang='lat' dir='ltr'>quem</span> <span class='ocrx_word' id='word_1_271' title='bbox 589 1827 714 1861; x_wconf 86' lang='lat' dir='ltr'>Caesari</span> <span class='ocrx_word' id='word_1_272' title='bbox 738 1827 852 1867; x_wconf 88' lang='lat' dir='ltr'>solvit;</span> <span class='ocrx_word' id='word_1_273' title='bbox 876 1828 909 1860; x_wconf 92' lang='lat' dir='ltr'>in</span> <span class='ocrx_word' id='word_1_274' title='bbox 933 1837 997 1871; x_wconf 92' lang='lat' dir='ltr'>quo</span> <span class='ocrx_word' id='word_1_275' title='bbox 1020 1828 1135 1861; x_wconf 92' lang='lat' dir='ltr'>intelli-</span> 
     </span>
     <span class='ocr_line' id='line_1_49' title="bbox 165 1880 1135 1925; baseline -0.002 -9"><span class='ocrx_word' id='word_1_276' title='bbox 165 1882 269 1925; x_wconf 86' lang='lat' dir='ltr'>gitur,</span> <span class='ocrx_word' id='word_1_277' title='bbox 286 1881 379 1925; x_wconf 88' lang='lat' dir='ltr'>&#39;quod</span> <span class='ocrx_word' id='word_1_278' title='bbox 393 1881 629 1924; x_wconf 84' lang='lat' dir='ltr'>superscriptio</span> <span class='ocrx_word' id='word_1_279' title='bbox 652 1880 846 1914; x_wconf 87' lang='lat' dir='ltr'>terrenitatis</span> <span class='ocrx_word' id='word_1_280' title='bbox 869 1890 931 1914; x_wconf 92' lang='lat' dir='ltr'>non</span> <span class='ocrx_word' id='word_1_281' title='bbox 955 1884 1003 1914; x_wconf 90' lang='lat' dir='ltr'>est</span> <span class='ocrx_word' id='word_1_282' title='bbox 1026 1881 1084 1914; x_wconf 89' lang='lat' dir='ltr'>nisi</span> <span class='ocrx_word' id='word_1_283' title='bbox 1102 1881 1135 1914; x_wconf 90' lang='lat' dir='ltr'>in</span> 
     </span>
     <span class='ocr_line' id='line_1_50' title="bbox 165 1928 1136 1978; baseline -0.001 -9"><span class='ocrx_word' id='word_1_284' title='bbox 165 1935 333 1970; x_wconf 90' lang='lat' dir='ltr'>mundanis</span> <span class='ocrx_word' id='word_1_285' title='bbox 348 1928 529 1975; x_wconf 81' lang='lat' dir='ltr'>mentibus,</span> <span class='ocrx_word' id='word_1_286' title='bbox 541 1935 575 1968; x_wconf 90' lang='lat' dir='ltr'>in</span> <span class='ocrx_word' id='word_1_287' title='bbox 590 1935 708 1978; x_wconf 88' lang='lat' dir='ltr'>quihus</span> <span class='ocrx_word' id='word_1_288' title='bbox 724 1944 782 1977; x_wconf 90' lang='lat' dir='ltr'>pro</span> <span class='ocrx_word' id='word_1_289' title='bbox 798 1934 1024 1977; x_wconf 88' lang='lat' dir='ltr'>cupiditatibus</span> <span class='ocrx_word' id='word_1_290' title='bbox 1040 1935 1136 1968; x_wconf 90' lang='lat' dir='ltr'>variis</span> 
     </span>
     <span class='ocr_line' id='line_1_51' title="bbox 166 1988 817 2032; baseline -0.002 -10"><span class='ocrx_word' id='word_1_291' title='bbox 166 1992 214 2022; x_wconf 90' lang='lat' dir='ltr'>est</span> <span class='ocrx_word' id='word_1_292' title='bbox 237 1988 375 2032; x_wconf 90' lang='lat' dir='ltr'>procella</span> <span class='ocrx_word' id='word_1_293' title='bbox 397 1991 429 2021; x_wconf 90' lang='lat' dir='ltr'>et</span> <span class='ocrx_word' id='word_1_294' title='bbox 452 1988 589 2030; x_wconf 91' lang='lat' dir='ltr'>impetus</span> <span class='ocrx_word' id='word_1_295' title='bbox 613 1988 817 2030; x_wconf 87' lang='lat' dir='ltr'>tempestatis.</span> 
     </span>
    </p>

    <p class='ocr_par' dir='ltr' id='par_1_12' title="bbox 167 2041 1136 2405">
     <span class='ocr_line' id='line_1_52' title="bbox 172 2041 1133 2084; baseline -0.001 -9"><span class='ocrx_word' id='word_1_296' title='bbox 172 2045 174 2047; x_wconf 83' lang='lat'>&#39;</span> <span class='ocrx_word' id='word_1_297' title='bbox 256 2041 309 2075; x_wconf 83' lang='lat'>31.</span> <span class='ocrx_word' id='word_1_298' title='bbox 335 2042 437 2083; x_wconf 90' lang='lat' dir='ltr'>(Vers.</span> <span class='ocrx_word' id='word_1_299' title='bbox 463 2042 540 2081; x_wconf 56' lang='lat'>25).</span> <span class='ocrx_word' id='word_1_300' title='bbox 574 2041 717 2074; x_wconf 90' lang='lat' dir='ltr'>Secundo</span> <span class='ocrx_word' id='word_1_301' title='bbox 740 2044 897 2084; x_wconf 88' lang='lat' dir='ltr'>quantum</span> <span class='ocrx_word' id='word_1_302' title='bbox 921 2041 960 2074; x_wconf 89' lang='lat' dir='ltr'>ad</span> <span class='ocrx_word' id='word_1_303' title='bbox 983 2050 1133 2074; x_wconf 83' lang='lat' dir='ltr'>veracem</span> 
     </span>
     <span class='ocr_line' id='line_1_53' title="bbox 167 2094 1136 2138; baseline -0.002 -9"><span class='ocrx_word' id='word_1_304' title='bbox 167 2095 416 2129; x_wconf 76' lang='lat' dir='ltr'>dissolutionem</span> <span class='ocrx_word' id='word_1_305' title='bbox 435 2095 629 2138; x_wconf 77' lang='lat' dir='ltr'>propositae</span> <span class='ocrx_word' id='word_1_306' title='bbox 651 2094 857 2138; x_wconf 79' lang='lat' dir='ltr'>quaestionis</span> <span class='ocrx_word' id='word_1_307' title='bbox 881 2094 1010 2128; x_wconf 84' lang='lat' dir='ltr'>subdit.-</span> <span class='ocrx_word' id='word_1_308' title='bbox 1028 2096 1069 2127; x_wconf 83' lang='lat' dir='ltr'>Et</span> <span class='ocrx_word' id='word_1_309' title='bbox 1084 2095 1136 2128; x_wconf 87' lang='lat' dir='ltr'>ait</span> 
     </span>
     <span class='ocr_line' id='line_1_54' title="bbox 167 2148 1133 2193; baseline -0.003 -10"><span class='ocrx_word' id='word_1_310' title='bbox 167 2149 255 2183; x_wconf 84' lang='lat' dir='ltr'>illis.-</span> <span class='ocrx_word' id='word_1_311' title='bbox 280 2149 415 2189; x_wconf 75' lang='lat' dir='ltr'>Reddite</span> <span class='ocrx_word' id='word_1_312' title='bbox 437 2158 515 2192; x_wconf 69' lang='lat' dir='ltr'>erqo</span> <span class='ocrx_word' id='word_1_313' title='bbox 538 2157 624 2193; x_wconf 76' lang='lat' dir='ltr'>qnae</span> <span class='ocrx_word' id='word_1_314' title='bbox 638 2153 720 2181; x_wconf 81' lang='lat' dir='ltr'>sunt</span> <span class='ocrx_word' id='word_1_315' title='bbox 737 2148 893 2181; x_wconf 80' lang='lat' dir='ltr'>Caesaris</span> <span class='ocrx_word' id='word_1_316' title='bbox 918 2148 1060 2181; x_wconf 88' lang='lat' dir='ltr'>Caesari</span> <span class='ocrx_word' id='word_1_317' title='bbox 1065 2160 1077 2187; x_wconf 89' lang='lat'><em>;</em></span> <span class='ocrx_word' id='word_1_318' title='bbox 1101 2148 1133 2181; x_wconf 91' lang='lat' dir='ltr'>in</span> 
     </span>
     <span class='ocr_line' id='line_1_55' title="bbox 167 2201 1133 2246; baseline -0.003 -10"><span class='ocrx_word' id='word_1_319' title='bbox 167 2212 231 2246; x_wconf 94' lang='lat' dir='ltr'>quo</span> <span class='ocrx_word' id='word_1_320' title='bbox 262 2202 426 2236; x_wconf 85' lang='lat' dir='ltr'>manifeste</span> <span class='ocrx_word' id='word_1_321' title='bbox 456 2202 572 2236; x_wconf 91' lang='lat' dir='ltr'>iustam</span> <span class='ocrx_word' id='word_1_322' title='bbox 602 2202 656 2235; x_wconf 90' lang='lat' dir='ltr'>dat</span> <span class='ocrx_word' id='word_1_323' title='bbox 686 2201 940 2244; x_wconf 89' lang='lat' dir='ltr'>responsionem;</span> <span class='ocrx_word' id='word_1_324' title='bbox 970 2203 1017 2234; x_wconf 89' lang='lat' dir='ltr'>est</span> <span class='ocrx_word' id='word_1_325' title='bbox 1048 2201 1133 2234; x_wconf 90' lang='lat' dir='ltr'>enim</span> 
     </span>
     <span class='ocr_line' id='line_1_56' title="bbox 167 2254 1132 2298; baseline -0.001 -9"><span class='ocrx_word' id='word_1_326' title='bbox 167 2258 257 2289; x_wconf 71' lang='lat' dir='ltr'>aetus</span> <span class='ocrx_word' id='word_1_327' title='bbox 268 2255 406 2289; x_wconf 89' lang='lat' dir='ltr'>iustitiae</span> <span class='ocrx_word' id='word_1_328' title='bbox 428 2268 444 2285; x_wconf 75' lang='grc' dir='ltr'><strong>α</strong></span> <span class='ocrx_word' id='word_1_329' title='bbox 460 2255 592 2289; x_wconf 89' lang='lat' dir='ltr'>reddere</span> <span class='ocrx_word' id='word_1_330' title='bbox 608 2255 783 2298; x_wconf 88' lang='lat' dir='ltr'>unicuique</span> <span class='ocrx_word' id='word_1_331' title='bbox 799 2254 884 2297; x_wconf 86' lang='lat' dir='ltr'>quod</span> <span class='ocrx_word' id='word_1_332' title='bbox 900 2263 995 2288; x_wconf 90' lang='lat' dir='ltr'>suum</span> <span class='ocrx_word' id='word_1_333' title='bbox 1012 2258 1059 2288; x_wconf 89' lang='lat' dir='ltr'>est</span> <span class='ocrx_word' id='word_1_334' title='bbox 1071 2255 1083 2275; x_wconf 83' lang='lat'>⁶</span> <span class='ocrx_word' id='word_1_335' title='bbox 1101 2268 1132 2288; x_wconf 72' lang='lat' dir='ltr'>n.</span> 
     </span>
     <span class='ocr_line' id='line_1_57' title="bbox 168 2308 1132 2352; baseline -0.002 -10"><span class='ocrx_word' id='word_1_336' title='bbox 168 2309 199 2342; x_wconf 91' lang='lat' dir='ltr'>Si</span> <span class='ocrx_word' id='word_1_337' title='bbox 222 2317 298 2352; x_wconf 87' lang='lat' dir='ltr'>ergo</span> <span class='ocrx_word' id='word_1_338' title='bbox 321 2317 373 2342; x_wconf 90' lang='lat' dir='ltr'>res</span> <span class='ocrx_word' id='word_1_339' title='bbox 395 2312 443 2342; x_wconf 88' lang='lat' dir='ltr'>est</span> <span class='ocrx_word' id='word_1_340' title='bbox 466 2309 535 2342; x_wconf 89' lang='lat' dir='ltr'>eius</span> <span class='ocrx_word' id='word_1_341' title='bbox 567 2309 659 2344; x_wconf 89' lang='lat' dir='ltr'>cuius</span> <span class='ocrx_word' id='word_1_342' title='bbox 689 2309 786 2342; x_wconf 89' lang='lat' dir='ltr'>habet</span> <span class='ocrx_word' id='word_1_343' title='bbox 814 2308 1132 2351; x_wconf 84' lang='lat' dir='ltr'>superscriptionem3</span> 
     </span>
     <span class='ocr_line' id='line_1_58' title="bbox 168 2361 1132 2405; baseline -0.002 -9"><span class='ocrx_word' id='word_1_344' title='bbox 168 2371 241 2396; x_wconf 89' lang='lat' dir='ltr'>cum</span> <span class='ocrx_word' id='word_1_345' title='bbox 273 2362 458 2405; x_wconf 86' lang='lat' dir='ltr'>temporalia</span> <span class='ocrx_word' id='word_1_346' title='bbox 489 2362 790 2405; x_wconf 89' lang='lat' dir='ltr'>superscriptionem</span> <span class='ocrx_word' id='word_1_347' title='bbox 814 2361 955 2395; x_wconf 89' lang='lat' dir='ltr'>Caesaris</span> <span class='ocrx_word' id='word_1_348' title='bbox 980 2361 1132 2401; x_wconf 86' lang='lat' dir='ltr'>habeant,</span> 
     </span>
    </p>
   </div>
   <div class='ocr_carea' id='block_1_12' title="bbox 169 2572 1136 3405">
    <p class='ocr_par' dir='ltr' id='par_1_13' title="bbox 169 2572 1135 3087">
     <span class='ocr_line' id='line_1_59' title="bbox 241 2572 1133 2607; baseline 0.001 -8"><span class='ocrx_word' id='word_1_349' title='bbox 241 2572 250 2587; x_wconf 88' lang='lat'><em>¹</em></span> <span class='ocrx_word' id='word_1_350' title='bbox 271 2574 305 2599; x_wconf 88' lang='lat' dir='ltr'>lta</span> <span class='ocrx_word' id='word_1_351' title='bbox 324 2574 403 2599; x_wconf 80' lang='lat' dir='ltr'>etiarn</span> <span class='ocrx_word' id='word_1_352' title='bbox 422 2574 451 2599; x_wconf 91' lang='lat' dir='ltr'>B.</span> <span class='ocrx_word' id='word_1_353' title='bbox 471 2573 568 2600; x_wconf 80' lang='lat' dir='ltr'>Albert.</span> <span class='ocrx_word' id='word_1_354' title='bbox 588 2577 614 2599; x_wconf 91' lang='lat' dir='ltr'>et</span> <span class='ocrx_word' id='word_1_355' title='bbox 631 2574 656 2599; x_wconf 89' lang='lat' dir='ltr'>S.</span> <span class='ocrx_word' id='word_1_356' title='bbox 676 2574 771 2600; x_wconf 84' lang='lat' dir='ltr'>Tliom.</span> <span class='ocrx_word' id='word_1_357' title='bbox 789 2573 855 2607; x_wconf 89' lang='lat' dir='ltr'>(Cat.</span> <span class='ocrx_word' id='word_1_358' title='bbox 874 2581 953 2600; x_wconf 88' lang='lat' dir='ltr'>aurea</span> <span class='ocrx_word' id='word_1_359' title='bbox 968 2574 994 2600; x_wconf 88' lang='lat' dir='ltr'>in</span> <span class='ocrx_word' id='word_1_360' title='bbox 1013 2574 1075 2600; x_wconf 89' lang='lat' dir='ltr'>Luc.</span> <span class='ocrx_word' id='word_1_361' title='bbox 1090 2574 1133 2600; x_wconf 81' lang='lat'>20.</span> 
     </span>
     <span class='ocr_line' id='line_1_60' title="bbox 169 2617 1132 2652; baseline 0.001 -9"><span class='ocrx_word' id='word_1_362' title='bbox 169 2625 195 2644; x_wconf 93' lang='grc'>11.</span> <span class='ocrx_word' id='word_1_363' title='bbox 209 2617 258 2652; x_wconf 87' lang='grc'><strong>3.);</strong></span> <span class='ocrx_word' id='word_1_364' title='bbox 278 2619 324 2643; x_wconf 83' lang='lat' dir='ltr'>cfr.</span> <span class='ocrx_word' id='word_1_365' title='bbox 344 2618 431 2644; x_wconf 81' lang='lat' dir='ltr'>lllatth.</span> <span class='ocrx_word' id='word_1_366' title='bbox 451 2618 498 2649; x_wconf 84' lang='grc'>20,</span> <span class='ocrx_word' id='word_1_367' title='bbox 524 2619 567 2644; x_wconf 85' lang='grc'>20.</span> <span class='ocrx_word' id='word_1_368' title='bbox 590 2618 702 2650; x_wconf 83' lang='lat' dir='ltr'>Vulgata</span> <span class='ocrx_word' id='word_1_369' title='bbox 726 2618 938 2652; x_wconf 80' lang='lat' dir='ltr'>inscriptionem.</span> <span class='ocrx_word' id='word_1_370' title='bbox 957 2632 993 2638; x_wconf 92' lang='lat'>—</span> <span class='ocrx_word' id='word_1_371' title='bbox 1011 2619 1132 2650; x_wconf 62' lang='lat' dir='ltr'>Hieron,</span> 
     </span>
     <span class='ocr_line' id='line_1_61' title="bbox 171 2662 1131 2696; baseline 0.001 -8"><span class='ocrx_word' id='word_1_372' title='bbox 171 2662 207 2688; x_wconf 89' lang='lat' dir='ltr'>lll.</span> <span class='ocrx_word' id='word_1_373' title='bbox 227 2662 255 2688; x_wconf 89' lang='lat' dir='ltr'>in</span> <span class='ocrx_word' id='word_1_374' title='bbox 274 2663 362 2688; x_wconf 87' lang='lat' dir='ltr'>Mattli.</span> <span class='ocrx_word' id='word_1_375' title='bbox 382 2663 429 2694; x_wconf 82' lang='lat'>22,</span> <span class='ocrx_word' id='word_1_376' title='bbox 447 2663 489 2688; x_wconf 71' lang='lat'>119.</span> <span class='ocrx_word' id='word_1_377' title='bbox 502 2669 591 2696; x_wconf 68' lang='lat' dir='ltr'>seqq:</span> <span class='ocrx_word' id='word_1_378' title='bbox 612 2662 758 2695; x_wconf 77' lang='lat' dir='ltr'>Ostendite,</span> <span class='ocrx_word' id='word_1_379' title='bbox 781 2663 878 2696; x_wconf 87' lang='lat' dir='ltr'>inquit,</span> <span class='ocrx_word' id='word_1_380' title='bbox 892 2662 960 2689; x_wconf 82' lang='lat' dir='ltr'>mihi</span> <span class='ocrx_word' id='word_1_381' title='bbox 971 2662 1131 2696; x_wconf 82' lang='lat' dir='ltr'>denarium,</span> 
     </span>
     <span class='ocr_line' id='line_1_62' title="bbox 169 2707 1134 2740; baseline 0 -7"><span class='ocrx_word' id='word_1_382' title='bbox 169 2708 220 2733; x_wconf 88' lang='lat' dir='ltr'>lioc</span> <span class='ocrx_word' id='word_1_383' title='bbox 239 2710 277 2733; x_wconf 86' lang='lat' dir='ltr'>est</span> <span class='ocrx_word' id='word_1_384' title='bbox 296 2714 381 2739; x_wconf 84' lang='lat' dir='ltr'>genus</span> <span class='ocrx_word' id='word_1_385' title='bbox 399 2707 515 2738; x_wconf 81' lang='lat' dir='ltr'>nummi,</span> <span class='ocrx_word' id='word_1_386' title='bbox 539 2707 613 2740; x_wconf 90' lang='lat' dir='ltr'>quod</span> <span class='ocrx_word' id='word_1_387' title='bbox 632 2714 681 2740; x_wconf 90' lang='lat' dir='ltr'>pro</span> <span class='ocrx_word' id='word_1_388' title='bbox 699 2708 792 2734; x_wconf 85' lang='lat' dir='ltr'>decem</span> <span class='ocrx_word' id='word_1_389' title='bbox 818 2708 936 2733; x_wconf 85' lang='lat' dir='ltr'>nummis</span> <span class='ocrx_word' id='word_1_390' title='bbox 956 2707 1134 2740; x_wconf 83' lang='lat' dir='ltr'>imputabatur</span> 
     </span>
     <span class='ocr_line' id='line_1_63' title="bbox 170 2750 1135 2783; baseline 0.002 -7"><span class='ocrx_word' id='word_1_391' title='bbox 170 2754 196 2777; x_wconf 88' lang='lat' dir='ltr'>et</span> <span class='ocrx_word' id='word_1_392' title='bbox 221 2750 336 2777; x_wconf 83' lang='lat' dir='ltr'>habebat</span> <span class='ocrx_word' id='word_1_393' title='bbox 360 2751 504 2783; x_wconf 82' lang='lat' dir='ltr'>imaginem</span> <span class='ocrx_word' id='word_1_394' title='bbox 529 2750 655 2777; x_wconf 84' lang='lat' dir='ltr'>Caesaris.</span> <span class='ocrx_word' id='word_1_395' title='bbox 681 2750 715 2778; x_wconf 85' lang='lat' dir='ltr'>Et</span> <span class='ocrx_word' id='word_1_396' title='bbox 728 2751 767 2778; x_wconf 81' lang='lat' dir='ltr'>ait</span> <span class='ocrx_word' id='word_1_397' title='bbox 792 2751 846 2778; x_wconf 81' lang='lat' dir='ltr'>illis</span> <span class='ocrx_word' id='word_1_398' title='bbox 872 2752 966 2778; x_wconf 81' lang='lat' dir='ltr'>lesus:</span> <span class='ocrx_word' id='word_1_399' title='bbox 987 2750 1071 2778; x_wconf 80' lang='lat' dir='ltr'>Cuius</span> <span class='ocrx_word' id='word_1_400' title='bbox 1096 2752 1135 2778; x_wconf 79' lang='lat' dir='ltr'>est</span> 
     </span>
     <span class='ocr_line' id='line_1_64' title="bbox 170 2794 1135 2829; baseline -0.001 -7"><span class='ocrx_word' id='word_1_401' title='bbox 170 2794 261 2829; x_wconf 63' lang='lat' dir='ltr'>imago</span> <span class='ocrx_word' id='word_1_402' title='bbox 280 2794 346 2822; x_wconf 77' lang='lat' dir='ltr'>haec</span> <span class='ocrx_word' id='word_1_403' title='bbox 364 2796 390 2822; x_wconf 86' lang='lat' dir='ltr'>et</span> <span class='ocrx_word' id='word_1_404' title='bbox 406 2795 619 2829; x_wconf 80' lang='lat' dir='ltr'>superscriptio?</span> <span class='ocrx_word' id='word_1_405' title='bbox 639 2796 687 2829; x_wconf 85' lang='lat' dir='ltr'>Qui</span> <span class='ocrx_word' id='word_1_406' title='bbox 708 2798 808 2828; x_wconf 87' lang='lat' dir='ltr'>putant,</span> <span class='ocrx_word' id='word_1_407' title='bbox 828 2796 1064 2828; x_wconf 77' lang='lat' dir='ltr'>interrogationem·</span> <span class='ocrx_word' id='word_1_408' title='bbox 1080 2796 1135 2822; x_wconf 86' lang='lat' dir='ltr'>Sal-</span> 
     </span>
     <span class='ocr_line' id='line_1_65' title="bbox 170 2839 1134 2872; baseline 0.001 -8"><span class='ocrx_word' id='word_1_409' title='bbox 170 2839 269 2865; x_wconf 87' lang='lat' dir='ltr'>vatoris</span> <span class='ocrx_word' id='word_1_410' title='bbox 296 2839 557 2871; x_wconf 86' lang='lat' dir='ltr'>ignorantiam.esse</span> <span class='ocrx_word' id='word_1_411' title='bbox 586 2842 611 2866; x_wconf 85' lang='lat' dir='ltr'>et</span> <span class='ocrx_word' id='word_1_412' title='bbox 630 2847 683 2866; x_wconf 92' lang='lat' dir='ltr'>non</span> <span class='ocrx_word' id='word_1_413' title='bbox 710 2840 946 2872; x_wconf 83' lang='lat' dir='ltr'>dispensationem,</span> <span class='ocrx_word' id='word_1_414' title='bbox 977 2840 1079 2866; x_wconf 85' lang='lat' dir='ltr'>discant</span> <span class='ocrx_word' id='word_1_415' title='bbox 1102 2846 1134 2865; x_wconf 89' lang='lat' dir='ltr'>ex</span> 
     </span>
     <span class='ocr_line' id='line_1_66' title="bbox 170 2883 1134 2917; baseline 0.001 -9"><span class='ocrx_word' id='word_1_416' title='bbox 170 2883 300 2915; x_wconf 83' lang='lat' dir='ltr'>praesenti</span> <span class='ocrx_word' id='word_1_417' title='bbox 320 2884 390 2916; x_wconf 91' lang='lat' dir='ltr'>loco,</span> <span class='ocrx_word' id='word_1_418' title='bbox 409 2884 483 2917; x_wconf 91' lang='lat' dir='ltr'>quod</span> <span class='ocrx_word' id='word_1_419' title='bbox 502 2884 594 2917; x_wconf 88' lang='lat' dir='ltr'>utique</span> <span class='ocrx_word' id='word_1_420' title='bbox 613 2884 727 2916; x_wconf 82' lang='lat' dir='ltr'>potuerit</span> <span class='ocrx_word' id='word_1_421' title='bbox 746 2885 813 2911; x_wconf 85' lang='lat' dir='ltr'>scire</span> <span class='ocrx_word' id='word_1_422' title='bbox 837 2885 922 2917; x_wconf 87' lang='lat' dir='ltr'>lesus,</span> <span class='ocrx_word' id='word_1_423' title='bbox 945 2884 1020 2910; x_wconf 89' lang='lat' dir='ltr'>cuius</span> <span class='ocrx_word' id='word_1_424' title='bbox 1045 2884 1134 2917; x_wconf 84' lang='lat' dir='ltr'>imago</span> 
     </span>
     <span class='ocr_line' id='line_1_67' title="bbox 170 2927 1135 2962; baseline 0.002 -9"><span class='ocrx_word' id='word_1_425' title='bbox 170 2930 240 2954; x_wconf 83' lang='lat' dir='ltr'>esset</span> <span class='ocrx_word' id='word_1_426' title='bbox 258 2927 283 2953; x_wconf 92' lang='lat' dir='ltr'>in</span> <span class='ocrx_word' id='word_1_427' title='bbox 301 2934 426 2959; x_wconf 84' lang='lat' dir='ltr'>nummo,</span> <span class='ocrx_word' id='word_1_428' title='bbox 446 2928 493 2955; x_wconf 87' lang='lat' dir='ltr'>sed</span> <span class='ocrx_word' id='word_1_429' title='bbox 513 2929 668 2962; x_wconf 82' lang='lat' dir='ltr'>interrogat,</span> <span class='ocrx_word' id='word_1_430' title='bbox 688 2932 716 2955; x_wconf 85' lang='lat' dir='ltr'>ut</span> <span class='ocrx_word' id='word_1_431' title='bbox 735 2929 768 2955; x_wconf 91' lang='lat' dir='ltr'>ad</span> <span class='ocrx_word' id='word_1_432' title='bbox 782 2936 932 2955; x_wconf 88' lang='lat' dir='ltr'>sermonem</span> <span class='ocrx_word' id='word_1_433' title='bbox 951 2935 1045 2955; x_wconf 87' lang='lat' dir='ltr'>eorum</span> <span class='ocrx_word' id='word_1_434' title='bbox 1064 2935 1135 2955; x_wconf 89' lang='lat' dir='ltr'>com-</span> 
     </span>
     <span class='ocr_line' id='line_1_68' title="bbox 171 2972 1134 3006; baseline 0.001 -8"><span class='ocrx_word' id='word_1_435' title='bbox 171 2974 289 3004; x_wconf 80' lang='lat' dir='ltr'>petenter</span> <span class='ocrx_word' id='word_1_436' title='bbox 307 2972 495 3004; x_wconf 86' lang='lat' dir='ltr'>respondeat...</span> <span class='ocrx_word' id='word_1_437' title='bbox 514 2973 658 3000; x_wconf 83' lang='lat' dir='ltr'>Gaesarem</span> <span class='ocrx_word' id='word_1_438' title='bbox 682 2981 736 3000; x_wconf 90' lang='lat' dir='ltr'>non</span> <span class='ocrx_word' id='word_1_439' title='bbox 755 2976 879 3006; x_wconf 83' lang='lat' dir='ltr'>putemus</span> <span class='ocrx_word' id='word_1_440' title='bbox 904 2974 1068 3006; x_wconf 83' lang='lat' dir='ltr'>Augustum,</span> <span class='ocrx_word' id='word_1_441' title='bbox 1087 2973 1134 2999; x_wconf 88' lang='lat' dir='ltr'>sed</span> 
     </span>
     <span class='ocr_line' id='line_1_69' title="bbox 170 3015 1134 3052; baseline 0.002 -10"><span class='ocrx_word' id='word_1_442' title='bbox 170 3015 305 3042; x_wconf 88' lang='lat' dir='ltr'>Tiberium</span> <span class='ocrx_word' id='word_1_443' title='bbox 325 3016 480 3050; x_wconf 79' lang='lat' dir='ltr'>significari,</span> <span class='ocrx_word' id='word_1_444' title='bbox 499 3017 652 3050; x_wconf 85' lang='lat' dir='ltr'>privignum</span> <span class='ocrx_word' id='word_1_445' title='bbox 673 3018 755 3044; x_wconf 86' lang='lat' dir='ltr'>eius...</span> <span class='ocrx_word' id='word_1_446' title='bbox 775 3018 826 3045; x_wconf 88' lang='lat' dir='ltr'>sub</span> <span class='ocrx_word' id='word_1_447' title='bbox 845 3025 899 3052; x_wconf 89' lang='lat' dir='ltr'>quo</span> <span class='ocrx_word' id='word_1_448' title='bbox 924 3025 1019 3050; x_wconf 85' lang='lat' dir='ltr'>passus</span> <span class='ocrx_word' id='word_1_449' title='bbox 1032 3020 1071 3044; x_wconf 85' lang='lat' dir='ltr'>est</span> <span class='ocrx_word' id='word_1_450' title='bbox 1084 3018 1134 3044; x_wconf 89' lang='lat' dir='ltr'>Du·</span> 
     </span>
     <span class='ocr_line' id='line_1_70' title="bbox 172 3060 268 3087; baseline 0.01 -1"><span class='ocrx_word' id='word_1_451' title='bbox 172 3060 268 3087; x_wconf 86' lang='lat' dir='ltr'>minus.</span> 
     </span>
    </p>

    <p class='ocr_par' dir='ltr' id='par_1_14' title="bbox 183 3103 920 3185">
     <span class='ocr_line' id='line_1_71' title="bbox 243 3103 920 3139; baseline 0.003 -8"><span class='ocrx_word' id='word_1_452' title='bbox 243 3103 254 3120; x_wconf 79' lang='lat'>²</span> <span class='ocrx_word' id='word_1_453' title='bbox 273 3105 348 3131; x_wconf 88' lang='lat' dir='ltr'>Vers.</span> <span class='ocrx_word' id='word_1_454' title='bbox 367 3105 394 3131; x_wconf 86' lang='lat'>7.</span> <span class='ocrx_word' id='word_1_455' title='bbox 412 3119 448 3125; x_wconf 89' lang='lat'>-—</span> <span class='ocrx_word' id='word_1_456' title='bbox 467 3105 585 3132; x_wconf 84' lang='lat' dir='ltr'>Subinde</span> <span class='ocrx_word' id='word_1_457' title='bbox 603 3107 732 3139; x_wconf 82' lang='lat' dir='ltr'>allegatur</span> <span class='ocrx_word' id='word_1_458' title='bbox 743 3108 806 3134; x_wconf 89' lang='lat' dir='ltr'>Luc.</span> <span class='ocrx_word' id='word_1_459' title='bbox 826 3107 874 3139; x_wconf 68' lang='lat'>⁴5,</span> <span class='ocrx_word' id='word_1_460' title='bbox 893 3108 920 3133; x_wconf 83' lang='lat'>8.</span> 
     </span>
     <span class='ocr_line' id='line_1_72' title="bbox 183 3147 771 3185; baseline 0.005 -10"><span class='ocrx_word' id='word_1_461' title='bbox 183 3170 187 3173; x_wconf 67' lang='lat'>.</span> <span class='ocrx_word' id='word_1_462' title='bbox 241 3147 253 3164; x_wconf 79' lang='lat'>⁸</span> <span class='ocrx_word' id='word_1_463' title='bbox 272 3150 348 3176; x_wconf 88' lang='lat' dir='ltr'>Vers.</span> <span class='ocrx_word' id='word_1_464' title='bbox 368 3151 398 3183; x_wconf 70' lang='lat' dir='ltr'>rt,</span> <span class='ocrx_word' id='word_1_465' title='bbox 417 3153 477 3183; x_wconf 86' lang='lat' dir='ltr'>post</span> <span class='ocrx_word' id='word_1_466' title='bbox 494 3157 575 3183; x_wconf 89' lang='lat' dir='ltr'>quem</span> <span class='ocrx_word' id='word_1_467' title='bbox 594 3151 658 3177; x_wconf 90' lang='lat' dir='ltr'>Gen.</span> <span class='ocrx_word' id='word_1_468' title='bbox 679 3152 708 3185; x_wconf 78' lang='lat' dir='ltr'>l,</span> <span class='ocrx_word' id='word_1_469' title='bbox 728 3152 771 3178; x_wconf 88' lang='grc'>26.</span> 
     </span>
    </p>

    <p class='ocr_par' dir='ltr' id='par_1_15' title="bbox 243 3192 463 3228">
     <span class='ocr_line' id='line_1_73' title="bbox 243 3192 463 3228; baseline 0 -8"><span class='ocrx_word' id='word_1_470' title='bbox 243 3192 255 3208; x_wconf 75' lang='grc'><em>“</em></span> <span class='ocrx_word' id='word_1_471' title='bbox 274 3194 370 3220; x_wconf 86' lang='lat' dir='ltr'>Psalm.</span> <span class='ocrx_word' id='word_1_472' title='bbox 390 3194 420 3228; x_wconf 76' lang='lat'>4,</span> <span class='ocrx_word' id='word_1_473' title='bbox 438 3194 463 3220; x_wconf 86' lang='lat'>7.</span> 
     </span>
    </p>

    <p class='ocr_par' dir='ltr' id='par_1_16' title="bbox 171 3236 1136 3405">
     <span class='ocr_line' id='line_1_74' title="bbox 244 3236 1134 3273; baseline 0.001 -9"><span class='ocrx_word' id='word_1_474' title='bbox 244 3236 255 3252; x_wconf 75' lang='lat'><em>⁶</em></span> <span class='ocrx_word' id='word_1_475' title='bbox 274 3238 345 3265; x_wconf 87' lang='lat' dir='ltr'>Libr.</span> <span class='ocrx_word' id='word_1_476' title='bbox 363 3239 406 3265; x_wconf 86' lang='lat' dir='ltr'>lX.</span> <span class='ocrx_word' id='word_1_477' title='bbox 425 3239 452 3265; x_wconf 87' lang='lat' dir='ltr'>in</span> <span class='ocrx_word' id='word_1_478' title='bbox 470 3239 533 3265; x_wconf 85' lang='lat' dir='ltr'>Luc.</span> <span class='ocrx_word' id='word_1_479' title='bbox 553 3246 576 3265; x_wconf 90' lang='lat' dir='ltr'>c.</span> <span class='ocrx_word' id='word_1_480' title='bbox 598 3239 640 3265; x_wconf 88' lang='grc'>20.</span> <span class='ocrx_word' id='word_1_481' title='bbox 664 3247 690 3266; x_wconf 91' lang='grc'>11.</span> <span class='ocrx_word' id='word_1_482' title='bbox 709 3240 756 3266; x_wconf 81' lang='lat'>35:</span> <span class='ocrx_word' id='word_1_483' title='bbox 776 3241 921 3273; x_wconf 84' lang='lat' dir='ltr'>imaginem</span> <span class='ocrx_word' id='word_1_484' title='bbox 944 3239 1063 3267; x_wconf 83' lang='lat' dir='ltr'>Caesaris</span> <span class='ocrx_word' id='word_1_485' title='bbox 1081 3246 1134 3265; x_wconf 90' lang='lat' dir='ltr'>non</span> 
     </span>
     <span class='ocr_line' id='line_1_75' title="bbox 173 3281 1134 3317; baseline 0.002 -9"><span class='ocrx_word' id='word_1_486' title='bbox 173 3281 250 3309; x_wconf 85' lang='lat' dir='ltr'>liabet</span> <span class='ocrx_word' id='word_1_487' title='bbox 270 3282 400 3315; x_wconf 89' lang='lat' dir='ltr'>Christus,</span> <span class='ocrx_word' id='word_1_488' title='bbox 413 3283 476 3317; x_wconf 88' lang='lat' dir='ltr'>quia</span> <span class='ocrx_word' id='word_1_489' title='bbox 494 3283 583 3316; x_wconf 75' lang='lat' dir='ltr'>imago</span> <span class='ocrx_word' id='word_1_490' title='bbox 596 3286 636 3310; x_wconf 87' lang='lat' dir='ltr'>est</span> <span class='ocrx_word' id='word_1_491' title='bbox 654 3284 711 3311; x_wconf 87' lang='lat' dir='ltr'>Dei.</span> <span class='ocrx_word' id='word_1_492' title='bbox 728 3285 872 3317; x_wconf 78' lang='lat' dir='ltr'>Imaginem</span> <span class='ocrx_word' id='word_1_493' title='bbox 885 3284 1004 3312; x_wconf 83' lang='lat' dir='ltr'>Caesaris</span> <span class='ocrx_word' id='word_1_494' title='bbox 1022 3291 1075 3310; x_wconf 91' lang='lat' dir='ltr'>non</span> <span class='ocrx_word' id='word_1_495' title='bbox 1088 3285 1134 3310; x_wconf 83' lang='lat' dir='ltr'>ha—</span> 
     </span>
     <span class='ocr_line' id='line_1_76' title="bbox 173 3326 1136 3363; baseline 0.003 -11"><span class='ocrx_word' id='word_1_496' title='bbox 173 3326 218 3353; x_wconf 87' lang='lat' dir='ltr'>bet</span> <span class='ocrx_word' id='word_1_497' title='bbox 235 3326 341 3360; x_wconf 87' lang='lat' dir='ltr'>Petrus,</span> <span class='ocrx_word' id='word_1_498' title='bbox 359 3328 422 3361; x_wconf 85' lang='lat' dir='ltr'>quia</span> <span class='ocrx_word' id='word_1_499' title='bbox 441 3328 505 3354; x_wconf 86' lang='lat' dir='ltr'>dixit</span> <span class='ocrx_word' id='word_1_500' title='bbox 523 3326 626 3362; x_wconf 84' lang='lat' dir='ltr'>[Matth.</span> <span class='ocrx_word' id='word_1_501' title='bbox 649 3328 696 3360; x_wconf 76' lang='grc'>19,</span> <span class='ocrx_word' id='word_1_502' title='bbox 716 3328 787 3363; x_wconf 77' lang='lat'>27.]:</span> <span class='ocrx_word' id='word_1_503' title='bbox 807 3328 974 3363; x_wconf 80' lang='lat' dir='ltr'>Reliquimus</span> <span class='ocrx_word' id='word_1_504' title='bbox 993 3327 1084 3355; x_wconf 81' lang='lat' dir='ltr'>omnia</span> <span class='ocrx_word' id='word_1_505' title='bbox 1109 3329 1136 3354; x_wconf 81' lang='lat' dir='ltr'>et</span> 
     </span>
     <span class='ocr_line' id='line_1_77' title="bbox 171 3370 1133 3405; baseline 0 -8"><span class='ocrx_word' id='word_1_506' title='bbox 171 3370 258 3398; x_wconf 74' lang='lat' dir='ltr'>secuti</span> <span class='ocrx_word' id='word_1_507' title='bbox 274 3378 371 3399; x_wconf 74' lang='lat' dir='ltr'>sumus</span> <span class='ocrx_word' id='word_1_508' title='bbox 390 3373 422 3399; x_wconf 82' lang='lat' dir='ltr'>te.</span> <span class='ocrx_word' id='word_1_509' title='bbox 443 3373 532 3404; x_wconf 83' lang='lat' dir='ltr'>imago</span> <span class='ocrx_word' id='word_1_510' title='bbox 550 3371 669 3398; x_wconf 85' lang='lat' dir='ltr'>Caesaris</span> <span class='ocrx_word' id='word_1_511' title='bbox 694 3379 746 3399; x_wconf 92' lang='lat' dir='ltr'>non</span> <span class='ocrx_word' id='word_1_512' title='bbox 764 3372 895 3405; x_wconf 89' lang='lat' dir='ltr'>reperitur</span> <span class='ocrx_word' id='word_1_513' title='bbox 920 3373 947 3399; x_wconf 91' lang='lat' dir='ltr'>in</span> <span class='ocrx_word' id='word_1_514' title='bbox 971 3372 1066 3399; x_wconf 88' lang='lat' dir='ltr'>lacobo</span> <span class='ocrx_word' id='word_1_515' title='bbox 1091 3372 1133 3398; x_wconf 87' lang='lat' dir='ltr'>vel</span> 
     </span>
    </p>
   </div>
   <div class='ocr_carea' id='block_1_13' title="bbox 2089 201 2148 233">
    <p class='ocr_par' dir='ltr' id='par_1_17' title="bbox 2089 201 2148 233">
     <span class='ocr_line' id='line_1_78' title="bbox 2089 201 2148 233; baseline 0 0"><span class='ocrx_word' id='word_1_516' title='bbox 2089 201 2148 233; x_wconf 82' lang='lat'>511</span> 
     </span>
    </p>
   </div>
   <div class='ocr_carea' id='block_1_14' title="bbox 1193 286 2158 1925">
    <p class='ocr_par' dir='ltr' id='par_1_18' title="bbox 1193 286 2158 1925">
     <span class='ocr_line' id='line_1_79' title="bbox 1193 286 2155 331; baseline 0.008 -16"><span class='ocrx_word' id='word_1_517' title='bbox 1193 291 1256 315; x_wconf 92' lang='lat' dir='ltr'>non</span> <span class='ocrx_word' id='word_1_518' title='bbox 1279 286 1326 316; x_wconf 89' lang='lat' dir='ltr'>est</span> <span class='ocrx_word' id='word_1_519' title='bbox 1350 288 1460 317; x_wconf 87' lang='lat' dir='ltr'>contra</span> <span class='ocrx_word' id='word_1_520' title='bbox 1482 286 1600 325; x_wconf 88' lang='lat' dir='ltr'>Deum,</span> <span class='ocrx_word' id='word_1_521' title='bbox 1625 287 1649 319; x_wconf 94' lang='lat' dir='ltr'>si</span> <span class='ocrx_word' id='word_1_522' title='bbox 1672 287 1807 321; x_wconf 89' lang='lat' dir='ltr'>terrenis</span> <span class='ocrx_word' id='word_1_523' title='bbox 1823 288 2019 330; x_wconf 88' lang='lat' dir='ltr'>principibus</span> <span class='ocrx_word' id='word_1_524' title='bbox 2035 290 2155 331; x_wconf 90' lang='lat' dir='ltr'>persol-</span> 
     </span>
     <span class='ocr_line' id='line_1_80' title="bbox 1194 337 2153 376; baseline 0.008 -8"><span class='ocrx_word' id='word_1_525' title='bbox 1194 339 1320 369; x_wconf 85' lang='lat' dir='ltr'>vantur.</span> <span class='ocrx_word' id='word_1_526' title='bbox 1352 337 1423 371; x_wconf 86' lang='lat' dir='ltr'>ldeo</span> <span class='ocrx_word' id='word_1_527' title='bbox 1453 338 1491 371; x_wconf 90' lang='lat' dir='ltr'>ad</span> <span class='ocrx_word' id='word_1_528' title='bbox 1524 340 1675 373; x_wconf 80' lang='lat' dir='ltr'>Romanos</span> <span class='ocrx_word' id='word_1_529' title='bbox 1705 340 1826 374; x_wconf 85' lang='lat' dir='ltr'>decimo</span> <span class='ocrx_word' id='word_1_530' title='bbox 1863 342 1980 375; x_wconf 80' lang='lat' dir='ltr'>terti0⁷</span> <span class='ocrx_word' id='word_1_531' title='bbox 2015 342 2153 376; x_wconf 87' lang='lat' dir='ltr'>dicitur:</span> 
     </span>
     <span class='ocr_line' id='line_1_81' title="bbox 1198 389 2152 435; baseline 0.009 -15"><span class='ocrx_word' id='word_1_532' title='bbox 1198 402 1215 418; x_wconf 75' lang='grc' dir='ltr'><strong>α</strong></span> <span class='ocrx_word' id='word_1_533' title='bbox 1232 389 1359 423; x_wconf 84' lang='lat' dir='ltr'>Reddite</span> <span class='ocrx_word' id='word_1_534' title='bbox 1381 392 1528 425; x_wconf 90' lang='lat' dir='ltr'>omnibus</span> <span class='ocrx_word' id='word_1_535' title='bbox 1549 393 1674 426; x_wconf 85' lang='lat' dir='ltr'>debita:</span> <span class='ocrx_word' id='word_1_536' title='bbox 1698 394 1749 427; x_wconf 90' lang='lat' dir='ltr'>cui</span> <span class='ocrx_word' id='word_1_537' title='bbox 1775 395 1948 435; x_wconf 88' lang='lat' dir='ltr'>tributum,</span> <span class='ocrx_word' id='word_1_538' title='bbox 1973 396 2152 435; x_wconf 88' lang='lat' dir='ltr'>tributum;</span> 
     </span>
     <span class='ocr_line' id='line_1_82' title="bbox 1194 442 2156 490; baseline 0.008 -15"><span class='ocrx_word' id='word_1_539' title='bbox 1194 442 1245 476; x_wconf 85' lang='lat' dir='ltr'>cui</span> <span class='ocrx_word' id='word_1_540' title='bbox 1268 443 1417 486; x_wconf 86' lang='lat' dir='ltr'>vectigal,</span> <span class='ocrx_word' id='word_1_541' title='bbox 1435 446 1575 488; x_wconf 69' lang='lat' dir='ltr'>vecitgal.</span> <span class='ocrx_word' id='word_1_542' title='bbox 1594 447 1712 480; x_wconf 87' lang='lat' dir='ltr'>Nemini</span> <span class='ocrx_word' id='word_1_543' title='bbox 1730 448 1903 490; x_wconf 88' lang='lat' dir='ltr'>quidquam</span> <span class='ocrx_word' id='word_1_544' title='bbox 1921 448 2078 488; x_wconf 84' lang='lat' dir='ltr'>debeatis,</span> <span class='ocrx_word' id='word_1_545' title='bbox 2095 450 2156 483; x_wconf 92' lang='lat' dir='ltr'>nisi</span> 
     </span>
     <span class='ocr_line' id='line_1_83' title="bbox 1194 496 2156 543; baseline 0.008 -15"><span class='ocrx_word' id='word_1_546' title='bbox 1194 500 1231 529; x_wconf 90' lang='lat' dir='ltr'>ut</span> <span class='ocrx_word' id='word_1_547' title='bbox 1254 496 1386 530; x_wconf 89' lang='lat' dir='ltr'>invicem</span> <span class='ocrx_word' id='word_1_548' title='bbox 1410 498 1544 541; x_wconf 87' lang='lat' dir='ltr'>diligatis</span> <span class='ocrx_word' id='word_1_549' title='bbox 1561 513 1590 532; x_wconf 82' lang='grc'>».</span> <span class='ocrx_word' id='word_1_550' title='bbox 1615 519 1659 524; x_wconf 86' lang='lat'>-</span> <span class='ocrx_word' id='word_1_551' title='bbox 1683 501 1719 533; x_wconf 88' lang='lat' dir='ltr'>Et</span> <span class='ocrx_word' id='word_1_552' title='bbox 1741 501 1816 543; x_wconf 89' lang='lat' dir='ltr'>quia</span> <span class='ocrx_word' id='word_1_553' title='bbox 1839 510 1900 534; x_wconf 91' lang='lat' dir='ltr'>non</span> <span class='ocrx_word' id='word_1_554' title='bbox 1925 506 1972 535; x_wconf 89' lang='lat' dir='ltr'>est</span> <span class='ocrx_word' id='word_1_555' title='bbox 1996 503 2156 536; x_wconf 85' lang='lat' dir='ltr'>sufficiens</span> 
     </span>
     <span class='ocr_line' id='line_1_84' title="bbox 1195 548 2155 595; baseline 0.007 -14"><span class='ocrx_word' id='word_1_556' title='bbox 1195 548 1331 589; x_wconf 89' lang='lat' dir='ltr'>iustitia,</span> <span class='ocrx_word' id='word_1_557' title='bbox 1356 551 1414 583; x_wconf 90' lang='lat' dir='ltr'>nisi</span> <span class='ocrx_word' id='word_1_558' title='bbox 1439 560 1532 584; x_wconf 89' lang='lat' dir='ltr'>suum</span> <span class='ocrx_word' id='word_1_559' title='bbox 1557 552 1729 595; x_wconf 85' lang='lat' dir='ltr'>unicuique</span> <span class='ocrx_word' id='word_1_560' title='bbox 1753 553 1926 594; x_wconf 86' lang='lat' dir='ltr'>reddatur;</span> <span class='ocrx_word' id='word_1_561' title='bbox 1955 555 2025 588; x_wconf 88' lang='lat' dir='ltr'>ideo</span> <span class='ocrx_word' id='word_1_562' title='bbox 2048 555 2155 589; x_wconf 86' lang='lat' dir='ltr'>addit:</span> 
     </span>
     <span class='ocr_line' id='line_1_85' title="bbox 1198 603 2156 646; baseline 0.008 -12"><span class='ocrx_word' id='word_1_563' title='bbox 1198 603 1237 634; x_wconf 87' lang='lat' dir='ltr'>E&#39;t</span> <span class='ocrx_word' id='word_1_564' title='bbox 1258 612 1344 646; x_wconf 87' lang='lat' dir='ltr'>quae</span> <span class='ocrx_word' id='word_1_565' title='bbox 1366 609 1445 637; x_wconf 80' lang='lat' dir='ltr'>sunt</span> <span class='ocrx_word' id='word_1_566' title='bbox 1469 605 1529 637; x_wconf 88' lang='lat' dir='ltr'>Dei</span> <span class='ocrx_word' id='word_1_567' title='bbox 1546 606 1626 644; x_wconf 85' lang='lat' dir='ltr'>Deo,·</span> <span class='ocrx_word' id='word_1_568' title='bbox 1650 606 1800 640; x_wconf 82' lang='lat' dir='ltr'>Glossa⁸:</span> <span class='ocrx_word' id='word_1_569' title='bbox 1823 620 1838 636; x_wconf 76' lang='grc' dir='ltr'><strong>α</strong></span> <span class='ocrx_word' id='word_1_570' title='bbox 1855 608 1942 641; x_wconf 89' lang='lat' dir='ltr'>Sicut</span> <span class='ocrx_word' id='word_1_571' title='bbox 1957 608 2071 642; x_wconf 88' lang='lat' dir='ltr'>Caesar</span> <span class='ocrx_word' id='word_1_572' title='bbox 2087 610 2156 642; x_wconf 83' lang='lat' dir='ltr'>exi-</span> 
     </span>
     <span class='ocr_line' id='line_1_86' title="bbox 1194 655 2154 702; baseline 0.008 -15"><span class='ocrx_word' id='word_1_573' title='bbox 1194 655 1239 697; x_wconf 85' lang='lat' dir='ltr'>git</span> <span class='ocrx_word' id='word_1_574' title='bbox 1262 655 1499 698; x_wconf 87' lang='lat' dir='ltr'>impressionem</span> <span class='ocrx_word' id='word_1_575' title='bbox 1523 667 1599 692; x_wconf 89' lang='lat' dir='ltr'>suae</span> <span class='ocrx_word' id='word_1_576' title='bbox 1623 659 1782 702; x_wconf 86' lang='lat' dir='ltr'>imaginis,</span> <span class='ocrx_word' id='word_1_577' title='bbox 1807 660 1851 693; x_wconf 92' lang='lat' dir='ltr'>sic</span> <span class='ocrx_word' id='word_1_578' title='bbox 1867 664 1899 694; x_wconf 90' lang='lat' dir='ltr'>et</span> <span class='ocrx_word' id='word_1_579' title='bbox 1914 661 1999 695; x_wconf 91' lang='lat' dir='ltr'>Deus</span> <span class='ocrx_word' id='word_1_580' title='bbox 2019 662 2154 695; x_wconf 87' lang='lat' dir='ltr'>animam</span> 
     </span>
     <span class='ocr_line' id='line_1_87' title="bbox 1195 708 2156 757; baseline 0.007 -15"><span class='ocrx_word' id='word_1_581' title='bbox 1195 708 1314 742; x_wconf 90' lang='lat' dir='ltr'>lumine</span> <span class='ocrx_word' id='word_1_582' title='bbox 1331 710 1439 744; x_wconf 91' lang='lat' dir='ltr'>vultus</span> <span class='ocrx_word' id='word_1_583' title='bbox 1455 711 1502 744; x_wconf 89' lang='lat' dir='ltr'>sui</span> <span class='ocrx_word' id='word_1_584' title='bbox 1528 712 1707 755; x_wconf 85' lang='lat' dir='ltr'>insignitam</span> <span class='ocrx_word' id='word_1_585' title='bbox 1725 725 1755 752; x_wconf 78' lang='lat'>»3</span> <span class='ocrx_word' id='word_1_586' title='bbox 1780 718 1910 756; x_wconf 90' lang='lat' dir='ltr'>propter</span> <span class='ocrx_word' id='word_1_587' title='bbox 1934 715 2018 757; x_wconf 92' lang='lat' dir='ltr'>quod</span> <span class='ocrx_word' id='word_1_588' title='bbox 2035 715 2156 757; x_wconf 86' lang='lat' dir='ltr'>primae</span> 
     </span>
     <span class='ocr_line' id='line_1_88' title="bbox 1195 762 2156 810; baseline 0.007 -15"><span class='ocrx_word' id='word_1_589' title='bbox 1195 762 1235 795; x_wconf 86' lang='lat' dir='ltr'>ad</span> <span class='ocrx_word' id='word_1_590' title='bbox 1251 763 1429 797; x_wconf 88' lang='lat' dir='ltr'>Corinthios</span> <span class='ocrx_word' id='word_1_591' title='bbox 1444 764 1565 798; x_wconf 90' lang='lat' dir='ltr'>decimo</span> <span class='ocrx_word' id='word_1_592' title='bbox 1581 766 1710 808; x_wconf 90' lang='lat' dir='ltr'>quinto:</span> <span class='ocrx_word' id='word_1_593' title='bbox 1732 779 1748 795; x_wconf 73' lang='grc' dir='ltr'><strong>α</strong></span> <span class='ocrx_word' id='word_1_594' title='bbox 1761 767 1848 800; x_wconf 90' lang='lat' dir='ltr'>Sicut</span> <span class='ocrx_word' id='word_1_595' title='bbox 1864 768 2061 810; x_wconf 88' lang='lat' dir='ltr'>portavimus</span> <span class='ocrx_word' id='word_1_596' title='bbox 2078 769 2156 801; x_wconf 89' lang='lat' dir='ltr'>ima-</span> 
     </span>
     <span class='ocr_line' id='line_1_89' title="bbox 1195 815 2116 863; baseline 0.007 -15"><span class='ocrx_word' id='word_1_597' title='bbox 1195 815 1299 858; x_wconf 88' lang='lat' dir='ltr'>ginem</span> <span class='ocrx_word' id='word_1_598' title='bbox 1324 817 1460 857; x_wconf 89' lang='lat' dir='ltr'>terreni,</span> <span class='ocrx_word' id='word_1_599' title='bbox 1485 818 1529 851; x_wconf 89' lang='lat' dir='ltr'>sic</span> <span class='ocrx_word' id='word_1_600' title='bbox 1552 822 1716 860; x_wconf 88' lang='lat' dir='ltr'>portemus</span> <span class='ocrx_word' id='word_1_601' title='bbox 1739 820 1904 863; x_wconf 82' lang='lat' dir='ltr'>imaginem</span> <span class='ocrx_word' id='word_1_602' title='bbox 1928 821 2070 854; x_wconf 87' lang='lat' dir='ltr'>caelestis</span> <span class='ocrx_word' id='word_1_603' title='bbox 2086 835 2116 854; x_wconf 79' lang='grc'>».</span> 
     </span>
     <span class='ocr_line' id='line_1_90' title="bbox 1285 869 2156 914; baseline 0.006 -12"><span class='ocrx_word' id='word_1_604' title='bbox 1285 869 1337 903; x_wconf 81' lang='grc'>32.</span> <span class='ocrx_word' id='word_1_605' title='bbox 1363 870 1399 904; x_wconf 84' lang='lat' dir='ltr'>Et</span> <span class='ocrx_word' id='word_1_606' title='bbox 1422 873 1511 910; x_wconf 86' lang='lat' dir='ltr'>nota,</span> <span class='ocrx_word' id='word_1_607' title='bbox 1536 871 1619 914; x_wconf 92' lang='lat' dir='ltr'>quod</span> <span class='ocrx_word' id='word_1_608' title='bbox 1636 872 1726 914; x_wconf 88' lang='lat' dir='ltr'>prius</span> <span class='ocrx_word' id='word_1_609' title='bbox 1750 873 1940 914; x_wconf 86' lang='lat' dir='ltr'>praemittit,</span> <span class='ocrx_word' id='word_1_610' title='bbox 1964 877 2000 906; x_wconf 91' lang='lat' dir='ltr'>ut</span> <span class='ocrx_word' id='word_1_611' title='bbox 2024 874 2156 907; x_wconf 89' lang='lat' dir='ltr'>reddan—</span> 
     </span>
     <span class='ocr_line' id='line_1_91' title="bbox 1196 925 2156 970; baseline 0.005 -14"><span class='ocrx_word' id='word_1_612' title='bbox 1196 926 1249 956; x_wconf 89' lang='lat' dir='ltr'>tur</span> <span class='ocrx_word' id='word_1_613' title='bbox 1273 932 1355 966; x_wconf 90' lang='lat' dir='ltr'>quae</span> <span class='ocrx_word' id='word_1_614' title='bbox 1378 928 1452 957; x_wconf 90' lang='lat' dir='ltr'>sunt</span> <span class='ocrx_word' id='word_1_615' title='bbox 1476 925 1603 964; x_wconf 89' lang='lat' dir='ltr'>mundi,</span> <span class='ocrx_word' id='word_1_616' title='bbox 1628 925 1720 967; x_wconf 92' lang='lat' dir='ltr'>quia,</span> <span class='ocrx_word' id='word_1_617' title='bbox 1745 926 1826 959; x_wconf 87' lang='lat' dir='ltr'>sicut</span> <span class='ocrx_word' id='word_1_618' title='bbox 1841 926 1958 960; x_wconf 90' lang='lat' dir='ltr'>dicitur</span> <span class='ocrx_word' id='word_1_619' title='bbox 1982 928 2102 970; x_wconf 91' lang='lat' dir='ltr'>primae</span> <span class='ocrx_word' id='word_1_620' title='bbox 2117 927 2156 961; x_wconf 86' lang='lat' dir='ltr'>ad</span> 
     </span>
     <span class='ocr_line' id='line_1_92' title="bbox 1194 976 2157 1024; baseline 0.006 -16"><span class='ocrx_word' id='word_1_621' title='bbox 1194 976 1373 1010; x_wconf 89' lang='lat' dir='ltr'>Corinthios</span> <span class='ocrx_word' id='word_1_622' title='bbox 1395 977 1516 1010; x_wconf 89' lang='lat' dir='ltr'>decimo</span> <span class='ocrx_word' id='word_1_623' title='bbox 1539 978 1693 1020; x_wconf 88' lang='lat' dir='ltr'>quint0⁹‚</span> <span class='ocrx_word' id='word_1_624' title='bbox 1724 992 1739 1007; x_wconf 77' lang='grc' dir='ltr'><strong>α</strong></span> <span class='ocrx_word' id='word_1_625' title='bbox 1755 988 1817 1012; x_wconf 84' lang='grc'>11011</span> <span class='ocrx_word' id='word_1_626' title='bbox 1842 980 1931 1021; x_wconf 89' lang='lat' dir='ltr'>prius</span> <span class='ocrx_word' id='word_1_627' title='bbox 1955 981 2039 1023; x_wconf 90' lang='lat' dir='ltr'>quod</span> <span class='ocrx_word' id='word_1_628' title='bbox 2063 981 2157 1024; x_wconf 89' lang='lat' dir='ltr'>spiri-</span> 
     </span>
     <span class='ocr_line' id='line_1_93' title="bbox 1196 1030 2155 1076; baseline 0.005 -14"><span class='ocrx_word' id='word_1_629' title='bbox 1196 1030 1280 1063; x_wconf 90' lang='lat' dir='ltr'>tuale</span> <span class='ocrx_word' id='word_1_630' title='bbox 1296 1033 1361 1069; x_wconf 91' lang='lat' dir='ltr'>est,</span> <span class='ocrx_word' id='word_1_631' title='bbox 1378 1030 1431 1063; x_wconf 89' lang='lat' dir='ltr'>sed</span> <span class='ocrx_word' id='word_1_632' title='bbox 1448 1031 1531 1073; x_wconf 92' lang='lat' dir='ltr'>quod</span> <span class='ocrx_word' id='word_1_633' title='bbox 1549 1031 1700 1071; x_wconf 90' lang='lat' dir='ltr'>animale,</span> <span class='ocrx_word' id='word_1_634' title='bbox 1717 1032 1828 1066; x_wconf 91' lang='lat' dir='ltr'>deinde</span> <span class='ocrx_word' id='word_1_635' title='bbox 1844 1033 1927 1075; x_wconf 92' lang='lat' dir='ltr'>quod</span> <span class='ocrx_word' id='word_1_636' title='bbox 1944 1034 2108 1076; x_wconf 86' lang='lat' dir='ltr'>spirituale</span> <span class='ocrx_word' id='word_1_637' title='bbox 2125 1048 2155 1067; x_wconf 65' lang='lat' dir='ltr'>n.</span> 
     </span>
     <span class='ocr_line' id='line_1_94' title="bbox 1195 1083 2156 1130; baseline 0.005 -14"><span class='ocrx_word' id='word_1_638' title='bbox 1195 1083 1286 1116; x_wconf 86' lang='lat' dir='ltr'>Prius</span> <span class='ocrx_word' id='word_1_639' title='bbox 1309 1084 1401 1117; x_wconf 87' lang='lat' dir='ltr'>etiam</span> <span class='ocrx_word' id='word_1_640' title='bbox 1426 1084 1645 1126; x_wconf 89' lang='lat' dir='ltr'>deponendum</span> <span class='ocrx_word' id='word_1_641' title='bbox 1669 1089 1717 1118; x_wconf 88' lang='lat' dir='ltr'>est</span> <span class='ocrx_word' id='word_1_642' title='bbox 1740 1086 1878 1128; x_wconf 88' lang='lat' dir='ltr'>pondus,</span> <span class='ocrx_word' id='word_1_643' title='bbox 1896 1096 1990 1129; x_wconf 90' lang='lat' dir='ltr'>quam</span> <span class='ocrx_word' id='word_1_644' title='bbox 2007 1087 2080 1130; x_wconf 91' lang='lat' dir='ltr'>quis</span> <span class='ocrx_word' id='word_1_645' title='bbox 2095 1088 2156 1121; x_wconf 89' lang='lat' dir='ltr'>eri-</span> 
     </span>
     <span class='ocr_line' id='line_1_95' title="bbox 1195 1137 2157 1179; baseline 0.004 -10"><span class='ocrx_word' id='word_1_646' title='bbox 1195 1139 1289 1179; x_wconf 88' lang='lat' dir='ltr'>gatur</span> <span class='ocrx_word' id='word_1_647' title='bbox 1312 1146 1459 1176; x_wconf 86' lang='lat' dir='ltr'>sursum;</span> <span class='ocrx_word' id='word_1_648' title='bbox 1484 1137 1568 1170; x_wconf 90' lang='lat' dir='ltr'>unde</span> <span class='ocrx_word' id='word_1_649' title='bbox 1590 1137 1699 1171; x_wconf 90' lang='lat' dir='ltr'>Glossa</span> <span class='ocrx_word' id='word_1_650' title='bbox 1712 1139 1760 1171; x_wconf 86' lang='lat'>¹⁰:</span> <span class='ocrx_word' id='word_1_651' title='bbox 1790 1152 1805 1168; x_wconf 76' lang='grc' dir='ltr'>ιι</span> <span class='ocrx_word' id='word_1_652' title='bbox 1823 1139 1851 1172; x_wconf 90' lang='lat' dir='ltr'>Si</span> <span class='ocrx_word' id='word_1_653' title='bbox 1877 1149 1938 1172; x_wconf 92' lang='lat' dir='ltr'>non</span> <span class='ocrx_word' id='word_1_654' title='bbox 1956 1140 2003 1173; x_wconf 82' lang='lat' dir='ltr'>vis</span> <span class='ocrx_word' id='word_1_655' title='bbox 2018 1149 2086 1173; x_wconf 88' lang='lat' dir='ltr'>esse</span> <span class='ocrx_word' id='word_1_656' title='bbox 2101 1140 2157 1173; x_wconf 87' lang='lat' dir='ltr'>ob-</span> 
     </span>
     <span class='ocr_line' id='line_1_96' title="bbox 1195 1190 2155 1234; baseline 0.004 -12"><span class='ocrx_word' id='word_1_657' title='bbox 1195 1190 1312 1223; x_wconf 84' lang='lat' dir='ltr'>noxius</span> <span class='ocrx_word' id='word_1_658' title='bbox 1328 1190 1471 1230; x_wconf 87' lang='lat' dir='ltr'>Caesari,</span> <span class='ocrx_word' id='word_1_659' title='bbox 1496 1191 1559 1223; x_wconf 91' lang='lat' dir='ltr'>noli</span> <span class='ocrx_word' id='word_1_660' title='bbox 1584 1191 1701 1224; x_wconf 92' lang='lat' dir='ltr'>habere</span> <span class='ocrx_word' id='word_1_661' title='bbox 1724 1201 1806 1234; x_wconf 90' lang='lat' dir='ltr'>quae</span> <span class='ocrx_word' id='word_1_662' title='bbox 1830 1196 1905 1225; x_wconf 90' lang='lat' dir='ltr'>sunt</span> <span class='ocrx_word' id='word_1_663' title='bbox 1927 1192 2036 1225; x_wconf 90' lang='lat' dir='ltr'>mundi</span> <span class='ocrx_word' id='word_1_664' title='bbox 2051 1205 2058 1232; x_wconf 88' lang='lat'>;</span> <span class='ocrx_word' id='word_1_665' title='bbox 2075 1197 2107 1226; x_wconf 89' lang='lat' dir='ltr'>et</span> <span class='ocrx_word' id='word_1_666' title='bbox 2130 1193 2155 1226; x_wconf 91' lang='lat' dir='ltr'>si</span> 
     </span>
     <span class='ocr_line' id='line_1_97' title="bbox 1196 1242 2158 1282; baseline 0.004 -7"><span class='ocrx_word' id='word_1_667' title='bbox 1196 1242 1293 1276; x_wconf 88' lang='lat' dir='ltr'>habes</span> <span class='ocrx_word' id='word_1_668' title='bbox 1324 1243 1466 1282; x_wconf 88' lang='lat' dir='ltr'>divitias,</span> <span class='ocrx_word' id='word_1_669' title='bbox 1498 1243 1657 1277; x_wconf 88' lang='lat' dir='ltr'>obnoxius</span> <span class='ocrx_word' id='word_1_670' title='bbox 1688 1253 1722 1278; x_wconf 91' lang='lat' dir='ltr'>es</span> <span class='ocrx_word' id='word_1_671' title='bbox 1747 1245 1881 1278; x_wconf 86' lang='lat' dir='ltr'>Caesari.</span> <span class='ocrx_word' id='word_1_672' title='bbox 1906 1246 1935 1278; x_wconf 92' lang='lat' dir='ltr'>Si</span> <span class='ocrx_word' id='word_1_673' title='bbox 1960 1246 2008 1279; x_wconf 89' lang='lat' dir='ltr'>vis</span> <span class='ocrx_word' id='word_1_674' title='bbox 2031 1250 2158 1279; x_wconf 83' lang='lat' dir='ltr'>terreno</span> 
     </span>
     <span class='ocr_line' id='line_1_98' title="bbox 1195 1296 2157 1341; baseline 0.002 -11"><span class='ocrx_word' id='word_1_675' title='bbox 1195 1296 1260 1338; x_wconf 89' lang='lat' dir='ltr'>regi</span> <span class='ocrx_word' id='word_1_676' title='bbox 1285 1296 1364 1329; x_wconf 89' lang='lat' dir='ltr'>nihil</span> <span class='ocrx_word' id='word_1_677' title='bbox 1387 1296 1519 1336; x_wconf 89' lang='lat' dir='ltr'>debere,</span> <span class='ocrx_word' id='word_1_678' title='bbox 1543 1297 1648 1330; x_wconf 91' lang='lat' dir='ltr'>omnia</span> <span class='ocrx_word' id='word_1_679' title='bbox 1672 1300 1727 1330; x_wconf 89' lang='lat' dir='ltr'>tua</span> <span class='ocrx_word' id='word_1_680' title='bbox 1750 1298 1912 1341; x_wconf 88' lang='lat' dir='ltr'>relinque,</span> <span class='ocrx_word' id='word_1_681' title='bbox 1930 1299 2090 1332; x_wconf 90' lang='lat' dir='ltr'>Christum</span> <span class='ocrx_word' id='word_1_682' title='bbox 2108 1308 2157 1332; x_wconf 89' lang='lat' dir='ltr'>se-</span> 
     </span>
     <span class='ocr_line' id='line_1_99' title="bbox 1195 1350 2157 1393; baseline 0.003 -11"><span class='ocrx_word' id='word_1_683' title='bbox 1195 1358 1303 1392; x_wconf 85' lang='lat' dir='ltr'>quere.</span> <span class='ocrx_word' id='word_1_684' title='bbox 1339 1350 1373 1382; x_wconf 91' lang='lat' dir='ltr'>Et</span> <span class='ocrx_word' id='word_1_685' title='bbox 1405 1350 1485 1383; x_wconf 89' lang='lat' dir='ltr'>bene</span> <span class='ocrx_word' id='word_1_686' title='bbox 1517 1351 1606 1392; x_wconf 91' lang='lat' dir='ltr'>prius</span> <span class='ocrx_word' id='word_1_687' title='bbox 1631 1360 1713 1393; x_wconf 90' lang='lat' dir='ltr'>quae</span> <span class='ocrx_word' id='word_1_688' title='bbox 1737 1355 1812 1384; x_wconf 91' lang='lat' dir='ltr'>sunt</span> <span class='ocrx_word' id='word_1_689' title='bbox 1834 1352 1976 1385; x_wconf 86' lang='lat' dir='ltr'>Caesaris</span> <span class='ocrx_word' id='word_1_690' title='bbox 2000 1352 2157 1385; x_wconf 88' lang='lat' dir='ltr'>reddenda</span> 
     </span>
     <span class='ocr_line' id='line_1_100' title="bbox 1194 1402 2158 1448; baseline 0.003 -13"><span class='ocrx_word' id='word_1_691' title='bbox 1194 1402 1351 1442; x_wconf 87' lang='lat' dir='ltr'>decrevit,</span> <span class='ocrx_word' id='word_1_692' title='bbox 1375 1403 1450 1445; x_wconf 88' lang='lat' dir='ltr'>quia</span> <span class='ocrx_word' id='word_1_693' title='bbox 1466 1412 1528 1435; x_wconf 92' lang='lat' dir='ltr'>non</span> <span class='ocrx_word' id='word_1_694' title='bbox 1545 1404 1734 1446; x_wconf 66' lang='lat' dir='ltr'>potest‘quis</span> <span class='ocrx_word' id='word_1_695' title='bbox 1751 1413 1819 1437; x_wconf 88' lang='lat' dir='ltr'>esse</span> <span class='ocrx_word' id='word_1_696' title='bbox 1835 1405 1976 1444; x_wconf 91' lang='lat' dir='ltr'>Domini,</span> <span class='ocrx_word' id='word_1_697' title='bbox 1992 1406 2051 1438; x_wconf 89' lang='lat' dir='ltr'>nisi</span> <span class='ocrx_word' id='word_1_698' title='bbox 2068 1406 2158 1448; x_wconf 88' lang='lat' dir='ltr'>prius</span> 
     </span>
     <span class='ocr_line' id='line_1_101' title="bbox 1195 1455 2158 1501; baseline 0.005 -14"><span class='ocrx_word' id='word_1_699' title='bbox 1195 1455 1314 1488; x_wconf 91' lang='lat' dir='ltr'>mundo</span> <span class='ocrx_word' id='word_1_700' title='bbox 1331 1456 1531 1495; x_wconf 78' lang='lat' dir='ltr'>renuntiet»;</span> <span class='ocrx_word' id='word_1_701' title='bbox 1549 1465 1647 1499; x_wconf 91' lang='lat' dir='ltr'>supra</span> <span class='ocrx_word' id='word_1_702' title='bbox 1658 1457 1779 1490; x_wconf 91' lang='lat' dir='ltr'>decimo</span> <span class='ocrx_word' id='word_1_703' title='bbox 1791 1462 1905 1500; x_wconf 90' lang='lat' dir='ltr'>quarto</span> <span class='ocrx_word' id='word_1_704' title='bbox 1918 1459 1963 1490; x_wconf 91' lang='lat'>¹¹:</span> <span class='ocrx_word' id='word_1_705' title='bbox 1981 1472 1997 1486; x_wconf 77' lang='grc' dir='ltr'><strong>α</strong></span> <span class='ocrx_word' id='word_1_706' title='bbox 2009 1459 2071 1492; x_wconf 88' lang='lat' dir='ltr'>Nisi</span> <span class='ocrx_word' id='word_1_707' title='bbox 2085 1459 2158 1501; x_wconf 91' lang='lat' dir='ltr'>quis</span> 
     </span>
     <span class='ocr_line' id='line_1_102' title="bbox 1195 1509 2157 1553; baseline 0.004 -12"><span class='ocrx_word' id='word_1_708' title='bbox 1195 1509 1423 1542; x_wconf 89' lang='lat' dir='ltr'>renuntiaverit</span> <span class='ocrx_word' id='word_1_709' title='bbox 1435 1509 1598 1549; x_wconf 88' lang='lat' dir='ltr'>omnibus,</span> <span class='ocrx_word' id='word_1_710' title='bbox 1612 1518 1694 1552; x_wconf 88' lang='lat' dir='ltr'>quae</span> <span class='ocrx_word' id='word_1_711' title='bbox 1707 1510 1860 1552; x_wconf 89' lang='lat' dir='ltr'>possidet,</span> <span class='ocrx_word' id='word_1_712' title='bbox 1874 1520 1936 1544; x_wconf 92' lang='lat' dir='ltr'>non</span> <span class='ocrx_word' id='word_1_713' title='bbox 1953 1515 2055 1553; x_wconf 87' lang='lat' dir='ltr'>potest</span> <span class='ocrx_word' id='word_1_714' title='bbox 2067 1521 2157 1545; x_wconf 90' lang='lat' dir='ltr'>meus</span> 
     </span>
     <span class='ocr_line' id='line_1_103' title="bbox 1195 1561 2158 1608; baseline 0.003 -13"><span class='ocrx_word' id='word_1_715' title='bbox 1195 1570 1262 1595; x_wconf 89' lang='lat' dir='ltr'>esse</span> <span class='ocrx_word' id='word_1_716' title='bbox 1274 1561 1447 1604; x_wconf 87' lang='lat' dir='ltr'>discipulus</span> <span class='ocrx_word' id='word_1_717' title='bbox 1459 1575 1490 1594; x_wconf 71' lang='lat' dir='ltr'>n.</span> <span class='ocrx_word' id='word_1_718' title='bbox 1504 1562 1559 1595; x_wconf 93' lang='lat' dir='ltr'>Dei</span> <span class='ocrx_word' id='word_1_719' title='bbox 1572 1566 1678 1595; x_wconf 88' lang='lat' dir='ltr'>autem</span> <span class='ocrx_word' id='word_1_720' title='bbox 1692 1566 1767 1596; x_wconf 88' lang='lat' dir='ltr'>sunt</span> <span class='ocrx_word' id='word_1_721' title='bbox 1778 1564 1881 1596; x_wconf 91' lang='lat' dir='ltr'>anima</span> <span class='ocrx_word' id='word_1_722' title='bbox 1897 1567 1928 1597; x_wconf 94' lang='lat' dir='ltr'>et</span> <span class='ocrx_word' id='word_1_723' title='bbox 1944 1573 2070 1607; x_wconf 90' lang='lat' dir='ltr'>corpus,</span> <span class='ocrx_word' id='word_1_724' title='bbox 2083 1565 2158 1608; x_wconf 90' lang='lat' dir='ltr'>quia</span> 
     </span>
     <span class='ocr_line' id='line_1_104' title="bbox 1196 1615 2156 1659; baseline 0.004 -12"><span class='ocrx_word' id='word_1_725' title='bbox 1196 1615 1262 1658; x_wconf 91' lang='lat' dir='ltr'>ipse</span> <span class='ocrx_word' id='word_1_726' title='bbox 1278 1624 1394 1657; x_wconf 90' lang='lat' dir='ltr'>corpus</span> <span class='ocrx_word' id='word_1_727' title='bbox 1409 1619 1440 1648; x_wconf 90' lang='lat' dir='ltr'>et</span> <span class='ocrx_word' id='word_1_728' title='bbox 1452 1616 1587 1649; x_wconf 86' lang='lat' dir='ltr'>animam</span> <span class='ocrx_word' id='word_1_729' title='bbox 1600 1616 1760 1656; x_wconf 86' lang='lat' dir='ltr'>formavit,</span> <span class='ocrx_word' id='word_1_730' title='bbox 1775 1626 1891 1659; x_wconf 90' lang='lat' dir='ltr'>corpus</span> <span class='ocrx_word' id='word_1_731' title='bbox 1903 1617 1941 1651; x_wconf 90' lang='lat' dir='ltr'>de</span> <span class='ocrx_word' id='word_1_732' title='bbox 1954 1618 2029 1650; x_wconf 93' lang='lat' dir='ltr'>limo</span> <span class='ocrx_word' id='word_1_733' title='bbox 2042 1621 2156 1658; x_wconf 88' lang='lat' dir='ltr'>terrae,</span> 
     </span>
     <span class='ocr_line' id='line_1_105' title="bbox 1196 1668 2158 1712; baseline 0.005 -12"><span class='ocrx_word' id='word_1_734' title='bbox 1196 1668 1332 1701; x_wconf 89' lang='lat' dir='ltr'>animam</span> <span class='ocrx_word' id='word_1_735' title='bbox 1355 1668 1393 1701; x_wconf 90' lang='lat' dir='ltr'>de</span> <span class='ocrx_word' id='word_1_736' title='bbox 1416 1669 1536 1708; x_wconf 90' lang='lat' dir='ltr'>nihilo;</span> <span class='ocrx_word' id='word_1_737' title='bbox 1560 1672 1591 1702; x_wconf 89' lang='lat' dir='ltr'>et</span> <span class='ocrx_word' id='word_1_738' title='bbox 1615 1669 1684 1702; x_wconf 92' lang='lat' dir='ltr'>ideo</span> <span class='ocrx_word' id='word_1_739' title='bbox 1707 1673 1883 1712; x_wconf 90' lang='lat' dir='ltr'>utrumque</span> <span class='ocrx_word' id='word_1_740' title='bbox 1908 1670 2102 1704; x_wconf 90' lang='lat' dir='ltr'>reddendum</span> <span class='ocrx_word' id='word_1_741' title='bbox 2126 1675 2158 1705; x_wconf 90' lang='lat' dir='ltr'>et</span> 
     </span>
     <span class='ocr_line' id='line_1_106' title="bbox 1197 1721 2158 1767; baseline 0.004 -13"><span class='ocrx_word' id='word_1_742' title='bbox 1197 1721 1392 1755; x_wconf 84' lang='lat' dir='ltr'>offerendum</span> <span class='ocrx_word' id='word_1_743' title='bbox 1417 1722 1490 1755; x_wconf 93' lang='lat' dir='ltr'>De0.</span> <span class='ocrx_word' id='word_1_744' title='bbox 1516 1722 1605 1764; x_wconf 90' lang='lat' dir='ltr'>Quod</span> <span class='ocrx_word' id='word_1_745' title='bbox 1628 1722 1810 1765; x_wconf 89' lang='lat' dir='ltr'>designatur</span> <span class='ocrx_word' id='word_1_746' title='bbox 1831 1723 1863 1756; x_wconf 91' lang='lat' dir='ltr'>in</span> <span class='ocrx_word' id='word_1_747' title='bbox 1880 1724 1933 1756; x_wconf 91' lang='lat' dir='ltr'>illa</span> <span class='ocrx_word' id='word_1_748' title='bbox 1948 1724 2059 1763; x_wconf 84' lang='lat' dir='ltr'>vidua,</span> <span class='ocrx_word' id='word_1_749' title='bbox 2077 1733 2158 1767; x_wconf 87' lang='lat' dir='ltr'>quae</span> 
     </span>
     <span class='ocr_line' id='line_1_107' title="bbox 1199 1775 2157 1818; baseline 0.002 -11"><span class='ocrx_word' id='word_1_750' title='bbox 1199 1775 1283 1808; x_wconf 92' lang='lat' dir='ltr'>misit</span> <span class='ocrx_word' id='word_1_751' title='bbox 1311 1788 1327 1804; x_wconf 75' lang='lat' dir='ltr'>&lt;t</span> <span class='ocrx_word' id='word_1_752' title='bbox 1343 1775 1407 1808; x_wconf 87' lang='lat' dir='ltr'>duo</span> <span class='ocrx_word' id='word_1_753' title='bbox 1429 1784 1503 1808; x_wconf 91' lang='lat' dir='ltr'>aera</span> <span class='ocrx_word' id='word_1_754' title='bbox 1518 1775 1641 1808; x_wconf 86' lang='lat' dir='ltr'>minuta</span> <span class='ocrx_word' id='word_1_755' title='bbox 1656 1775 1687 1808; x_wconf 92' lang='lat' dir='ltr'>in</span> <span class='ocrx_word' id='word_1_756' title='bbox 1704 1776 1961 1818; x_wconf 83' lang='lat' dir='ltr'>gazophylacium</span> <span class='ocrx_word' id='word_1_757' title='bbox 1978 1790 1994 1805; x_wconf 68' lang='grc' dir='ltr'>ι»</span> <span class='ocrx_word' id='word_1_758' title='bbox 2015 1776 2157 1815; x_wconf 88' lang='lat' dir='ltr'>Domini,</span> 
     </span>
     <span class='ocr_line' id='line_1_108' title="bbox 1198 1828 2157 1871; baseline 0.001 -10"><span class='ocrx_word' id='word_1_759' title='bbox 1198 1828 1281 1862; x_wconf 81' lang='lat' dir='ltr'>infra</span> <span class='ocrx_word' id='word_1_760' title='bbox 1303 1828 1454 1871; x_wconf 88' lang='lat' dir='ltr'>vigesimo</span> <span class='ocrx_word' id='word_1_761' title='bbox 1477 1828 1581 1871; x_wconf 91' lang='lat' dir='ltr'>primo</span> <span class='ocrx_word' id='word_1_762' title='bbox 1593 1828 1630 1861; x_wconf 78' lang='lat'>1².</span> <span class='ocrx_word' id='word_1_763' title='bbox 1650 1829 1685 1861; x_wconf 92' lang='lat' dir='ltr'>Et</span> <span class='ocrx_word' id='word_1_764' title='bbox 1700 1828 1770 1862; x_wconf 90' lang='lat' dir='ltr'>ideo</span> <span class='ocrx_word' id='word_1_765' title='bbox 1785 1829 1824 1862; x_wconf 89' lang='lat' dir='ltr'>ad</span> <span class='ocrx_word' id='word_1_766' title='bbox 1841 1829 1995 1862; x_wconf 82' lang='lat' dir='ltr'>Romanos</span> <span class='ocrx_word' id='word_1_767' title='bbox 2010 1829 2157 1863; x_wconf 90' lang='lat' dir='ltr'>duodeci-</span> 
     </span>
     <span class='ocr_line' id='line_1_109' title="bbox 1198 1881 2156 1925; baseline 0.001 -11"><span class='ocrx_word' id='word_1_768' title='bbox 1198 1891 1270 1915; x_wconf 92' lang='lat' dir='ltr'>mo:</span> <span class='ocrx_word' id='word_1_769' title='bbox 1301 1895 1317 1910; x_wconf 80' lang='lat'>«</span> <span class='ocrx_word' id='word_1_770' title='bbox 1333 1881 1515 1915; x_wconf 85' lang='lat' dir='ltr'>Exhibeatis</span> <span class='ocrx_word' id='word_1_771' title='bbox 1538 1891 1672 1925; x_wconf 84' lang='lat' dir='ltr'>corpora</span> <span class='ocrx_word' id='word_1_772' title='bbox 1697 1885 1804 1915; x_wconf 83' lang='lat' dir='ltr'>vestra</span> <span class='ocrx_word' id='word_1_773' title='bbox 1827 1882 1960 1915; x_wconf 89' lang='lat' dir='ltr'>hostiam</span> <span class='ocrx_word' id='word_1_774' title='bbox 1985 1883 2156 1921; x_wconf 85' lang='lat' dir='ltr'>viventem,</span> 
     </span>
    </p>
   </div>
   <div class='ocr_carea' id='block_1_15' title="bbox 1173 1935 2158 1979">
    <p class='ocr_par' dir='ltr' id='par_1_19' title="bbox 1173 1935 2158 1979">
     <span class='ocr_line' id='line_1_110' title="bbox 1173 1935 2158 1979; baseline 0.001 -11"><span class='ocrx_word' id='word_1_775' title='bbox 1173 1977 1176 1979; x_wconf 34' lang='grc'><strong>,</strong></span> <span class='ocrx_word' id='word_1_776' title='bbox 1198 1938 1355 1975; x_wconf 86' lang='lat' dir='ltr'>sanctam,</span> <span class='ocrx_word' id='word_1_777' title='bbox 1379 1935 1444 1968; x_wconf 94' lang='lat' dir='ltr'>Deo</span> <span class='ocrx_word' id='word_1_778' title='bbox 1466 1936 1658 1978; x_wconf 88' lang='lat' dir='ltr'>placentem,</span> <span class='ocrx_word' id='word_1_779' title='bbox 1682 1935 1867 1969; x_wconf 89' lang='lat' dir='ltr'>rationabile</span> <span class='ocrx_word' id='word_1_780' title='bbox 1893 1935 2079 1978; x_wconf 90' lang='lat' dir='ltr'>obsequium</span> <span class='ocrx_word' id='word_1_781' title='bbox 2104 1945 2158 1969; x_wconf 79' lang='lat' dir='ltr'>ve-</span> 
     </span>
    </p>
   </div>
   <div class='ocr_carea' id='block_1_16' title="bbox 1195 1988 2158 2405">
    <p class='ocr_par' dir='ltr' id='par_1_20' title="bbox 1195 1988 2158 2405">
     <span class='ocr_line' id='line_1_111' title="bbox 1198 1988 2157 2028; baseline 0.001 -7"><span class='ocrx_word' id='word_1_782' title='bbox 1198 1992 1310 2022; x_wconf 89' lang='lat' dir='ltr'>strum.</span> <span class='ocrx_word' id='word_1_783' title='bbox 1336 1989 1373 2021; x_wconf 90' lang='lat' dir='ltr'>Et</span> <span class='ocrx_word' id='word_1_784' title='bbox 1395 1989 1491 2022; x_wconf 88' lang='lat' dir='ltr'>nolite</span> <span class='ocrx_word' id='word_1_785' title='bbox 1514 1988 1703 2022; x_wconf 87' lang='lat' dir='ltr'>conformari</span> <span class='ocrx_word' id='word_1_786' title='bbox 1721 1989 1797 2022; x_wconf 88' lang='lat' dir='ltr'>huic</span> <span class='ocrx_word' id='word_1_787' title='bbox 1820 1989 1963 2028; x_wconf 87' lang='lat' dir='ltr'>saeculo,</span> <span class='ocrx_word' id='word_1_788' title='bbox 1988 1989 2041 2022; x_wconf 90' lang='lat' dir='ltr'>sed</span> <span class='ocrx_word' id='word_1_789' title='bbox 2058 1989 2157 2022; x_wconf 78' lang='lat' dir='ltr'>reior-</span> 
     </span>
     <span class='ocr_line' id='line_1_112' title="bbox 1198 2042 2158 2076; baseline 0.002 -2"><span class='ocrx_word' id='word_1_790' title='bbox 1198 2042 1326 2075; x_wconf 89' lang='lat' dir='ltr'>mamini</span> <span class='ocrx_word' id='word_1_791' title='bbox 1344 2042 1374 2074; x_wconf 93' lang='lat' dir='ltr'>in</span> <span class='ocrx_word' id='word_1_792' title='bbox 1392 2042 1530 2075; x_wconf 88' lang='lat' dir='ltr'>novitate</span> <span class='ocrx_word' id='word_1_793' title='bbox 1546 2051 1658 2075; x_wconf 90' lang='lat' dir='ltr'>sensus</span> <span class='ocrx_word' id='word_1_794' title='bbox 1673 2042 1769 2075; x_wconf 85' lang='lat' dir='ltr'>vestri</span> <span class='ocrx_word' id='word_1_795' title='bbox 1788 2055 1817 2074; x_wconf 73' lang='lat' dir='ltr'>n.</span> <span class='ocrx_word' id='word_1_796' title='bbox 1835 2042 1921 2075; x_wconf 91' lang='lat' dir='ltr'>Unde</span> <span class='ocrx_word' id='word_1_797' title='bbox 1937 2042 1969 2075; x_wconf 94' lang='lat' dir='ltr'>in</span> <span class='ocrx_word' id='word_1_798' title='bbox 1986 2043 2045 2076; x_wconf 86' lang='lat' dir='ltr'>hoc</span> <span class='ocrx_word' id='word_1_799' title='bbox 2060 2043 2158 2076; x_wconf 90' lang='lat' dir='ltr'>verbo</span> 
     </span>
     <span class='ocr_line' id='line_1_113' title="bbox 1197 2094 2110 2137; baseline 0 -9"><span class='ocrx_word' id='word_1_800' title='bbox 1197 2094 1355 2128; x_wconf 89' lang='lat' dir='ltr'>clauditur</span> <span class='ocrx_word' id='word_1_801' title='bbox 1379 2104 1504 2128; x_wconf 89' lang='lat' dir='ltr'>summa</span> <span class='ocrx_word' id='word_1_802' title='bbox 1527 2095 1624 2128; x_wconf 89' lang='lat' dir='ltr'>totius</span> <span class='ocrx_word' id='word_1_803' title='bbox 1646 2095 1784 2128; x_wconf 86' lang='lat' dir='ltr'>iustitiae</span> <span class='ocrx_word' id='word_1_804' title='bbox 1807 2099 1838 2128; x_wconf 91' lang='lat' dir='ltr'>et</span> <span class='ocrx_word' id='word_1_805' title='bbox 1861 2095 2110 2137; x_wconf 78' lang='lat' dir='ltr'>perfectionis¹³.</span> 
     </span>
     <span class='ocr_line' id='line_1_114' title="bbox 1287 2148 2157 2190; baseline 0.001 -9"><span class='ocrx_word' id='word_1_806' title='bbox 1287 2148 1339 2181; x_wconf 86' lang='lat'>33.</span> <span class='ocrx_word' id='word_1_807' title='bbox 1365 2149 1466 2190; x_wconf 91' lang='lat' dir='ltr'>(Vers.</span> <span class='ocrx_word' id='word_1_808' title='bbox 1491 2148 1568 2189; x_wconf 58' lang='lat'>26).</span> <span class='ocrx_word' id='word_1_809' title='bbox 1601 2148 1707 2181; x_wconf 88' lang='lat' dir='ltr'>Tertio</span> <span class='ocrx_word' id='word_1_810' title='bbox 1738 2151 1891 2190; x_wconf 80' lang='lat' dir='ltr'>quantum</span> <span class='ocrx_word' id='word_1_811' title='bbox 1919 2148 1957 2181; x_wconf 88' lang='lat' dir='ltr'>ad</span> <span class='ocrx_word' id='word_1_812' title='bbox 1980 2148 2157 2182; x_wconf 80' lang='lat' dir='ltr'>evidentem</span> 
     </span>
     <span class='ocr_line' id='line_1_115' title="bbox 1197 2200 2157 2244; baseline -0.001 -9"><span class='ocrx_word' id='word_1_813' title='bbox 1197 2200 1457 2244; x_wconf 81' lang='lat' dir='ltr'>confutationem</span> <span class='ocrx_word' id='word_1_814' title='bbox 1482 2201 1626 2234; x_wconf 82' lang='lat' dir='ltr'>astutiae</span> <span class='ocrx_word' id='word_1_815' title='bbox 1641 2201 1821 2244; x_wconf 82' lang='lat' dir='ltr'>versipellis</span> <span class='ocrx_word' id='word_1_816' title='bbox 1837 2201 2016 2244; x_wconf 87' lang='lat' dir='ltr'>subiungit:</span> <span class='ocrx_word' id='word_1_817' title='bbox 2035 2202 2076 2234; x_wconf 88' lang='lat' dir='ltr'>Et</span> <span class='ocrx_word' id='word_1_818' title='bbox 2089 2211 2157 2235; x_wconf 80' lang='lat' dir='ltr'>non</span> 
     </span>
     <span class='ocr_line' id='line_1_116' title="bbox 1195 2253 2154 2298; baseline 0 -11"><span class='ocrx_word' id='word_1_819' title='bbox 1195 2259 1375 2298; x_wconf 82' lang='lat' dir='ltr'>potuerunt</span> <span class='ocrx_word' id='word_1_820' title='bbox 1401 2253 1637 2297; x_wconf 74' lang='lat' dir='ltr'>reprehendere</span> <span class='ocrx_word' id='word_1_821' title='bbox 1658 2254 1795 2287; x_wconf 84' lang='lat' dir='ltr'>verbum</span> <span class='ocrx_word' id='word_1_822' title='bbox 1818 2254 1890 2287; x_wconf 80' lang='lat' dir='ltr'>eius</span> <span class='ocrx_word' id='word_1_823' title='bbox 1913 2264 2028 2287; x_wconf 88' lang='lat' dir='ltr'>coram</span> <span class='ocrx_word' id='word_1_824' title='bbox 2048 2254 2154 2298; x_wconf 84' lang='lat' dir='ltr'>plebe,</span> 
     </span>
     <span class='ocr_line' id='line_1_117' title="bbox 1196 2308 2156 2351; baseline 0 -9"><span class='ocrx_word' id='word_1_825' title='bbox 1196 2317 1254 2351; x_wconf 91' lang='lat' dir='ltr'>per</span> <span class='ocrx_word' id='word_1_826' title='bbox 1281 2312 1485 2351; x_wconf 85' lang='lat' dir='ltr'>apparentem</span> <span class='ocrx_word' id='word_1_827' title='bbox 1518 2308 1804 2342; x_wconf 87' lang='lat' dir='ltr'>contradictionem.</span> <span class='ocrx_word' id='word_1_828' title='bbox 1829 2309 1890 2341; x_wconf 90' lang='lat' dir='ltr'>Nec</span> <span class='ocrx_word' id='word_1_829' title='bbox 1913 2308 2049 2348; x_wconf 90' lang='lat' dir='ltr'>mirum,</span> <span class='ocrx_word' id='word_1_830' title='bbox 2081 2309 2156 2351; x_wconf 89' lang='lat' dir='ltr'>quia</span> 
     </span>
     <span class='ocr_line' id='line_1_118' title="bbox 1196 2361 2155 2405; baseline 0 -10"><span class='ocrx_word' id='word_1_831' title='bbox 1196 2361 1235 2395; x_wconf 89' lang='lat' dir='ltr'>ad</span> <span class='ocrx_word' id='word_1_832' title='bbox 1259 2362 1412 2395; x_wconf 87' lang='lat' dir='ltr'>Romanos</span> <span class='ocrx_word' id='word_1_833' title='bbox 1435 2362 1580 2395; x_wconf 57' lang='lat' dir='ltr'>nonest:</span> <span class='ocrx_word' id='word_1_834' title='bbox 1609 2375 1626 2391; x_wconf 72' lang='grc' dir='ltr'>α</span> <span class='ocrx_word' id='word_1_835' title='bbox 1642 2363 1690 2395; x_wconf 87' lang='grc' dir='ltr'>Τ11</span> <span class='ocrx_word' id='word_1_836' title='bbox 1713 2362 1785 2405; x_wconf 89' lang='lat' dir='ltr'>quis</span> <span class='ocrx_word' id='word_1_837' title='bbox 1808 2371 1859 2401; x_wconf 90' lang='lat' dir='ltr'>es,</span> <span class='ocrx_word' id='word_1_838' title='bbox 1888 2362 1942 2404; x_wconf 91' lang='lat' dir='ltr'>qui</span> <span class='ocrx_word' id='word_1_839' title='bbox 1967 2362 2155 2405; x_wconf 88' lang='lat' dir='ltr'>respondeas</span> 
     </span>
    </p>
   </div>
   <div class='ocr_carea' id='block_1_17' title="bbox 1193 2571 2156 2959">
    <p class='ocr_par' dir='ltr' id='par_1_21' title="bbox 1193 2571 2156 2959">
     <span class='ocr_line' id='line_1_119' title="bbox 1197 2571 2155 2610; baseline -0.001 -11"><span class='ocrx_word' id='word_1_840' title='bbox 1197 2574 1305 2607; x_wconf 84' lang='lat' dir='ltr'>Ioanne,</span> <span class='ocrx_word' id='word_1_841' title='bbox 1324 2574 1385 2610; x_wconf 83' lang='lat' dir='ltr'>quia</span> <span class='ocrx_word' id='word_1_842' title='bbox 1399 2573 1450 2608; x_wconf 84' lang='lat' dir='ltr'>filii</span> <span class='ocrx_word' id='word_1_843' title='bbox 1461 2572 1575 2600; x_wconf 83' lang='lat' dir='ltr'>tonitrui</span> <span class='ocrx_word' id='word_1_844' title='bbox 1592 2575 1652 2599; x_wconf 88' lang='lat' dir='ltr'>sunt</span> <span class='ocrx_word' id='word_1_845' title='bbox 1671 2572 1759 2606; x_wconf 81' lang='lat' dir='ltr'>[Marc.</span> <span class='ocrx_word' id='word_1_846' title='bbox 1779 2573 1808 2603; x_wconf 84' lang='lat'>3,</span> <span class='ocrx_word' id='word_1_847' title='bbox 1833 2571 1898 2606; x_wconf 84' lang='lat' dir='ltr'>l7.];</span> <span class='ocrx_word' id='word_1_848' title='bbox 1918 2572 1966 2599; x_wconf 88' lang='lat' dir='ltr'>sed</span> <span class='ocrx_word' id='word_1_849' title='bbox 1984 2573 2113 2605; x_wconf 86' lang='lat' dir='ltr'>reperitur</span> <span class='ocrx_word' id='word_1_850' title='bbox 2129 2573 2155 2599; x_wconf 86' lang='lat' dir='ltr'>in</span> 
     </span>
     <span class='ocr_line' id='line_1_120' title="bbox 1197 2616 2156 2650; baseline -0.002 -6"><span class='ocrx_word' id='word_1_851' title='bbox 1197 2619 1277 2649; x_wconf 87' lang='lat' dir='ltr'>mari,</span> <span class='ocrx_word' id='word_1_852' title='bbox 1295 2618 1341 2644; x_wconf 88' lang='lat' dir='ltr'>uhi</span> <span class='ocrx_word' id='word_1_853' title='bbox 1361 2618 1489 2644; x_wconf 88' lang='lat' dir='ltr'>dracones</span> <span class='ocrx_word' id='word_1_854' title='bbox 1507 2617 1542 2643; x_wconf 92' lang='lat' dir='ltr'>illi</span> <span class='ocrx_word' id='word_1_855' title='bbox 1562 2617 1677 2643; x_wconf 85' lang='lat' dir='ltr'>contritis</span> <span class='ocrx_word' id='word_1_856' title='bbox 1695 2616 1825 2649; x_wconf 88' lang='lat' dir='ltr'>capitibus</span> <span class='ocrx_word' id='word_1_857' title='bbox 1834 2624 1914 2649; x_wconf 85' lang='lat' dir='ltr'>super</span> <span class='ocrx_word' id='word_1_858' title='bbox 1927 2623 2038 2650; x_wconf 83' lang='lat' dir='ltr'>aquam,</span> <span class='ocrx_word' id='word_1_859' title='bbox 2057 2620 2083 2643; x_wconf 86' lang='lat' dir='ltr'>et</span> <span class='ocrx_word' id='word_1_860' title='bbox 2099 2617 2156 2649; x_wconf 88' lang='lat' dir='ltr'>ipse</span> 
     </span>
     <span class='ocr_line' id='line_1_121' title="bbox 1197 2660 2156 2696; baseline -0.001 -7"><span class='ocrx_word' id='word_1_861' title='bbox 1197 2663 1277 2689; x_wconf 90' lang='lat' dir='ltr'>draco</span> <span class='ocrx_word' id='word_1_862' title='bbox 1291 2663 1386 2694; x_wconf 88' lang='lat' dir='ltr'>maior,</span> <span class='ocrx_word' id='word_1_863' title='bbox 1400 2662 1576 2688; x_wconf 87' lang='lat' dir='ltr'>comminutus</span> <span class='ocrx_word' id='word_1_864' title='bbox 1595 2664 1685 2696; x_wconf 80' lang='lat' dir='ltr'>caput,</span> <span class='ocrx_word' id='word_1_865' title='bbox 1699 2661 1776 2687; x_wconf 84' lang='lat' dir='ltr'>datur</span> <span class='ocrx_word' id='word_1_866' title='bbox 1788 2661 1815 2686; x_wconf 91' lang='lat' dir='ltr'>in</span> <span class='ocrx_word' id='word_1_867' title='bbox 1827 2668 1916 2688; x_wconf 80' lang='lat' dir='ltr'>escam</span> <span class='ocrx_word' id='word_1_868' title='bbox 1931 2660 2042 2695; x_wconf 79' lang='lat' dir='ltr'>populis</span> <span class='ocrx_word' id='word_1_869' title='bbox 2055 2660 2156 2688; x_wconf 76' lang='lat' dir='ltr'>Aethio-</span> 
     </span>
     <span class='ocr_line' id='line_1_122' title="bbox 1193 2705 2153 2742; baseline -0.003 -8"><span class='ocrx_word' id='word_1_870' title='bbox 1193 2714 1263 2742; x_wconf 82' lang='lat' dir='ltr'>pum</span> <span class='ocrx_word' id='word_1_871' title='bbox 1281 2707 1335 2742; x_wconf 72' lang='lat' dir='ltr'>[rs.</span> <span class='ocrx_word' id='word_1_872' title='bbox 1354 2707 1403 2738; x_wconf 84' lang='lat'>73,</span> <span class='ocrx_word' id='word_1_873' title='bbox 1425 2706 1487 2740; x_wconf 68' lang='lat'>44.].</span> <span class='ocrx_word' id='word_1_874' title='bbox 1509 2706 1534 2732; x_wconf 89' lang='lat' dir='ltr'>Si</span> <span class='ocrx_word' id='word_1_875' title='bbox 1561 2713 1625 2738; x_wconf 80' lang='lat' dir='ltr'>ergo</span> <span class='ocrx_word' id='word_1_876' title='bbox 1649 2713 1701 2731; x_wconf 91' lang='grc'>11011</span> <span class='ocrx_word' id='word_1_877' title='bbox 1727 2705 1818 2731; x_wconf 86' lang='lat' dir='ltr'>habuit</span> <span class='ocrx_word' id='word_1_878' title='bbox 1844 2705 1984 2739; x_wconf 85' lang='lat' dir='ltr'>[Christus]</span> <span class='ocrx_word' id='word_1_879' title='bbox 2011 2705 2153 2737; x_wconf 84' lang='lat' dir='ltr'>imaginem</span> 
     </span>
     <span class='ocr_line' id='line_1_123' title="bbox 1197 2749 2155 2783; baseline -0.004 -5"><span class='ocrx_word' id='word_1_880' title='bbox 1197 2752 1328 2783; x_wconf 77' lang='lat' dir='ltr'>Caesaris,</span> <span class='ocrx_word' id='word_1_881' title='bbox 1347 2758 1394 2777; x_wconf 90' lang='lat' dir='ltr'>cur</span> <span class='ocrx_word' id='word_1_882' title='bbox 1413 2751 1485 2777; x_wconf 88' lang='lat' dir='ltr'>dedit</span> <span class='ocrx_word' id='word_1_883' title='bbox 1503 2751 1630 2776; x_wconf 73' lang='lat' dir='ltr'>censum?</span> <span class='ocrx_word' id='word_1_884' title='bbox 1649 2750 1706 2775; x_wconf 90' lang='lat' dir='ltr'>Non</span> <span class='ocrx_word' id='word_1_885' title='bbox 1731 2749 1764 2775; x_wconf 92' lang='lat' dir='ltr'>de</span> <span class='ocrx_word' id='word_1_886' title='bbox 1783 2756 1831 2775; x_wconf 92' lang='lat' dir='ltr'>suo</span> <span class='ocrx_word' id='word_1_887' title='bbox 1857 2749 1944 2780; x_wconf 82' lang='lat' dir='ltr'>dedit,</span> <span class='ocrx_word' id='word_1_888' title='bbox 1969 2749 2016 2775; x_wconf 85' lang='lat' dir='ltr'>sed</span> <span class='ocrx_word' id='word_1_889' title='bbox 2041 2749 2155 2775; x_wconf 86' lang='lat' dir='ltr'>reddidit</span> 
     </span>
     <span class='ocr_line' id='line_1_124' title="bbox 1198 2793 2156 2830; baseline -0.003 -7"><span class='ocrx_word' id='word_1_890' title='bbox 1198 2796 1298 2823; x_wconf 92' lang='lat' dir='ltr'>mundo</span> <span class='ocrx_word' id='word_1_891' title='bbox 1317 2796 1390 2830; x_wconf 87' lang='lat' dir='ltr'>quod</span> <span class='ocrx_word' id='word_1_892' title='bbox 1408 2798 1464 2821; x_wconf 88' lang='lat' dir='ltr'>erat</span> <span class='ocrx_word' id='word_1_893' title='bbox 1482 2794 1582 2821; x_wconf 88' lang='lat' dir='ltr'>mundi.</span> <span class='ocrx_word' id='word_1_894' title='bbox 1602 2795 1631 2820; x_wconf 88' lang='lat' dir='ltr'>Et</span> <span class='ocrx_word' id='word_1_895' title='bbox 1650 2797 1692 2825; x_wconf 83' lang='lat' dir='ltr'>tu,</span> <span class='ocrx_word' id='word_1_896' title='bbox 1706 2793 1727 2819; x_wconf 87' lang='lat' dir='ltr'>si</span> <span class='ocrx_word' id='word_1_897' title='bbox 1741 2793 1782 2819; x_wconf 84' lang='lat' dir='ltr'>vis</span> <span class='ocrx_word' id='word_1_898' title='bbox 1800 2800 1853 2819; x_wconf 88' lang='lat' dir='ltr'>non</span> <span class='ocrx_word' id='word_1_899' title='bbox 1871 2800 1930 2819; x_wconf 88' lang='lat' dir='ltr'>esse</span> <span class='ocrx_word' id='word_1_900' title='bbox 1948 2793 2078 2820; x_wconf 85' lang='lat' dir='ltr'>obnoxius</span> <span class='ocrx_word' id='word_1_901' title='bbox 2095 2793 2156 2820; x_wconf 82' lang='lat' dir='ltr'>Cae-</span> 
     </span>
     <span class='ocr_line' id='line_1_125' title="bbox 1197 2837 2156 2873; baseline -0.003 -6"><span class='ocrx_word' id='word_1_902' title='bbox 1197 2841 1263 2873; x_wconf 89' lang='lat' dir='ltr'>sari,</span> <span class='ocrx_word' id='word_1_903' title='bbox 1282 2841 1333 2867; x_wconf 90' lang='lat' dir='ltr'>noli</span> <span class='ocrx_word' id='word_1_904' title='bbox 1353 2839 1450 2866; x_wconf 81' lang='lat' dir='ltr'>hahere</span> <span class='ocrx_word' id='word_1_905' title='bbox 1468 2846 1537 2872; x_wconf 85' lang='lat' dir='ltr'>quae</span> <span class='ocrx_word' id='word_1_906' title='bbox 1556 2838 1646 2865; x_wconf 87' lang='lat' dir='ltr'>mundi</span> <span class='ocrx_word' id='word_1_907' title='bbox 1665 2840 1726 2864; x_wconf 88' lang='lat' dir='ltr'>sunt</span> <span class='ocrx_word' id='word_1_908' title='bbox 1744 2840 1792 2863; x_wconf 82' lang='lat' dir='ltr'>etc.</span> <span class='ocrx_word' id='word_1_909' title='bbox 1805 2851 1841 2857; x_wconf 95' lang='lat'>—</span> <span class='ocrx_word' id='word_1_910' title='bbox 1857 2837 1980 2871; x_wconf 85' lang='lat' dir='ltr'>Sequitur</span> <span class='ocrx_word' id='word_1_911' title='bbox 1999 2838 2087 2864; x_wconf 79' lang='lat' dir='ltr'>Matth.</span> <span class='ocrx_word' id='word_1_912' title='bbox 2110 2838 2156 2870; x_wconf 80' lang='grc'>47,</span> 
     </span>
     <span class='ocr_line' id='line_1_126' title="bbox 1198 2881 1940 2916; baseline -0.007 -4"><span class='ocrx_word' id='word_1_913' title='bbox 1198 2886 1240 2912; x_wconf 86' lang='grc'>26.</span> <span class='ocrx_word' id='word_1_914' title='bbox 1258 2899 1294 2905; x_wconf 84' lang='grc'>-</span> <span class='ocrx_word' id='word_1_915' title='bbox 1313 2885 1419 2911; x_wconf 84' lang='lat' dir='ltr'>inferius</span> <span class='ocrx_word' id='word_1_916' title='bbox 1437 2890 1485 2916; x_wconf 83' lang='lat' dir='ltr'>pro</span> <span class='ocrx_word' id='word_1_917' title='bbox 1505 2881 1668 2910; x_wconf 75' lang='lat' dir='ltr'>terrenitatis</span> <span class='ocrx_word' id='word_1_918' title='bbox 1687 2882 1745 2907; x_wconf 77' lang='lat' dir='ltr'>Vat-</span> <span class='ocrx_word' id='word_1_919' title='bbox 1764 2881 1940 2908; x_wconf 69' lang='lat' dir='ltr'>strenuitatis.</span> 
     </span>
     <span class='ocr_line' id='line_1_127' title="bbox 1269 2926 1780 2959; baseline -0.008 -4"><span class='ocrx_word' id='word_1_920' title='bbox 1269 2928 1281 2944; x_wconf 79' lang='lat'><strong>⁶</strong></span> <span class='ocrx_word' id='word_1_921' title='bbox 1299 2928 1352 2955; x_wconf 75' lang='lat' dir='ltr'>Gir.</span> <span class='ocrx_word' id='word_1_922' title='bbox 1371 2932 1433 2954; x_wconf 90' lang='lat' dir='ltr'>tom.</span> <span class='ocrx_word' id='word_1_923' title='bbox 1453 2928 1490 2953; x_wconf 96' lang='lat' dir='ltr'>lll.</span> <span class='ocrx_word' id='word_1_924' title='bbox 1509 2934 1571 2959; x_wconf 81' lang='lat' dir='ltr'>pag.</span> <span class='ocrx_word' id='word_1_925' title='bbox 1589 2926 1655 2959; x_wconf 79' lang='lat'>728,</span> <span class='ocrx_word' id='word_1_926' title='bbox 1673 2930 1735 2952; x_wconf 85' lang='lat' dir='ltr'>nota</span> <span class='ocrx_word' id='word_1_927' title='bbox 1756 2926 1780 2952; x_wconf 76' lang='lat' dir='ltr'>l.</span> 
     </span>
    </p>
   </div>
   <div class='ocr_carea' id='block_1_18' title="bbox 1198 2971 2154 3093">
    <p class='ocr_par' dir='ltr' id='par_1_22' title="bbox 1198 2971 2154 3093">
     <span class='ocr_line' id='line_1_128' title="bbox 1269 2971 1507 2997; baseline -0.004 0"><span class='ocrx_word' id='word_1_928' title='bbox 1269 2972 1279 2987; x_wconf 86' lang='lat'>⁷</span> <span class='ocrx_word' id='word_1_929' title='bbox 1367 2991 1374 2997; x_wconf 90' lang='lat'>.</span> <span class='ocrx_word' id='word_1_930' title='bbox 1392 2971 1417 2997; x_wconf 92' lang='lat'>7.</span> <span class='ocrx_word' id='word_1_931' title='bbox 1454 2974 1462 2996; x_wconf 89' lang='lat' dir='ltr'>t</span> <span class='ocrx_word' id='word_1_932' title='bbox 1481 2971 1507 2996; x_wconf 89' lang='lat'>8.</span> 
     </span>
     <span class='ocr_line' id='line_1_129' title="bbox 1268 2973 2154 3048; baseline -0.002 -6"><span class='ocrx_word' id='word_1_933' title='bbox 1268 3016 1280 3032; x_wconf 83' lang='lat'>⁸</span> <span class='ocrx_word' id='word_1_934' title='bbox 1299 2973 1401 3042; x_wconf 52' lang='lat' dir='ltr'>{gliscet</span> <span class='ocrx_word' id='word_1_935' title='bbox 1425 2978 1567 3041; x_wconf 39' lang='lat' dir='ltr'>ossdinam&#39;a</span> <span class='ocrx_word' id='word_1_936' title='bbox 1596 3014 1637 3048; x_wconf 87' lang='lat' dir='ltr'>(ex</span> <span class='ocrx_word' id='word_1_937' title='bbox 1665 3013 1756 3047; x_wconf 83' lang='lat' dir='ltr'>Beda).</span> <span class='ocrx_word' id='word_1_938' title='bbox 1781 3028 1816 3034; x_wconf 93' lang='lat'><strong>—</strong></span> <span class='ocrx_word' id='word_1_939' title='bbox 1839 3013 1957 3040; x_wconf 88' lang='lat' dir='ltr'>Subinde</span> <span class='ocrx_word' id='word_1_940' title='bbox 1984 3014 2110 3046; x_wconf 79' lang='lat' dir='ltr'>allegatur</span> <span class='ocrx_word' id='word_1_941' title='bbox 2138 3015 2154 3040; x_wconf 93' lang='lat' dir='ltr'>l.</span> 
     </span>
     <span class='ocr_line' id='line_1_130' title="bbox 1198 3056 2154 3093; baseline -0.005 -4"><span class='ocrx_word' id='word_1_942' title='bbox 1198 3062 1257 3089; x_wconf 92' lang='lat' dir='ltr'>Cor.</span> <span class='ocrx_word' id='word_1_943' title='bbox 1279 3062 1324 3093; x_wconf 75' lang='lat'>⁴5,</span> <span class='ocrx_word' id='word_1_944' title='bbox 1340 3060 1382 3086; x_wconf 67' lang='lat'>69.</span> <span class='ocrx_word' id='word_1_945' title='bbox 1988 3056 1999 3072; x_wconf 82' lang='lat'><strong>⁹</strong></span> <span class='ocrx_word' id='word_1_946' title='bbox 2018 3058 2094 3084; x_wconf 85' lang='lat' dir='ltr'>Vei-s.</span> <span class='ocrx_word' id='word_1_947' title='bbox 2113 3058 2154 3084; x_wconf 69' lang='lat'>46.</span> 
     </span>
    </p>
   </div>
   <div class='ocr_carea' id='block_1_19' title="bbox 1197 3102 2156 3401">
    <p class='ocr_par' dir='ltr' id='par_1_23' title="bbox 1197 3102 2156 3226">
     <span class='ocr_line' id='line_1_131' title="bbox 1269 3102 2154 3137; baseline -0.003 -6"><span class='ocrx_word' id='word_1_948' title='bbox 1269 3104 1292 3120; x_wconf 90' lang='lat'>¹⁰</span> <span class='ocrx_word' id='word_1_949' title='bbox 1311 3105 1411 3131; x_wconf 77' lang='lat' dir='ltr'>Scilicet</span> <span class='ocrx_word' id='word_1_950' title='bbox 1431 3103 1574 3130; x_wconf 79' lang='lat' dir='ltr'>ordinaria</span> <span class='ocrx_word' id='word_1_951' title='bbox 1587 3103 1628 3137; x_wconf 85' lang='lat' dir='ltr'>(ex</span> <span class='ocrx_word' id='word_1_952' title='bbox 1649 3102 1784 3136; x_wconf 68' lang='lat' dir='ltr'>Ambros,</span> <span class='ocrx_word' id='word_1_953' title='bbox 1798 3103 1842 3129; x_wconf 82' lang='lat' dir='ltr'>lX.</span> <span class='ocrx_word' id='word_1_954' title='bbox 1855 3103 1881 3129; x_wconf 89' lang='lat' dir='ltr'>in</span> <span class='ocrx_word' id='word_1_955' title='bbox 1895 3103 1957 3128; x_wconf 85' lang='lat' dir='ltr'>Luc..</span> <span class='ocrx_word' id='word_1_956' title='bbox 1975 3109 1998 3128; x_wconf 92' lang='lat' dir='ltr'>c.</span> <span class='ocrx_word' id='word_1_957' title='bbox 2018 3103 2061 3128; x_wconf 86' lang='grc'>20.</span> <span class='ocrx_word' id='word_1_958' title='bbox 2074 3110 2099 3128; x_wconf 89' lang='grc'>11.</span> <span class='ocrx_word' id='word_1_959' title='bbox 2112 3102 2154 3128; x_wconf 87' lang='grc'>35.</span> 
     </span>
     <span class='ocr_line' id='line_1_132' title="bbox 1197 3145 2156 3183; baseline -0.004 -7"><span class='ocrx_word' id='word_1_960' title='bbox 1197 3157 1268 3183; x_wconf 84' lang='lat' dir='ltr'>seq.;</span> <span class='ocrx_word' id='word_1_961' title='bbox 1287 3150 1332 3175; x_wconf 76' lang='lat' dir='ltr'>cir.</span> <span class='ocrx_word' id='word_1_962' title='bbox 1351 3154 1430 3180; x_wconf 81' lang='lat' dir='ltr'>supra</span> <span class='ocrx_word' id='word_1_963' title='bbox 1450 3151 1509 3176; x_wconf 84' lang='lat' dir='ltr'>nota</span> <span class='ocrx_word' id='word_1_964' title='bbox 1529 3147 1564 3180; x_wconf 85' lang='lat'>5.)</span> <span class='ocrx_word' id='word_1_965' title='bbox 1579 3148 1605 3173; x_wconf 92' lang='lat' dir='ltr'>in</span> <span class='ocrx_word' id='word_1_966' title='bbox 1624 3148 1687 3174; x_wconf 89' lang='lat' dir='ltr'>Luc.</span> <span class='ocrx_word' id='word_1_967' title='bbox 1699 3147 1746 3180; x_wconf 77' lang='lat'>20,</span> <span class='ocrx_word' id='word_1_968' title='bbox 1760 3147 1802 3173; x_wconf 76' lang='grc'>24.</span> <span class='ocrx_word' id='word_1_969' title='bbox 1814 3160 1850 3167; x_wconf 87' lang='grc'>--</span> <span class='ocrx_word' id='word_1_970' title='bbox 1863 3146 1989 3179; x_wconf 83' lang='lat' dir='ltr'>Superius</span> <span class='ocrx_word' id='word_1_971' title='bbox 2008 3153 2056 3179; x_wconf 86' lang='lat' dir='ltr'>pro</span> <span class='ocrx_word' id='word_1_972' title='bbox 2074 3145 2156 3173; x_wconf 80' lang='lat' dir='ltr'>Prius</span> 
     </span>
     <span class='ocr_line' id='line_1_133' title="bbox 1197 3191 1709 3226; baseline -0.006 -5"><span class='ocrx_word' id='word_1_973' title='bbox 1197 3193 1279 3222; x_wconf 81' lang='lat' dir='ltr'>etiam</span> <span class='ocrx_word' id='word_1_974' title='bbox 1299 3193 1348 3226; x_wconf 89' lang='lat' dir='ltr'>(lta</span> <span class='ocrx_word' id='word_1_975' title='bbox 1367 3192 1387 3219; x_wconf 91' lang='lat' dir='ltr'>C</span> <span class='ocrx_word' id='word_1_976' title='bbox 1399 3191 1429 3224; x_wconf 88' lang='lat' dir='ltr'>D)</span> <span class='ocrx_word' id='word_1_977' title='bbox 1450 3192 1510 3218; x_wconf 74' lang='lat' dir='ltr'>Vnt.</span> <span class='ocrx_word' id='word_1_978' title='bbox 1528 3191 1610 3219; x_wconf 79' lang='lat' dir='ltr'>Prius</span> <span class='ocrx_word' id='word_1_979' title='bbox 1628 3191 1709 3218; x_wconf 78' lang='lat' dir='ltr'>enim.</span> 
     </span>
    </p>

    <p class='ocr_par' dir='ltr' id='par_1_24' title="bbox 1269 3237 1448 3263">
     <span class='ocr_line' id='line_1_134' title="bbox 1269 3237 1448 3263; baseline 0 -1"><span class='ocrx_word' id='word_1_980' title='bbox 1269 3237 1289 3252; x_wconf 90' lang='lat'>¹¹</span> <span class='ocrx_word' id='word_1_981' title='bbox 1310 3237 1385 3263; x_wconf 87' lang='lat' dir='ltr'>Vers.</span> <span class='ocrx_word' id='word_1_982' title='bbox 1405 3237 1448 3262; x_wconf 80' lang='lat'>33.</span> 
     </span>
    </p>

    <p class='ocr_par' dir='ltr' id='par_1_25' title="bbox 1270 3279 1873 3315">
     <span class='ocr_line' id='line_1_135' title="bbox 1270 3279 1873 3315; baseline -0.002 -9"><span class='ocrx_word' id='word_1_983' title='bbox 1270 3279 1292 3296; x_wconf 75' lang='lat'>¹³</span> <span class='ocrx_word' id='word_1_984' title='bbox 1311 3281 1386 3306; x_wconf 90' lang='lat' dir='ltr'>Vers.</span> <span class='ocrx_word' id='word_1_985' title='bbox 1406 3281 1430 3306; x_wconf 83' lang='grc'>2.</span> <span class='ocrx_word' id='word_1_986' title='bbox 1450 3282 1475 3306; x_wconf 81' lang='lat' dir='ltr'>et</span> <span class='ocrx_word' id='word_1_987' title='bbox 1495 3280 1592 3306; x_wconf 89' lang='lat' dir='ltr'>deinde</span> <span class='ocrx_word' id='word_1_988' title='bbox 1610 3281 1687 3307; x_wconf 82' lang='lat' dir='ltr'>Rom.</span> <span class='ocrx_word' id='word_1_989' title='bbox 1705 3280 1753 3315; x_wconf 57' lang='lat'>52,</span> <span class='ocrx_word' id='word_1_990' title='bbox 1774 3280 1798 3305; x_wconf 87' lang='lat' dir='ltr'>l.</span> <span class='ocrx_word' id='word_1_991' title='bbox 1817 3286 1873 3312; x_wconf 89' lang='lat' dir='ltr'>seq.</span> 
     </span>
    </p>

    <p class='ocr_par' dir='ltr' id='par_1_26' title="bbox 1270 3323 2070 3358">
     <span class='ocr_line' id='line_1_136' title="bbox 1270 3323 2070 3358; baseline -0.001 -8"><span class='ocrx_word' id='word_1_992' title='bbox 1270 3325 1293 3340; x_wconf 80' lang='lat'>¹⁵</span> <span class='ocrx_word' id='word_1_993' title='bbox 1313 3325 1371 3351; x_wconf 86' lang='lat' dir='ltr'>vat.</span> <span class='ocrx_word' id='word_1_994' title='bbox 1390 3323 1528 3352; x_wconf 81' lang='lat' dir='ltr'>clauditur</span> <span class='ocrx_word' id='word_1_995' title='bbox 1546 3324 1677 3351; x_wconf 77' lang='lat' dir='ltr'>sententia</span> <span class='ocrx_word' id='word_1_996' title='bbox 1696 3323 1777 3351; x_wconf 73' lang='lat' dir='ltr'>totius</span> <span class='ocrx_word' id='word_1_997' title='bbox 1796 3323 1912 3351; x_wconf 74' lang='lat' dir='ltr'>iustitiae</span> <span class='ocrx_word' id='word_1_998' title='bbox 1929 3323 2070 3358; x_wconf 78' lang='lat' dir='ltr'>perfectae.</span> 
     </span>
    </p>

    <p class='ocr_par' dir='ltr' id='par_1_27' title="bbox 1269 3367 1805 3401">
     <span class='ocr_line' id='line_1_137' title="bbox 1269 3367 1805 3401; baseline 0 -7"><span class='ocrx_word' id='word_1_999' title='bbox 1269 3368 1291 3384; x_wconf 80' lang='lat'>²⁴</span> <span class='ocrx_word' id='word_1_1000' title='bbox 1312 3370 1385 3394; x_wconf 68' lang='lat' dir='ltr'>vers.</span> <span class='ocrx_word' id='word_1_1001' title='bbox 1405 3368 1452 3400; x_wconf 84' lang='lat'>20,</span> <span class='ocrx_word' id='word_1_1002' title='bbox 1471 3371 1531 3401; x_wconf 86' lang='lat' dir='ltr'>post</span> <span class='ocrx_word' id='word_1_1003' title='bbox 1549 3375 1629 3401; x_wconf 85' lang='lat' dir='ltr'>quem</span> <span class='ocrx_word' id='word_1_1004' title='bbox 1649 3367 1693 3394; x_wconf 89' lang='lat' dir='ltr'>lob</span> <span class='ocrx_word' id='word_1_1005' title='bbox 1713 3368 1742 3399; x_wconf 79' lang='grc'>9,</span> <span class='ocrx_word' id='word_1_1006' title='bbox 1765 3368 1805 3394; x_wconf 80' lang='grc'>12.</span> 
     </span>
    </p>
   </div>
   <div class='ocr_carea' id='block_1_20' title="bbox 2190 881 2297 907">
    <p class='ocr_par' dir='ltr' id='par_1_28' title="bbox 2190 881 2297 907">
     <span class='ocr_line' id='line_1_138' title="bbox 2190 881 2297 907; baseline 0 -4"><span class='ocrx_word' id='word_1_1007' title='bbox 2190 881 2297 907; x_wconf 72' lang='lat' dir='ltr'>Rationes,</span> 
     </span>
    </p>
   </div>
   <div class='ocr_carea' id='block_1_21' title="bbox 2171 914 2321 1010">
    <p class='ocr_par' dir='ltr' id='par_1_29' title="bbox 2171 914 2313 938">
     <span class='ocr_line' id='line_1_139' title="bbox 2171 914 2313 938; baseline 0 -8"><span class='ocrx_word' id='word_1_1008' title='bbox 2171 914 2236 938; x_wconf 65' lang='lat' dir='ltr'>quare</span> <span class='ocrx_word' id='word_1_1009' title='bbox 2251 914 2313 935; x_wconf 72' lang='lat' dir='ltr'>prze-</span> 
     </span>
    </p>

    <p class='ocr_par' dir='ltr' id='par_1_30' title="bbox 2171 936 2313 959">
     <span class='ocr_line' id='line_1_140' title="bbox 2171 936 2313 959; baseline 0 -3"><span class='ocrx_word' id='word_1_1010' title='bbox 2171 936 2270 959; x_wconf 73' lang='lat' dir='ltr'>mittitur.</span> <span class='ocrx_word' id='word_1_1011' title='bbox 2289 937 2313 956; x_wconf 75' lang='lat' dir='ltr'>tit</span> 
     </span>
    </p>

    <p class='ocr_par' dir='ltr' id='par_1_31' title="bbox 2171 961 2321 1010">
     <span class='ocr_line' id='line_1_141' title="bbox 2171 961 2321 983; baseline 0 -1"><span class='ocrx_word' id='word_1_1012' title='bbox 2171 961 2249 983; x_wconf 84' lang='lat' dir='ltr'>mundo</span> <span class='ocrx_word' id='word_1_1013' title='bbox 2259 967 2321 982; x_wconf 81' lang='lat' dir='ltr'>mum</span> 
     </span>
     <span class='ocr_line' id='line_1_142' title="bbox 2188 988 2298 1010; baseline 0 -1"><span class='ocrx_word' id='word_1_1014' title='bbox 2188 988 2298 1010; x_wconf 72' lang='lat' dir='ltr'>reddatur.</span> 
     </span>
    </p>
   </div>
   <div class='ocr_carea' id='block_1_22' title="bbox 2176 1734 2261 1762">
    <p class='ocr_par' dir='ltr' id='par_1_32' title="bbox 2176 1734 2261 1762">
     <span class='ocr_line' id='line_1_143' title="bbox 2176 1734 2261 1762; baseline 0 -6"><span class='ocrx_word' id='word_1_1015' title='bbox 2176 1734 2261 1762; x_wconf 77' lang='lat' dir='ltr'>Figura.</span> 
     </span>
    </p>
   </div>
   <div class='ocr_carea' id='block_1_23' title="bbox 2177 2052 2308 2074">
    <p class='ocr_par' dir='ltr' id='par_1_33' title="bbox 2177 2052 2308 2074">
     <span class='ocr_line' id='line_1_144' title="bbox 2177 2052 2308 2074; baseline 0 0"><span class='ocrx_word' id='word_1_1016' title='bbox 2177 2052 2193 2074; x_wconf 70' lang='lat' dir='ltr'>N</span> <span class='ocrx_word' id='word_1_1017' title='bbox 2198 2053 2308 2074; x_wconf 73' lang='lat' dir='ltr'>eundum.</span> 
     </span>
    </p>
   </div>
   <div class='ocr_carea' id='block_1_24' title="bbox 2175 2159 2297 2234">
    <p class='ocr_par' dir='ltr' id='par_1_34' title="bbox 2175 2159 2297 2234">
     <span class='ocr_line' id='line_1_145' title="bbox 2175 2159 2297 2180; baseline 0 0"><span class='ocrx_word' id='word_1_1018' title='bbox 2175 2159 2297 2180; x_wconf 71' lang='lat' dir='ltr'>confutatio</span> 
     </span>
     <span class='ocr_line' id='line_1_146' title="bbox 2194 2185 2282 2215; baseline 0 -9"><span class='ocrx_word' id='word_1_1019' title='bbox 2194 2185 2282 2215; x_wconf 70' lang='lat' dir='ltr'>evidens</span> 
     </span>
     <span class='ocr_line' id='line_1_147' title="bbox 2188 2214 2288 2234; baseline 0 -1"><span class='ocrx_word' id='word_1_1020' title='bbox 2188 2214 2288 2234; x_wconf 66' lang='lat' dir='ltr'>asianae.</span> 
     </span>
    </p>
   </div>
  </div>
 </body>
</html>
