2427 3872
383 228 448 255 CIIR
469 228 524 262 (12)

187 288 222 292 -
240 273 335 300 Christi
354 272 503 305 benignitas
520 272 666 298 ostenditur
684 279 713 298 ex
727 272 775 298 lae-

134 319 187 345 titia
206 318 421 351 suscipientium,
441 317 537 343 fiducia
557 316 774 349 supplicantium,

134 363 316 389 benevolentia
344 362 574 388 concomitantium
605 362 647 387 VII
670 362 722 387 209
741 360 775 386 72

133 421 168 427 -
188 407 366 433 misericordia
388 410 475 432 motus
488 406 520 432 ad
539 406 672 432 mIseriam
692 404 777 431 suble-

134 452 249 477 vandam
270 452 320 477 408
341 451 375 477 80
389 465 424 470 -
437 450 646 476 misericordiam
663 452 777 482 praestat

135 496 245 521 inllrmis
264 496 315 521 359
337 495 351 521 4
371 509 406 514 -
426 495 548 521 misertus
564 494 634 520 caeci
648 494 680 519 Vl
695 494 746 520 578
762 494 771 518 l

133 555 170 558 —
183 541 334 566 consolatus
346 542 385 565 est
397 539 507 565 amictos
520 538 636 571 benigno
655 545 778 564 sermone

135 584 179 610 Vll
201 584 246 610 471
272 585 305 610 23
323 598 360 610 -.
378 585 507 610 confortat
520 583 606 609 tristes
625 583 677 608 245
696 583 729 608 92
742 596 778 602 —-

136 629 220 661 Ipsius
238 632 278 655 est
296 629 413 661 effugare
432 628 553 653 timorem
573 628 625 653 599
640 627 673 652 46
686 641 722 646 —
735 626 778 652 be·

135 673 215 705 nigna
234 673 390 699 allocutione
409 672 553 704 discipulos
568 671 725 697 confortavit
744 671 777 697 Vl

136 718 187 743 323
208 718 250 743 29.
269 718 321 743 512
342 717 375 743 39

189 776 224 781 -
243 761 407 787 uniformiter
426 768 455 787 se
473 760 552 786 habet
579 760 611 786 ad
633 767 725 786 omnes
745 761 776 786 VI

137 807 188 832 259
208 806 241 832 59
261 820 295 825 -
315 813 367 832 non
388 805 434 831 fuit
453 812 628 838 personarum
656 807 779 836 acceptor

136 850 198 877 ibid.
219 851 269 876 467
290 851 313 876 S.
334 851 385 876 510
406 850 439 875 27
459 863 494 869 —
513 856 565 875 non
585 849 707 875 adulatur
730 856 778 875 nec

136 895 270 921 blanditur
288 894 458 920 offerentibus
478 895 622 926 honorem,
635 894 682 920 sed
696 897 779 920 osten-

136 940 188 971 dit,
213 947 242 966 se
266 939 410 973 aequaliter
428 946 522 965 curare
541 939 575 965 de
593 938 717 965 omnibus
737 938 779 964 Vll

138 985 188 1010 442
208 985 242 1010 96

190 1043 225 1048 -
243 1029 364 1055 laudatur
382 1029 460 1054 simul
480 1028 513 1054 de
533 1027 736 1053 mansuetudine
755 1031 781 1053 et

137 1073 233 1099 iustitia
254 1074 288 1099 VI
308 1073 360 1099 355
380 1073 412 1098 43
433 1087 467 1091 -
488 1073 624 1098 inclinatus
644 1079 692 1105 per
706 1073 780 1099 mise-

138 1118 296 1149 ricordiam,
316 1118 395 1144 erexit
414 1124 443 1143 se
471 1124 519 1149 per
548 1117 672 1143 iustitiam
692 1117 744 1143 354
765 1118 780 1142 8

138 1177 172 1181 —
191 1162 238 1188 fuit
256 1163 332 1188 dives
351 1163 378 1188 in
397 1162 577 1188 misericordia
603 1165 627 1187 et
656 1162 780 1193 potentia,

138 1207 261 1239 quamvis
277 1209 418 1239 appareret
436 1213 537 1238 egenus
556 1206 607 1231 269
629 1206 644 1231 3
656 1219 693 1224 -
708 1206 782 1231 mise-

138 1252 221 1277 rendo
240 1251 354 1277 ostendit
373 1251 496 1282 pietatem
517 1251 596 1276 animi
618 1250 660 1276 Vll
682 1249 731 1275 437
746 1250 780 1275 34

194 1310 227 1314 —
247 1296 359 1328 Spiritus
377 1295 472 1321 Christi
485 1295 644 1327 estspiritus
661 1301 782 1320 mansue-

140 1340 238 1366 tudinis
257 1340 300 1366 VII
321 1339 372 1365 248
392 1340 434 1373 99,
455 1340 500 1365 4’101
525 1353 560 1358 -
579 1339 645 1365 vidit
664 1339 781 1364 infirmos

138 1385 214 1410 oculo
242 1385 346 1417 pietalis
371 1384 423 1410 343
443 1385 477 1410 25
496 1398 531 1403 -
549 1391 580 1410 ex
599 1383 780 1409 benevolentia

139 1436 153 1454 a
174 1429 340 1455 multitudine
353 1429 409 1454 vult
422 1429 571 1461 comprimi,
591 1428 665 1461 quasi
681 1429 780 1453 nullum

140 1480 153 1498 a
174 1480 201 1499 se
221 1474 350 1506 repellens
374 1474 425 1499 210
454 1473 487 1498 77

194 1532 228 1536 --
247 1518 342 1544 Christi
360 1518 497 1544 clementia
518 1520 544 1543 et
562 1517 680 1549 dignatio
699 1516 783 1543 admi-

140 1563 221 1588 randa
253 1562 281 1588 in
309 1563 440 1588 locutione
468 1569 529 1588 cum
558 1562 721 1587 Samaritana
749 1561 781 1586 VI

141 1607 192 1632 296
213 1606 245 1633 42

195 1666 228 1669 -
248 1652 274 1677 10
294 1651 396 1678 Christo
416 1658 468 1677 1100
489 1654 544 1677 erat
563 1651 651 1683 passio
680 1650 732 1676 irae
758 1653 784 1675 et

141 1696 202 1728 zeli,
222 1696 269 1722 sed
288 1697 391 1722 fervens
409 1703 484 1721 amor
504 1696 536 1720 VI
556 1695 608 1721 275
628 1695 656 1720 31
681 1709 716 1713 -
736 1695 783 1720 fuit

141 1744 294 1766 mansuetus
307 1741 333 1766 in
347 1741 481 1766 tolerando
496 1740 616 1765 iniuriam
637 1739 782 1771 propriam,

141 1785 188 1811 sed
208 1792 318 1811 severus
342 1785 421 1810 iudex
440 1788 465 1810 et
485 1785 568 1810 iustus
586 1784 613 1809 in
633 1784 782 1810 ulciscendo

142 1829 265 1855 iniuriam
286 1829 403 1855 divinam
424 1829 465 1855 Vll
487 1829 537 1854 498
556 1828 591 1854 70

195 1888 231 1894 -
250 1873 389 1899 iracundos
408 1873 535 1899 convertit
554 1873 579 1898 in
605 1873 784 1899 mansuetudi-

141 1925 203 1944 nem
223 1918 265 1944 Vll
285 1918 319 1943 73
341 1918 373 1943 42
392 1930 428 1937 -
447 1918 512 1943 mira
531 1917 682 1949 dignatione
701 1922 726 1944 et
739 1917 785 1944 be-

142 1962 269 1995 nignitate
286 1962 409 1988 assumsit
422 1962 574 1994 Apostolos,
594 1965 622 1988 ut
641 1969 687 1988 eos
706 1963 785 1989 doce-

142 2010 182 2033 ret
200 2010 226 2033 et
248 2007 428 2033 consolaretur
458 2006 509 2032 467
537 2007 570 2032 53
590 2020 626 2026 -
645 2014 692 2039 per
711 2007 785 2033 beni-

143 2052 269 2084 gnitatem
282 2051 443 2077 convertitur
462 2051 495 2077 ad
515 2051 658 2084 discipulos
677 2052 730 2078 375
750 2053 783 2078 52

140 2111 176 2114 -
195 2104 243 2122 sua
263 2096 464 2122 mansuetudine
485 2097 595 2122 Paulum
614 2097 706 2129 lupum
726 2104 785 2123 con-

142 2142 220 2168 vertit
238 2141 263 2167 in
283 2148 382 2173 agnum
402 2141 453 2167 254
474 2142 489 2167 6

195 2200 231 2205 —
250 2187 326 2212 malis
344 2186 443 2212 claudit
461 2186 558 2212 ostium
587 2186 784 2213 misericordiae

142 2231 185 2256 VII
205 2231 252 2256 351
277 2231 311 2257 55
330 2244 366 2250 —
385 2230 576 2263 Benignitatem
599 2230 693 2257 Christi
713 2238 784 2257 recu-

142 2282 200 2301 sare
219 2278 259 2301 est
277 2283 398 2301 summae
417 2275 598 2302 obdurationis
616 2279 642 2302 et
659 2276 785 2308 perfidiae

144 2319 194 2345 357
214 2319 249 2345 74

196 2378 232 2383 -
251 2371 299 2396 pro
318 2363 497 2398 peecatoribus
516 2364 588 2390 venit
607 2364 639 2390 ad
655 2364 785 2396 poeniten-

143 2409 205 2434 tiam
224 2409 351 2434 vocandis
371 2409 414 2434 Vll
434 2409 486 2434 590
507 2409 540 2434 43
553 2423 588 2427 -
605 2411 680 2434 vocat
693 2415 785 2434 omnes

143 2453 177 2479 ad
197 2453 383 2485 poenitentiam
405 2453 456 2478 432
475 2452 509 2477 78
529 2466 564 2471 -
583 2451 738 2478 ostendebat
757 2459 785 2477 se

144 2497 291 2529 benignum
305 2505 356 2522 non
370 2497 455 2523 solum
471 2496 560 2526 bonis,
579 2496 627 2522 sed
640 2496 717 2521 etiam
733 2503 785 2522 ma-

144 2542 174 2567 lis
195 2541 245 2567 142
264 2542 298 2567 33
310 2555 346 2560 -
359 2548 406 2566 sua
420 2535 516 2573 pietate
523 2540 714 2572 peccatoribus
726 2547 785 2566 con-

144 2584 322 2611 descendebat
340 2588 366 2610 et
384 2592 429 2611 eos
448 2585 482 2610 ad
502 2591 530 2610 se
542 2584 689 2610 attrahebat
704 2584 754 2610 473
769 2585 784 2610 2

198 2644 233 2649 -
255 2630 361 2655 admisit
389 2633 554 2662 peccatores,
583 2636 635 2655 000
660 2636 689 2654 ex
715 2628 785 2661 igno-

144 2674 241 2706 rantia,
260 2675 307 2701 scd
328 2677 356 2700 ut
374 2681 420 2700 eos
438 2677 542 2700 sanaret
564 2674 606 2700 VII
627 2673 678 2699 484
698 2674 730 2699 69
752 2688 785 2692 -

145 2720 306 2746 convertitur
325 2719 359 2745 ad
379 2722 544 2751 peccatorem
565 2724 673 2750 propter
692 2718 786 2744 contri-

146 2763 243 2789 tionem
268 2767 293 2790 ct
322 2764 506 2796 poenitentiam
538 2763 587 2788 486
615 2763 651 2788 75
669 2778 705 2781 -
723 2770 785 2789 00111

146 2807 329 2839 peccatoribus
347 2807 553 2834 conversabatur
571 2807 605 2833 ad
620 2814 711 2833 eorum
725 2814 785 2833 con-

145 2852 293 2878 versionem
323 2853 369 2878 484
403 2853 436 2878 60
454 2866 491 2871 —
515 2851 614 2883 recepit
635 2854 786 2883 peccatores

146 2897 295 2922 affabilitate
314 2897 435 2930 colloquii
453 2900 480 2923 et
498 2896 669 2922 manducavit
685 2903 746 2922 cum
760 2896 787 2921 il-

146 2940 176 2965 lis
195 2941 366 2967 familiaritate
384 2941 500 2967 convivii
520 2941 571 2966 383
591 2941 607 2965 5

199 2997 235 3003 —
255 2985 337 3011 Pietas
355 2985 449 3012 Christi
468 2985 565 3018 duplici
590 2985 670 3011 modo
688 2985 788 3010 relevat

147 3031 299 3059 peccatores
328 3030 369 3055 VII
398 3030 450 3056 562
474 3030 507 3056 72
527 3045 562 3049 -—
581 3030 727 3062 gaudenter
746 3037 786 3055 su-

147 3072 224 3104 scipit
243 3077 408 3104 peecatorem
431 3074 607 3107 poenitentem
629 3074 678 3100 173
699 3075 732 3100 32
751 3088 787 3094 -

147 3116 281 3142 venientes
299 3118 333 3143 ad
352 3126 380 3144 se
399 3126 450 3145 non
471 3119 553 3150 eiicit,
578 3119 626 3145 sed
650 3121 727 3144 vocat
752 3119 785 3145 ad

148 3160 309 3186 veniendum
329 3165 354 3187 et
372 3163 459 3194 pulsat
476 3164 510 3189 ad
529 3163 625 3189 ostium
645 3163 697 3188 210
716 3163 750 3188 77

201 3218 237 3223 -
261 3206 373 3232 ostendit
401 3214 533 3234 summam
561 3208 699 3240 pietatem,
724 3207 786 3240 quia

148 3249 308 3281 suscipiebat
326 3249 446 3281 publicos
470 3255 621 3283 peccatores
640 3259 670 3277 ex
691 3251 787 3277 miseri·

148 3294 237 3320 cordia
252 3294 299 3327 ,Vll
319 3294 371 3319 382
391 3295 416 3320 2.
429 3295 481 3321 383
495 3296 511 3321 5
524 3310 560 3315 -
571 3295 785 3322 excellentissima

149 3342 174 3364 ct
193 3346 295 3365 summa
316 3338 494 3365 misericordia
510 3340 740 3367 condescendebat
752 3340 786 3365 ad

804 183 840 215 IN
864 182 1158 215 COMMENTARIUS
1182 183 1211 215 S.
1236 183 1462 217 SCRIPTURAE

813 271 1028 297 manducandum
1054 278 1115 296 cum
1144 270 1291 303 publicanis
1315 272 1366 297 383
1387 273 1403 297 5
1423 285 1456 290 -

813 315 944 348 approbat
965 316 1086 341 affectum
1117 315 1250 347 publicani
1279 323 1326 348 per
1351 316 1456 348 signum

814 360 929 392 benigne
947 360 1100 392 aspiciendo
1121 359 1171 385 474
1192 360 1207 384 8

868 418 903 423 -
922 404 1032 430 sustinet
1051 404 1133 429 malos
1152 404 1209 429 sine
1232 404 1393 436 impatientia
1414 405 1456 430 Vll

815 449 861 475 241
886 449 920 474 77
939 463 973 467 —-
994 449 1091 474 malum
1112 455 1219 474 servum
1241 449 1368 480 patienter
1385 449 1458 474 susti-

814 496 858 519 net
876 497 902 519 et
921 492 1034 525 benigne
1055 493 1157 518 instruit
1176 493 1209 518 VI
1230 493 1281 518 483
1302 493 1334 518 37
1350 508 1384 511 -
1398 500 1459 525 pec-

814 537 948 563 catoribus
968 540 995 563 ut
1008 537 1109 563 amicus
1122 540 1237 569 praestat
1250 538 1457 563 misericordiam

817 582 857 607 Vll
880 582 931 608 147
952 582 984 607 48

869 640 904 645 -
923 630 1032 658 propter
1052 626 1150 652 malum
1181 626 1307 652 iudicium
1328 626 1459 652 Pharisaei

816 678 867 697 non
896 671 996 697 dimisit
1021 672 1107 696 facere
1126 670 1335 696 misericordiam
1358 671 1388 696 Vl
1409 670 1459 696 484

816 716 850 741 69
870 730 905 735 —-
932 716 1039 741 admisit
1067 715 1240 748 peccatricem
1270 716 1304 741 ad
1335 715 1461 741 familiare

817 760 976 794 obsequium
1001 764 1109 792 propter
1137 761 1258 786 aflectum
1288 760 1461 792 poenitentiae

817 808 843 831 et
861 805 1061 831 benevolentiae
1090 806 1140 831 483
1161 805 1195 830 65
1214 818 1250 824 -
1268 805 1385 837 suscepit
1404 811 1462 836 pec-

817 850 939 876 catricem
959 850 994 876 ad
1013 857 1041 876 se
1060 850 1229 876 accedentem
1249 857 1345 882 magna
1366 849 1461 881 pietate

817 898 842 920 et
862 894 1041 925 misericordia
1072 895 1122 920 482
1151 895 1195 920 62.
1225 895 1275 920 483
1302 895 1335 920 65
1356 908 1389 912 -
1409 901 1460 919 000

816 939 913 971 repulit
943 940 1116 971 peccatricem
1149 942 1257 971 propter
1288 938 1459 965 temeritatem

817 984 893 1009 alieni
911 984 999 1010 iudicii
1025 983 1071 1009 184
1091 985 1124 1009 68
1138 999 1173 1002 -
1187 991 1234 1016 per
1253 983 1460 1009 misericordiam

819 1029 894 1054 traxit
913 1029 982 1054 intus
1002 1029 1190 1061 peccatricem,
1217 1035 1264 1060 per
1285 1027 1462 1054 mansuetudi-

818 1080 878 1099 nem
898 1073 1014 1105 suscepit
1034 1073 1094 1099 foris
1114 1072 1147 1099 fb.
1173 1074 1207 1098 69
1227 1088 1262 1091 —
1282 1072 1395 1104 benigne
1415 1079 1461 1104 ap-

819 1117 913 1150 probat
938 1118 1110 1150 peccatricem
1131 1118 1284 1150 diligentem
1305 1121 1330 1143 et
1349 1117 1406 1143 eius
1425 1117 1461 1143 di-

818 1163 956 1188 lectionem
981 1163 1028 1188 185
1048 1163 1077 1188 71

873 1221 908 1226 -
920 1207 1004 1241 flevit,
1018 1207 1126 1240 quando
1140 1208 1266 1232 Lazarum
1281 1207 1314 1232 ad
1329 1206 1409 1232 vitam
1424 1213 1461 1231 re-

819 1252 939 1282 vocavit,
959 1252 1020 1285 quIa
1040 1259 1055 1277 e
1074 1252 1130 1277 sinu
1160 1252 1256 1284 quietis
1279 1250 1462 1277 revertebatur

819 1296 844 1321 in
864 1297 950 1322 locum
972 1296 1149 1328 periculorum
1168 1296 1209 1321 Vll
1231 1295 1282 1321 424
1303 1295 1335 1320 58
1357 1309 1390 1313 -
1410 1302 1461 1320 000

820 1340 891 1365 flevit
910 1344 1017 1372 propter
1038 1343 1148 1365 mortem
1163 1340 1267 1371 Lazari,
1287 1340 1334 1365 sed
1353 1343 1462 1371 propter

819 1388 934 1410 nostram
956 1385 1104 1415 miseriam,
1124 1391 1193 1417 quae
1213 1384 1247 1409 ibi
1261 1384 1460 1416 significabatur

820 1429 851 1454 Vl
874 1429 924 1454 404
945 1428 978 1454 57
992 1443 1027 1447 —-
1048 1429 1156 1454 deflevit
1176 1431 1291 1454 nostram
1311 1428 1461 1453 caecitatem

819 1472 880 1499 ibid.
900 1488 933 1491 —
955 1473 979 1498 in
999 1473 1168 1498 suscitatione
1187 1473 1274 1498 Lazari
1295 1472 1402 1498 deflevit
1415 1473 1463 1497 hu-

821 1524 926 1543 manam
946 1517 1138 1547 infirmitatem,
1159 1516 1245 1542 flendo
1264 1524 1345 1548 super
1365 1517 1462 1541 Ierusa-

820 1563 871 1587 lem
892 1565 1007 1587 nostram
1027 1562 1194 1592 caecitatem,
1209 1561 1235 1586 in
1249 1568 1327 1586 cruce
1346 1564 1462 1586 nostram

821 1606 1008 1638 malignitatem
1039 1605 1098 1632 ibid.
1125 1621 1160 1624 —
1189 1606 1348 1637 lacrymatus
1372 1609 1411 1631 est
1435 1606 1461 1631 in

820 1651 1018 1677 resuscitatione
1037 1651 1125 1676 Lazari
1154 1651 1318 1682 compatiens
1343 1651 1463 1682 ignoran-

821 1697 879 1727 tiae,
899 1703 979 1728 super
998 1696 1147 1726 civitatem,
1159 1695 1323 1727 compatiens
1342 1695 1463 1721 miseriae

821 1747 930 1773 poenae,
951 1740 976 1766 in
1006 1740 1135 1773 passione,
1155 1740 1318 1772 compatiens
1343 1739 1463 1766 miseriae

820 1785 914 1818 culpae
934 1786 985 1811 592
1005 1793 1031 1811 ν.
1052 1785 1085 1811 35

873 1844 909 1849 -
926 1830 997 1856 flevit
1010 1837 1058 1862 pro
1072 1830 1187 1862 peccatis
1200 1830 1338 1856 Ierusalem
1354 1830 1396 1855 Vll
1415 1829 1462 1855 149

822 1875 855 1901 53
874 1889 910 1894 -
929 1875 954 1900 111
975 1875 1019 1901 010
1038 1875 1135 1901 summi
1156 1874 1264 1900 honoris
1283 1874 1322 1900 sui
1344 1874 1368 1900 in
1388 1875 1464 1900 terris

812 1927 874 1955 ,non
888 1919 1007 1945 cessabat
1026 1926 1040 1944 a
1060 1919 1183 1952 lacrymis
1197 1926 1243 1951 per
1256 1920 1377 1944 affectum
1395 1926 1464 1945 com-

823 1964 953 1997 passionis
972 1967 997 1990 et
1016 1971 1140 1996 magnam
1161 1964 1284 1996 pietatem
1305 1963 1356 1989 495
1376 1964 1408 1989 63
1429 1977 1464 1982 -

824 2010 895 2035 flevit
913 2016 994 2041 super
1014 2009 1153 2034 Ierusalem
1168 2015 1214 2040 per
1228 2008 1390 2034 affectionem
1406 2008 1465 2040 piis-

822 2054 915 2080 simam
937 2057 962 2079 et
979 2053 1190 2085 compassionem
1214 2053 1382 2078 affectuosam
1402 2051 1463 2078 ibid.

821 2113 856 2117 ——
876 2098 948 2124 flevit
966 2105 1047 2130 super
1065 2098 1190 2123 Lazarum
1211 2097 1406 2127 suscitandum,
1424 2104 1464 2122 su-

822 2150 869 2175 per
888 2143 1021 2168 civitatem
1040 2142 1180 2167 Ierusalem
1200 2144 1226 2166 et
1245 2141 1270 2166 iu
1289 2147 1368 2166 cruce
1381 2140 1415 2167 ib.
1428 2140 1462 2166 64

820 2201 858 2207 -
876 2187 991 2213 creditur
1004 2186 1108 2212 flevisse
1122 2186 1146 2210 in
1161 2192 1207 2210 sua
1221 2185 1342 2216 infantia,
1355 2185 1463 2218 quando

822 2232 929 2257 intravit
948 2231 975 2256 in
994 2230 1139 2262 praesentis
1157 2232 1240 2255 status
1254 2230 1386 2255 miseriam
1401 2228 1463 2255 ibid.

822 2289 857 2294 —
876 2275 971 2301 Christi
991 2275 1074 2306 pietas
1093 2274 1126 2300 ad
1146 2281 1194 2300 nos
1208 2273 1398 2305 perfectissime
1412 2280 1463 2299 ma-

823 2320 941 2345 nifestata
962 2322 1012 2349 est,
1039 2326 1099 2344 cum
1127 2322 1166 2344 ter
1194 2318 1266 2344 flevit
1290 2317 1352 2344 ibid.
1370 2331 1406 2336 —
1425 2321 1464 2343 ter

823 2364 894 2389 flovit
913 2370 961 2395 pro
980 2363 1062 2388 salute
1081 2363 1188 2388 humani
1208 2363 1312 2394 generis
1332 2362 1383 2388 357
1402 2362 1436 2388 74

876 2421 911 2426 -
930 2407 1019 2433 Merito
1031 2408 1207 2439 lacrymarum
1221 2406 1316 2433 Christi
1330 2407 1463 2438 mitigatae

822 2455 882 2477 sunt
901 2459 1002 2483 poenae
1022 2451 1098 2477 nobis
1118 2451 1229 2477 inflictae
1250 2451 1281 2476 VI
1304 2451 1354 2477 404
1375 2451 1408 2477 57
1428 2465 1463 2471 -

822 2496 976 2528 Compassio
995 2495 1089 2522 Christi
1109 2499 1164 2521 erat
1182 2496 1288 2527 signum
1309 2496 1420 2527 doloris,
1438 2500 1464 2522 et

821 2541 897 2566 dolor
915 2541 1020 2572 signnm
1040 2540 1138 2566 amoris
1157 2540 1207 2566 403
1229 2540 1261 2566 48

875 2600 911 2603 -
930 2584 1047 2610 turbavit
1064 2592 1092 2610 se
1115 2585 1201 2617 ipsum
1230 2592 1277 2617 per
1306 2585 1463 2617 compassio-

822 2637 882 2655 nem
903 2629 935 2655 vt
956 2629 1006 2655 403
1028 2629 1070 2660 46,
1090 2629 1118 2654 51
1137 2630 1211 2655 -In
1228 2629 1329 2656 Christo
1344 2630 1390 2656 fuit
1404 2637 1463 2662 per·

823 2673 936 2700 turbatio
963 2674 1137 2700 sensualitatis
1164 2681 1217 2700 non
1245 2681 1275 2701 ex
1295 2675 1462 2707 necessitate,

823 2719 869 2745 sed
890 2726 921 2745 ex
940 2718 1073 2745 voluntate
1093 2718 1144 2744 404
1158 2719 1191 2744 56
1211 2734 1246 2737 -
1265 2726 1295 2745 ex
1309 2719 1405 2751 pietate
1418 2720 1463 2745 sse-

824 2763 861 2789 vit
880 2768 905 2789 et
923 2763 1007 2789 doluit
1025 2763 1211 2795 compatiendo
1239 2763 1402 2796 plorantibus
1430 2764 1461 2789 Vl

825 2808 875 2834 402
903 2808 946 2834 46.
966 2808 1015 2834 403
1038 2808 1070 2834 48
1089 2822 1124 2827 -
1144 2807 1354 2840 compatiebatur
1373 2811 1398 2833 et
1419 2809 1463 2833 flc-

824 2852 869 2878 bat
888 2853 1021 2878 voluntate
1035 2853 1139 2884 pictatis
1153 2852 1203 2878 404
1223 2852 1257 2877 57
1276 2866 1312 2871 -
1331 2853 1464 2878 voluntate

824 2897 926 2929 pietatis
946 2897 1051 2923 volebat
1070 2897 1182 2930 aliquid⁷
1202 2897 1274 2929 quod
1289 2899 1375 2922 tamen
1389 2896 1463 2922 abso-

824 2942 876 2967 lute
903 2949 957 2967 non
985 2941 1092 2967 volebat
1115 2940 1176 2967 ibid.
1196 2955 1230 2960 —
1250 2940 1412 2966 Perturbatio
1437 2941 1463 2966 in

823 2985 925 3012 Christo
944 2985 1117 3016 ascendebat,
1145 2988 1273 3018 qnantum
1292 2985 1405 3011 dictante
1424 2992 1464 3010 ra-

819 3019 894 3055 tione
913 3029 1018 3056 volebat
1036 3029 1069 3056 ib.
1090 3030 1127 3056 2‘.
1148 3029 1198 3055 404
1218 3029 1251 3055 56
1272 3044 1304 3048 -
1324 3030 1349 3055 111
1362 3029 1464 3055 Christo

825 3075 919 3100 mentis
946 3075 1038 3101 oculus
1065 3082 1116 3100 non
1147 3074 1232 3106 potuit
1264 3073 1399 3100 obscurari
1430 3073 1464 3099 io.

823 3126 881 3151 arg.
900 3120 916 3145 2
935 3134 970 3137 -
989 3119 1109 3145 turbatus
1128 3122 1167 3145 est
1185 3120 1318 3144 voluntate
1338 3118 1387 3144 429
1408 3118 1441 3143 28

877 3178 912 3182 -
931 3164 998 3190 miro
1011 3164 1091 3190 modo
1110 3166 1229 3190 mutuam
1246 3163 1379 3189 caritatem
1394 3169 1464 3188 acce-

824 3211 879 3240 ptat
906 3211 932 3233 ct
958 3208 1070 3234 eandem
1097 3208 1224 3240 praecipit
1244 3208 1285 3232 VII
1305 3206 1356 3232 545
1377 3207 1410 3232 20
1429 3219 1464 3225 —-

824 3252 993 3278 commendat
1021 3253 1093 3284 leges
1118 3255 1318 3284 praeceptorum
1345 3251 1401 3276 sive
1421 3250 1465 3276 do-

2072 188 2133 220 699

1745 229 1808 256 cun
1830 230 1885 262 (¹2)

1495 276 1558 304 gnat
1571 273 1685 299 adulatio
1704 275 1749 299 112
1765 275 1797 299 98
1808 289 1842 292 -
1854 282 1864 298 x
1874 276 1909 300 ult
1920 276 2074 301 munditiam
2086 284 2136 301 non

1496 321 1547 342 lain
1567 319 1729 349 corporalem
1750 325 1829 351 quam
1850 320 2009 351 spiritualem
2035 321 2082 345 120
2103 321 2135 346 28

1495 375 1528 379 -
1556 361 1644 388 Verbo
1672 363 1804 388 incarnato
1832 364 1978 395 specialiter
2007 369 2138 396 repugnat

1496 409 1634 437 peccatum
1661 407 1777 432 luxuriae
1804 407 1853 433 442
1881 409 1913 433 50
1933 422 1968 427 -
1989 413 2081 440 negat,
2110 417 2137 435 se

1496 457 1573 476 nosse
1587 452 1669 476 malos
1683 452 1733 477 352
1748 452 1781 477 58
1801 465 1836 471 -
1855 451 1957 478 Christo
1977 454 2057 484 ignoti
2078 457 2138 479 sunt

1496 495 1540 527 qui
1561 499 1668 527 propter
1695 498 1847 528 temporalia
1874 498 1960 529 ipsum
1981 498 2138 524 obliviscun-

1497 542 1538 564 tur
1557 539 1608 565 540
1629 540 1645 563 9

1552 598 1585 602 ——
1605 591 1652 616 per
1673 585 1844 611 humilitatem
1867 587 1948 611 factus
1968 590 2006 612 est
2020 585 2138 620 sublege

1497 629 1693 659 sacramentali,
1722 630 1903 655 caeremoniali
1933 634 1958 656 et
1984 632 2073 656 morali
2096 632 2137 656 vn

1499 672 1532 698 44
1548 673 1571 698 4.
1591 673 1624 698 54
1646 673 1679 699 44
1693 688 1726 692 —-
1742 676 1824 700 factus
1843 679 1882 700 est
1900 675 1950 700 sub
1971 676 2028 707 lege
2048 677 2138 701 morali

1498 721 1627 750 quantum
1655 718 1688 743 ad
1718 719 1859 744 maiestatis
1884 721 1998 751 cultum,
2024 721 2140 746 veritatis

1498 762 1615 788 studium
1640 766 1668 788 et
1693 763 1795 795 pIetatis
1818 763 1976 796 obsequium
1998 765 2031 791 65
2052 765 2080 789 91
2105 780 2139 783 -

1499 807 1558 832 11001
1576 814 1630 832 000
1650 811 1718 833 esset
1738 808 1799 840 Legi
1817 808 1966 838 subiectus,
1979 816 2038 834 eam
2052 808 2129 835 obser

1499 851 1593 882 rabat,
1614 858 1646 877 ne
1665 852 1798 878 videretur
1818 853 1964 878 contrarius
1979 854 2010 878 Vl
2026 855 2076 879 273
2097 855 2142 879 20.

1499 896 1550 921 302
1571 897 1604 922 83
1626 896 1681 930 (82)
1702 911 1736 916 -
1755 904 1834 929 supra
1856 898 1952 930 Legem
1973 902 2028 924 erat
2053 902 2078 924 et
2103 906 2140 924 sc-

1498 941 1614 966 cundum
1635 941 1731 973 Legem
1756 942 1949 967 immunditiam
1971 950 2022 968 non
2042 947 2141 968 contra-

1499 984 1577 1011 hebat
1595 988 1621 1011 et
1639 986 1736 1017 Legem
1756 993 1886 1012 evacuare
1905 990 2007 1018 poterat
2027 988 2067 1012 Vll
2092 989 2139 1012 120

1499 1030 1532 1055 28
1543 1044 1577 1048 -
1588 1033 1643 1055 erat
1655 1030 1779 1056 dominus
1792 1032 1881 1063 legalis
1891 1031 2074 1057 observantiae
2088 1032 2134 1057 581

1499 1074 1533 1099 55
1551 1089 1586 1094 -
1606 1071 1707 1107 poterat
1720 1076 1873 1107 dispensare
1893 1077 1917 1101 in
1940 1081 2079 1108 praecepto
2095 1078 2140 1102 Le-

1499 1119 1540 1151 gis
1562 1119 1593 1145 Vl
1614 1120 1666 1145 357
1687 1120 1719 1144 16
1733 1121 1808 1145 —in
1827 1121 2009 1146 sententiando
2029 1128 2077 1146 nec
2097 1121 2138 1146 de-

1499 1160 1606 1189 clinavit
1630 1164 1663 1190 ad
1688 1165 1802 1196 rigorem
1824 1166 1900 1197 Legis
1920 1173 1967 1191 000
1987 1166 2139 1192 contradixit

1499 1209 1562 1240 Legi
1581 1209 1633 1234 354
1652 1209 1677 1234 7.
1697 1209 1749 1235 355
1770 1210 1802 1235 43

1552 1268 1587 1271 ——
1608 1254 1709 1279 Iudaeis
1729 1254 1881 1286 videbatur,
1897 1256 1968 1287 quod
1984 1254 2100 1280 Christus
2115 1256 2140 1280 in

1499 1296 1659 1330 quibusdam
1675 1299 1771 1330 Legem
1785 1298 1947 1331 observaret,
1960 1300 1984 1324 in
1995 1300 2050 1324 aliis
2061 1303 2140 1325 trans-

1499 1341 1548 1367 iret
1568 1342 1600 1367 VI
1621 1342 1672 1367 369
1692 1342 1725 1367 73
1740 1358 1774 1361 -—
1788 1342 1969 1369 observantias
1986 1345 2140 1370 ludaeorum

1500 1386 1632 1411 custodire
1661 1386 1800 1418 reputabat
1829 1395 1876 1419 pro
1905 1388 2060 1413 indifferenti
2090 1389 2140 1413 293

1500 1430 1533 1455 24
1555 1444 1588 1448 ——
1609 1430 1675 1456 iuste
1694 1438 1722 1456 se
1741 1430 1865 1456 abstinuit
1885 1432 1918 1457 ab
1945 1432 2091 1458 actionibus
2116 1437 2141 1458 et

1501 1474 1686 1500 traditionibus
1705 1475 1861 1501 ludaeorum
1886 1476 1932 1501 123
1954 1484 1979 1501 1.
2002 1477 2033 1501 46

1553 1533 1588 1536 -
1608 1522 1663 1544 0101
1691 1520 1792 1548 01111005
1820 1521 1897 1551 Legis
1921 1521 1962 1545 Vll
1983 1521 2033 1546 266
2055 1521 2087 1546 45
2107 1536 2141 1539 -

1500 1563 1526 1588 In
1545 1566 1603 1589 ortu
1623 1563 1717 1590 Christi
1738 1569 1932 1590 sacramentum
1962 1570 2038 1591 vetus
2057 1573 2143 1591 cessa-

1500 1611 1589 1633 turum
1610 1611 1665 1634 erat
1685 1609 1716 1634 Vl
1738 1609 1788 1634 217
1809 1616 1834 1634 v.
1856 1610 1888 1635 28
1924 1609 1984 1635 Vide
2007 1617 2031 1636 v.
2051 1610 2142 1636 Caere-

1500 1651 1630 1678 monalia.
1652 1667 1686 1670 --
1706 1653 1750 1685 qui
1765 1653 1811 1678 fnit
1826 1654 1949 1685 magister
1963 1654 2087 1685 veritatis,
2101 1655 2143 1680 de-

1501 1696 1558 1722 buit
1576 1697 1672 1723 docere
1685 1698 1857 1723 cessationem
1872 1699 2102 1724 caeremonialium
2117 1703 2142 1724 ct

1501 1749 1548 1774 per
1566 1749 1641 1767 snam
1662 1743 1743 1768 vitam
1763 1743 1902 1768 ostendere
1921 1744 1971 1768 308
1992 1744 2025 1768 33

1554 1801 1588 1806 —
1608 1787 1709 1813 Iudaeis
1729 1787 1869 1813 videbatur
1888 1788 2005 1813 sanando
2031 1788 2056 1813 in
2080 1787 2142 1813 Sab-

1500 1830 1561 1857 bata
1580 1833 1676 1863 Legem
1691 1832 1758 1857 velle
1772 1832 1905 1858 destruere
1919 1837 1944 1858 et
1957 1833 2067 1858 Domino
2081 1840 2142 1858 con-

1501 1876 1579 1901 traire
1598 1876 1631 1901 VI
1651 1876 1701 1902 307
1723 1878 1755 1902 28
1774 1891 1810 1895 -
1823 1877 1941 1908 arguitur
1954 1877 1987 1903 (10
2002 1880 2142 1909 transgres-

1501 1921 1574 1946 sione
1610 1920 1715 1946 Sabbati
1750 1921 1792 1947 Vll
1829 1922 1878 1947 136
1908 1922 1933 1947 5.
1964 1922 2013 1947 137
2049 1923 2077 1947 13
2107 1936 2141 1940 —

1502 1965 1620 1991 faciendo
1649 1966 1732 1991 lutum
1756 1964 1897 1992 videbatur
1925 1966 2026 1992 solvere
2047 1966 2142 1991 Sabba-

1502 2013 1557 2035 tum
1572 2011 1603 2036 VI
1624 2010 1676 2035 367
1700 2010 1738 2042 17,
1758 2011 1799 2035 20.
1820 2010 1871 2035 377
1892 2011 1924 2036 22
1944 2024 1979 2029 —-
1999 2014 2100 2043 poterat
2113 2011 2138 2036 in

1502 2057 1643 2086 praecepto
1663 2054 1696 2080 dc
1716 2054 1831 2080 Sabbato
1855 2055 2008 2087 dispensare
2027 2055 2078 2080 306
2099 2056 2141 2080 22.

1502 2099 1553 2124 307
1568 2100 1601 2124 29
1616 2113 1650 2117 -
1668 2113 1704 2118 -
1724 2102 1752 2125 ut
1771 2099 1898 2125 Dominus
1912 2099 2017 2125 Sabbati
2038 2100 2142 2131 dispen-

1501 2143 1577 2169 sabat
1604 2143 1638 2169 ad
1664 2146 1781 2176 tempus,
1801 2144 1846 2176 qui
1866 2144 2036 2176 postmodum
2058 2144 2141 2175 ipsius

1501 2187 1698 2213 observandam
1717 2187 1851 2213 ablaturus
1870 2191 1924 2213 erat
1945 2189 1984 2214 vn
2008 2188 2056 2213 137
2071 2188 2086 2213 9
2106 2202 2141 2207 -

1502 2239 1555 2257 000
1574 2232 1651 2257 501111
1675 2231 1871 2257 observantiam
1897 2232 2059 2263 spiritualem
2080 2232 2141 2257 Sab-

1501 2275 1553 2301 bati
1568 2283 1615 2301 nec
1629 2276 1730 2301 5011010
1750 2276 1848 2306 potuit,
1867 2276 1912 2301 sed
1934 2276 2064 2307 implexit;
2079 2277 2140 2301 litte-

1501 2321 1581 2346 ralem
1602 2321 1703 2345 son-ere
1723 2321 1822 2351 potnit.
1842 2321 1888 2346 sed
1908 2328 1959 2345 non
1976 2321 2066 2350 solvit,
2080 2327 2140 2346 con-

1501 2365 1692 2390 suetudinalem
1707 2365 1849 2397 aliquando
1863 2365 1940 2390 solvit
1952 2368 1976 2390 et
1990 2366 2054 2390 50111
2069 2372 2141 2396 prae-

1500 2409 1570 2441 cepit
1591 2409 1621 2434 ΥΙ
1643 2409 1693 2434 308
1714 2410 1746 2434 32
1767 2423 1802 2426 —
1821 2416 1874 2434 non
1894 2409 1971 2434 solvit
1984 2410 2080 2441 Legem
2096 2416 2141 2434 cu—

1500 2453 1583 2479 rando
1603 2453 1626 2478 in
1648 2452 1761 2479 sabbato
1781 2453 1833 2478 345
1854 2454 1895 2485 29,
1910 2454 1951 2479 31.
1967 2453 2017 2478 307
2032 2454 2074 2479 29.
2089 2453 2139 2479 346

1500 2499 1534 2524 34
1553 2513 1588 2516 -
1607 2498 1727 2529 ostendit,
1746 2505 1774 2522 se
1792 2498 1930 2523 dominnm
1950 2505 2007 2524 esse
2021 2498 2141 2528 50110011,

1500 2543 1617 2569 sanando
1638 2542 1662 2567 in
1683 2541 1797 2568 Sabbato
1826 2542 1923 2568 virtute
1946 2543 2076 2574 potentiae
2097 2543 2139 2567 Vll

1505 2587 1685 2612 13710139
1709 2586 1738 2611 17

1552 2645 1588 2650 -
1607 2631 1647 2656 bis
1666 2631 1741 2656 eiecit
1759 2634 1876 2660 ementes
1895 2634 1920 2656 et
1939 2631 2083 2657 vendentes
2108 2631 2141 2656 (10

1501 2676 1599 2708 templo
1619 2676 1650 2701 Vl
1681 2676 1733 2701 275
1763 2676 1796 2701 26
1816 2690 1851 2694 ——
1870 2676 1944 2702 eiecit
1972 2680 2089 2701 ementes
2116 2679 2142 2701 et

1500 2722 1645 2746 vendentes
1664 2728 1679 2746 e
1698 2721 1795 2753 templo
1816 2721 1839 2745 in
1859 2728 1922 2746 suae
1942 2721 2142 2753 praedicationis

1500 2766 1607 2791 exordio
1626 2769 1652 2790 et
1671 2765 1697 2790 in
1717 2765 1829 2790 termino
1850 2765 1890 2790 Vll
1912 2765 1961 2790 498
1982 2765 2015 2790 70
2033 2779 2067 2784 -
2081 2772 2143 2790 1011-

1500 2810 1591 2836 dentes
1623 2809 1647 2834 in
1677 2810 1774 2841 templo
1803 2816 1896 2841 aspere
1921 2809 2048 2841 corripuit
2074 2811 2139 2834 facto

1501 2858 1526 2879 et
1545 2853 1628 2879 verbo
1649 2854 1680 2879 VI
1708 2854 1759 2879 273
1779 2854 1812 2878 22
1832 2867 1867 2873 -
1887 2853 2031 2878 vendentes
2045 2855 2140 2879 colum-

1502 2898 1549 2923 bas
1568 2898 1593 2923 in
1613 2898 1711 2929 templo
1739 2897 1866 2929 corripuit
1893 2898 1949 2922 solo
1977 2897 2060 2923 verbo
2081 2897 2140 2923 ibid.

1502 2942 1554 2967 275
1573 2942 1605 2967 29
1626 2956 1659 2960 -
1680 2941 1806 2973 corripuit
1831 2942 1909 2967 etiam
1939 2941 2141 2973 incorrigibiles,

1502 2990 1530 3012 ut
1548 2986 1573 3011 10
1593 2986 1646 3011 zelo
1667 2985 1762 3010 domus
1782 2985 1828 3010 Dei
1848 2986 1969 3017 praelatis
1991 2986 2141 3017 exemplum

1502 3030 1575 3055 daret
1593 3033 1619 3055 et
1637 3037 1665 3055 se
1686 3030 1751 3054 ratri
1774 3036 1920 3055 consonum
1949 3030 2098 3055 ostenderet
2117 3034 2142 3055 et

1501 3075 1578 3106 Legis
1605 3074 1719 3099 amicum
1749 3073 1800 3098 275
1829 3075 1862 3099 28
1891 3089 1926 3092 -
1955 3075 1981 3100 111
2009 3074 2143 3100 eiiciendis

1502 3117 1739 3149 transgressoribus
1758 3119 1873 3144 ostendit
1886 3119 2010 3144 virtutem
2025 3119 2141 3144 divinam

1506 3162 1538 3188 ib.
1559 3163 1602 3187 30.
1625 3162 1676 3187 276
1697 3163 1729 3187 32
1749 3176 1784 3181 --
1804 3163 1937 3194 ingressus
1964 3166 2003 3188 cst
2031 3163 2055 3187 in
2081 3167 2142 3188 tern-

1502 3206 1591 3237 plum,
1606 3208 1632 3230 ut
1647 3206 1742 3230 faceret
1760 3205 1901 3240 iudicium,
1920 3206 1975 3231 zelo
1995 3205 2075 3231 divini
2097 3207 2143 3230 110-

1501 3249 1572 3275 noris
1592 3249 1634 3274 Vll
1661 3249 1711 3274 498
1731 3249 1765 3274 70
1783 3264 1819 3267 -
1839 3253 1898 3281 post
1920 3250 2141 3275 annuntiationem

824 3300 945 3322 cumenta
964 3296 1102 3328 dirigentia
1125 3296 1174 3322 153
1189 3295 1222 3321 64
1234 3309 1270 3314 -
1282 3295 1396 3321 maxime
1409 3294 1465 3320 odit
1501 3294 1593 3319 excidii
1612 3294 1751 3319 Ierusalem
1771 3294 2059 3325 1110311110111111011100
2081 3301 2143 3325 pur-

825 3341 984 3372 hypocrisim
1002 3340 1053 3366 344
1067 3341 1100 3365 30
1114 3354 1149 3359 -
1163 3343 1202 3366 051
1215 3340 1319 3370 veritas,
1335 3339 1375 3364 cui
1389 3346 1465 3371 repu·
1502 3338 1618 3369 gaudum
1631 3342 1738 3370 propter
1748 3343 1886 3370 peccatum
1901 3339 2066 3364 sacerdotum
2082 3337 2142 3363 ibid.
