2427 3872
278 267 341 301 836

561 306 620 332 SCR

332 356 468 380 5031011131
488 366 522 370 -
536 352 583 376 Per
596 351 692 376 litteras
706 349 855 379 Scripturae
867 347 915 371 Do·

279 401 364 425 minus
383 398 496 430 loquitur
515 395 590 421 nobis
609 394 641 419 Vl
660 393 711 418 577
725 400 752 417 ν.
767 392 798 417 43
812 405 847 410 -
861 390 914 421 Spi-

279 444 342 469 ritus
361 445 464 467 sanctus
483 443 522 465 est
544 442 634 464 auctor
653 444 742 463 sacrae
766 435 915 467 Scripturae

283 489 307 513 11
333 494 346 512 3
366 501 398 504 -—
419 485 529 517 Spiritus
557 485 661 508 sanctus
689 484 768 506 totam
801 478 917 505 condidit

280 532 440 562 Scripturam
460 532 485 554 et
510 531 548 553 est
571 527 627 552 eius
646 529 737 551 auctor
758 524 808 550 416
829 523 861 548 27
881 535 916 541 -—

279 576 375 600 Omnes
395 569 454 599 libri
474 572 622 604 scripturae
651 569 748 601 Spiritu
768 570 856 593 sancto
876 566 915 591 di-

279 623 363 645 ctante
392 622 451 644 sunt
478 617 540 642 editi
559 617 574 641 8
594 623 621 648 q.
641 615 655 639 4
677 613 704 639 2·
723 626 758 632 —
777 614 837 637 sunt
855 617 917 641 sug-

280 667 366 695 gestae
387 670 432 694 per
451 661 580 687 Christum
599 662 625 684 et
644 665 691 690 per
716 657 842 689 Spiritum
862 661 917 680 sau·

279 712 349 733 ctum
368 707 479 737 scriptae
498 705 541 729 Vll
562 704 576 729 3
598 704 612 729 3
632 716 667 721 -
687 701 791 733 Triplex
810 703 849 725 est
862 699 919 723 eius

280 758 356 778 causa
377 751 491 776 efficiens
511 749 525 774 4
547 749 578 772 10
599 762 633 765 -
647 746 751 778 Triplex
776 747 815 770 est
839 749 918 769 causa

283 796 365 821 1133115
385 796 400 820 5
420 795 461 826 13,
483 793 515 818 14

334 854 367 857 —
387 839 413 864 ln
432 844 504 864 sacra
525 837 660 867 Scriptura
679 833 819 859 auctoritas
839 830 917 856 habet

281 890 403 915 magnam
417 882 566 908 firmitatem
577 888 590 906 a
607 878 703 911 Spiritu
717 879 806 903 sancto
821 875 852 900 Vl
868 874 919 899 243

283 930 314 953 10
334 942 368 946 —-
388 927 496 952 traditur
515 932 563 957 per
582 923 691 949 modum
710 919 865 947 narrationis
884 918 917 944 ad

281 972 456 1005 generandam
471 970 550 995 fidem
570 975 617 1000 per
637 966 816 992 auctoritatem
837 962 870 989 ib.
891 962 919 987 t·

334 1030 367 1035 —-
386 1016 445 1041 data
466 1017 504 1039 est
532 1013 565 1038 ad
593 1010 762 1037 astruendam
788 1008 866 1033 fldem
887 1007 919 1032 Vl

282 1062 331 1086 516
353 1061 381 1085 61
406 1074 440 1077 -
460 1058 610 1089 Scripturae
636 1053 791 1086 approbatio
816 1052 860 1077 dat
883 1058 921 1076 ro-

282 1105 331 1130 bur
360 1110 437 1129 verae
466 1102 526 1127 fidei
557 1100 607 1126 414
635 1099 669 1124 20
689 1111 723 1116 -
751 1097 807 1122 Non
832 1096 920 1121 omnia

282 1149 377 1180 scripta
396 1150 457 1172 sunt
476 1146 501 1171 in
521 1145 669 1175 Scriptura,
688 1142 732 1167 sed
758 1147 826 1174 quae
854 1141 921 1165 suffi-

282 1193 353 1218 ciunt
372 1192 406 1217 ad
425 1191 505 1216 fldem
525 1192 639 1214 nostram
661 1187 711 1212 516
732 1187 774 1216 61,
794 1186 827 1210 62

335 1251 369 1255 -
389 1236 538 1266 Scripturae
558 1232 678 1258 nobilitas
702 1238 715 1256 a
740 1229 842 1256 Christo
862 1236 922 1261 pro-

283 1282 341 1307 bata
362 1284 401 1305 est
420 1280 463 1304 Vll
482 1278 512 1303 9l
544 1278 576 1302 10
596 1291 629 1294 —-
650 1276 749 1302 Utilitas
774 1274 922 1306 Scripturae

283 1326 316 1351 ad
336 1324 498 1353 docendum,
512 1321 676 1353 arguendum
691 1323 715 1345 et
729 1318 921 1350 corripiendum

285 1369 433 1395 testimonio
462 1366 555 1393 Christi
575 1364 764 1396 comprobatur
783 1364 816 1388 93
839 1363 869 1388 16
889 1376 923 1381 -

285 1421 298 1439 3
331 1413 433 1439 Christo
465 1411 588 1436 astruitur
620 1408 831 1440 irrefragabiliter
862 1414 923 1432 vera

285 1461 363 1490 atque
384 1455 515 1482 credenda
535 1455 581 1479 601
607 1455 639 1479 58
659 1468 693 1471 -
708 1452 855 1484 Scripturis‚
869 1452 925 1476 sive

285 1502 474 1532 intelligantur,
494 1500 550 1525 sive
568 1505 634 1529 uon,
655 1505 705 1523 non
732 1499 770 1522 est
798 1496 924 1522 contradi-

284 1546 397 1571 cendum
419 1544 433 1569 4
454 1545 468 1568 6
489 1557 522 1562 --
542 1550 594 1568 3011
615 1545 698 1574 potest
718 1541 832 1567 falsitatis
850 1540 924 1572 argui

284 1591 325 1615 vel
345 1588 501 1621 reprehendi
522 1588 554 1613 Vl
574 1588 626 1612 392
647 1586 679 1612 46
699 1601 733 1605 -—
753 1586 779 1611 ln
793 1585 924 1617 Scriptura

285 1634 347 1659 nihil
367 1633 474 1658 omnino
492 1636 544 1662 est,
563 1631 635 1664 quod
655 1638 707 1656 non
732 1629 826 1655 habeat
850 1636 925 1655 suam

288 1678 488 1710 completionem
511 1677 550 1701 Vll
572 1675 622 1701 414
642 1676 674 1701 33
694 1675 869 1706 —inexpleta
889 1680 926 1699 re·

289 1729 394 1748 manere
413 1729 465 1747 non
485 1720 563 1746 debet
583 1719 633 1745 415
653 1720 686 1744 33

343 1781 376 1784 -
397 1766 501 1797 impleta
521 1764 568 1790 fuit
583 1771 597 1789 a
611 1763 712 1789 Christo
729 1763 772 1788 Vll
792 1763 825 1787 99
846 1761 879 1787 45
892 1775 926 1780 -

287 1811 379 1836 Omnia
398 1809 479 1835 verba
494 1809 643 1840 Scripturae
657 1807 808 1832 abbreviata
828 1809 888 1832 sunt
901 1806 926 1832 in

289 1854 376 1880 Verbo
396 1858 468 1884 nato,
488 1860 581 1884 passo,
602 1852 703 1883 sepulto
729 1855 753 1876 et
773 1851 926 1876 resuscitato

287 1900 339 1925 595
359 1899 391 1923 33
415 1913 449 1916 —
471 1897 588 1923 Christus
616 1899 655 1921 est
679 1896 737 1921 finis
762 1895 926 1927 Scripturae,

287 1950 366 1976 quam
389 1941 506 1974 implevit
525 1944 550 1966 et
568 1940 684 1973 quodam
706 1940 785 1965 modo
805 1946 927 1965 consum-

288 1987 369 2012 mavit
389 1986 419 2011 Vl
440 1986 486 2011 501
511 1985 544 2011 56

342 2044 375 2048 —-
385 2036 476 2055 omnes
487 2029 583 2054 veteris
593 2028 738 2054 testamenti
750 2027 926 2053 testimonium

289 2074 426 2106 perhibent
439 2073 541 2100 Christo
562 2074 592 2098 Vl
614 2073 665 2098 315
685 2073 728 2098 67.
742 2072 793 2098 562
813 2073 837 2102 2,
858 2072 873 2097 3
893 2084 927 2090 -

289 2118 467 2150 principaliter
478 2118 510 2143 ad
523 2117 653 2143 Christum
668 2116 765 2142 habent
779 2118 927 2147 respectum

290 2163 331 2187 Vll
346 2163 397 2187 595
417 2162 449 2187 34
472 2175 501 2179 -
523 2161 681 2192 respondent
694 2160 770 2186 uobis
789 2159 823 2185 de
842 2159 929 2184 Verbo

290 2207 423 2231 incarnato
453 2205 503 2230 470
523 2205 556 2229 60
575 2218 611 2223 -
634 2207 695 2229 sunt
714 2204 747 2229 de
774 2203 876 2229 Christo
905 2205 930 2228 et

294 2253 401 2282 propter
429 2249 560 2275 Christum
588 2251 613 2273 et
644 2248 677 2273 ab
708 2254 739 2273 eo
770 2247 930 2279 explicantur

294 2295 339 2319 601
366 2294 397 2318 58
423 2307 457 2312 —
477 2292 595 2324 Mysteria
622 2292 815 2323 Scripturarum
836 2290 932 2322 princi-

292 2339 382 2370 paliter
402 2339 549 2363 referuntur
562 2337 595 2361 ad
611 2335 742 2361 Christum
756 2340 883 2368 quantum
898 2335 931 2361 ad

292 2386 371 2414 caput
384 2384 409 2407 et
427 2384 554 2414 quantum
569 2380 603 2405 ad
622 2387 719 2411 corpus
738 2378 769 2405 ib.
790 2379 823 2404 59
838 2394 871 2397 —
886 2380 932 2405 fre-

291 2426 461 2459 quentissime
480 2425 594 2458 loquitur
613 2424 646 2450 de
659 2423 754 2450 Christi
773 2424 894 2455 passione
907 2427 933 2449 et

292 2470 483 2497 resurrectione
502 2468 563 2495 ibid.
584 2483 617 2487 --
638 2469 662 2493 ln
681 2468 812 2499 Scriptura
833 2468 932 2500 praedi-

293 2516 359 2540 citur
378 2514 471 2540 Christi
501 2513 660 2545 praedicatio
690 2513 740 2538 602
770 2512 802 2538 59
822 2527 857 2530 —
880 2515 931 2537 tota

294 2559 420 2591 praedixit
433 2558 466 2584 de
479 2557 580 2583 Christo
600 2557 672 2589 quod
686 2557 742 2588 ipse
759 2556 887 2588 praedixit
899 2557 932 2582 de

294 2611 322 2629 se
341 2604 398 2635 ipso
419 2603 465 2627 601
490 2602 523 2627 56

348 2661 382 2666 -
402 2653 474 2672 sacra
494 2648 532 2671 est
560 2645 695 2677 speculum
717 2645 748 2670 Vl
777 2644 826 2669 158
852 2651 879 2670 v.
899 2645 932 2669 26

295 2706 328 2709 --
341 2692 387 2716 l’er
401 2691 487 2716 lunam
503 2690 651 2720 intelligitur
664 2688 831 2720 intelligentia
844 2695 934 2714 sacrae

296 2735 445 2766 Scripturae
464 2734 496 2759 93
519 2741 542 2758 v.
564 2735 578 2758 2
598 2747 633 2752 —
652 2736 690 2758 cst
710 2733 814 2762 hortus,
835 2732 861 2757 in
880 2740 933 2764 quo

297 2779 464 2804 absconditur
484 2777 600 2804 Christus
619 2777 670 2802 612
691 2784 716 2801 v.
737 2777 746 2801 1
772 2790 804 2794 -
825 2779 863 2801 051
885 2779 934 2801 tur-

297 2824 333 2848 ris
352 2823 444 2847 vineae
465 2823 506 2847 Vll
527 2822 578 2847 503
600 2821 627 2846 11
651 2834 687 2839 -
706 2824 744 2846 051
763 2821 836 2853 quasi
851 2820 934 2852 quod-

297 2867 359 2892 dam
388 2866 483 2892 ostium
511 2866 543 2892 ad
574 2865 786 2897 cognoscendum
813 2871 843 2889 ea
866 2871 935 2897 quae

298 2914 356 2936 sunt
370 2911 434 2935 intra
446 2910 569 2936 unitatem
584 2913 689 2936 sanctae
698 2909 824 2935 Ecclesiae
836 2909 886 2934 399
902 2908 934 2934 44

350 2969 384 2972 -
395 2955 489 2980 dicitur
502 2961 613 2986 regnum
626 2954 680 2984 001,
690 2954 751 2986 quia
766 2954 852 2985 ipsum
865 2960 936 2985 prae-

298 2997 367 3023 dicat
380 3001 404 3023 et
423 2998 535 3023 ostendit
549 3001 574 3022 et
593 2997 719 3029 promittit
732 3000 757 3023 et
769 2996 934 3022 obedientem

298 3042 330 3067 ad
352 3042 437 3073 ipsum
459 3042 579 3073 perducit
598 3041 639 3066 Vll
661 3042 710 3067 192
733 3041 764 3066 15
783 3055 818 3059 -
836 3044 874 3066 est
894 3040 935 3065 via

300 3085 420 3111 1031011111
440 3085 472 3111 ad
493 3086 629 3111 veritatem
650 3088 674 3111 et
688 3092 734 3117 per
753 3085 887 3111 veritatem
902 3084 935 3110 ad

299 3130 378 3155 vitam
400 3130 450 3154 266
472 3129 504 3155 45
523 3143 557 3148 -
578 3130 671 3154 Sacrae
687 3129 835 3161 Scripturae
855 3127 935 3154 verba

300 3177 359 3199 sunt
378 3180 458 3205 panes
472 3173 523 3199 224
543 3174 576 3199 28
590 3188 624 3192 -
638 3173 703 3199 Tres
723 3176 809 3205 partes
823 3173 937 3205 Scriptu-

300 3224 357 3247 rae,
377 3218 401 3242 in
421 3217 518 3250 quibus
538 3217 581 3242 Dei
600 3217 724 3249 sapientia
745 3217 883 3244 abscondit
895 3224 937 3243 ca-

300 3261 414 3291 ritntem,
435 3261 611 3293 intelliguntur
631 3268 677 3293 per
697 3261 743 3287 tria
763 3264 817 3287 sata
840 3261 937 3287 farinae

301 3304 351 3330 349
371 3304 403 3330 45

354 3361 389 3367 -
407 3351 446 3374 est
469 3348 543 3381 quasi
568 3349 731 3380 sepulcrum.
751 3349 777 3374 in
806 3356 859 3382 quo
879 3349 938 3375 latet

302 3391 427 3418 Dominus
447 3392 489 3417 Vll
514 3393 564 3418 588
590 3393 606 3418 6
626 3406 660 3411 —
680 3393 798 3418 Studium
823 3394 938 3425 Scriptu-

1142 254 1256 287 lNDEX
1280 253 1409 286 RERUM

952 351 1040 370 rarum
1068 343 1219 374 intelligitur
1250 349 1297 374 per
1328 344 1528 367 monumentum
1561 340 1593 365 Vl

953 388 1005 412 619
1025 386 1040 412 4

1005 445 1041 449 -
1061 431 1155 455 Panem
1177 430 1297 460 frangere
1316 431 1356 453 est
1374 424 1535 459 scripturam
1556 434 1594 452 ex·

953 482 1053 507 ponere
1072 474 1105 500 ad
1125 473 1302 505 cognitionem
1320 471 1436 497 veritatis
1456 471 1487 496 Vl
1508 471 1559 496 565
1580 470 1594 496 4

954 533 988 537 ——
1007 518 1176 549 Intelligentia
1191 517 1303 548 perfecta
1317 516 1511 548 scripturarum
1531 515 1596 546 tigu-

955 566 1027 589 ratur
1046 569 1093 594 per
1112 561 1204 586 decem
1225 567 1301 586 mnas
1322 560 1363 585 Vll
1385 559 1434 585 479
1457 560 1488 584 19

1011 620 1044 625 -
1075 607 1123 631 Per
1151 605 1299 636 Scripturas
1331 604 1498 635 cognoscitur
1526 603 1595 628 Deus

956 651 989 675 Vl
1005 650 1056 675 315
1067 650 1101 675 67
1111 664 1146 667 -
1157 649 1234 674 Liber
1245 648 1394 680 Scripturae
1404 654 1443 673 est
1454 648 1595 679 proximior

956 695 1023 720 libro
1038 694 1106 719 vitae
1120 700 1200 726 quam
1214 692 1279 718 liber
1292 696 1426 718 creaturae
1441 693 1481 717 Vll
1497 691 1548 717 415
1561 692 1593 717 33

1009 752 1044 757 -
1058 739 1084 764 13
1099 738 1230 769 Scriptura
1246 737 1356 769 Spiritus
1374 740 1478 762 sauctus
1491 736 1525 762 de
1544 743 1594 762 una

956 790 985 808 re
1004 783 1114 814 parvula
1133 782 1220 807 varios
1240 782 1381 807 intellectus
1400 781 1512 807 exterius
1531 781 1595 807 edu-

957 827 991 853 cit
1011 834 1057 858 per
1081 827 1189 852 Sanctos
1214 833 1276 852 suos
1296 826 1336 851 Vll
1362 825 1412 851 349
1434 825 1466 851 46
1486 840 1520 844 ——
1540 826 1595 851 Non

957 874 1056 897 tantum
1078 878 1169 901 voces,
1183 878 1276 896 verum
1296 870 1373 895 etiam
1387 877 1429 895 res
1448 873 1509 895 sunt
1521 870 1595 901 signa

958 916 992 941 ad
1012 916 1243 941 manuducendum
1259 915 1416 940 intellectum
1430 918 1549 940 nostrum
1562 914 1596 939 ad

957 960 1159 992 concipiendum
1188 960 1345 985 intellectum
1374 959 1524 985 divinorum
1546 958 1597 983 384

957 1005 973 1030 7
992 1018 1028 1023 -
1041 1005 1235 1036 Scripturarum
1250 1005 1382 1036 multiplex
1402 1003 1569 1035 intelligentia
1582 1009 1596 1027 3

957 1049 1068 1075 0013130
1093 1049 1208 1080 aperitur
1236 1049 1268 1074 Vl
1290 1049 1336 1073 321
1363 1048 1395 1073 19
1416 1062 1447 1065 -
1468 1054 1541 1073 sacra
1560 1047 1598 1072 lu-

959 1101 1017 1119 men
1037 1094 1129 1125 recipit
1147 1101 1161 1119 a
1181 1093 1283 1119 Christo
1297 1093 1330 1119 93
1350 1100 1376 1118 ν.
1396 1094 1411 1117 2
1431 1107 1466 1110 -
1485 1092 1599 1124 Scriptu-

958 1146 1014 1164 ram
1034 1139 1119 1164 nullus
1139 1138 1255 1169 intelligit
1268 1137 1314 1163 nisi
1336 1144 1383 1169 per
1397 1136 1529 1163 Christum
1543 1143 1599 1161 cru-

959 1183 1063 1208 cifixum
1083 1186 1109 1208 et
1127 1182 1280 1208 suscitatum
1300 1185 1326 1207 et
1342 1180 1465 1213 gentibus
1483 1187 1530 1213 per
1544 1180 1599 1212 Spi-

959 1228 1037 1253 ritum
1056 1230 1175 1253 sanctum
1193 1227 1358 1258 divulgatum
1379 1226 1421 1251 Vll
1441 1226 1487 1251 601
1512 1226 1545 1250 58

1012 1286 1047 1291 —
1060 1272 1210 1304 Scripturae
1228 1278 1318 1297 sacrae
1331 1270 1396 1296 liber
1408 1277 1422 1295 3
1439 1269 1541 1296 Christo
1556 1270 1601 1302 pli-

960 1320 1033 1342 catus
1051 1317 1181 1348 significat
1196 1316 1393 1341 occultationem
1414 1315 1599 1346 mysteriorum

962 1362 1003 1387 Vll
1023 1362 1056 1386 99
1077 1361 1109 1386 43
1129 1375 1162 1379 ——
1184 1360 1332 1392 Scripturae
1345 1360 1464 1385 velamen
1485 1359 1601 1390 intelligi-

961 1410 1002 1432 tur
1021 1413 1068 1438 per
1088 1405 1201 1437 lapidem
1226 1403 1422 1436 superpositum
1448 1403 1481 1429 ad
1507 1403 1600 1429 Christi

962 1451 1111 1482 sepulcrum
1140 1450 1191 1475 588
1212 1450 1227 1474 6
1248 1463 1281 1467 --
1302 1449 1451 1480 Scripturae
1480 1448 1601 1473 velamen

961 1497 1100 1520 amovetur
1128 1501 1175 1526 per
1201 1493 1348 1525 angelicum
1379 1492 1550 1518 ministerium
1577 1496 1601 1517 01

962 1539 1100 1565 doctorum
1119 1537 1182 1564 ibid.
1194 1552 1230 1557 —
1243 1538 1291 1570 Qui
1312 1537 1431 1562 velamen
1452 1537 1602 1568 Scripturae

962 1586 1067 1609 amovet
1086 1583 1186 1615 repellit
1205 1582 1379 1608 carnalitatem
1402 1584 1428 1606 et
1448 1584 1557 1606 mortem
1578 1584 1603 1607 et

962 1627 1113 1654 conscendit
1131 1627 1163 1653 ad
1181 1626 1356 1652 contuendam
1371 1625 1464 1651 Christi
1482 1625 1603 1655 Divinita-

962 1676 1014 1697 tem
1035 1675 1060 1697 et
1078 1671 1298 1697 immortalitatem
1319 1669 1379 1696 ibid.

1016 1731 1051 1734 —
1065 1716 1159 1741 eodem
1173 1716 1264 1747 spiritu
1278 1714 1448 1746 exponendae
1465 1716 1536 1745 sunt,
1549 1721 1603 1746 quo

963 1760 1083 1786 conditae
1102 1763 1161 1785 sunt
1175 1760 1216 1785 Vll
1238 1760 1253 1785 3
1274 1760 1289 1784 3
1309 1773 1344 1777 -—
1363 1759 1424 1784 Sine
1437 1758 1489 1784 fide
1509 1758 1603 1790 impos-

964 1804 1038 1830 sibile
1057 1807 1096 1830 051
1114 1811 1159 1829 035
1172 1804 1314 1835 intelligere
1333 1802 1368 1829 ib.
1385 1803 1399 1828 8
1412 1816 1448 1822 -
1462 1802 1603 1834 dissipatur

965 1848 998 1874 ab
1018 1848 1166 1874 infidelibus
1192 1848 1243 1873 287
1270 1848 1302 1873 32
1323 1862 1356 1866 —--
1382 1847 1549 1878 spiritualiter
1568 1847 1604 1872 in-

964 1893 1102 1924 telligenda
1122 1896 1162 1918 est
1174 1892 1207 1917 Vl
1223 1892 1273 1917 3l5
1293 1891 1327 1917 67
1342 1905 1370 1909 -
1388 1898 1465 1916 sensu
1485 1891 1603 1917 exteriori

964 1938 1006 1969 pie
1025 1939 1085 1962 sunt
1114 1936 1242 1968 legendae
1270 1939 1295 1960 et
1320 1942 1397 1961 seusu
1421 1935 1536 1960 interiori
1562 1935 1605 1967 pie

965 1980 1147 2012 intelligendae
1167 1980 1212 2004 111
1234 1987 1260 2004 ν.
1282 1980 1290 2004 1
1309 1993 1344 1998 -
1357 1979 1428 2004 Multi
1441 1980 1511 2005 nullo
1524 1979 1604 2005 modo

965 2025 1114 2050 afficiuntur
1133 2024 1158 2049 in
1177 2030 1249 2049 sacra
1271 2023 1405 2055 Scriptura
1426 2024 1476 2049 163
1496 2031 1522 2049 v.
1541 2024 1556 2049 9

1019 2082 1054 2087 —
1074 2068 1099 2093 ln
1117 2066 1206 2093 verbis
1220 2068 1368 2099 Scripturae
1381 2068 1541 2100 explicandis
1554 2074 1606 2093 ma-

967 2113 1008 2144 gis
1026 2115 1065 2137 est
1084 2112 1180 2137 utilitas
1198 2119 1278 2144 quam
1298 2111 1425 2138 subtilitas
1449 2112 1606 2138 attendenda

967 2156 1008 2182 Vll
1040 2156 1090 2181 117
1120 2156 1151 2181 16
1178 2171 1212 2174 -
1241 2157 1361 2182 Gentium
1388 2157 1517 2183 Ecclesiae
1545 2157 1606 2182 data

967 2204 1006 2226 est
1024 2207 1114 2226 sacrae
1134 2201 1283 2233 Scripturae
1298 2201 1373 2233 plena
1394 2201 1560 2233 intelligentia
1574 2200 1605 2225 Vl

968 2244 1000 2270 93
1021 2252 1048 2270 v.
1068 2245 1082 2270 2

1021 2302 1055 2308 -
1076 2292 1145 2315 13310
1165 2289 1241 2315 altius
1260 2290 1353 2316 crescit
1380 2297 1428 2322 per
1455 2290 1607 2320 veritatem,

969 2336 1066 2365 quanto
1085 2333 1156 2359 radix
1173 2334 1329 2365 profundius
1343 2334 1478 2359 descendit
1497 2340 1544 2365 per
1564 2333 1608 2357 hu-

969 2377 1103 2403 militatem
1133 2378 1176 2403 Vll
1197 2378 1247 2404 347
1273 2378 1304 2404 40
1324 2391 1359 2397 -—
1378 2385 1483 2404 omnem
1512 2376 1609 2408 refugit

969 2421 1121 2453 superbiam
1141 2425 1166 2448 et
1178 2423 1326 2455 praetendit
1342 2422 1512 2448 humilitatem
1529 2421 1559 2446 Vl
1576 2421 1602 2445 11

969 2474 995 2492 v.
1015 2468 1030 2492 2
1051 2481 1084 2485 -
1104 2467 1195 2500 Aquae
1214 2474 1303 2493 sacrae
1327 2467 1477 2499 Scripturae
1500 2472 1552 2491 non
1573 2466 1608 2490 fu-

970 2514 1061 2536 cantur
1080 2512 1187 2543 strepitu
1202 2511 1345 2537 verborum
1367 2511 1514 2537 mundanae
1529 2509 1609 2541 philo-

970 2555 1078 2586 sophiae
1098 2555 1148 2581 373
1170 2556 1184 2580 8
1198 2569 1232 2574 -
1246 2556 1336 2588 Aquae
1349 2563 1438 2581 sacrae
1459 2554 1609 2585 Scripturae

970 2599 1131 2630 recipiuntur
1151 2599 1185 2625 ab
1204 2599 1360 2630 humilibus,
1381 2606 1432 2625 non
1452 2606 1466 2624 a
1487 2596 1609 2629 superbis

970 2642 1031 2669 ibid.

1023 2701 1058 2706 -—
1078 2688 1194 2719 Scriptor
1214 2695 1303 2713 sacrae
1326 2688 1476 2719 Scripturae
1495 2686 1528 2711 de
1553 2692 1609 2717 pro·

972 2731 1028 2762 prio
1047 2732 1152 2757 nomine
1171 2739 1223 2757 non
1243 2733 1350 2757 multam
1372 2732 1432 2757 facit
1451 2730 1608 2756 mentionem

973 2775 1011 2799 Vll
1033 2775 1082 2800 593
1103 2776 1135 2800 23
1156 2790 1190 2793 -
1211 2776 1236 2801 13
1256 2776 1387 2807 Scriptura
1415 2774 1511 2800 mentio
1531 2773 1558 2798 111
1577 2773 1610 2798 de

972 2821 1078 2844 auctore
1096 2820 1171 2852 quasi
1192 2819 1224 2845 de
1243 2820 1293 2844 alio
1314 2820 1345 2845 Vl
1367 2819 1394 2844 11
1420 2826 1434 2843 11
1454 2832 1488 2836 -
1508 2824 1558 2842 303
1574 2817 1609 2842 fu-

972 2862 1006 2887 cit
1024 2862 1078 2888 vim
1099 2863 1123 2888 in
1143 2863 1258 2889 minutiis
1277 2864 1327 2889 320
1350 2863 1382 2888 15

1024 2920 1059 2925 -
1079 2908 1208 2933 Sententia
1228 2914 1317 2933 sacrae
1337 2907 1486 2939 Scripturae
1510 2909 1546 2931 est
1576 2908 1610 2930 at-

973 2951 1102 2976 tendenda
1122 2952 1153 2976 Vl
1172 2951 1187 2976 7
1208 2958 1235 2984 q.
1261 2953 1275 2977 3
1295 2959 1352 2983 arg.
1381 2952 1387 2975 1
1412 2965 1446 2968 -
1472 2953 1522 2975 tota
1543 2949 1610 2974 ordi-

973 2998 1049 3021 natur
1068 2995 1101 3021 ad
1121 2995 1319 3021 declinationem
1340 2995 1401 3021 mali
1429 2997 1454 3020 et
1481 2993 1610 3025 operatio-

974 3046 1032 3064 nem
1053 3039 1114 3065 boni
1133 3040 1166 3065 98
1187 3047 1212 3065 ν.
1237 3040 1266 3065 13
1298 3054 1326 3058 -
1360 3041 1384 3065 13
1415 3038 1545 3070 Scriptura
1574 3044 1610 3063 sa-

974 3090 1016 3109 cra
1036 3084 1123 3109 omnia
1137 3085 1284 3110 referuntur
1297 3084 1329 3109 ad
1344 3084 1453 3109 salutem
1468 3083 1609 3107 humanam

975 3127 1017 3153 Vll
1038 3127 1088 3154 4Ιῦ
1108 3128 1140 3153 33
1155 3141 1188 3146 —-
1202 3127 1321 3160 suggerit
1337 3128 1405 3153 vitae
1424 3126 1542 3152 caelestis
1556 3133 1611 3158 per·

974 3172 1109 3197 sectionem
1140 3171 1190 3197 479
1220 3172 1252 3197 19
1280 3185 1315 3191 -
1339 3171 1450 3204 Quando
1479 3170 1611 3202 Scriptura

975 3223 1069 3248 magna
1091 3216 1174 3241 innuit
1196 3219 1221 3241 et
1240 3215 1381 3245 mirabilia,
1406 3215 1485 3241 debet
1503 3214 1577 3247 quasi
1597 3221 1611 3240 a

974 3260 1118 3293 longinquo
1136 3259 1274 3286 ostendere
1295 3260 1325 3284 Vl
1347 3259 1374 3285 11
1403 3266 1417 3285 a
1436 3274 1471 3278 —
1485 3266 1557 3285 sacra
1572 3259 1613 3284 de-

976 3304 1019 3330 bet
1038 3310 1152 3336 purgare
1165 3310 1280 3329 errorem
1300 3304 1316 3329 8
1336 3311 1362 3336 q.
1382 3304 1396 3329 3
1415 3310 1472 3336 arg.
1491 3304 1506 3329 2

1025 3362 1063 3368 ———
1083 3348 1145 3374 nihil
1158 3348 1228 3374 aliud
1242 3348 1318 3373 docet
1334 3354 1414 3381 quam
1429 3347 1542 3374 caritatis
1555 3354 1614 3373 con-

976 3392 1092 3418 cordiam
1112 3395 1138 3419 et
1156 3391 1320 3418 harmoniam
1345 3392 1387 3418 Vll
1408 3392 1458 3417 399
1482 3391 1514 3417 44
1534 3405 1569 3412 -
1588 3392 1614 3418 13

1922 296 1983 321 SEM

1631 346 1704 365 sacra
1724 340 1857 371 Scriptura
1876 339 1981 365 auditur
2005 339 2145 365 concordia
2170 344 2195 365 et
2215 341 2271 366 har·

1632 383 1717 408 monia
1746 384 1813 408 intra
1842 383 1960 409 membra
1989 384 2118 409 Ecclesiae
2145 383 2206 409 ibid.
2235 397 2271 403 —

1632 427 1764 459 praedicat
1778 427 1977 459 poenitentiam,
1992 428 2102 459 gratiam
2122 431 2148 453 et
2160 428 2270 453 salutem

1631 470 1663 497 ib.
1686 471 1717 496 46
1731 486 1765 490 —
1779 472 1866 503 arguit
1879 475 2044 503 peccatorem
2065 471 2184 497 docendo
2198 479 2270 503 vera,

1632 516 1768 547 arguendo
1789 516 1862 546 falsa,
1883 515 2030 541 erudiendo
2043 516 2076 541 de
2096 516 2203 547 iustitia⁷
2216 522 2270 542 cor-

1632 560 1751 591 ripiendo
1771 566 1894 591 perversa
1916 560 1947 585 Vl
1968 560 2019 584 606
2042 560 2050 584 1

1686 604 1786 630 5011101(
1801 619 1835 622 -
1848 604 2014 635 spiritualiter
2028 606 2112 634 potest
2126 603 2178 629 dici
2192 604 2271 635 fldes,

1633 647 1744 673 verbum
1765 648 1822 680 Dei,
1841 648 1933 679 oratio,
1946 647 2077 680 aequitas,
2096 648 2271 679 eleemosyna,

1632 692 1764 724 patientia,
1784 692 1932 718 obedientia
1953 692 1986 716 Vl
2006 692 2057 716 226
2077 699 2103 716 v.
2122 693 2151 717 21

1686 737 1799 762 Secum
1819 750 1854 755 —
1878 735 1961 761 Plebis
1989 739 2028 761 est
2055 739 2153 762 secreta
2183 736 2272 763 divina

1633 781 1771 812 admirari,
1791 788 1843 806 non
1857 780 2013 813 perscrutari
2035 780 2077 805 Vll
2098 781 2130 805 19
2151 781 2183 806 33

1687 826 1824 851 Stetimus
1848 839 1882 843 —-
1910 831 1972 850 vera
2001 823 2111 850 habetur
2139 825 2273 857 implendo

1633 874 1789 902 praecepta,
1808 868 1964 894 declinando
1977 868 2123 900 prohibita,
2142 869 2273 901 sperando

1634 914 1823 946 promissiones
1835 917 1861 939 et
1873 913 1988 938 timendo
2002 913 2217 939 comminationes
2230 914 2274 940 Vll

1635 959 1686 984 335
1707 958 1739 983 86
1759 971 1794 977 -
1813 960 1852 983 051
1875 957 1900 982 in
1926 957 2001 982 malis
2026 957 2056 982 Vl
2081 957 2115 983 75
2140 965 2167 983 v.
2187 958 2215 983 11
2239 971 2274 978 --

1635 1002 1707 1028 venit
1725 1009 1755 1028 ex
1775 1002 1878 1028 defectu
1893 1001 1994 1026 11130115
2012 1001 2045 1026 62
2060 1008 2074 1026 a
2093 1015 2127 1020 —
2146 1002 2229 1028 oritur
2242 1009 2273 1028 ex

1635 1047 1786 1079 apparentia
1797 1046 1913 1071 defectus
1926 1044 2103 1071 retributionis
2113 1046 2195 1071 iustae
2205 1049 2231 1072 et
2243 1053 2276 1072 ex

1635 1091 1787 1123 apparentia
1806 1090 1923 1116 defectth
1942 1089 2076 1122 regiminis
2095 1089 2276 1121 providentiae

1637 1136 1670 1161 67
1690 1143 1714 1162 a.
1735 1135 1770 1160 75
1789 1142 1815 1160 v.
1837 1135 1863 1160 11
1887 1148 1923 1153 -
1942 1134 2062 1166 provenit
2081 1141 2112 1159 ex
2132 1135 2189 1165 hoc,
2203 1134 2275 1167 quod

1636 1180 1697 1206 mali
1716 1187 1767 1205 non
1788 1179 1932 1212 puniuntur
1951 1179 1985 1203 68
2010 1185 2037 1203 v.
2058 1178 2090 1203 10
2109 1191 2143 1196 ——-
2164 1178 2219 1203 Mali
2239 1186 2276 1204 se-

1636 1225 1693 1251 curi
1706 1227 1779 1255 sunt,
1792 1224 1854 1257 quia
1868 1223 1928 1249 nihil
1942 1222 2057 1254 cogitant
2070 1228 2118 1247 nec
2137 1222 2228 1248 timent
2242 1222 2276 1248 de

1638 1269 1731 1295 futuris
1750 1268 1783 1294 ib.
1805 1276 1829 1293 v.
1851 1268 1877 1293 11

1692 1327 1728 1332 -
1746 1312 1820 1344 lmpii
1833 1312 1917 1338 securi
1930 1311 2089 1342 redduntur,
2102 1310 2163 1343 quia
2176 1311 2278 1345 vident,

1639 1357 1715 1383 bonis
1735 1358 1802 1383 mala
1822 1356 1964 1382 succedere
1982 1359 2007 1381 et
2020 1355 2070 1381 sibi
2084 1354 2166 1386 bona,
2179 1359 2204 1381 et
2215 1347 2277 1389 quia

1640 1402 1689 1434 ipsi
1704 1404 1893 1434 prosperantur
1912 1401 1945 1425 Vl
1959 1400 1992 1425 69
2013 1406 2038 1425 v.
2059 1399 2089 1424 14
2105 1414 2139 1417 -
2153 1400 2234 1425 oritur
2247 1407 2278 1426 ex

1639 1447 1833 1473 indistinctione
1853 1445 1981 1470 malorum
2007 1447 2032 1469 et
2048 1443 2178 1469 bonorum
2198 1444 2231 1470 70
2251 1452 2277 1471 v.

1641 1492 1682 1517 16.
1701 1491 1736 1516 72
1764 1498 1791 1515 v.
1811 1491 1826 1515 3
1845 1504 1880 1508 --
1903 1490 1939 1514 Ex
1958 1488 2098 1514 securitate
2125 1488 2207 1514 oritur
2234 1497 2279 1516 vo·

1640 1537 1726 1568 luptas
1743 1535 1778 1560 70
1792 1542 1818 1560 v.
1833 1534 1864 1559 16
1879 1548 1912 1552 -
1926 1539 1993 1558 vana
2009 1532 2155 1564 concipitur
2167 1534 2208 1558 vel
2223 1540 2280 1565 pro·

1640 1579 1767 1605 mittendo
1786 1578 1837 1604 sibi
1863 1578 1968 1609 longam
1987 1576 2069 1601 vitam
2094 1578 2278 1609 temporalem,

1641 1625 1682 1650 vel
1702 1622 1896 1649 contemnendo
1916 1621 1957 1646 Vll
1978 1621 2028 1646 318
2046 1620 2079 1645 29
2099 1635 2134 1639 —-—
2152 1621 2280 1647 subtrahi-

1641 1672 1682 1694 tur
1701 1675 1748 1700 per
1772 1667 1878 1693 divinae
1896 1665 2038 1692 sententiae
2063 1666 2220 1698 aequitatem
2244 1665 2279 1692 ib.

1641 1713 1674 1738 30
1701 1727 1733 1731 —
1760 1712 1879 1738 Defectus
1907 1709 2053 1735 securitatis
2080 1710 2279 1741 exspectationis

1641 1756 1848 1785 considerandus
1870 1758 1895 1780 et
1915 1753 2079 1786 plangendus
2104 1761 2118 1778 a
2144 1757 2280 1786 peccatore

1642 1802 1674 1828 Vl
1694 1801 1740 1827 271
1767 1801 1799 1826 13

1696 1859 1731 1865 -
1750 1844 1896 1877 periculosa
1915 1845 1954 1868 est
1970 1843 2002 1868 Vl
2023 1842 2056 1867 67
2076 1849 2090 1867 a
2104 1856 2138 1861 —
2150 1845 2189 1868 est
2202 1849 2280 1869 causa

1643 1890 1784 1916 multorum
1799 1890 1966 1920 peccatorum
1980 1886 2014 1912 72
2028 1894 2054 1911 v.
2068 1887 2083 1912 3
2097 1900 2131 1906 —-
2145 1887 2192 1912 Per
2205 1894 2280 1913 secu-

1642 1935 1743 1960 ritatem
1764 1935 1843 1958 homo
1862 1930 1932 1957 cadit
1949 1930 1975 1956 in
1990 1931 2113 1956 malitiam
2127 1934 2152 1957 et
2165 1935 2281 1958 contem-

1643 1982 1716 2011 ptum
1731 1976 1793 2004 ibid.
1803 1991 1838 1995 —
1850 1975 1918 2007 parit
1931 1978 2110 2007 contemptum
2126 1976 2167 2002 Vll
2182 1977 2232 2002 328
2247 1977 2281 2003 65

1700 2023 1821 2048 8111100115
1850 2034 1883 2038 -
1913 2023 2063 2045 excaecatus
2091 2020 2220 2052 significat
2247 2020 2284 2046 vl·

1645 2070 1715 2093 ctum
1735 2064 1858 2097 superbia
1877 2064 1907 2089 Vl
1929 2064 1979 2089 579
2000 2065 2015 2089 6

1698 2111 1799 2136 Sanane
1817 2122 1853 2127 —
1871 2108 1991 2140 designat
2003 2109 2117 2142 quietem
2137 2112 2163 2136 et
2181 2109 2281 2135 humili-

1645 2158 1723 2181 tatem
1744 2153 1786 2179 Vll
1812 2152 1845 2178 67
1868 2153 1911 2178 101
1935 2168 1970 2171 -
1990 2154 2104 2186 Magistri
2128 2157 2166 2180 est
2189 2154 2281 2180 sedere

1647 2200 1678 2225 Vl
1699 2197 1750 2224 354
1770 2197 1785 2222 3
1805 2211 1839 2216 -
1858 2201 1897 2223 051
1910 2197 2034 2224 indicium
2050 2198 2187 2224 doctorum
2206 2201 2232 2224 et
2244 2205 2282 2224 re·

1645 2249 1709 2276 gum
1729 2242 1772 2268 Vll
1786 2242 1819 2267 99
1835 2241 1867 2267 43
1886 2255 1920 2261 -·
1939 2246 2038 2274 spectat
2054 2243 2088 2269 ad
2101 2242 2281 2269 auctoritatem

1646 2293 1774 2319 personae
1792 2285 1909 2312 docentis
1925 2289 1950 2312 et
1968 2287 2001 2313 ad
2020 2287 2195 2313 excellentiam
2216 2286 2282 2313 iudi-

1646 2331 1728 2357 cantis
1749 2330 1798 2356 114
1818 2331 1842 2355 6.
1862 2331 1912 2357 123
1935 2331 1962 2359 41
1986 2347 2021 2351 -
2040 2332 2220 2358 auctoritatem
2239 2331 2283 2357 de-

1646 2376 1732 2407 signat
1757 2375 1904 2401 iudicialem
1931 2376 1981 2402 114
2001 2377 2016 2402 6
2038 2390 2070 2394 -
2091 2376 2141 2409 Qui
2166 2376 2239 2401 sedet
2256 2375 2284 2401 in

1647 2421 1703 2445 loco
1722 2419 1836 2445 doctoris
1855 2421 1946 2452 plenus
1974 2420 2053 2446 debet
2080 2427 2138 2446 osse
2157 2419 2284 2452 sapientia

1647 2463 1709 2490 ibid.
1727 2477 1761 2482 —
1786 2468 1824 2490 est
1851 2465 2015 2491 considerare
2044 2465 2109 2490 intra
2129 2471 2157 2489 se
2185 2467 2284 2489 secreta

1646 2508 1818 2534 conscientiae
1837 2516 1900 2534 suae
1919 2509 1969 2534 377
1990 2509 2023 2534 58

1699 2553 1836 2579 5503111115
1854 2567 1889 2573 -
1908 2555 1935 2579 in
1959 2552 2141 2579 distributione
2164 2552 2285 2584 spiritua-

1648 2596 1710 2621 lium
1730 2598 1928 2623 commendatur
1949 2598 1989 2622 Vll
2011 2596 2061 2622 477
2082 2596 2115 2621 15

1699 2641 1783 2666 Saum
1809 2655 1843 2660 —
1868 2642 1987 2667 divinum
2017 2644 2055 2666 est
2083 2640 2194 2666 verbum
2223 2640 2285 2671 001,

1648 2684 1707 2716 quia
1728 2692 1774 2716 per
1793 2686 1854 2712 illud
1869 2685 2038 2715 renascimur,
2053 2688 2080 2710 ut
2093 2685 2187 2710 flamus
2200 2683 2283 2710 divini

1650 2729 1690 2754 th
1711 2730 1759 2754 190
1779 2730 1803 2755 7.
1825 2731 1874 2755 193
1897 2730 1928 2755 17
1948 2743 1983 2748 -
1996 2732 2034 2754 051
2047 2728 2158 2754 verbum
2173 2728 2218 2754 Dei
2234 2727 2285 2754 485

1648 2773 1680 2798 36
1694 2788 1727 2791 -
1741 2777 1779 2799 051
1793 2774 1910 2800 Verbum
1926 2773 1982 2805 Del,
1997 2773 2058 2806 quia
2073 2776 2141 2798 101101
2157 2772 2285 2798 rationem

1648 2817 1766 2849 principii
1786 2818 1878 2849 activi,
1898 2817 2062 2849 propagativi
2083 2820 2108 2842 et
2135 2816 2286 2848 multiplica·

1649 2861 1693 2886 tivi
1714 2862 1763 2887 195
1784 2863 1816 2887 22
1837 2876 1870 2880 -
1889 2865 1928 2887 051
1947 2860 2064 2886 Verbum
2084 2861 2128 2886 Dei
2143 2861 2286 2886 increatum

1649 2908 1676 2930 ut
1696 2906 1863 2938 inspiratum,
1884 2909 1911 2932 ut
1929 2906 2107 2936 incarnatum,
2132 2908 2159 2930 ut
2184 2904 2276 2936 praedi

1648 2954 1749 2982 cattun,
1769 2954 1796 2976 ut
1815 2951 1991 2982 exemplatum
2011 2948 2072 2976 ibid.

1702 3009 1734 3013 —
1754 2995 1832 3021 Malae
1851 2994 2034 3026 suggestiones
2048 2993 2184 3019 hominum
2199 2995 2224 3018 et
2237 2995 2288 3018 ten-

1649 3038 1758 3064 tationes
1777 3039 1937 3064 dnemonum
1958 3038 2088 3070 expellunt
2106 3037 2139 3063 de
2153 3036 2289 3063 001110110-

1650 3083 1726 3108 minis
1744 3090 1833 3108 semen
1853 3083 1972 3108 divinum
1993 3082 2035 3107 Vll
2057 3082 2101 3106 191
2127 3082 2141 3106 8
2162 3095 2194 3099 -
2213 3086 2288 3106 secus

1649 3126 1719 3151 viam
1745 3134 1795 3152 303
1823 3126 1972 3158 fructificat,
1997 3125 2058 3159 quia
2084 3132 2136 3151 non
2156 3128 2194 3150 est
2213 3124 2239 3150 in
2257 3130 2288 3149 ea

1644 3171 1758 3211 ,retentio
1777 3170 1838 3197 ibid.
1858 3170 1909 3196 -l94
1931 3171 1962 3195 18
1976 3183 2011 3189 -
2024 3176 2102 3202 supra
2122 3172 2222 3201 petram
2236 3174 2289 3194 are-

1650 3215 1710 3246 scit,
1729 3215 1790 3248 qula
1810 3222 1861 3243 non
1881 3214 1958 3240 habet
1972 3215 2109 3240 humorem
2124 3215 2289 3244 vegetantem

1651 3262 1676 3285 et
1696 3261 1825 3285 foventem
1847 3258 1892 3284 191
1916 3259 1940 3283 9.
1962 3257 2012 3283 194
2028 3257 2060 3283 19
2074 3270 2109 3276 -—
2123 3257 2187 3283 intra
2200 3256 2289 3288 spinas

1652 3304 1741 3336 oritur,
1761 3303 1805 3329 sed
1826 3310 1878 3329 non
1898 3304 2096 3328 consummatur
2117 3301 2161 3326 191
2182 3300 2223 3325 10.
2238 3299 2289 3325 194

1653 3349 1685 3373 20
1708 3362 1740 3366 -
1761 3348 1785 3373 in
1806 3351 1872 3373 terra
1892 3345 1960 3372 bona
1981 3347 2093 3372 fructum
2114 3345 2213 3377 profert
2230 3350 2291 3376 per-

1653 3393 1746 3418 fectum
1768 3391 1801 3417 Vt
1822 3391 1867 3417 451
1892 3390 1934 3416 23.
1955 3390 1997 3416 Vll
2019 3389 2064 3415 191
2090 3389 2117 3414 11
