2476 3921
192 459 271 480 Aliter.

181 1198 270 1220 Divisio.

135 1571 166 1593 De
180 1570 276 1602 membro

166 1603 244 1625 primo.

289 203 331 234 78

290 289 485 332 evangelico,
509 287 695 325 dicendum,
720 285 804 328 quod
828 285 1014 326 intelligitur
1037 284 1076 317 de
1104 284 1253 326 patientia

291 342 435 376 habenda
469 342 500 374 in
531 341 650 379 animo,
686 348 748 372 non
781 338 819 371 de
851 338 1006 380 corporali
1039 337 1253 376 exhibitione,

292 396 374 429 sicut
408 395 601 437 Augustinus
635 393 770 426 ostendit
805 393 837 424 in
877 392 1027 424 Sermone
1062 390 1185 422 Domini
1220 389 1252 421 in

291 453 397 482 monte
412 451 431 481 ¹.
458 467 499 471 —
524 448 579 480 Vel
602 447 669 486 dic,
694 446 779 489 quod
802 445 880 478 illud
897 444 1015 477 dictum
1032 447 1080 476 est
1095 442 1252 485 perfectis,

291 511 429 545 quorum
453 511 514 533 non
540 504 587 533 est
617 513 632 528 «
649 499 729 532 vinci
754 508 772 531 a
796 498 892 537 malo,
910 497 964 530 sed
980 497 1106 529 vincere
1122 496 1153 528 in
1171 495 1253 528 bono

291 557 410 588 malum
420 555 479 594 -2»;
504 554 623 587 dictum
648 553 742 586 etiam
768 551 920 589 subditis,
945 559 1007 582 non
1032 549 1180 591 praelatis
1203 548 1252 580 vel

287 609 487 652 principibus
517 611 549 640 et
579 615 691 640 eorum
726 604 930 642 officialibus,
966 603 1059 645 quia,
1088 611 1160 635 cum
1192 601 1251 643 ipsi

292 663 354 696 sint
377 661 512 694 ministri
537 661 631 702 legis,
656 669 718 692 non
742 658 800 700 ipsi
830 658 968 700 puniunt
1002 657 1051 689 vei
1087 655 1251 694 occidunt,

291 717 345 750 sed
368 716 431 749 lex.

407 829 572 857 Praedicatio
591 827 695 855 Ioannis
714 826 905 854 commendatur
924 824 1033 852 seeundo
1052 824 1134 859 quoad

519 872 716 900 ·0xoellentiam
735 870 836 898 Christi
854 869 1007 905 tripliciter.

382 982 433 1014 35.
459 981 560 1020 (Vers.
589 979 663 1020 15.).
689 977 908 1011 Existimante
925 980 1035 1009 antem
1048 975 1172 1017 populo
1193 979 1252 1008 etc.

291 1033 513 1067 Commendata
535 1036 583 1065 est
606 1031 796 1074 praedicatio
819 1029 941 1062 loannis
964 1029 996 1061 in
1020 1028 1254 1070 comparatione

291 1088 330 1121 ad
353 1087 543 1129 exigentiam
567 1084 691 1127 populi;
717 1083 769 1116 hic
794 1082 932 1115 secundo
956 1081 1196 1114 commendatur
1220 1080 1253 1113 in

291 1139 523 1182 comparatione
546 1138 585 1170 ad
608 1135 829 1169 excellentiam
863 1133 989 1167 Christi
1010 1133 1041 1165 in
1066 1134 1144 1172 hoc,
1168 1133 1253 1175 quod

290 1193 421 1236 gloriam
457 1191 581 1224 Christo
612 1189 747 1222 debitam
783 1197 845 1220 non
880 1186 1136 1229 usurpatUnde
1171 1186 1254 1219 sicut

290 1246 412 1289 supra³
436 1243 675 1278 administrabat
696 1241 871 1275 doctrinam
895 1249 1018 1279 sanam,
1043 1240 1085 1272 ita
1108 1239 1160 1272 hic
1177 1240 1254 1272 vitat

289 1300 420 1342 gloriam
444 1308 505 1331 non
531 1306 630 1330 suam.
655 1296 698 1328 Ad
722 1294 807 1338 quod
830 1294 1053 1336 explicandum
1078 1293 1139 1326 tria
1155 1293 1253 1325 intro-

289 1354 468 1386 ducuntur:
485 1351 623 1394 primum
640 1353 688 1383 est
702 1348 863 1392 falsitatis
879 1348 1079 1381 existimatio
1095 1347 1131 1379 in
1144 1346 1233 1389 plebe
1241 1358 1253 1385 ;

289 1406 463 1440 secundum
487 1408 534 1438 est
558 1403 708 1436 veritatis
732 1401 893 1445 confessio
910 1401 946 1433 in
962 1401 1105 1438 Ioannem
1123 1400 1253 1433 tertium

290 1464 337 1493 est
359 1458 575 1492 sublimitatis
599 1456 838 1490 commendatio
863 1455 898 1487 in
923 1454 1105 1487 Salvator-e.

379 1513 538 1553 Quantum
561 1510 600 1543 ad
623 1508 900 1542 existimationem
916 1506 1079 1550 falsitatis
1103 1507 1139 1539 in
1163 1505 1254 1548 plebe

290 1565 424 1598 dicitur:
451 1563 670 1596 Existimante
693 1565 804 1594 autem
824 1560 960 1603 populo,
978 1564 1007 1592 et
1030 1558 1253 1602 coyitantibas

291 1617 444 1650 omnibus
467 1617 503 1649 in
527 1615 683 1648 cordibus
706 1614 798 1652 sais,
815 1613 1047 1646 existimatione
1063 1612 1140 1645 falsa
1156 1615 1190 1645 et
1203 1621 1254 1645 co-

291 1670 440 1712 gitatione
463 1678 597 1702 erronea
619 1668 657 1701 de
682 1659 812 1705 Ioanne,
836 1675 875 1699 ne
900 1666 979 1699 forte
996 1669 1078 1698 esset
1093 1665 1253 1705 Christus,

291 1724 323 1756 in
346 1724 425 1765 Lege
449 1722 566 1755 scilicet
589 1721 781 1763 promissus;
806 1728 863 1752 nec
899 1723 1020 1751 tantum
1047 1719 1254 1751 existimanti-

290 1776 362 1815 bus,
375 1775 429 1808 sed
442 1775 536 1808 etiam
553 1773 780 1816 quaerentibus
796 1772 950 1810 exterius,
967 1772 1089 1804 Ioannis
1106 1772 1210 1813 primo
1222 1773 1253 1803 4:

297 1829 481 1862 «Miserunt
509 1827 612 1860 ludaei
636 1827 675 1859 ab
700 1825 895 1867 ierosolymis
924 1825 1101 1858 sacerdotes
1125 1829 1156 1858 et
1180 1825 1254 1858 levi-

292 1887 340 1916 tas
363 1882 401 1915 ad
425 1882 589 1920 Ioannem,
607 1884 642 1913 ut
658 1881 891 1921 interrogarent
908 1887 1000 1911 eum:
1018 1879 1066 1911 Tu
1082 1878 1154 1920 quis
1171 1887 1204 1911 es
1217 1881 1255 1910 n?

292 1937 328 1969 Et
352 1937 429 1975 boc,
459 1935 534 1977 quia
568 1933 828 1976 suspicabantur,
864 1941 937 1965 eum
970 1940 1038 1964 esse
1073 1931 1254 1971 Christum;

291 1988 375 2021 unde
399 1997 496 2030 supra
521 1987 640 2029 primo:
671 1999 686 2015 «
703 1986 794 2027 Quis,
818 1988 930 2027 putas,
955 1993 1035 2027 puer
1059 1984 1117 2017 iste
1141 1984 1202 2017 erit
1218 1987 1255 2016 »2³

292 2042 359 2074 Non
383 2044 488 2074 autem
512 2040 667 2073 debebant
691 2049 764 2072 eum
788 2039 972 2072 existimare
995 2038 1175 2077 Christum,
1201 2038 1255 2071 sed

290 2096 358 2130 eius
381 2095 577 2133 ministrum,
602 2093 776 2127 secundum
792 2092 869 2125 illud
886 2092 1007 2134 primae
1023 2092 1062 2124 ad
1078 2092 1256 2125 Corinthios

291 2152 421 2192 quarto:
453 2161 468 2177 «
485 2148 534 2181 Sic
557 2156 614 2180 nos
638 2147 799 2180 existimet
814 2146 908 2178 homo
929 2149 965 2178 ut
980 2145 1142 2178 ministros
1165 2145 1255 2177 Chri-

292 2204 364 2237 sti»
392 2206 451 2236 etc.
478 2203 513 2235 Et
537 2202 606 2235 ideo
630 2201 661 2233 in
686 2201 739 2233 tali
772 2200 958 2242 cogitatione
982 2200 1145 2238 errabant3
1171 2199 1255 2234 unde

291 2257 415 2290 Beda⁵z
446 2256 555 2288 «Mira
579 2254 711 2287 caecitas
744 2253 945 2292 Iudaeorum,
970 2253 1054 2295 quod
1086 2253 1117 2285 in
1142 2253 1255 2286 Ioanne

293 2303 610 2353 sponte'credebant‚
636 2309 695 2340 hoc
728 2308 758 2339 in
795 2307 954 2339 Salvatore
986 2306 1080 2339 tantis
1105 2306 1200 2348 signis
1224 2310 1255 2339 et

293 2362 465 2396 virtutibus
488 2361 678 2404 approbato,
695 2364 727 2393 et
742 2360 835 2393 etiam
860 2360 928 2401 ipso
945 2360 1057 2392 Ioanne
1073 2362 1254 2398 attestante,

293 2425 353 2448 non
378 2415 512 2448 credunt
529 2427 559 2445 ».
584 2413 670 2446 Unde
694 2422 755 2445 non
781 2412 939 2444 immerito
968 2411 1079 2444 «caeci
1105 2415 1135 2444 et
1159 2412 1255 2444 duces
1276 2455 1277 2458 Ἴ

365 2576 373 2590 ¹
395 2576 465 2602 Libr.
485 2577 500 2601 l.
521 2583 543 2601 c.
565 2576 607 2601 119.
626 2583 652 2601 n.
672 2575 714 2600 57.
734 2582 789 2607 seq,
803 2573 854 2600 Csr.
869 2574 902 2600 de
916 2574 1065 2606 Mendacio,
1078 2581 1100 2599 c.
1117 2573 1157 2599 i5.
1172 2581 1196 2599 n.
1211 2574 1254 2599 27.

293 2625 319 2648 et
337 2622 415 2647 xxii.
436 2624 525 2646 contra
544 2621 683 2651 Faustum,
703 2628 724 2645 c.
744 2620 787 2645 74.
810 2627 900 2653 seqq.,
930 2619 974 2645 ubi
1003 2619 1156 2650 ostendens,
1182 2619 1255 2652 quod

293 2666 390 2692 bellum
409 2666 570 2699 quandoque
589 2665 621 2690 sit
640 2665 754 2696 licitum,
780 2672 801 2690 c.
827 2664 869 2690 76.
899 2667 924 2690 et
952 2664 995 2689 79.
1016 2665 1080 2689 haec
1100 2663 1182 2689 verba
1208 2664 1256 2690 Do-

294 2710 357 2736 mini
376 2709 487 2744 [praebe
500 2709 540 2735 illi
552 2711 577 2736 et
589 2709 740 2743 sinistram]
761 2709 927 2742 intelligenda
948 2716 1005 2735 csse
1018 2709 1053 2735 ait
1065 2716 1119 2734 non
1133 2709 1167 2735 de
1180 2715 1255 2741 prae-

294 2754 429 2786 paratione
451 2764 464 2776 «
478 2754 503 2779 in
522 2761 647 2786 corpore,
667 2754 714 2779 sed
734 2754 758 2779 in
778 2753 858 2779 corde
871 2764 896 2780 n.

365 2796 376 2811 ²
396 2798 472 2823 Rom.
493 2798 540 2829 1-2,
559 2798 601 2822 21.
622 2811 655 2815 ——
674 2797 712 2822 De
731 2804 785 2830 seq.
806 2797 976 2829 explicatione
995 2798 1039 2822 cir.
1054 2799 1178 2830 August,
1192 2797 1208 2822 1.
1222 2797 1255 2823 de

293 2842 350 2868 Lib.
370 2841 431 2867 ΑΗ).
453 2848 474 2867 c.
495 2841 519 2867 5.
539 2849 565 2867 n.
586 2841 627 2866 r12.
1167 2843 1169 2846 ’

365 2884 375 2899 ¹³
395 2885 472 2911 Num.
493 2886 516 2910 t.
536 2888 562 2910 et
581 2886 624 2910 22.
642 2898 678 2903 —
697 2884 804 2922 lnserjus
823 2892 871 2917 pro
891 2884 1021 2918 consessio
1041 2885 1099 2910 Vat.
1124 2884 1254 2919 confusio.

365 2929 376 2944 ⁴
396 2930 470 2956 Vers.
487 2930 527 2955 119.
539 2943 574 2948 —
585 2930 642 2955 Duo
656 2936 731 2962 seqq.
744 2929 794 2954 ioci
807 2932 867 2954 sunt
880 2929 941 2954 Luc.
957 2930 981 2960 i,
995 2929 1037 2954 66.
1051 2933 1077 2955 et
1089 2929 1106 2955 1.
1120 2929 1220 2964 Confi,
1232 2930 1256 2957 1.

365 2973 376 2988 ⁶
395 2974 464 3000 Libr.
486 2975 502 3000 i.
522 2975 546 3000 in
565 2975 628 3000 Luc.
648 2975 676 3006 3,
697 2974 738 2999 45.
759 2974 808 2999 Pro
827 2972 900 3000 Mira
920 2973 938 2999 C
951 2974 1002 2999 Dii
1016 2973 1127 3006 Nimia‚·
1140 2981 1189 3005 pro
1203 2980 1256 3000 cre-

294 3020 361 3046 dunt
382 3021 426 3053 (ita
446 3020 524 3045 etiam
544 3020 634 3044 Glossa
655 3018 809 3051 ordinaria)
830 3021 913 3044 textus
926 3018 1061 3050 originalis
1081 3021 1106 3044 et
1126 3018 1184 3044 vat.
1203 3025 1257 3044 cre-

294 3064 365 3091 dere.
386 3078 420 3083 —
440 3065 591 3097 Sequuntur
611 3064 697 3089 Matth.
729 3062 776 3095 45,
806 3062 847 3088 114.
876 3065 902 3088 ct
930 3063 999 3088 loan.
1020 3063 1043 3093 i,
1064 3063 1089 3088 8.
1108 3062 1256 3094 Respicitur

295 3109 401 3141 insuper
414 3109 477 3134 illud
491 3109 547 3134 lsai.
561 3109 592 3140 5,
612 3108 664 3134 20:
683 3108 756 3134 Vae!
775 3107 821 3141 qui
841 3107 926 3133 dicitis
946 3107 1044 3132 maium
1060 3106 1160 3132 bonum
1174 3110 1199 3132 et
1212 3106 1256 3133 bo-

294 3160 357 3179 num
378 3153 486 3183 malum,
506 3156 633 3185 ponentes
652 3151 773 3178 tenebras
793 3152 878 3177 lucem
892 3154 917 3177 et
929 3151 1014 3177 lucem
1030 3150 1159 3177 tenebras.
1172 3150 1256 3177 Codd.

295 3197 314 3223 C
326 3198 395 3223 DG:
416 3196 469 3228 Qut
483 3196 621 3230 ponebant
639 3196 760 3223 tenebras
780 3196 808 3222 in
828 3195 916 3222 lacem
936 3196 960 3225 et
981 3194 1067 3222 lacem
1082 3195 1110 3221 in
1123 3194 1257 3222 tenebras.

366 3239 377 3254 ⁶
396 3241 485 3266 Glossa
511 3240 654 3267 ordinaria
682 3241 752 3272 apud
782 3241 914 3272 Lyranum
943 3239 1098 3265 sententiam
1124 3239 1256 3265 Ambrosii

297 3284 334 3315 (ii.
354 3286 380 3310 in
400 3286 461 3311 Luc.
481 3293 507 3311 n.
526 3285 580 3317 79.)
601 3285 705 3311 exhibet
723 3285 777 3310 sic:
800 3295 813 3308 «
827 3284 883 3311 Cito
912 3284 1043 3317 probavit,
1062 3292 1090 3310 se
1119 3291 1172 3311 non
1199 3291 1256 3310 esse

296 3329 443 3360 Christum;
462 3329 507 3362 qui
527 3328 622 3355 visibili
642 3321 741 3355 tantum
762 3332 886 3361 operatur
905 3329 1001 3355 osslcio.
1020 3329 1110 3362 Aqua,
1129 3336 1180 3354 non
1201 3328 1256 3360 Spi-

295 3373 347 3399 ritu
372 3372 499 3405 baptizat,
527 3373 599 3406 quod
619 3373 699 3399 solius
722 3376 762 3399 est
785 3372 918 3399 Christi».
942 3373 1032 3399 Glossa
1052 3372 1254 3400 interlinearis:

895 196 1088 229 COMMENT.
1111 197 1149 228 1N
1172 196 1417 229 EVANGELIUM.
1437 196 1554 228 LUCAE
1577 196 1610 228 C.
1635 196 1680 228 111.

1316 293 1481 317 caecorum
1499 297 1514 312 n
1543 287 1714 322 vocantur,
1739 284 1884 317 Matthaei
1908 285 2029 317 decimo
2061 285 2190 327 quinto,
2222 286 2277 328 qui

1322 349 1337 364 xx
1354 336 1511 378 ponebant
1528 336 1673 369 tenebras
1690 336 1791 369 lucem
1809 340 1840 369 et
1856 337 1958 369 lucem
1979 337 2126 370 tenebras
2141 350 2173 377 »;
2194 338 2278 371 unde

1317 389 1439 422 loannis
1461 390 1581 432 primo:
1613 390 1707 422 «Non
1730 393 1799 422 erat
1823 390 1874 423 ille
1898 390 1956 422 lux
1974 404 2004 422 n.
2069 422 2071 424 ,

1406 442 1458 475 36.
1484 442 1585 482 (Vers.
1614 442 1686 485 16.).
1719 442 1877 484 Quantum
1906 443 1945 475 ad
1979 444 2129 476 veritatis
2152 444 2277 488 confes-

1315 495 1443 528 sionem
1466 495 1502 528 in
1526 496 1651 528 Ioanne
1674 495 1839 528 subditur:
1858 496 2034 537 Respondit
2052 497 2211 537 loanneS,
2228 499 2278 532 di-

1316 558 1390 581 cens
1413 548 1584 588 omnibus,
1609 548 1639 581 id
1664 552 1712 582 est
1734 549 1874 590 publice,
1898 549 1973 591 quia
1988 558 2096 582 omnes
2112 551 2277 584 errabant:

1318 603 1385 644 Eyo
1409 602 1541 645 quidem
1565 612 1657 646 aqua
1681 602 1815 644 baptizo
1838 612 1912 641 vos,
1937 606 1968 635 et
1996 607 2167 642 «tantum,
2197 604 2279 637 sicut

1316 654 1391 687 dicit
1412 655 1594 688 Ambrosius
1607 656 1630 694 ⁶,
1655 664 1788 697 corpora
1824 655 1909 697 tingo
1925 667 1956 694 »;
1980 664 2017 688 ac
2041 664 2097 697 per
2133 656 2196 688 hoc.
2215 665 2278 689 non

1317 716 1388 740 sum
1413 708 1548 741 salvator
1571 708 1768 747 animarum,
1792 717 1887 755 quem
1920 717 1975 741 vos
2006 717 2056 741 me
2079 708 2277 742 arbitramini

1317 770 1394 794 esse.
1420 761 1505 794 Unde
1529 762 1595 803 ipse
1618 762 1700 794 dixit
1724 762 1845 794 loannis
1876 762 1995 803 primo:
2026 774 2041 790 «
2059 762 2160 803 Super
2184 771 2279 804 quem

1317 815 1433 848 videris
1455 815 1607 857 Spiritum
1624 818 1767 848 sanctum
1783 815 2021 848 descendentem
2039 819 2070 848 et
2085 819 2279 855 manentem,

1318 868 1369 900 hic
1392 871 1453 906 est,
1478 867 1533 910 qui
1556 868 1693 910 baptizat
1715 868 1747 900 in
1772 868 1891 910 Spiritu
1915 871 2023 901 sancto
2038 881 2069 900 n.
2095 868 2181 901 Unde
2205 877 2279 901 cum

1318 925 1527 963 quaereretur
1562 930 1580 953 a
1612 921 1747 960 Iudaeis,
1771 922 1843 963 quis
1866 924 1965 960 esset,
1995 921 2170 954 secundum
2194 921 2280 963 quod

1317 974 1432 1007 dicitur
1456 975 1578 1007 Ioannis
1601 975 1702 1016 primo
1714 975 1737 1014 ⁷,
1767 988 1782 1003 α
1796 975 1956 1008 confessus
1979 968 2027 1008 est
2050 978 2082 1008 et
2105 984 2167 1008 non
2191 984 2281 1017 nega-

1318 1028 1379 1067 vit,
1403 1031 1434 1061 et
1458 1028 1618 1061 consessus
1642 1032 1705 1061 est:
1730 1029 1810 1070 Quia
1832 1038 1895 1062 non
1919 1038 1989 1062 sum
2014 1038 2071 1071 ego
2091 1029 2278 1062 Christus».

1319 1081 1354 1113 Et
1378 1081 1447 1114 ideo
1471 1084 1593 1122 poterat
1616 1081 1721 1114 dic-ere
1744 1082 1820 1114 illud
1853 1082 2008 1115 secundae
2031 1082 2070 1115 ad
2102 1082 2280 1115 Corinthios

1317 1133 1516 1166 duodecimo:
1547 1134 1674 1166 «Parco
1708 1137 1832 1173 autem,
1865 1144 1904 1167 ne
1935 1135 2007 1176 quis
2041 1144 2092 1168 me
2120 1135 2280 1169 existimet

1318 1195 1415 1228 supra
1438 1186 1467 1218 id
1486 1185 1570 1228 quod
1586 1186 1670 1218 videt
1686 1186 1717 1218 in
1736 1195 1802 1225 me,
1819 1190 1874 1219 aut
1889 1187 2009 1229 aliquid
2024 1187 2113 1220 audit
2127 1196 2169 1220 ex
2185 1197 2235 1221 me
2247 1201 2278 1220 ».

1408 1240 1460 1273 37.
1486 1239 1522 1271 Et
1545 1243 1635 1278 nota,
1660 1239 1744 1281 quod
1768 1244 1815 1272 est
1838 1240 2013 1282 baptismus
2028 1240 2195 1282 fluminis,
2218 1240 2281 1283 sla-

1317 1293 1419 1326 minis
1442 1296 1474 1326 et
1496 1292 1684 1335 sanyainis.
1710 1292 1887 1334 Baptismus
1909 1292 2062 1334 fluminis
2079 1296 2126 1325 est
2141 1293 2280 1335 duplex:

1317 1346 1445 1389 quidam
1476 1346 1507 1379 in
1532 1355 1623 1391 aqua
1646 1350 1794 1385 tantam,
1819 1348 1856 1379 ut
1878 1346 1960 1379 beati
1984 1346 2123 1385 Ioannis;
2147 1347 2280 1380 Actuum

1317 1399 1438 1432 decimo
1460 1398 1588 1431 nonos:
1618 1398 1682 1431 «In
1708 1407 1771 1440 quo
1803 1398 1951 1441 baptizati
1983 1399 2076 1432 estis?
2100 1399 2160 1440 Qui
2191 1399 2281 1432 dixe-

1317 1456 1406 1486 runt:
1432 1453 1465 1485 In
1489 1452 1611 1485 Ioannis
1642 1452 1828 1494 baptismate
1844 1464 1876 1492 »;
1909 1452 2036 1494 quidam
2069 1452 2100 1485 in
2130 1462 2222 1495 aqua
2252 1457 2282 1485 et

1318 1506 1468 1548 Spiritu,
1493 1509 1529 1538 ut
1552 1505 1727 1547 baptismus
1750 1505 1884 1544 Christi3
1910 1505 2043 1546 Ioannis„
2056 1505 2167 1538 tertio:
2191 1505 2280 1538 «Nisi

1317 1559 1389 1601 quis
1412 1562 1542 1591 renatus
1565 1558 1661 1591 fuerit
1684 1568 1725 1591 ex
1749 1568 1833 1600 aqua
1856 1562 1886 1591 et
1910 1559 2030 1600 Spiritu
2057 1561 2193 1591 sancto-2>
2221 1563 2280 1591 etc.

2298 454 2329 476 Do
2339 456 2432 479 seeundo.
2455 466 2456 472 =

2300 1247 2385 1279 Triplex
2397 1248 2431 1270 ba-

2317 1277 2413 1302 pusmus.

2308 1354 2413 1385 Fluminis,

2295 1386 2333 1408 qui
2347 1381 2429 1409 duplex.

1319 1631 1360 1635 —
1385 1612 1562 1654 Baptismus
1584 1611 1753 1653 staminis:
1790 1612 1919 1654 quidam
1951 1612 1983 1644 in
2019 1612 2104 1645 dono
2130 1612 2432 1655 qratiaefltemami-

1318 1666 1451 1698 Actuum
1476 1665 1621 1707 prim0⁰.
1653 1678 1668 1694 «
1684 1665 1813 1698 Ioannes
1836 1665 1964 1708 quidem
1990 1666 2159 1708 baptizavit
2181 1675 2280 1709 aqua,

1319 1728 1374 1751 vos
1398 1723 1504 1752 autem
1528 1719 1761 1761 baptizabimini
1787 1719 1906 1761 Spiritu
1923 1723 2031 1752 sancto
2043 1731 2074 1759 »3
2098 1719 2224 1762 quidam
2248 1720 2281 1753 in

1318 1772 1415 1804 verbo
1447 1772 1637 1810 doctrinae;
1669 1772 1869 1805 Canticorum
1902 1776 2034 1815 quarto:
2064 1786 2080 1801 «
2097 1773 2211 1806 Dentes
2235 1773 2281 1805 tui

1320 1826 1401 1858 sicut
1425 1834 1536 1867 greges
1561 1829 1742 1865 tonsarum,
1767 1835 1849 1868 quae
1883 1826 2094 1859 ascenderunt
2128 1826 2166 1859 de
2198 1826 2282 1859 lava-

1320 1887 1375 1912 cro·
1392 1892 1422 1918 »,
1440 1888 1496 1921 per
1514 1888 1593 1921 quas
1606 1879 1857 1921 praedicatores
1874 1880 2095 1922 intelligimus;
2113 1883 2144 1913 et
2162 1879 2282 1913 loannis

1319 1933 1439 1965 decimo
1463 1932 1588 1974 quinto:
1611 1932 1701 1965 «Vos
1724 1932 1832 1965 mundi
1857 1933 1931 1966 estis
1948 1937 2078 1975 propter
2094 1942 2282 1973 sermonem,

1320 1978 1415 2028 quem
1439 1985 1564 2018 locutus
1581 1994 1651 2017 sum
1668 1985 1756 2018 vobis
1772 1999 1802 2018 ».
1820 2004 1864 2008 —
1881 1986 2059 2028 Baptismus
2082 1986 2281 2029 sanyuim‘s:

1320 2038 1448 2081 quidam
1472 2038 1504 2070 in
1530 2037 1741 2071 tribulatione
1749 2050 1761 2076 ;
1786 2039 1880 2071 Isaiae
1904 2042 2019 2081 quarto
2033 2039 2076 2071 ¹⁰:
2100 2053 2115 2068 «
2132 2040 2161 2072 Si
2178 2040 2283 2073 ablue-

1320 2092 1362 2124 rit
1385 2091 1538 2124 Dominus
1561 2091 1669 2124 sordes
1697 2091 1835 2124 filiarum
1860 2092 1931 2125 Sion
1964 2096 1995 2125 et
2030 2093 2214 2134 sanguinem
2238 2093 2282 2126 le-

1320 2145 1458 2178 rusalem
1482 2145 1593 2178 laverit
1616 2144 1655 2177 de
1679 2144 1781 2177 medio
1805 2145 1873 2178 eius
1909 2146 1939 2177 in
1976 2146 2091 2187 spiritu
2121 2145 2228 2180 iudicii
2251 2150 2283 2179 et

1319 2199 1434 2241 spiritu
1457 2198 1580 2231 ardoris
1596 2211 1627 2237 »3
1653 2198 1781 2240 quidam
1813 2198 1844 2230 in
1879 2200 2007 2237 morte;
2036 2199 2137 2232 Lucae
2165 2199 2283 2232 duode-

1320 2253 1418 2286 cimo:
1448 2266 1462 2281 «
1480 2252 1636 2294 Baptismo
1661 2251 1761 2284 liabeo
1789 2252 1939 2297 baptizari
1966 2255 1997 2284 ct
2021 2252 2177 2294 quomodo
2194 2261 2283 2284 coar-

1320 2309 1397 2345 ctor,
1422 2315 1524 2348 usque
1548 2306 1624 2338 dum
1649 2305 1832 2347 perficiatur
1849 2319 1879 2337 ».

1410 2359 1462 2392 38.
1487 2359 1646 2400 Quantum
1672 2362 1777 2391 autem
1794 2359 1832 2391 ad
1849 2359 2164 2392 commendationem
2180 2359 2282 2392 sabli-

1320 2411 1448 2444 mitatis
1462 2412 1497 2450 in
1515 2412 1688 2444 Salvatorc
1701 2412 1863 2445 subditur:
1886 2412 1974 2445 Venit
1989 2414 2013 2432 ¹1
2031 2417 2139 2445 autem
2158 2412 2282 2456 fortior

1321 2573 1405 2605 Tingo
1425 2580 1534 2605 corpora
1555 2580 1622 2606 aqua
1643 2576 1668 2598 et
1686 2573 1792 2598 instituo
1812 2580 1889 2599 usum
1910 2573 2073 2606 baptizandi,
2093 2574 2177 2600 donec
2195 2575 2283 2601 veniat

1319 2617 1364 2650 qui
1385 2616 1474 2643 abluat
1501 2617 1602 2642 animas
1629 2623 1677 2648 per
1704 2617 1838 2648 Spiritum.
1867 2616 1918 2642 Cir.
1944 2617 2067 2649 Gregor.,
2094 2618 2111 2642 Ι.
2135 2618 2230 2643 Ilomil.
2254 2619 2282 2644 in

1319 2663 1421 2694 Evan‘g.
1440 2662 1530 2687 homil.
1549 2661 1575 2686 7.
1595 2668 1619 2686 n.
1640 2661 1665 2686 3.
1684 2664 1709 2686 et
1728 2661 1814 2691 Beda,
1836 2661 1851 2686 i.
1867 2661 1890 2686 in
1905 2661 1967 2686 Luc.
1981 2661 2012 2691 3,
2027 2661 2150 2687 tavida
2163 2664 2226 2688 tom.
2240 2663 2282 2688 lV.

1320 2715 1380 2740 pag.
1401 2707 1449 2739 56,
1469 2709 1558 2732 notam
1579 2707 1603 2731 8.
1623 2708 1649 2731 et
1668 2712 1728 2737 pag.
1750 2705 1798 2738 57,
1819 2708 1906 2730 notam
1926 2704 1951 2729 7.
1970 2718 2006 2724 -—
2025 2705 2142 2731 Subinde
2155 2707 2282 2738 allegatur

1320 2752 1389 2778 ioan.
1410 2752 1434 2782 si,
1455 2752 1497 2776 33.

1391 2794 1400 2809 ⁷
1423 2796 1496 2821 Vers.
1516 2796 1557 2832 20.
1579 2809 1611 2813 —-
1632 2795 1755 2828 Sequitur
1774 2794 1800 2820 li.
1821 2794 1879 2820 Cor.
1901 2794 1949 2824 42,
1969 2795 1994 2819 6.

1394 2838 1404 2854 ⁸
1422 2841 1495 2866 Vers.
1516 2841 1541 2865 3.
1559 2853 1596 2858 —
1613 2839 1730 2865 Subinde
1744 2839 1870 2871 allegatur
1891 2839 1959 2864 loan.
1979 2839 2010 2870 3,
2030 2838 2054 2864 5.
2073 2852 2109 2858 —-
2127 2839 2165 2865 De
2184 2839 2278 2873 triplici

1319 2885 1452 2918 baptismo
1471 2886 1518 2911 cir.
1538 2885 1579 2911 lV.
1599 2886 1668 2911 Sent.
1688 2885 1713 2910 d.
1735 2884 1759 2910 4.
1779 2891 1804 2916 p.
1826 2885 1850 2910 ΙΙ.
1871 2891 1894 2909 a.
1917 2884 1941 2909 ’1.
1960 2890 2007 2916 per
2027 2886 2119 2909 totum.

1393 2928 1404 2942 ⁹
1424 2929 1498 2955 Vers.
1518 2931 1543 2955 5.
1557 2944 1591 2947 —
1605 2930 1662 2955 Duo
1676 2936 1750 2962 seqq.
1764 2928 1813 2954 Ioci
1827 2932 1888 2954 sunt
1901 2928 1973 2954 Cant.
1991 2928 2020 2960 4,
2035 2930 2060 2954 2.
2074 2932 2099 2955 et
2112 2930 2179 2955 loan.
2195 2930 2242 2961 ⁴5,
2256 2931 2282 2957 3.

1320 2974 1444 3007 Gregor.‚
1463 2974 1578 3000 xxxin.
1600 2974 1687 3000 Moral.
1709 2980 1731 2999 c.
1751 2974 1793 2999 27.
1812 2980 1839 2999 n.
1859 2972 1909 2998 47:
1929 2974 2038 2999 Sanctae
2051 2974 2179 2999 Ecclesiae
2191 2974 2282 3000 dentes

1321 3019 1466 3051 accipimus
1484 3026 1530 3044 eos
1554 3019 1599 3051 qui
1629 3016 1868 3050 praedicationibus
1887 3017 1941 3043 suis
1963 3018 2129 3051 peccantium
2158 3019 2281 3045 duritiam

1321 3066 1475 3095 conterunt;
1494 3063 1566 3089 unde
1585 3063 1607 3089 ei
1628 3070 1676 3096 per
1701 3063 1867 3088 Salomonem
1893 3062 2005 3088 dicitur:
2024 3062 2120 3089 Dentes
2149 3062 2190 3089 taz'
2212 3062 2282 3090 sicat

1321 3114 1415 3142 qreyes
1434 3107 1610 3135 detonsarum
1629 3106 1830 3134 ascendentium
1849 3105 1881 3132 de
1900 3105 2011 3133 lavacro
2031 3110 2081 3133 etc.
2098 3121 2135 3126 —
2154 3107 2281 3139 Superius

1321 3155 1380 3184 post
1398 3151 1554 3186 Baptismus
1574 3151 1694 3185 flaminis
1714 3152 1771 3176 Vnt.
1792 3150 1866 3176 addit
1883 3149 2007 3177 similiter
2027 3150 2129 3185 duplea·
2148 3153 2187 3178 est
2206 3155 2231 3177 et
2244 3151 2280 3177 in-

1322 3197 1401 3222 terius
1419 3199 1479 3228 post
1498 3196 1653 3230 Baptismus
1672 3194 1814 3229 sanguinis
1834 3193 1971 3227 subiungit
1988 3195 2069 3222 etiam
2088 3195 2190 3229 dupteae
2209 3197 2255 3222 cst.

1392 3239 1414 3254 ¹⁰
1434 3240 1554 3267 Vers..4.
1572 3253 1608 3259 —
1628 3240 1750 3273 Sequitur
1768 3239 1830 3264 Luc.
1851 3239 1899 3270 42,
1919 3239 1968 3275 50,
1987 3240 2011 3265 in
2031 3239 2105 3265 cuius
2125 3240 2177 3266 tine
2200 3239 2279 3266 codd.

1321 3284 1403 3312 donec
1411 3283 1560 3319 perficiam.
1575 3298 1610 3303 —
1624 3284 1673 3310 Csr.
1689 3283 1820 3316 Chrysost.
1830 3303 1836 3315 ‚
1849 3283 1943 3310 Homil.
1957 3283 1982 3310 5.
1994 3276 2070 3314 ¹(alias
2089 3284 2125 3318 6.)
2146 3284 2172 3310 in
2191 3284 2279 3310 Matth.

1322 3328 1380 3362 (Op.
1401 3329 1546 3361 imperfect.
1566 3329 1631 3354 inter
1650 3335 1730 3360 opera
1750 3326 1903 3359 chrysost).

1392 3371 1413 3387 ¹¹
1434 3373 1467 3398 lta
1488 3372 1565 3398 eti'am
1585 3372 1722 3403 Ambros.‚
1741 3372 1768 3398 ll.
1787 3371 1813 3397 in
1832 3372 1894 3398 Luc.
1914 3372 1944 3405 3,
1966 3372 2016 3404 ⁴63
2035 3372 2148 3405 Vulgata
2171 3371 2270 3399 Veniet.

2340 1652 2381 1668 uis.

2302 1992 2362 2023 Item,
2377 1997 2420 2023 san-

2324 2025 2401 2046 guinis.

2302 2365 2333 2386 De
2347 2363 2409 2386 tertio

2328 2391 2376 2412 tria.

2455 476 2457 491 l
