2476 3921
17 891 151 923 Quadruplex

53 921 114 940 ratio.

73 945 152 967 Prima.

42 1372 146 1394 Secunda.

61 2484 140 2506 Tertia.

756 268 950 301 COMMENT.
975 268 1012 301 IN
1037 267 1276 301 EVANGELIUM
1300 268 1418 301 LUCAE
1442 269 1474 301 C.
1500 269 1573 301 xvt.

176 356 383 390 adhaerentes
414 357 514 395 bono,
544 356 676 389 caritate
705 356 911 389 fraternitatis
934 356 1067 389 invicem
1086 335 1138 389 di-

176 410 307 452 ligentes
323 422 357 449 »;
381 412 413 442 et
437 409 591 442 Psalmus:
620 409 779 451 «iniquos
810 406 881 441 odio
912 409 1007 442 habui
1038 413 1069 442 et
1094 409 1152 442 les

174 471 246 505 gem
270 465 356 495 tuam
381 462 526 495 dilexi».
542 466 588 485 ‘—
604 463 674 494 Aut
697 462 759 495 um*
781 460 974 494 adhaerebit
995 467 1026 494 et
1059 462 1136 495 alte-

173 525 252 548 rum
275 519 453 548 contemnet
460 527 473 553 ;
496 515 581 557 quod
609 515 726 548 dicitur
757 518 911 557 quantum
943 515 983 547 ad
1006 515 1136 557 cupidi—

173 573 292 608 tatem,
316 577 398 611 quae
421 569 572 601 adhaeret
594 568 713 601 mundo
735 572 767 601 et
789 568 914 601 diabolo
937 568 968 601 in
1001 572 1136 601 contem-

173 626 263 664 ptum
280 622 350 660 Dei,
367 620 541 655 secundum
565 621 643 654 illud
667 621 816 654 ieremiae
833 621 971 654 secundo
988 623 1011 654 ¹:
1034 634 1050 650 «κ
1066 621 1136 653 Duo

171 675 255 708 mala
278 675 351 708 fecit
381 675 519 717 populus
542 683 648 707 meus:
673 683 723 707 me
753 674 995 716 dereliquerunt
1017 673 1134 706 fontem

170 737 271 771 aquae
295 728 383 761 vivae
414 731 446 760 et
480 727 628 760 foderunt
654 727 711 760 sibi
737 727 906 766 cisternas,
930 736 1012 769 quae
1036 727 1134 760 conti-

171 790 247 815 nere
270 790 331 813 non
357 781 462 813 valent
485 789 583 823 aquas
600 794 630 812 n.

260 834 312 867 23.
338 833 425 867 Ratio
448 836 573 873 autem,
596 843 696 876 quare
724 834 796 876 quis
819 843 881 866 non
905 836 1008 875 potest
1039 833 1134 866 simul

170 888 290 921 servire
320 887 455 920 dominis
486 887 668 929 praedictis,
700 890 748 920 est
778 887 999 929 quadruplex,
1032 886 1134 928 prima

170 941 288 974 scilicet
311 939 471 982 oppositio
495 939 770 972 ministeriorum.
795 940 871 972 Nam
896 939 1060 972 servitium
1077 939 1132 972 Dei

169 996 217 1026 est
248 993 278 1025 in
312 992 465 1025 exercitio
495 992 679 1031 virtutum,
710 992 885 1026 secundum
922 992 1000 1025 illud
1035 1001 1133 1034 supra

169 1045 312 1088 prim02':
342 1058 358 1074 α
376 1045 556 1078 Serviamus
580 1045 623 1077 illi
648 1045 680 1078 in
697 1046 861 1079 sanctitate
884 1049 915 1079 et
938 1045 1058 1079 iustitia
1081 1054 1132 1078 co-

168 1108 236 1132 ram
268 1099 336 1141 ipso
359 1111 395 1138 »3
428 1102 459 1132 et
491 1099 611 1140 primae
643 1099 724 1131 Petri
757 1099 881 1141 primo:
912 1112 927 1127 α
952 1098 1132 1132 Secundum

167 1162 241 1186 eum
265 1152 319 1195 qui
349 1152 470 1185 vocavit
501 1161 556 1184 vos
588 1155 747 1191 sanctum,
771 1156 808 1185 ut
831 1155 863 1185 et
885 1152 944 1194 ipsi
968 1152 1066 1185 sancti
1091 1151 1132 1184 si-

168 1206 208 1239 tis
225 1220 240 1235 1>
268 1209 326 1239 etc.
352 1205 411 1238 Sed
435 1205 598 1238 servitium
627 1205 740 1238 diaboli
765 1209 813 1238 est
843 1206 874 1238 in
899 1205 1053 1238 exercitio
1084 1205 1132 1237 vi-

167 1260 313 1298 tiorum;
337 1259 421 1292 unde
443 1268 541 1301 supra
563 1259 685 1292 decimo
708 1259 819 1301 quinto
841 1259 880 1291 de
905 1259 969 1291 tilio
1001 1258 1132 1300 prodigo

166 1313 298 1352 dicitur,
322 1313 408 1355 quod
438 1326 454 1342 α
469 1312 554 1345 misit
578 1312 667 1345 illum
691 1312 722 1344 in
747 1312 851 1344 villam
878 1321 986 1350 suam,
1011 1314 1047 1344 ut
1077 1320 1131 1352 pa-

166 1370 269 1400 sceret
292 1375 405 1409 porc-os
420 1379 451 1397 ».
479 1384 524 1389 —
551 1365 693 1398 Secunda
716 1365 796 1398 ratio
819 1368 866 1397 est
893 1364 1131 1397 dissimilitudo

166 1419 420 1458 ministrorum,
445 1419 520 1461 quia
543 1419 696 1451 Dominus
719 1419 787 1451 vult
810 1418 927 1451 habere
958 1417 1131 1450 servientes

166 1472 313 1505 oculatos
320 1483 333 1510 ,·
356 1475 486 1513 propter
509 1471 593 1514 quod
617 1471 733 1503 dicitur
757 1470 955 1512 Apocalypsis
978 1474 1093 1512 quarto
1105 1469 1129 1507 ⁵,

166 1524 251 1567 quod
273 1537 288 1553 α
304 1524 450 1556 animalia
464 1524 557 1566 plena
580 1527 670 1556 erant
686 1523 786 1556 oculis
809 1526 880 1555 ante
897 1525 928 1555 et
944 1526 1030 1555 retro
1043 1533 1077 1560 n;
1099 1524 1129 1554 et

166 1577 409 1610 Proverbiorum
440 1577 563 1610 decimo
594 1580 725 1618 quarto:
763 1589 778 1604 «
802 1577 954 1617 Acceptus
984 1579 1031 1607 est
1062 1574 1127 1616 regi

165 1631 308 1663 minister
336 1630 512 1671 intelligens
528 1643 558 1661 ι).
584 1629 642 1662 Sed
670 1629 813 1662 diabolus
837 1629 905 1662 vult
921 1628 1039 1661 habere
1066 1636 1128 1660 ser-

165 1684 285 1717 vientes
320 1683 532 1721 monoculos;
562 1683 646 1715 unde
677 1682 771 1725 primi
802 1683 921 1724 Regum
944 1681 1127 1714 undecimo:

171 1751 187 1765 α
205 1737 237 1769 1η
254 1737 314 1769 hoc
334 1736 443 1769 feriam
462 1735 622 1768 vobisc-um
640 1739 785 1777 pactum,
803 1738 839 1768 ut
854 1743 966 1768 eruam
985 1734 1126 1767 omnium

164 1792 306 1822 vestrum
330 1789 438 1821 oculos
468 1788 600 1821 dextros
617 1801 647 1820 ».
672 1788 825 1821 Dominus
847 1787 940 1820 etiam
972 1787 1041 1820 vult
1072 1787 1126 1819 ha-

164 1843 240 1876 bere
265 1842 426 1875 ministros
450 1842 645 1884 compositos
668 1845 697 1874 et
720 1841 914 1878 ordinatos,-
937 1841 1021 1873 unde
1042 1840 1126 1873 tertii

164 1896 282 1938 Regum
298 1895 419 1928 decimo
431 1895 458 1927 ⁴:
482 1908 497 1923 «
511 1894 625 1927 Videris
642 1894 750 1936 regina
766 1894 845 1927 Saba
868 1894 1048 1927 habitacula
1063 1903 1126 1927 ser-

163 1958 276 1982 vorum
302 1952 333 1981 et
356 1948 497 1981 ordinem
515 1948 760 1981 ministrantium
779 1962 795 1977 »
823 1951 881 1981 etc.
900 1947 959 1981 Sed
982 1947 1126 1980 diabolus

163 2002 232 2035 vult
255 2002 372 2035 habere
404 2002 638 2044 incompositos
667 2006 697 2034 et
719 2000 944 2044 deformatos,-
968 2001 1052 2034 unde
1076 2010 1125 2034 se-

162 2054 255 2088 cundi
273 2055 391 2096 Regum
408 2054 543 2087 decimo:
569 2068 585 2083 <1
600 2055 719 2093 Hauon,
737 2063 797 2087 rex
820 2054 960 2087 tiliorum
977 2055 1123 2093 Ammon,

161 2107 330 2150 praescidit
352 2110 454 2140 vestes
478 2116 645 2140 servorum
669 2108 768 2141 David
792 2117 895 2150 usque
918 2107 956 2140 ad
982 2111 1070 2141 nates
1093 2111 1125 2141 et

162 2161 239 2193 rasit
262 2160 420 2193 dimidiam
438 2160 568 2193 barbam
593 2169 703 2193 eorum
721 2174 751 2192 u.
770 2161 922 2193 Dominus
945 2161 1038 2194 etiam
1055 2161 1124 2194 vult

161 2214 279 2248 habere
303 2214 474 2247 servientes
491 2212 650 2253 humiles,
675 2214 850 2247 secundum
867 2214 945 2247 illud
969 2214 1079 2247 Psalmi
1094 2215 1121 2247 ⁶:

166 2281 182 2297 «ι
198 2268 264 2300 Νοη
288 2267 442 2300 habitabit
464 2267 495 2299 in
520 2267 623 2299 medio
645 2267 758 2300 domus
782 2276 870 2300 meae
893 2267 946 2309 qui
972 2267 1045 2300 facit
1068 2276 1122 2301 su-

160 2320 318 2362 perbiam,
342 2319 396 2362 qui
414 2319 556 2361 loquitur
573 2319 681 2361 iniqua
696 2332 712 2348 ι»
734 2324 793 2352 etc.
811 2319 869 2352 Sed
893 2319 1037 2352 diabolus
1053 2320 1122 2352 vult

160 2373 278 2406 habere
301 2376 521 2415 arroyames,·
545 2372 598 2405 lob
614 2372 806 2414 penultimo:
836 2385 852 2400 α
869 2371 969 2405 Omne
985 2372 1121 2405 sublime

159 2425 260 2464 videt,
284 2429 315 2458 et
340 2425 404 2467 ipse
428 2428 475 2458 est
491 2434 549 2458 rex
567 2434 663 2467 super
679 2434 787 2458 omnes
811 2425 892 2458 tilios
909 2425 1075 2467 superbiae
1089 2439 1119 2458 n.

159 2496 204 2503 —-
226 2479 330 2512 Tertia
354 2478 435 2511 ratio
457 2482 505 2511 est
535 2478 697 2521 elongatio
721 2478 885 2518 locorum,
910 2479 985 2521 quia
1015 2479 1121 2512 Domi-

158 2541 220 2565 nus
243 2532 312 2565 vult
327 2541 395 2565 esse
419 2532 450 2564 in
475 2531 542 2564 loco
557 2531 694 2565 sublimi
722 2536 752 2564 et
768 2532 909 2571 mando;
938 2532 1119 2565 Psalmus⁸:

164 2599 180 2614 α
196 2585 239 2618 Ad
263 2588 293 2618 te
316 2585 415 2618 levavi
440 2585 549 2619 oculos
572 2594 676 2624 meos,
693 2585 747 2627 qui
772 2585 895 2619 habitas
918 2585 949 2618 in
974 2586 1068 2619 caelis
1084 2599 1119 2625 »;

158 2641 190 2672 et
209 2638 410 2672 Canticorum
426 2639 577 2672 secundo:
603 2651 619 2668 «x
637 2639 729 2678 Ecce,
746 2639 831 2672 venit
847 2639 961 2673 saliens
984 2640 1015 2672 in
1031 2648 1121 2673 mon-

158 2691 261 2732 tibus,
287 2692 465 2725 transiliens
488 2692 583 2725 colles
599 2706 629 2725 n.
655 2692 712 2726 Sed
736 2692 893 2732 diabolus,
911 2693 942 2726 in
959 2693 1035 2726 locis
1058 2694 1119 2726 im-

229 2884 237 2898 ¹
260 2885 334 2911 Vers.
354 2885 401 2915 13,
421 2885 447 2910 in
466 2885 542 2911 cuius
562 2886 613 2911 nne
632 2893 681 2918 pro
700 2893 787 2920 aquas
806 2886 883 2913 CDF
901 2894 1011 2921 aquam.

229 2926 239 2941 ²
260 2928 333 2954 Vers.
354 2928 396 2954 74.
417 2935 488 2961 seq.y
507 2928 603 2954 deinde
623 2930 640 2954 l.
660 2930 726 2955 Petr.
751 2930 770 2962 l,
793 2930 832 2955 15.
852 2934 877 2956 et
895 2931 959 2957 Luc.
983 2932 1024 2963 15,
1048 2932 1097 2958 15.’

227 2970 238 2986 ⁸
258 2972 333 2998 vers.
352 2973 377 2998 6.
397 2972 486 3005 (codd.
506 2973 619 3005 allegunt
637 2973 731 3000 Ezech.
753 2972 777 3006 4,
797 2974 842 3000 ubi
862 2982 889 3000 v.
915 2976 963 3001 ¹8:
985 2977 1014 3002 Et
1032 2979 1115 3002 totum

156 3022 254 3048 corpus
266 3015 350 3043 oculis
360 3015 473 3049 plenum
480 3026 490 3049 ,·
505 3017 562 3043 Vat.
577 3017 673 3044 Ezech.
693 3016 742 3049 10,
754 3018 816 3051 ⁴2).
832 3032 864 3037 —
875 3020 1026 3052 Sequuntur
1040 3021 1118 3046 Prov.

157 3059 205 3092 ⁴4,
225 3060 268 3086 35.
287 3063 312 3086 et
331 3060 349 3086 Ι.
370 3061 435 3093 Reg.
456 3061 502 3092 11,
522 3062 547 3087 2.
568 3075 601 3080 --
619 3062 659 3087 Du
678 3061 780 3094 Gange,
800 3063 961 3089 Glossarium
980 3068 1042 3090 etc.:
1062 3065 1118 3091 Mo-

156 3103 285 3136 noculus,
304 3103 408 3137 Cocles,
433 3104 644 3140 μονόφθαλμος...
664 3106 772 3132 Veteres
791 3107 913 3132 Glossae:
939 3108 1115 3135 Unioculns...

154 3147 344 3180 Monocalare,
364 3150 451 3175 Altero
469 3150 545 3176 oculo
565 3150 679 3182 privare.

225 3190 237 3206 ⁴
257 3193 331 3218 Vers.
351 3193 376 3219 4.
394 3207 430 3213 -
449 3193 566 3219 Subinde
579 3194 705 3226 allegatur
718 3195 747 3220 ΙΙ.
759 3184 825 3227 Reg.
843 3196 889 3227 10,
910 3196 939 3228 4,
954 3196 978 3222 iu
998 3204 1052 3229 quo
1066 3204 1115 3228 pro

154 3235 253 3263 Hauon
271 3237 350 3263 codd.
370 3244 510 3270 perperam
530 3238 606 3264 Naas
626 3237 682 3271 (qui
702 3238 750 3264 tuit
768 3242 843 3271 pater
862 3239 935 3265 istius
955 3240 1074 3271 Hauon).

225 3279 237 3294 ³
256 3281 350 3307 Psalm.
371 3281 435 3314 100,
455 3282 480 3307 7.
500 3285 525 3308 et
544 3282 639 3308 deinde
659 3281 703 3308 lob
724 3282 751 3308 tt
764 3304 771 3316 ,
791 3283 835 3309 25.

224 3322 236 3338 ⁰
255 3324 349 3350 Psalm.
369 3323 433 3357 ⁴22,
454 3326 479 3357 1,
503 3329 563 3358 post
585 3333 665 3359 quem
689 3325 761 3352 Cnnt.
781 3328 811 3358 2,
838 3328 862 3353 8.
881 3331 907 3354 et
932 3327 977 3354 lob
998 3328 1046 3359 ⁴0,
1067 3329 1112 3361 16;

155 3368 202 3393 cfr.
220 3375 299 3400 supra
320 3375 382 3401 pag.
401 3369 466 3402 205,
486 3373 547 3395 nota
573 3369 598 3396 4.
616 3373 642 3395 et
666 3377 728 3403 pag.
751 3371 816 3404 294,
836 3375 895 3397 nota
918 3372 960 3398 10.
978 3386 1013 3392 -
1033 3373 1113 3404 Supe-

154 3411 210 3437 rius
228 3415 288 3444 post
306 3412 365 3439 vult
383 3413 462 3439 codd.
480 3414 603 3440 omittunt
620 3421 685 3441 esse.
1035 3420 1037 3422 '

2099 272 2160 304 411

1201 357 1358 395 munch&
1383 357 1435 390 lob
1451 357 1706 399 quadragesimo:
1738 372 1753 386 «ι
1771 359 1836 391 Sub
1861 359 1976 392 umbra
1998 359 2116 392 dormit
2133 360 2162 392 in

1201 413 1323 442 secreto
1346 410 1475 449 calami,
1500 411 1531 442 in
1549 410 1624 443 locis
1649 411 1854 445 humentibus
1872 427 1900 444 ι.
1919 432 1962 436 -
1979 413 2098 454 Quarta
2114 422 2163 446 ra·
2183 421 2271 448 Qum&

1202 462 1245 495 tio
1268 466 1315 495 est
1339 463 1531 496 indiscretio
1562 467 1766 506 temporum,
1791 465 1867 507 quia
1897 466 2041 499 diabolus
2073 467 2162 503 vult,

1200 515 1285 558 quod
1307 515 1374 548 sibi
1395 516 1553 549 serviatur
1576 517 1660 549 omni
1686 520 1845 559 tempore;
1871 519 2019 552 ieremiae
2042 519 2163 552 decimo

1200 569 1334 601 sexto⁷z
1365 582 1381 598 α
1397 569 1545 602 Servietis
1567 569 1627 602 diis
1649 570 1776 609 alienis,
1801 571 1854 612 qui
1881 581 1941 604 non
1966 571 2086 604 dabunt
2111 581 2162 604 vo-

1199 621 1248 654 bis
1272 622 1413 664 requiem
1445 622 1496 656 die
1526 632 1563 656 ac
1587 627 1677 656 nocte
1701 637 1716 652 x·
1746 628 1803 657 etc.
1829 624 1978 657 Similiter
2011 625 2162 657 Dominus

1200 674 1286 713 vult,
1310 675 1395 717 quod
1418 675 1484 707 sibi
1513 676 1597 708 omni
1629 679 1784 718 tempore;
1817 677 1975 710 Psalmus:
2005 690 2020 705 α
2038 678 2070 710 ln
2094 678 2161 719 lege

1199 728 1320 760 Domini
1346 728 1550 762 meditabitur
1573 729 1623 761 die
1638 738 1674 762 ac
1699 733 1788 762 nocte
1806 743 1821 758 ι
1850 733 1908 762 etc.
1933 730 2086 771 Quoniam
2104 731 2161 773 igi-

1199 784 1253 813 tur
1284 781 1437 815 Dominus
1469 782 1537 814 vult
1561 785 1660 815 totum
1687 786 1811 824 tempus
1842 783 1960 816 habere
1991 787 2022 816 et
2059 787 2159 816 totum

1198 843 1268 873 cor,
1292 835 1466 867 secundum
1491 835 1569 868 illud
1590 835 1824 868 Deuteronomii
1851 835 1982 869 sextoss:
2012 849 2028 864 «ι
2046 837 2160 879 Diliges

1199 887 1367 920 Dominum
1392 888 1492 921 Deum
1517 892 1607 922 tuum
1631 898 1670 922 ex
1698 893 1762 922 toto
1778 890 1872 923 corde
1898 894 1951 922 tuo
1973 893 2004 922 et
2027 899 2067 923 ex
2097 894 2158 923 tota

1197 941 1302 973 anima
1334 945 1389 974 tua
1415 946 1446 975 et
1481 951 1522 975 ex
1550 943 1633 975 omni
1659 943 1842 976 fortitudine
1866 947 1921 976 tua
1937 956 1974 982 »;
1998 947 2029 976 et
2052 943 2159 976 diabo-

1198 993 1248 1026 lus
1271 997 1303 1027 et
1334 995 1472 1028 mundus
1503 996 1571 1028 vult
1594 996 1738 1028 similiter
1763 1000 1885 1029 totum:
1918 996 1987 1030 ideo
2017 997 2160 1039 impossi-

1196 1046 1258 1080 bile
1281 1051 1329 1080 est
1353 1048 1497 1091 utrisque
1521 1049 1641 1082 servire
1663 1049 1767 1082 simul.

1287 1101 1339 1133 24.
1366 1101 1401 1133 Et
1425 1101 1494 1134 ideo
1513 1101 1624 1134 insert:
1651 1101 1724 1135 Non
1741 1103 1876 1145 potestis
1903 1103 1966 1136 Deo
1989 1104 2115 1136 servire
2130 1109 2159 1136 et

1196 1163 1416 1187 mammonae.
1443 1154 1564 1188 Dicitur
1592 1158 1697 1188 autern
1730 1157 1856 1189 servire
1887 1166 2097 1190 mammonae
2127 1158 2157 1190 in

1196 1207 1288 1240 cuius
1311 1207 1424 1240 affectu
1448 1207 1574 1241 divitiae
1597 1208 1818 1248 dominantur,
1844 1209 1886 1242 ita
1910 1214 1945 1242 ut
1970 1210 2067 1251 possit
2097 1210 2156 1243 dici

1196 1269 1341 1299 avaras,
1366 1260 1441 1302 quia
1465 1264 1540 1293 tunc
1560 1264 1607 1293 est
1631 1270 1743 1293 servus
1763 1261 1929 1294 idolorum.
1956 1263 2051 1301 Nam,
2076 1262 2157 1295 sicut

1195 1313 1311 1346 dicitur
1335 1313 1373 1346 ad
1398 1314 1547 1356 Ephesios
1571 1314 1681 1356 quinto
1694 1315 1717 1353 ⁹,
1744 1328 1759 1343 α
1776 1316 1907 1348 avaritia
1931 1319 1978 1348 est
2001 1316 2156 1348 idolorum

1195 1366 1332 1398 servitus
1350 1380 1379 1398 ι».
1404 1366 1490 1399 Unde
1513 1366 1638 1399 Glossa:
1669 1380 1684 1395 α
1701 1368 1766 1399 Νοη
1782 1368 1842 1400 ait:
1860 1366 1979 1401 habere
2003 1368 2155 1407 divitiaS,

1195 1418 1249 1451 sed
1271 1419 1406 1451 servire.
1432 1420 1534 1452 Servit
1565 1420 1619 1462 qui
1643 1420 1768 1453 divitias
1792 1421 1928 1453 custodit
1959 1425 1995 1453 ut
2027 1430 2155 1460 servus;

1194 1471 1248 1504 sed
1271 1472 1325 1513 qui
1351 1472 1513 1505 servitutis
1540 1473 1681 1505 excussit
1704 1473 1814 1515 iugum
1846 1473 2008 1507 distribuit
2036 1478 2072 1506 ut
2102 1474 2155 1507 do-

1193 1524 1299 1557 minus
1316 1538 1345 1556 ».
1371 1524 1407 1557 Et
1432 1525 1500 1558 ideo
1523 1525 1646 1558 dicebat
1669 1526 1834 1568 Apostolus
1857 1527 1977 1568 primae
1993 1527 2032 1560 ad
2048 1528 2155 1560 Corin—

1194 1577 1277 1610 thios
1301 1577 1433 1619 septimo
1449 1577 1491 1609 ¹⁰:
1513 1591 1528 1606 α
1546 1578 1710 1620 Reliquum
1736 1583 1802 1618 est,
1819 1583 1855 1611 ut
1871 1580 1923 1621 qui
1953 1584 2062 1612 emunt
2086 1583 2156 1613 tan-

1193 1640 1287 1673 quam
1324 1640 1384 1663 non
1421 1631 1614 1673 possidentes
1648 1632 1728 1671 sint,
1764 1636 1795 1665 et
1830 1633 1883 1674 qui
1919 1636 2055 1666 utuntur
2094 1634 2152 1667 hoc

1194 1684 1310 1717 mundo
1335 1688 1483 1726 tanquam
1505 1694 1567 1717 ηοη
1589 1688 1720 1718 utantur
1738 1699 1753 1714 ι»
1782 1689 1840 1718 etc.
1858 1686 1916 1719 Sed
1940 1686 2035 1729 aliqui
2059 1687 2153 1720 simul

1192 1738 1302 1770 volunt
1325 1737 1442 1770 habere
1467 1738 1565 1771 Deum
1598 1742 1630 1771 et
1653 1739 1826 1778 mundum,
1850 1740 1904 1782 qui
1933 1744 2008 1773 sunt
2037 1741 2154 1774 similes

1191 1791 1253 1824 illis
1275 1791 1438 1834 gentibus,
1456 1792 1494 1824 de
1517 1792 1634 1834 quibus
1650 1793 1754 1835 quarti
1780 1793 1896 1836 Regum
1914 1793 2036 1827 decimo
2059 1794 2153 1836 septi-

1192 1853 1243 1877 mo
1258 1846 1300 1877 ¹¹:
1331 1858 1347 1873 «
1366 1845 1459 1878 Erant
1482 1849 1590 1888 gentes
1614 1846 1759 1879 timentes
1775 1847 1962 1886 Dominum,
1987 1851 2018 1880 et
2041 1847 2153 1880 nihilo-

1190 1898 1297 1931 minus
1320 1898 1411 1931 idolis
1435 1899 1606 1932 servientes
1622 1913 1652 1931 ».
1673 1899 1788 1932 Contra
1812 1900 1869 1933 hos
1885 1899 2001 1933 dicitur
2025 1900 2150 1933 Levitici

1189 1952 1311 1985 decimo
1334 1961 1433 1985 nono:
1456 1965 1471 1981 α
1486 1952 1595 1991 Veste,
1619 1962 1700 1995 quae
1724 1962 1765 1986 ex
1781 1953 1906 1986 duobus
1926 1957 2074 1986 contexta
2089 1957 2151 1991 est,

1189 2014 1252 2038 non
1276 2005 1419 2047 vestieris
1434 2019 1466 2045 n,
1491 2009 1522 2039 et
1545 2009 1654 2039 contra
1678 2006 1736 2039 hos
1759 2006 1834 2039 dicit
1858 2007 1909 2040 hic
1932 2007 2101 2046 Dominus,
2119 2013 2149 2040 et

1189 2062 1298 2092 contra
1314 2059 1391 2092 tales
1406 2059 1481 2092 dicit
1497 2059 1703 2101 Hieronymus
1718 2060 1761 2092 ¹²:
1788 2073 1803 2087 α
1821 2060 2012 2102 impossibile
2029 2064 2090 2099 est,
2115 2066 2150 2093 ut

1188 2112 1408 2154 praesentibus
1439 2116 1471 2145 et
1501 2112 1619 2145 futuris
1640 2112 1713 2155 quis
1744 2113 1869 2146 fruatur
1893 2113 2001 2152 bonis,
2033 2117 2069 2146 ut
2099 2114 2148 2146 hic

1188 2168 1349 2203 ventrem,
1374 2164 1415 2197 ibi
1440 2168 1577 2197 mentem
1602 2165 1729 2207 impleat
1738 2178 1745 2204 ;
1771 2169 1808 2198 ut
1830 2165 1868 2198 de
1892 2165 2011 2198 deliciis
2034 2165 2073 2198 ad
2096 2165 2149 2198 de-

1187 2217 1273 2250 licias
1298 2221 1453 2256 transeat;
1478 2221 1514 2250 ut
1537 2218 1588 2250 liic
1621 2227 1693 2251 cum
1729 2219 1853 2251 saeculo
1885 2218 2020 2261 gaudeat
2052 2223 2083 2252 et
2106 2218 2146 2251 ibi

1187 2279 1258 2303 cum
1283 2270 1347 2303 Deo
1371 2274 1480 2312 regnet
1489 2283 1497 2310 3
1522 2274 1558 2304 ut
1581 2271 1612 2303 in
1645 2274 1781 2313 utroque
1806 2272 1931 2305 saeculo
1963 2273 2085 2314 primus
2116 2272 2146 2304 in

1186 2323 1272 2355 caelo
1295 2326 1326 2355 et
1343 2323 1374 2355 in
1399 2327 1485 2356 terra
1504 2327 1654 2365 appareat
1678 2324 1833 2366 gloriosus
1847 2338 1878 2356 n.

1275 2376 1327 2407 25.
1347 2375 1535 2408 Audiebant
1552 2380 1662 2408 autem
1687 2377 1801 2409 omm'a
1818 2375 1897 2409 liaeo
1920 2381 1978 2410 etc.
2005 2378 2075 2410 Post
2091 2377 2146 2410 do-
2171 2386 2202 2417 ne
2217 2387 2313 2418 conrue-

1185 2431 1368 2461 cumentum
1400 2428 1636 2461 informativum
1667 2429 1834 2462 humilium
1868 2430 2015 2463 subditur
2050 2431 2146 2464 docu—
2162 2414 2312 2470 Ϊεοεῗῃῗυὲᾞ

1184 2484 1326 2514 mentum
1350 2481 1574 2524 repressivum
1598 2482 1766 2515 rebellium
1780 2483 1815 2514 ¹³.
1843 2483 1877 2515 Et
1897 2483 1972 2525 quia
1989 2484 2145 2517 Pharisaei
2161 2466 2248 2487 ”enm
2259 2466 2310 2488 '³⁰⁰'

1185 2534 1318 2568 rebelles
1340 2539 1430 2568 erant
1453 2535 1613 2569 doctrinae
1633 2536 1747 2569 Christi
1774 2536 1910 2569 hominis
1931 2541 2060 2579 propter
2084 2538 2145 2570 ela-

1185 2587 1320 2627 tionem,
1345 2597 1440 2631 quam
1474 2589 1631 2622 habebant
1658 2589 1697 2622 de
1720 2590 1858 2628 meritis,
1889 2593 1920 2623 et
1944 2590 2021 2624 haec
2052 2591 2144 2624 elatio

1185 2641 1329 2674 veniebat
1352 2651 1394 2675 ex
1415 2642 1540 2675 litterali
1561 2643 1759 2676 observantia
1776 2644 1877 2685 Legis;
1903 2644 1972 2676 ideo
1995 2653 2070 2686 pars
2085 2644 2145 2677 ista
2164 2651 2253 2673 Divisio-

1186 2694 1280 2727 habet
1303 2695 1400 2734 duas,
1424 2695 1455 2728 in
1479 2705 1615 2738 quarum
1640 2696 1742 2738 prima
1766 2696 1956 2729 describitur
1980 2698 2143 2739 repressio

2179 1112 2299 1134 Conclusio.

2178 1378 2308 1400 Notandum.

1253 2886 1263 2902 ⁷
1285 2889 1358 2915 Vers.
1382 2889 1427 2922 13,
1447 2889 1487 2914 cui
1508 2888 1670 2915 subnectitur
1690 2890 1730 2914 ps.
1757 2890 1781 2920 l,
1801 2890 1826 2914 2.
1843 2902 1879 2908 —
1899 2889 2025 2921 Superius
2038 2896 2086 2921 pro
2106 2889 2142 2915 in·

1182 2931 1306 2959 discretio
1328 2933 1385 2958 Vat.
1405 2939 1543 2965 perperam
1564 2932 1702 2964 discivtio,
1723 2933 1743 2957 11
1770 2931 1950 2965 indistinctim·
1969 2932 2046 2958 Card.
2065 2934 2142 2965 Ilugo

1184 2976 1282 3003 unitas.

1252 3018 1263 3034 ⁸
1283 3021 1357 3046 Vers.
1378 3021 1402 3047 5.
1421 3035 1457 3040 —
1474 3021 1551 3047 Cat-d.
1571 3022 1648 3052 Ilugo
1666 3021 1772 3047 easdem
1792 3026 1905 3054 quatuor
1923 3022 1995 3047 affert
2014 3022 2140 3051 rationae;

1181 3066 1228 3091 cir.
1247 3065 1274 3090 B.
1295 3065 1393 3091 Albert.
1411 3069 1436 3091 et
1454 3066 1596 3091 Gorranus.

1250 3107 1262 3122 ⁹
1283 3110 1356 3134 Vei-s.
1376 3110 1398 3135 5.
1421 3124 1454 3128 —
1473 3110 1562 3135 Glossa
1582 3116 1637 3142 seq.
1657 3113 1696 3134 est
1715 3108 1856 3135 ordinaria
1872 3110 1912 3137 (ex
1933 3110 2017 3140 Beda,
2036 3110 2081 3142 qui
2101 3116 2138 3135 se-

1180 3153 1269 3186 quitur
1288 3154 1407 3186 llieron.,
1427 3154 1443 3179 1.
1463 3153 1607 3180 Comment.
1629 3154 1652 3178 in
1669 3154 1755 3179 Matth.
1776 3155 1806 3185 6,
1827 3153 1880 3187 21.)
1901 3155 1925 3179 in
1946 3155 2007 3180 Luc.
2032 3154 2074 3183 16,
2095 3154 2137 3178 13.

1252 3195 1277 3211 ¹⁰
1295 3198 1369 3223 Vers.
1389 3198 1479 3223 29-31.

1250 3240 1271 3254 ¹¹
1294 3241 1368 3266 Vers.
1388 3241 1429 3267 41.
1448 3245 1473 3267 et
1491 3241 1587 3266 deinde
1606 3242 1668 3266 Lev.
1691 3241 1735 3272 19,
1757 3242 1798 3266 19.

1250 3283 1272 3298 ¹⁹
1291 3285 1371 3317 Epist.
1394 3285 1452 3310 118.
1474 3285 1547 3316 (alias
1567 3285 1620 3317 34.)
1641 3292 1667 3310 n.
1690 3285 1719 3309 6:
1740 3285 1860 3317 Difficile,
1880 3279 1961 3310 immo
1975 3284 2134 3317 impofflbilc

1177 3332 1250 3354 est...
1271 3332 1299 3355 ut
1316 3329 1351 3354 de
1369 3329 1469 3355 deliciis
1488 3332 1601 3354 transeat
1613 3328 1645 3354 ad
1666 3329 1786 3359 delicies,
1805 3332 1834 3354 ut
1853 3329 1876 3354 in
1900 3333 2011 3362 uti-oque
2031 3329 2134 3354 saeculo

1177 3373 1279 3405 primns
1297 3373 1343 3405 sit,
1363 3377 1390 3398 ut
1408 3376 1434 3398 et
1453 3373 1478 3398 in
1498 3374 1568 3398 caelo
1587 3376 1613 3398 et
1632 3373 1657 3398 in
1677 3376 1743 3398 terre
1763 3376 1889 3405 appareat
1908 3374 2046 3405 gloriosus.

1249 3414 1271 3430 ¹⁸
1289 3415 1339 3442 Cn·.
1359 3423 1438 3448 supra
1458 3424 1485 3442 η.
1505 3417 1545 3442 -13,
1564 3430 1600 3436 -
1620 3417 1727 3442 inferius
1748 3417 1804 3443 Vat.
1823 3417 1918 3442 omittit
1936 3416 2061 3443 hominis.
