2427 3872
291 259 354 292 662
580 297 644 324 AEG

285 349 363 374 natur
381 352 396 372 a
413 344 517 372 Christo
536 342 580 368 Vll
600 341 650 367 489
671 340 687 367 4
705 353 741 359 -
759 339 851 371 Magna
871 343 927 363 cru-

287 391 379 418 delitas
397 392 436 416 est
454 388 571 420 amlgere
589 387 712 418 aegrotos
732 382 782 409 427
803 382 819 407 6

340 434 459 460 Αεσγρτιι
471 446 506 451 -
518 431 603 457 Deum
616 426 818 456 contemnebant
832 428 858 452 et
869 425 927 451 eius

287 478 416 511 populum
429 474 615 509 opprimebant
633 473 667 499 Vi
686 472 737 498 228
757 478 783 496 ν.
805 470 814 496 4
839 483 874 489 -
887 475 928 495 co-

276 512 374 548 lebant
392 521 457 547 deos
475 518 525 545 sub
543 517 631 551 speeie
649 514 779 548 serpentis
797 516 823 540 et
836 513 928 539 bestia-

286 573 346 593 rum
361 565 411 591 480
424 572 450 590 V.
465 564 497 589 46
511 576 546 583 —
558 562 723 594 agnoverunt
735 565 829 585 verum
842 558 926 583 Deum

287 617 335 644 per
353 609 518 636 afflictionem
534 606 700 637 animalium,
720 610 788 637 quae
809 601 928 628 colebant

288 654 334 680 494
359 660 385 679 V.
405 653 439 679 26
453 666 488 672 —
500 651 568 677 male
587 657 616 676 se
634 649 783 676 habuerunt
798 647 832 673 ad
852 647 928 672 lsrae-

286 699 345 725 litas
368 697 565 730 peregrinantes
588 694 635 721 231
660 701 686 719 ν.
706 694 739 718 42
758 705 794 712 -
813 698 866 717 non
891 696 928 715 re-

287 741 433 775 cipiebant,
452 741 493 767 vel
513 740 581 766 male
606 738 723 771 hospites
748 736 875 763 lsraelitas
894 733 928 760 ib.

288 794 314 813 v.
347 785 429 812 43-45
459 799 495 805 -
526 784 615 817 inique
647 783 836 815 oppresserunt
868 780 928 805 lsra-

288 831 361 857 elitas
379 832 405 856 et
424 829 534 855 infantes
552 834 644 854 eorum
664 826 863 852 submerserunt
878 822 929 849 247

289 882 316 902 V.
336 875 351 900 2

340 931 375 937 —
384 916 511 950 putabant
522 916 650 947 impedire
660 915 840 941 liberationem
851 914 931 939 lsrae-

288 962 391 989 litarum
413 961 444 987 Vl
459 961 509 986 218
524 967 550 986 ν.
570 961 586 985 2
600 973 634 978 -
647 966 700 985 non
719 959 854 985 credentes
873 964 931 989 pro-

288 1009 345 1039 pter
358 1004 541 1031 relaxationem
555 1003 718 1035 singularum
736 1004 891 1039 plagarum³
905 1002 930 1027 in

287 1050 377 1076 ultima
397 1050 474 1082 plaga
494 1048 673 1081 promiserunt
685 1047 816 1073 dimittere
835 1046 930 1072 lsraeli-

288 1098 328 1122 tas
347 1094 398 1120 224
418 1100 444 1119 V.
466 1094 498 1119 43
517 1106 552 1112 —
570 1092 748 1124 promiserunt
766 1098 795 1117 se
814 1092 867 1117 Deo
880 1091 931 1116 He-

287 1139 429 1165 braeorum
448 1137 570 1168 credere,
590 1136 611 1162 si
631 1136 804 1162 liberarentur
818 1142 832 1161 a
846 1137 930 1161 morte

288 1182 350 1210 ibid.
371 1196 406 1202 —
427 1182 591 1214 poenitentes
616 1181 649 1206 de
675 1180 827 1206 dimissione
854 1180 930 1205 lsrae-

288 1228 405 1258 litarum‚
419 1226 602 1258 cogitaverunt
614 1231 660 1251 eos
672 1231 720 1257 per
733 1224 788 1249 vim
802 1223 930 1250 reducere

289 1276 314 1298 et
332 1278 378 1298 eos
396 1270 527 1304 persecuti
545 1272 607 1296 sunt
626 1269 677 1295 228
697 1275 724 1294 v.
743 1269 774 1300 2,
793 1268 809 1294 3

343 1330 378 1341 —-v
396 1314 563 1349 patiebantur
587 1313 734 1339 secundum
757 1312 849 1338 merita
868 1318 930 1344 pec-

290 1365 409 1388 catorum
432 1366 541 1386 suorum
561 1358 594 1384 Vl
620 1357 718 1392 23441.
739 1357 771 1382 42
789 1370 826 1376 -
844 1356 931 1389 puniti

290 1409 351 1433 sunt
369 1411 420 1431 non
440 1403 587 1430 secundum
606 1402 727 1428 ordinem
740 1405 863 1432 naturae,
883 1400 930 1427 sed

290 1450 396 1477 divinae
419 1448 530 1474 iustitiae
554 1447 605 1473 243
625 1453 651 1472 v.
673 1445 718 1477 47,
740 1445 772 1470 48
793 1459 827 1463 —
846 1452 876 1471 ex
895 1446 930 1470 as·

289 1495 402 1521 flictione
419 1500 466 1519 sua
485 1493 605 1525 poterant
623 1496 783 1523 cognoscere
806 1489 929 1515 iustitiam

290 1539 351 1570 Dei,
369 1546 399 1564 ex
418 1537 569 1564 liberatione
588 1534 795 1561 misericordiam
809 1534 856 1559 244
874 1541 900 1559 V.
914 1534 929 1559 8

290 1598 325 1603 —
343 1583 429 1616 puniti
447 1584 508 1608 sunt
525 1587 587 1607 cum
603 1579 804 1605 mansuetudine
823 1581 931 1611 propter

291 1627 466 1660 praesentiam
484 1626 597 1652 filiorum
622 1624 698 1650 lsrael
717 1623 768 1650 244
787 1631 814 1649 V.
836 1624 867 1649 48
895 1636 931 1642 —-

291 1674 382 1698 orante
394 1665 508 1703 Moysen
527 1669 636 1701 singulis
653 1668 736 1701 plagis
754 1667 931 1694 liberabantur

293 1716 344 1741 489
363 1723 387 1741 ν.
409 1716 443 1741 20
461 1729 497 1734 -
515 1715 582 1741 dure
605 1713 687 1746 puniti
712 1716 787 1744 sunt,
812 1712 859 1738 sed
884 1719 932 1745 per

292 1760 394 1792 flagella
408 1766 462 1785 non
480 1762 541 1785 sunt
553 1758 698 1789 emendati,
717 1757 763 1783 sed
783 1756 931 1783 deteriorati

293 1805 344 1830 479
362 1811 388 1829 v.
412 1804 438 1829 44
457 1818 490 1822 —
502 1803 644 1834 excaecati,
658 1803 692 1828 ita
712 1804 740 1828 ut
752 1803 817 1828 inter
831 1801 932 1834 flagella

292 1849 397 1881 peiores
422 1848 514 1874 fierent
538 1848 590 1873 232
610 1855 635 1873 v.
656 1847 689 1872 46
710 1861 743 1865 —
762 1846 843 1880 aliqui
867 1846 934 1872 inter

293 1893 396 1924 flagella
415 1892 524 1918 correcti
538 1899 596 1917 esse
608 1891 731 1917 videntur
744 1894 770 1917 et
782 1898 843 1917 cum
858 1891 934 1917 lsrae-

292 1936 343 1962 iitis
362 1936 465 1962 iverunt
484 1936 530 1961 494
554 1943 581 1961 V.
601 1936 634 1961 26
863 1960 866 1962 ,

346 1994 382 2000 -
400 1986 494 2006 eorum
513 1980 607 2012 plagae
619 1980 806 2012 praecognitae
825 1979 936 2006 Patriar-

293 2024 349 2051 chis
368 2027 394 2050 et
412 2024 610 2056 praenuntiatae
628 2024 748 2050 Israelitis
760 2024 793 2050 Vl
808 2024 859 2050 223
879 2031 905 2050 V.
919 2024 935 2049 6

294 2084 328 2088 -
346 2068 517 2101 praemoniti,
535 2075 569 2094 ne
586 2071 773 2094 excusarentur
792 2075 840 2101 per
862 2069 937 2101 igno-

293 2113 403 2144 rantiam
423 2112 475 2138 226
495 2119 522 2138 v.
542 2112 574 2137 49

349 2171 384 2176 --
411 2162 504 2182 omnes
531 2155 710 2188 puniebantur
738 2163 862 2189 corpore,
895 2157 936 2183 vel

295 2204 383 2228 mente
401 2201 435 2227 Vl
456 2200 506 2226 479
526 2207 553 2225 V.
574 2201 606 2225 42
622 2214 658 2219 -
677 2200 810 2226 habebant
822 2208 935 2233 poenam

295 2247 433 2279 plagarum
453 2244 651 2271 succedentium
671 2251 731 2269 cum
745 2245 837 2270 dolore
855 2252 887 2270 ex
900 2252 937 2271 re-

296 2290 447 2317 cordatione
464 2289 665 2321 praeteritarum
686 2289 736 2313 480
749 2296 775 2314 v.
796 2289 829 2314 43

349 2348 385 2354 —
402 2335 470 2360 iuste
488 2332 572 2365 puniti
591 2335 652 2358 sunt
674 2335 782 2364 propter
800 2332 937 2358 infidelita-

297 2384 348 2407 tem
368 2379 402 2405 Vl
428 2378 479 2404 217
503 2385 530 2403 v.
551 2378 560 2402 4
584 2390 621 2396 --
639 2377 723 2409 puniti
747 2377 860 2403 maxime
879 2384 937 2409 pro-

296 2419 355 2458 pter
373 2422 545 2449 idololatriam
567 2421 612 2447 491
637 2422 720 2447 a.234
742 2428 769 2447 V.
789 2422 821 2447 42
842 2435 875 2440 --
888 2429 938 2454 pu-

297 2469 343 2495 niti
366 2470 474 2501 propter
499 2467 611 2492 filiorum
638 2466 713 2491 lsrael
738 2465 937 2498 depressionem

298 2514 420 2540 iniustam
440 2514 465 2537 et
477 2513 586 2544 propter
599 2510 770 2536 idololatriam
786 2509 837 2535 477
849 2517 873 2535 a.
886 2510 937 2535 213

299 2566 326 2584 v.
347 2557 394 2588 47,
420 2557 453 2581 48
472 2569 508 2574 -
527 2557 721 2580 murmurantes
746 2557 836 2580 contra
855 2555 938 2580 Deum

301 2600 468 2629 condemnati
488 2602 547 2625 sunt
566 2599 612 2624 494
636 2607 663 2625 v.
682 2599 716 2624 26

354 2660 390 2665 -
407 2645 453 2678 qui
471 2644 597 2670 Israelitas
620 2643 714 2669 iniuste
737 2643 854 2669 detinere
872 2644 940 2669 vole-

301 2691 377 2721 bant,
397 2689 481 2722 puniti
506 2690 567 2713 sunt
585 2687 730 2713 desectione
755 2690 846 2720 potus,
872 2694 941 2720 aqua

301 2742 379 2761 versa
398 2734 425 2759 in
443 2733 599 2764 sanguinem
619 2732 652 2757 Vl
674 2731 722 2757 478
742 2739 769 2758 V.
789 2732 818 2764 5,
839 2732 864 2757 6.
891 2731 941 2757 479

303 2786 329 2804 v.
359 2779 374 2803 8
403 2791 438 2797 —
468 2777 516 2802 Per
545 2776 614 2802 sitim
642 2776 847 2809 Aegyptiorum,
873 2783 943 2809 aqua

302 2829 379 2848 versa
398 2822 426 2847 in
451 2821 622 2853 sanguinem,
641 2820 824 2852 figurabantur
842 2820 891 2852 ipsi
918 2820 941 2845 in

303 2867 370 2893 mari
388 2865 470 2891 rubro
488 2864 613 2895 necandi,
632 2865 673 2889 vel
692 2871 786 2890 eorum
806 2871 890 2897 poena
904 2871 943 2890 ae-

303 2914 376 2937 terna
397 2910 447 2935 479
461 2917 487 2935 v.
501 2909 516 2934 9
532 2923 564 2927 -—
578 2909 665 2934 amicti
685 2916 732 2941 per
745 2916 842 2942 aquam
856 2910 883 2934 in
896 2909 945 2935 Ae-

305 2957 386 2988 gypto
406 2957 432 2979 et
450 2954 475 2978 in
494 2952 560 2978 mari
580 2952 662 2978 rubro
681 2954 728 2978 231
752 2961 780 2979 v.
800 2954 832 2978 42

358 3012 392 3017 -—
411 2998 562 3024 idololatrae
587 2997 670 3029 puniti
694 3000 755 3022 sunt
783 2997 945 3024 immissione

304 3043 447 3069 bestiarum
467 3042 499 3067 Vl
522 3042 566 3067 484
597 3049 624 3067 V.
646 3042 679 3067 46
698 3055 735 3060 -
753 3042 946 3068 idololatrantes

306 3087 392 3113 afflicti
405 3089 465 3113 sunt
478 3093 525 3118 per
538 3086 597 3111 vilia
611 3086 732 3111 animalia
749 3087 799 3112 209
815 3094 840 3112 ν.
856 3087 880 3112 4.
894 3088 940 3112 244

306 3140 332 3158 V.
351 3132 376 3157 9.
397 3132 448 3157 232
462 3139 489 3157 v.
511 3131 544 3156 47
557 3145 593 3150 --
606 3137 653 3163 per
672 3131 776 3157 mod1ca
789 3134 815 3156 et
833 3134 946 3157 contem-

306 3175 405 3209 ptibilia
424 3175 544 3201 animalia
558 3175 757 3207 affligebantur,
776 3179 804 3201 ut
823 3176 946 3201 insensati

308 3221 353 3246 494
378 3228 405 3246 V.
425 3220 459 3246 25
479 3234 512 3238 —-
528 3227 542 3245 a
555 3219 653 3245 Vilibus
666 3219 823 3245 animalibus
842 3220 897 3255 sine
910 3227 948 3246 re-

307 3264 395 3290 medio
414 3264 603 3290 occidebantur
616 3265 662 3289 244
687 3271 713 3290 V.
729 3265 745 3289 9
759 3278 794 3283 -
807 3265 888 3290 Terra
902 3264 947 3290 Ae-

308 3309 382 3341 gypti
402 3308 555 3334 mirabiliter
568 3309 692 3341 produxit
704 3316 809 3335 muscas
824 3309 882 3335 loco
895 3309 948 3334 ani-

307 3354 415 3379 malium
435 3353 592 3379 naturalium
611 3356 637 3379 et
656 3353 727 3379 Nilus
739 3360 817 3379 ranas
836 3354 893 3379 loco
912 3353 949 3385 pi-

308 3397 393 3423 scium
412 3397 464 3423 230
483 3404 510 3422 V.
531 3398 563 3422 40

1156 244 1270 278 INDEX
1295 242 1422 276 RERUM

1018 348 1053 355 —
1072 337 1214 366 negantes,
1242 339 1270 359 se
1288 338 1367 359 nosse
1395 331 1493 361 Deum,
1518 328 1606 355 amicti

964 382 1024 405 sunt
1043 378 1173 411 grandine
1185 379 1211 403 et
1223 376 1276 409 igni
1291 376 1342 402 243
1357 383 1383 401 v.
1398 375 1440 401 46.
1454 373 1505 400 244
1519 380 1547 399 V.
1564 373 1606 398 49.

965 422 1017 449 245
1030 429 1056 448 V.
1071 423 1105 448 22
1119 436 1152 441 -
1166 420 1258 447 inclusi
1272 419 1397 446 domibus
1410 420 1519 451 propter
1532 423 1608 449 gran-

964 467 1053 493 dinem
1073 469 1098 492 et
1111 466 1199 498 ignem
1218 464 1346 497 putabant
1358 464 1439 489 latere
1457 463 1540 488 Deum
1554 461 1606 487 248

965 518 990 537 v.
1011 511 1041 542 2,
1061 511 1077 536 3

1020 569 1053 574 —
1073 554 1156 587 puniti
1183 552 1300 579 tenebris
1324 552 1356 578 Vl
1382 551 1434 578 247
1453 558 1481 576 v.
1505 551 1529 576 2.
1554 549 1605 575 248

965 607 992 625 ν.
1012 600 1036 624 3.
1057 598 1109 625 249
1129 605 1155 623 ν.
1180 598 1206 623 9.
1226 597 1277 623 220
1296 604 1323 623 v.
1350 596 1398 629 45,
1419 596 1465 627 46,
1487 594 1529 620 47,
1554 593 1600 619 224

965 651 992 669 ν.
1011 643 1045 668 20
1064 656 1100 662 -—
1119 642 1200 668 territi
1220 640 1336 667 tenebris
1354 643 1379 666 et
1403 638 1556 665 rumoribus
1581 641 1607 663 et

966 687 1085 720 personis
1103 685 1293 718 apparentibus
1312 686 1363 710 218
1381 692 1408 710 V.
1423 683 1450 716 4,
1470 678 1567 708 6.’220
1580 689 1606 707 V.

967 732 1013 764 43,
1035 731 1067 756 47
1088 745 1121 749 -
1141 730 1222 756 territi
1240 729 1396 756 fulminibus
1415 729 1466 754 248
1490 735 1518 753 V.
1538 727 1553 752 6
1572 741 1607 745 -

966 775 1102 808 Aegyptiis
1120 775 1203 801 defuit
1222 775 1309 800 lumen
1330 774 1397 805 ignis
1415 776 1442 799 et
1459 772 1607 803 stellarum,

966 820 1027 856 quia
1046 819 1157 845 rebelles
1181 820 1286 844 suerunt
1304 818 1397 843 lumini
1422 816 1548 849 spirituali
1574 814 1608 841 ib.

968 873 992 891 V.
1013 864 1038 889 5.
1058 864 1109 889 220
1129 870 1154 889 v.
1176 863 1209 888 43
1228 876 1264 882 --
1282 862 1378 894 privati
1401 862 1459 887 luce
1477 865 1503 887 et
1528 860 1607 887 clausi

967 915 1071 935 carcere
1085 906 1266 939 tenebrarum,
1279 906 1342 939 quia
1355 913 1408 931 non
1422 905 1609 938 permittebant

968 953 1093 980 lsraelitas
1111 952 1181 977 exire
1200 952 1252 977 222
1271 958 1298 976 V.
1319 950 1333 976 4
1352 964 1387 969 —
1406 957 1459 976 non
1483 949 1609 976 videbant

967 1001 1093 1029 astantes,
1108 996 1240 1029 impeditis
1250 995 1332 1021 oculis
1345 994 1462 1028 quadam
1473 995 1608 1025 caecitate,

968 1046 993 1069 et
1005 1042 1094 1069 medio
1107 1041 1248 1068 obscurato
1258 1038 1373 1066 tenebris
1386 1038 1419 1065 ib.
1433 1046 1460 1064 V.
1476 1039 1485 1064 4
1503 1052 1539 1057 -
1553 1045 1609 1070 per-

967 1087 1037 1114 cussi
1062 1090 1123 1113 sunt
1140 1085 1265 1112 caecitate
1283 1083 1413 1115 corporali
1435 1089 1483 1115 per
1502 1083 1608 1115 plagam

968 1131 1135 1158 tenebrarum
1149 1133 1174 1157 et
1186 1129 1310 1156 caecitate
1329 1127 1457 1160 spirituali
1477 1133 1525 1159 per
1539 1133 1609 1152 men-

968 1177 1000 1203 tis
1017 1176 1225 1202 excaecationem
1246 1174 1292 1200 234
1316 1181 1342 1199 V.
1364 1172 1396 1198 46

1020 1234 1056 1240 —
1068 1220 1113 1253 qui
1127 1227 1180 1246 non
1194 1218 1322 1246 timebant
1336 1219 1466 1248 monstra,
1481 1214 1610 1242 timebant

967 1265 1088 1290 animalia
1108 1264 1203 1290 ferocia
1217 1264 1251 1290 Vl
1271 1263 1321 1289 219
1336 1269 1362 1288 V.
1382 1262 1398 1287 9
1416 1275 1453 1281 -
1471 1260 1539 1292 Magi
1555 1266 1609 1285 non

967 1312 1085 1342 potentes¹
1104 1309 1233 1341 expellere
1258 1308 1339 1340 mala,
1364 1305 1553 1333 deridebantur
1571 1303 1606 1331 ib.

967 1361 994 1379 V.
1012 1353 1043 1385 7,
1063 1354 1078 1378 8

1020 1411 1056 1417 -
1074 1397 1224 1423 occidentes
1237 1397 1348 1423 infantes
1361 1396 1542 1422 Hebraeorum
1561 1402 1610 1427 pu-

967 1442 1012 1468 niti
1026 1444 1086 1468 sunt
1098 1441 1229 1468 occisione
1238 1442 1357 1467 omnium
1371 1441 1609 1474 primogenitorum

968 1488 1001 1513 Vl
1021 1487 1072 1512 223
1091 1493 1118 1511 V.
1138 1485 1164 1511 5.
1183 1485 1235 1511 224
1254 1493 1281 1511 V.
1302 1486 1343 1518 44,
1364 1486 1397 1511 42
1418 1500 1451 1504 -
1470 1485 1549 1512 occisi
1563 1492 1610 1518 per

968 1531 1096 1563 Angelum
1113 1530 1342 1556 exterminatorem
1362 1531 1413 1555 223
1433 1537 1459 1556 v.
1473 1530 1498 1556 7.
1513 1530 1565 1556 224
1583 1537 1609 1556 V.

968 1576 1011 1606 42,
1031 1576 1040 1600 4
1049 1574 1074 1601 4.
1087 1575 1139 1600 225
1157 1581 1183 1599 v.
1206 1574 1237 1599 46
1256 1588 1289 1592 -—
1304 1575 1401 1600 Luctus
1419 1575 1610 1607 Aegyptiorum

967 1619 1001 1646 de
1013 1618 1196 1652 primogenitis
1215 1617 1267 1644 224
1284 1625 1311 1644 V.
1325 1618 1359 1643 40
1370 1632 1407 1638 —-
1419 1619 1610 1651 Aegyptiorum

968 1663 1135 1697 primogeniti
1148 1662 1226 1689 occisi
1246 1662 1332 1688 media
1346 1665 1422 1688 nocte
1441 1666 1550 1695 propter
1562 1664 1612 1688 im-

968 1708 1148 1742 provisionem
1167 1706 1202 1734 ib.
1227 1714 1253 1732 v.
1274 1707 1307 1732 44
1325 1720 1361 1726 —
1380 1707 1541 1733 dormientes
1560 1711 1612 1733 ter-

968 1754 1010 1780 riti
1029 1752 1138 1780 somniis
1158 1752 1210 1778 225
1229 1759 1255 1778 V.
1276 1751 1310 1777 47

1021 1812 1057 1818 —-
1075 1797 1147 1824 obliti
1172 1797 1292 1829 priorum
1317 1797 1457 1829 plagarum
1477 1795 1612 1821 submersi

970 1846 1031 1870 sunt
1048 1843 1082 1869 Vl
1096 1842 1146 1868 229
1167 1849 1194 1867 V.
1214 1841 1228 1867 4
1243 1855 1278 1860 —
1291 1841 1359 1867 iuste
1372 1839 1494 1866 obstinati
1514 1843 1540 1866 et
1552 1839 1612 1866 sub-

971 1888 1051 1915 mersi
1069 1886 1130 1913 ibid.
1144 1900 1177 1905 —
1191 1885 1322 1912 submersi
1341 1885 1368 1911 in
1381 1884 1446 1911 mari
1465 1884 1547 1910 rubro
1563 1884 1611 1910 476

971 1941 998 1959 V.
1018 1933 1060 1958 49.
1080 1931 1131 1957 223
1144 1938 1171 1957 V.
1191 1931 1216 1957 5.
1232 1931 1284 1956 228
1298 1938 1324 1956 V.
1344 1930 1354 1955 4
1374 1943 1408 1948 —-
1421 1928 1552 1955 submersi
1566 1935 1614 1961 per

972 1977 1129 2004 miraculum
1153 1975 1204 2001 229
1223 1982 1251 2001 v.
1273 1975 1288 2001 5
1309 1988 1342 1993 —-
1361 1974 1428 2000 iuste-
1446 1973 1530 2006 puniti
1554 1976 1616 1999 sunt

973 2022 1077 2049 interitu
1097 2028 1146 2054 pro
1159 2017 1330 2053 oppressione
1342 2019 1455 2045 filiorum
1473 2019 1549 2045 lsrael
1562 2018 1614 2044 240

973 2073 1001 2092 V.
1020 2065 1035 2092 4
1054 2079 1089 2085 —
1108 2064 1188 2091 occisi
1207 2064 1263 2090 sine
1275 2063 1469 2093 misericordia,
1488 2062 1550 2095 quia
1569 2062 1616 2087 im-

974 2111 1011 2143 pii
1030 2113 1055 2136 et
1067 2110 1125 2136 sine
1143 2108 1324 2135 misericordia
1337 2110 1410 2133 erant
1428 2108 1479 2133 228
1499 2114 1527 2132 V.
1547 2107 1556 2132 4
1582 2121 1616 2125 -

974 2145 1094 2187 oppressi
1108 2154 1223 2180 vindicta
1236 2153 1283 2178 Dei
1296 2151 1357 2179 ibid.
1367 2166 1403 2171 —
1415 2152 1495 2178 occisi
1508 2154 1616 2184 propter

974 2199 1098 2225 duritiam
1117 2198 1205 2225 cordis
1223 2197 1372 2224 rebellantis
1390 2197 1442 2223 225
1461 2205 1487 2223 V.
1507 2197 1540 2222 48

1027 2257 1063 2264 -
1081 2243 1218 2275 Aegyptus
1241 2242 1426 2274 interpretatur
1445 2240 1569 2267 tenebrae
1593 2243 1619 2267 et

974 2287 1105 2319 significat
1123 2287 1241 2313 desectus
1260 2287 1467 2313 considerandos
1479 2287 1523 2313 Vll
1536 2286 1571 2312 57
1584 2286 1618 2312 56

976 2345 1009 2349 ——
1028 2332 1084 2357 Non
1103 2332 1291 2357 revertendum
1305 2331 1331 2357 in
1351 2331 1516 2365 Aegyptum,
1534 2331 1563 2357 id
1581 2333 1620 2357 est

974 2375 1009 2401 ad
1028 2375 1158 2401 mundum
1178 2375 1230 2401 252
1250 2375 1268 2400 b

1028 2419 1175 2446 ΑΕΜυιΑτιο
1193 2433 1230 2439 —
1248 2423 1337 2446 sancta
1357 2423 1396 2446 est
1409 2420 1546 2446 infirmitas
1559 2428 1621 2446 cau-

975 2466 1029 2489 sata
1048 2471 1078 2489 ex
1098 2464 1237 2489 dilectione
1256 2464 1306 2489 >Dei
1332 2464 1365 2490 Vl
1391 2465 1479 2490 586x2
1499 2479 1534 2484 ——
1554 2465 1622 2497 parit

975 2507 1182 2539 indignationem
1203 2508 1245 2533 Vll
1266 2508 1317 2533 343
1338 2508 1372 2533 28
1391 2522 1427 2528 ·—
1445 2509 1522 2534 stulta
1537 2509 1621 2535 oritur

976 2559 1007 2578 ex
1025 2552 1222 2584 praesumtione
1241 2551 1305 2578 ibid.
1327 2551 1391 2578 Vide
1408 2559 1433 2579 υ.
1454 2552 1566 2579 Invidia.

1029 2597 1177 2622 AENlGMATA
1202 2610 1238 2615 —
1263 2603 1310 2628 per
1335 2596 1467 2622 Christum
1493 2604 1621 2624 conversa

977 2643 1038 2667 sunt
1056 2641 1081 2666 in
1101 2641 1187 2666 lucem
1206 2640 1240 2666 Vl
1260 2641 1311 2666 270
1332 2641 1365 2666 42
1385 2655 1419 2659 -
1437 2644 1498 2667 sunt
1521 2642 1622 2674 simpli-

978 2692 1022 2712 ces
1039 2684 1233 2717 propositiones
1251 2684 1382 2711 obscurae
1402 2686 1452 2710 462
1472 2693 1498 2711 ν.
1519 2686 1534 2710 8

1033 2730 1191 2759 ΑΕουΑιιτΑε
1209 2743 1244 2748 -
1263 2736 1325 2755 cum
1344 2729 1399 2754 Deo
1423 2730 1550 2761 competit
1573 2730 1621 2756 soli

979 2773 1056 2805 Filio,
1080 2780 1161 2806 quam
1187 2774 1278 2798 lucifer
1305 2776 1433 2805 appetens
1456 2774 1555 2799 corruit
1579 2775 1621 2800 Vll

981 2819 1033 2844 547
1053 2818 1085 2843 48

1033 2863 1159 2892 ΑΕρυιΤΑε
1177 2875 1213 2881 -
1232 2862 1355 2887 iustitiam
1375 2862 1436 2887 facit
1459 2862 1624 2894 irreprehen-

981 2907 1084 2933 sibilem
1104 2907 1137 2932 Vl
1151 2907 1160 2931 4
1169 2906 1201 2932 43
1222 2914 1248 2931 V.
1269 2907 1301 2931 49
1315 2920 1350 2925 -
1363 2907 1494 2932 servanda
1514 2907 1539 2932 in
1559 2906 1624 2932 iudi-

982 2952 1022 2978 cio
1041 2951 1097 2977 sine
1115 2957 1289 2983 personarum
1309 2950 1463 2982 acceptione
1482 2950 1528 2976 544
1554 2951 1569 2975 9
1588 2964 1625 2970 -

983 3000 1022 3022 est
1040 2998 1144 3022 scutum
1164 2995 1216 3020 226
1236 3003 1263 3020 v.
1283 2995 1311 3020 24

1036 3041 1092 3066 Aen
1109 3054 1145 3059 -—
1157 3042 1197 3065 est
1215 3038 1348 3065 mutabilis
1367 3046 1415 3071 per
1433 3041 1625 3072 ventum,‚quo

984 3088 1106 3112 movetur
1125 3091 1172 3117 per
1185 3091 1226 3115 se,
1245 3084 1287 3110 vel
1306 3084 1340 3110 ad
1354 3086 1454 3109 motum
1471 3084 1578 3115 vaporis
1592 3083 1624 3108 Vl

985 3132 1018 3156 42
1037 3130 1055 3156 b
1074 3144 1108 3149 —
1132 3129 1226 3155 dicitur
1251 3129 1348 3161 molliS,
1372 3128 1434 3161 quia
1459 3135 1512 3153 non
1530 3128 1626 3154 resistit

984 3219 1108 3245 cuitatem
1126 3218 1153 3243 in
1172 3217 1262 3250 impiis
1279 3216 1313 3243 ib.
1333 3224 1360 3242 v.
1379 3217 1395 3242 5

994 3264 997 3267 ’
1038 3263 1109 3288 AsnA
1128 3276 1165 3281 —
1183 3262 1237 3288 duo
1257 3269 1271 3287 a
1285 3262 1367 3287 Vidua
1382 3260 1468 3287 oblata
1482 3263 1543 3286 sunt
1561 3261 1626 3293 figu-

985 3352 1080 3378 denda*
1092 3354 1117 3377 et
1139 3351 1272 3377 offerenda
1291 3353 1353 3377 sunt
1377 3350 1431 3376 Deo
1453 3350 1495 3375 Vll
1521 3350 1566 3375 544
1591 3350 1625 3375 32

986 3410 1021 3416 --
1040 3396 1093 3422 duo
1107 3397 1250 3422 offeruntur
1268 3402 1316 3427 per
1330 3395 1557 3420 mortificationem
1571 3401 1628 3420 car-

984 3175 1062 3201 tactui
1080 3175 1128 3200 420
1148 3181 1174 3199 v.
1195 3174 1209 3199 3
1224 3187 1258 3191 -
1271 3173 1402 3205 significat
1420 3173 1569 3198 intentionis
1582 3177 1632 3212 va:⁴

983 3314 1013 3333 ra
1032 3307 1151 3339 corporis
1173 3309 1199 3333 et
1217 3306 1319 3332 animae
1338 3306 1465 3338 hominis,
1482 3313 1550 3338 quae
1569 3305 1641 3331 red?

1644 327 1686 353 nis
1709 329 1735 354 et
1756 330 1938 361 paupertatem
1957 327 2065 360 spiritus
2084 327 2134 354 522
2154 328 2171 354 7
2183 328 2285 355 —duo

1644 375 1706 398 sunt
1724 371 1808 404 figura
1835 372 1895 398 fidei
1914 375 1940 398 et
1958 371 2085 404 caritatis,
2103 373 2145 398 vel
2163 372 2285 405 geminae

1645 416 1721 447 fidei,
1740 416 1782 442 vel
1801 416 1923 448 geminae
1941 416 2055 443 caritatIS
2074 416 2125 442 523
2145 417 2161 442 8
2179 429 2217 439 -·
2241 416 2287 442 mi-

1645 463 1720 493 nuta,
1739 467 1808 494 quae
1826 463 1887 486 sunt
1899 460 1965 486 fides
1983 464 2009 487 et
2027 461 2134 492 caritas,
2154 461 2208 487 Deo
2226 464 2287 488 sunt

1644 504 1757 530 maxime
1776 508 1883 536 accepta
1903 503 1966 531 ibid.

1698 549 1795 574 Αεετᾼε
1808 562 1843 568 -
1855 552 1894 575 est
1910 549 2013 575 claritas
2035 552 2139 576 aeterna
2158 550 2185 576 in
2203 557 2286 583 regno

1644 592 1703 623 Dei,
1724 593 1748 618 in
1764 600 1816 625 qua
1836 593 1994 625 colliguntur
2008 595 2119 625 tructus,
2133 598 2217 621 cessat
2229 596 2287 627 plu-

1643 637 1686 663 via
1706 637 1897 669 lacrymarum,
1916 637 2035 664 nubilum
2050 637 2247 665 tribulationum
2262 643 2288 666 et

1645 682 1727 714 frigus
1746 681 1919 713 cupiditatum
1940 682 1983 708 Vll
2003 682 2054 708 537
2075 683 2103 708 54

1697 727 1852 752 ΑΕετηιΑτιο
1864 740 1900 745 -
1912 725 1971 753 vide
1989 734 2014 753 v.
2034 726 2154 761 Coqnicio
2168 731 2194 754 et
2206 735 2231 755 v.
2245 729 2287 755 Iu-

1645 769 1753 797 dicium.
2258 776 2259 779 ¹

1698 815 1796 840 Azsrus
1815 829 1850 834 —
1869 815 1917 841 Per
1942 819 2042 842 aestum
2062 817 2215 849 intelligitur
2241 819 2288 844 ser-

1646 865 1695 884 vor
1723 859 1836 885 caritatis
1861 859 1905 885 Vll
1929 859 1980 885 334
2007 861 2040 885 82
2059 874 2095 880 -—
2113 861 2162 886 Per
2185 865 2287 887 aestum

1646 903 1797 935 intelligitur
1816 903 1923 929 devotio
1942 904 2110 930 inflammans
2128 903 2163 931 ib.
2183 906 2216 930 83

1699 948 1784 973 ΑΕτΛε
1801 961 1837 967 -
1856 948 1958 974 Aetates
1977 955 2022 974 sex
2044 952 2105 975 sunt
2124 949 2148 975 in
2174 950 2288 984 decursu

1647 992 1738 1018 muudi
1757 992 1904 1018 secundum
1923 999 1967 1019 sex
1987 993 2166 1019 distinctiones
2189 994 2289 1020 notabi-

1646 1037 1684 1063 les
1704 1037 1746 1063 Vll
1773 1037 1807 1063 55
1832 1037 1865 1063 48
1890 1031 1924 1056 -’-
1944 1038 2063 1070 Tempus
2087 1041 2174 1071 sextae
2198 1039 2290 1065 aetatis

1647 1084 1686 1107 est
1705 1081 1764 1107 finis
1783 1082 1880 1108 saeculi
1899 1082 1951 1108 370
1970 1082 2004 1108 38
2023 1096 2059 1102 -
2078 1083 2192 1115 septima
2209 1086 2249 1110 est
2261 1084 2290 1110 in

1646 1125 1734 1158 quiete
1753 1126 1902 1152 animarum
1922 1127 1956 1153 55
1977 1126 2018 1153 48.
2045 1127 2096 1152 356
2116 1127 2151 1153 70
2164 1141 2199 1147 -
2212 1128 2290 1160 septi-

1647 1176 1689 1195 ma
1708 1170 1804 1202 quietis
1822 1168 1970 1196 animarum
1991 1171 2087 1203 incepit
2104 1171 2147 1198 die
2167 1171 2288 1205 Sabbati,

1646 1220 1699 1247 qua
1718 1213 1837 1240 Christus
1849 1215 1968 1246 sepultus
1987 1218 2026 1240 est
2045 1215 2092 1240 364
2118 1216 2150 1241 43
2165 1230 2196 1235 --
2212 1217 2288 1249 septi-

1646 1265 1689 1284 ma
1709 1258 1790 1284 currit
1807 1258 1886 1284 simul
1910 1266 1971 1285 cum
1991 1262 2062 1285 sexta
2086 1262 2112 1286 et
2129 1267 2184 1286 non
2209 1260 2289 1288 habet

1646 1309 1786 1335 vesperam
1806 1303 1840 1329 55
1860 1302 1892 1328 48
1911 1317 1946 1323 -
1968 1307 2060 1330 octava
2089 1308 2128 1331 est
2154 1305 2181 1332 in
2203 1313 2288 1333 resur-

1646 1347 1761 1373 rectione
1783 1346 1845 1379 ibid.
1868 1347 1919 1373 356
1938 1348 1972 1374 70
1995 1363 2031 1368 -
2052 1352 2144 1375 octava
2168 1350 2293 1377 inchoata

1646 1394 1686 1418 est
1699 1392 1725 1417 in
1743 1392 1828 1424 capite
1848 1396 1937 1418 nostro
1950 1392 2052 1419 Christo
2070 1394 2122 1420 592
2143 1395 2174 1419 48
2192 1408 2228 1414 -
2246 1401 2287 1421 se-

1647 1439 1719 1469 ptem
1740 1436 1884 1462 decurrunt
1896 1437 1963 1463 inter
1981 1438 2121 1463 Ecclesiam
2135 1438 2290 1465 militantem

1647 1484 1673 1508 et
1696 1481 1901 1513 triumphantem
1928 1485 1953 1507 et
1972 1485 2064 1508 octava
2089 1483 2208 1509 inchoata
2227 1482 2289 1510 ibid.

1647 1540 1683 1545 —
1693 1526 1796 1552 Aetates
1808 1528 1867 1551 octo
1880 1526 1971 1552 mundi
1982 1526 2164 1559 significantur
2175 1535 2224 1561 per
2234 1528 2291 1555 dies

1648 1573 1708 1597 octo
1727 1570 1761 1596 55
1782 1570 1814 1596 48
1840 1570 1901 1596 Vide
1913 1577 1938 1597 v.
1953 1570 2022 1597 Dies.

1702 1629 1738 1635 —
1756 1616 1821 1641 Tres
1834 1618 1916 1641 status
1935 1616 2081 1648 praesentis
2093 1616 2163 1642 vitae
2182 1617 2225 1642 Vll
2239 1617 2290 1642 326

1649 1659 1692 1685 57.
1712 1660 1763 1686 339
1785 1660 1817 1685 42
1835 1674 1871 1679 -
1890 1660 2003 1686 hominis
2021 1667 2065 1687 sex
2084 1660 2136 1686 340
2157 1661 2190 1687 45

1702 1704 1862 1730 Asi-anulus
1879 1718 1915 1724 —
1928 1708 1967 1731 est
1980 1705 2200 1732 incommutabilis
2223 1705 2294 1732 vitae

1649 1750 1702 1773 tota
1722 1748 1799 1789 simul
1813 1751 1839 1774 et
1857 1750 1971 1781 perfecta
1985 1750 2116 1782 possessio
2131 1751 2174 1776 Vll
2194 1750 2244 1776 467
2258 1751 2286 1776 51

1649 1805 1684 1810 —-
1698 1792 1840 1817 Aeternum
1859 1793 1960 1819 excedit
1985 1795 2137 1827 temporalia
2157 1795 2182 1820 in
2207 1795 2294 1821 infini-

1650 1837 1706 1861 tum
1726 1835 1788 1862 ibid.
1802 1851 1836 1855 —
1849 1838 1957 1869 proprie
1967 1838 2034 1864 dicta
2045 1842 2084 1865 est
2094 1846 2142 1871 per
2151 1840 2293 1866 carentiam

1650 1880 1710 1905 finis
1730 1880 1763 1906 24
1783 1881 1866 1906 59-
1878 1882 2038 1913 perfectione
2056 1886 2163 1915 superat
2175 1886 2295 1916 tempora

1651 1925 1733 1950 multa
1753 1925 1786 1951 Vl
1808 1925 1858 1951 435
1871 1933 1898 1951 V.
1919 1927 1951 1952 43
1965 1927 2039 1952 —ln
2058 1928 2211 1954 aeternitate
2223 1929 2293 1955 nulla

1652 1971 1692 1995 est
1703 1969 1853 2001 praeteritio
1866 1969 1917 1996 247
1931 1970 1948 1996 7
1957 1984 1993 1990 -
2005 1973 2205 2004 comprehendit
2216 1980 2296 2000 omne

1653 2016 1760 2045 tempus
1778 2017 1888 2046 propter
1910 2015 2029 2042 diversas
2050 2017 2224 2049 proprietates
2243 2017 2289 2044 464

1654 2058 1687 2084 26
1709 2058 1737 2083 l*
1757 2072 1792 2077 —·
1812 2059 1975 2086 Aeternitatis
1994 2060 2118 2087 dicuntur
2136 2062 2227 2094 plures
2239 2062 2296 2088 dies

1654 2105 1763 2135 propter
1781 2103 1975 2130 multitudinem
1999 2112 2088 2131 rerum
2113 2108 2138 2132 et
2156 2107 2297 2133 effectuum

1656 2148 1706 2174 469
1726 2155 1752 2173 ν.
1774 2148 1806 2174 40

1709 2207 1743 2211 -
1762 2192 1903 2219 Aeternum
1928 2193 2024 2220 dicitur
2049 2195 2121 2227 quod
2146 2202 2199 2221 non
2218 2195 2298 2222 habet

1656 2237 1735 2264 finem
1749 2237 1774 2263 in
1787 2237 1921 2269 Scriptura
1935 2239 2143 2272 praescriptum,
2162 2240 2204 2266 vel
2218 2239 2298 2267 habet

1656 2282 1749 2313 finem,
1768 2282 1815 2308 sed
1834 2289 1887 2308 non
1905 2282 1932 2308 in
1951 2285 2084 2315 tempore,
2104 2284 2145 2309 vel
2165 2284 2240 2310 cuius
2266 2285 2297 2311 si-

1657 2327 1810 2360 gnificatum
1823 2334 1876 2353 non
1889 2326 1990 2360 finitur,
2010 2328 2052 2353 Vel
2065 2328 2139 2354 cuius
2152 2328 2298 2355 substantia

1657 2379 1709 2398 non
1728 2372 1829 2404 finitur,
1849 2372 1890 2398 vel
1914 2372 1990 2398 cuius
2008 2371 2153 2398 substantia
2178 2379 2226 2399 nec
2243 2373 2298 2400 fini-

1658 2419 1700 2443 tur
1719 2424 1767 2442 nec
1785 2417 1883 2449 incepit
1902 2417 1935 2443 Vl
1956 2416 1989 2442 44
2008 2416 2026 2442 b
2043 2431 2080 2436 —
2098 2420 2137 2443 est
2152 2418 2233 2444 solius
2252 2419 2299 2444 Dei

1659 2461 1674 2487 4
1694 2461 1719 2487 5.
1740 2461 1773 2486 44
1792 2461 1810 2487 b
1829 2475 1864 2481 -
1884 2461 2147 2488 interminabilitatem
2173 2470 2225 2488 non
2244 2466 2300 2496 pot-

1658 2509 1697 2532 est
1715 2506 1776 2539 quis
1794 2505 1892 2532 habere
1911 2506 1961 2532 nisi
1978 2513 1992 2532 a
2012 2507 2082 2532 fonte
2101 2507 2301 2534 immortalitatis

1660 2550 1676 2576 4
1695 2551 1711 2577 5
1729 2564 1766 2570 —-
1784 2551 1926 2577 Aeternum
1951 2553 2037 2583 potest
2062 2551 2123 2577 oriri
2142 2558 2173 2577 ex
2199 2552 2301 2578 actione

1659 2595 1796 2627 temporali
1816 2595 1859 2620 Vll
1884 2596 1934 2621 460
1959 2595 1987 2620 94
2013 2610 2047 2614 -
2066 2596 2139 2628 Quae
2162 2596 2228 2622 fiunt
2249 2595 2300 2623 sub

1659 2643 1778 2672 tempore
1797 2646 1811 2665 a
1831 2639 1900 2665 bona
1919 2640 2053 2665 voluntate
2072 2647 2121 2672 pro
2136 2641 2300 2673 aeternitate,

1659 2686 1794 2709 transeunt
1806 2686 1880 2714 actu,
1898 2684 1945 2710 sed
1959 2687 2065 2710 manent
2076 2684 2165 2711 radice
2178 2688 2204 2711 et
2215 2685 2301 2711 fructu

1659 2728 1692 2753 Vl
1714 2728 1746 2753 44
1766 2736 1792 2761 q.
1823 2728 1832 2753 4
1870 2727 1933 2754 Vide
1959 2735 1985 2755 v.
2010 2728 2108 2755 Poena.
2127 2743 2163 2749 —
2189 2729 2301 2756 Aeterna

1660 2780 1742 2798 unum
1761 2776 1822 2798 sunt
1841 2772 1892 2798 470
1911 2780 1937 2798 V.
1959 2773 1992 2799 45

1715 2832 1748 2835 —
1766 2817 1827 2843 Dies
1846 2817 2004 2843 aeternitatis
2017 2818 2183 2844 memorandi
2199 2818 2232 2844 ad
2245 2825 2302 2851 spe·

1660 2861 1774 2887 randum
1794 2862 1828 2887 Vi
1848 2862 1876 2887 91
1901 2869 1927 2887 v.
1947 2863 1962 2887 8
1984 2876 2014 2880 —
2036 2862 2202 2888 Desiderium
2222 2865 2302 2888 aeter-

1661 2906 1747 2931 nitatis
1766 2909 1878 2938 augetur
1898 2906 1923 2932 in
1942 2906 2108 2933 tribulatione
2127 2907 2170 2933 Vll
2191 2906 2241 2933 438
2256 2907 2303 2940 38,

1662 2951 1695 2976 39
1714 2964 1750 2969 —
1769 2951 1840 2976 Bona
1859 2954 1963 2977 aeterna
1984 2950 2041 2977 vide
2059 2958 2083 2977 v.
2103 2951 2219 2977 Bonum.

1716 2995 1807 3021 Aaron
1826 3009 1861 3014 —
1884 2994 1946 3021 Vide
1966 3002 1989 3021 υ.
2009 2994 2138 3029 Angelus.

1716 3039 1880 3064 Ari-“samus
1897 3052 1933 3058 —
1951 3046 2003 3064 non
2016 3039 2171 3071 prohibetur
2190 3039 2304 3071 discipu-

1663 3083 1694 3109 lis
1713 3082 1806 3109 Christi
1826 3083 1870 3108 Vll
1891 3082 1943 3108 255
1963 3084 1978 3108 9

1716 3127 1846 3153 Arrscrus
1869 3141 1904 3146 —
1930 3127 2049 3160 sequitur
2072 3127 2230 3153 intellectum
2255 3133 2305 3153 nec

1662 3179 1691 3197 se
1709 3171 1835 3203 extendit,
1861 3171 1906 3197 ubi
1927 3171 2070 3197 intellectus
2094 3178 2146 3197 non
2170 3171 2305 3203 praecedit

1663 3216 1695 3241 Vl
1716 3216 1751 3241 54
1769 3223 1795 3248 q.
1817 3216 1826 3240 1
1851 3222 1908 3247 arg.
1928 3217 1943 3241 2
1956 3216 2088 3242 —latens
2106 3218 2217 3248 apparet
2229 3215 2254 3240 in
2268 3216 2305 3241 at·-

1663 3262 1730 3286 t'ectu
1750 3261 1793 3286 Vll
1813 3260 1859 3285 474
1883 3260 1916 3286 23
1930 3274 1965 3279 -
1978 3260 2105 3286 Atrectum
2125 3259 2244 3286 comitari
2259 3259 2306 3285 de-

1663 3308 1704 3331 cet
1722 3305 1843 3330 effectum
1863 3303 1896 3331 ib.
1914 3305 1963 3330 24¹

1716 3363 1752 3368 —
1770 3349 1894 3375 dicuntur
1913 3349 1996 3381 pedes
2014 3349 2047 3375 Vl
2068 3348 2118 3374 426
2134 3348 2175 3373 44.
2196 3348 2239 3373 Vll
2253 3348 2304 3374 258

1665 3394 1698 3419 20
1723 3408 1758 3413 -
1784 3397 1898 3426 quatuor
1921 3396 1983 3419 sunt
2007 3396 2120 3426 quatuor
2144 3391 2234 3424 anguli
2258 3391 2306 3417 do-
