2427 3872
394 231 445 259 ClC

100 276 172 302 altari
185 279 225 302 est
238 275 313 302 cibus
331 277 504 302 eucharistiae
522 277 554 302 Vl
569 276 621 303 557
635 278 664 309 2,
678 277 705 308 3,
728 276 743 302 4

100 334 135 339 -
154 320 330 353 poenitentiae
348 323 388 346 est
407 321 569 347 medicinalis
594 325 620 346 et
641 323 680 347 est
703 327 744 346 ae-

100 365 273 397 grotantium,
292 364 368 391 cibus
382 364 493 391 iustitiae
504 368 544 391 est
563 365 705 391 nutritivus
718 369 744 391 et

98 408 174 435 cibus
193 408 379 442 laborantium,
399 409 475 436 cibus
494 409 633 442 patientiae
652 412 692 436 est
710 410 742 436 ci-

99 453 150 480 bus
168 453 268 480 solidus
287 455 464 486 perfectorum
484 453 518 480 ib.
539 455 554 479 3

151 512 187 518 -
210 497 384 524 distribuente
410 498 521 525 Domino
546 497 678 530 abundat,
706 498 742 524 di—

96 541 240 568 stribuente
259 549 323 569 vero
344 543 450 569 homine
469 543 551 569 esurit
575 543 690 575 populus
708 543 741 568 Vl

100 587 152 613 565
172 587 182 612 1

151 645 185 650 -
204 638 218 657 a
238 638 349 664 corpore
368 632 513 664 glorificato
532 634 671 664 susceptus
693 634 741 657 sta-

98 675 144 703 tim
171 676 335 702 consumitur
359 676 456 702 virtute
481 675 609 708 spirituali
636 676 668 702 Vl
688 675 740 701 524

97 720 131 747 28
144 734 180 738 -
193 719 296 752 Corpus
306 720 478 752 glorificatum
494 720 572 746 habet
586 722 739 752 potestatem

95 764 265 796 comedendi,
278 764 324 791 sed
338 772 391 790 non
403 765 582 791 necessitatem
595 763 629 791 ib.
645 764 691 795 27,
705 765 738 790 28

150 808 271 835 thnatx
284 822 320 828 —
330 809 468 835 Cicatrices
481 811 632 835 manserunt
646 809 671 834 in
684 815 739 835 cor-

96 860 161 886 pore
182 852 275 879 Christi
298 853 387 879 divina
406 853 613 886 dispensatione,
633 860 685 879 non
707 860 739 879 ex

95 897 261 930 impotentia,
280 898 326 924 sed
342 900 369 923 ut
388 898 493 930 siguum
508 897 634 929 triumphi
653 900 679 923 et
693 897 738 923 mi-

95 942 252 968 sericordiae
280 941 410 968 exhibitae
442 944 468 968 et
494 942 528 968 ad
557 941 737 967 confusionem

93 986 306 1012 damnandorum
335 986 368 1013 Vl
398 987 449 1013 5l7
478 986 512 1013 64
541 1000 576 1006 -
597 985 738 1012 Cicatrices

93 1030 211 1057 Christus
236 1031 352 1057 servavit
379 1034 493 1064 quatuor
518 1031 552 1057 de
577 1031 664 1057 causis
693 1031 736 1056 Vll

94 1075 147 1101 600
164 1075 197 1101 52

146 1119 258 1146 cissent
268 1133 303 1139 —
313 1120 404 1146 Anima
418 1119 502 1145 fidelis
511 1118 590 1146 debet
600 1120 736 1152 praecingi

93 1164 159 1199 pelle
178 1164 383 1190 mortificationis
407 1164 434 1190 in
453 1171 544 1195 carne,
566 1166 627 1190 fune
648 1162 736 1190 obser-

92 1210 196 1235 vantiae
214 1209 341 1241 regularis
367 1209 392 1235 in
416 1209 632 1239 conversatione,
657 1209 736 1235 linteo

93 1254 217 1281 castitatis
242 1254 268 1279 in
296 1256 397 1285 mente,
423 1260 489 1279 zona
517 1260 596 1279 aurea
622 1254 736 1279 caritatis

93 1297 192 1332 ubique
221 1299 253 1324 Vl
279 1298 330 1324 598
351 1298 366 1324 3
385 1312 421 1317 -
443 1298 577 1330 Praecingi
606 1297 735 1324 debemus

91 1343 170 1374 linteo
189 1343 341 1374 munditiae,
362 1345 389 1368 ut
409 1342 463 1368 Deo
480 1343 672 1374 ministremus,
692 1349 735 1368 ac-

92 1387 162 1420 cingi
182 1387 270 1419 gladio
294 1387 421 1418 iustitiae,
447 1390 474 1412 ut
492 1386 627 1413 diabolum
653 1394 734 1419 expu-

92 1438 218 1464 gnemus,
236 1431 354 1463 succingi
375 1431 461 1457 tunica
476 1431 606 1464 passionis
626 1431 734 1457 munda-

91 1482 154 1508 nae,
173 1479 201 1501 nt
221 1475 349 1502 mundum
379 1478 580 1501 contemnamus
607 1474 641 1501 ib.
665 1476 674 1500 1
700 1489 734 1494 —-

93 1520 279 1552 praecingendi
303 1526 391 1551 renes,
410 1518 492 1545 lumbi
517 1522 543 1545 et
568 1522 662 1552 pectus
685 1527 733 1552 per

91 1565 245 1591 munditiam
265 1564 408 1590 affectionis
427 1567 452 1590 et
473 1564 660 1590 continentiam
680 1571 734 1590 car-

90 1609 131 1637 nis
150 1613 175 1635 et
194 1609 349 1635 munditiam
369 1609 533 1641 cogitationis
551 1607 585 1634 ib.
605 1610 620 1634 2

143 1654 211 1680 Ciuis
230 1667 264 1673 —
284 1653 399 1679 minutus
424 1656 450 1679 et
474 1660 581 1679 amarus
602 1653 733 1685 significat

92 1700 261 1733 peccatorum
285 1698 450 1730 singulorum
470 1697 680 1723 recordationem
706 1700 733 1724 et

87 1742 272 1775 contritionem
292 1742 326 1768 Vl
345 1742 397 1768 565
417 1742 432 1767 3
451 1757 487 1761 -
506 1743 619 1774 praefert
641 1743 732 1768 mortis

90 1786 232 1819 tinaginem
254 1787 294 1812 Vll
315 1787 366 1812 260
386 1787 420 1812 23
433 1800 468 1805 -
481 1789 506 1812 et
525 1786 638 1812 cilicium
658 1793 731 1812 arma

89 1834 150 1857 sunt
169 1831 357 1863 poenitentium
376 1830 438 1857 ibid.

142 1870 278 1902 Cincurms
300 1889 330 1894 —
350 1876 423 1908 Quae
441 1875 467 1901 in
493 1875 602 1901 circuitu
622 1879 732 1902 currunt.

89 1920 124 1946 ad
143 1920 221 1945 finem
240 1927 293 1945 non
312 1920 469 1952 perveniunt
488 1919 522 1945 Vl
544 1920 575 1945 13
600 1927 627 1945 v.
655 1920 672 1946 7
695 1935 731 1939 —

88 1964 147 1990 Mali
172 1964 336 1990 circumeunt
355 1964 410 1990 sine
429 1964 520 1997 requie
539 1963 601 1990 ibid.
620 1978 655 1984 -—
675 1965 729 1997 Spi-

89 2009 154 2034 ritus
173 2011 278 2035 sanctus
303 2009 399 2034 dicitur
417 2008 455 2034 ire
474 2008 500 2034 in
525 2008 647 2041 circuitu,
668 2010 729 2042 quia

89 2060 136 2079 nos
164 2053 223 2079 facit
251 2053 362 2079 circuire
385 2053 418 2078 vt
445 2053 476 2078 13
507 2051 524 2078 b
548 2067 584 2071 —
608 2052 732 2079 Conside-

87 2097 187 2123 randus
210 2097 334 2123 circuitus
362 2097 492 2129 miseriae,
522 2097 645 2123 circuitus
671 2105 731 2129 gra-

88 2141 139 2167 tiae
157 2144 182 2167 et
201 2142 299 2173 gloriae
319 2140 381 2168 ibid.
399 2156 435 2161 --
454 2142 554 2174 gloriae
568 2145 607 2168 est
626 2141 652 2167 in
672 2149 731 2169 con-

88 2186 259 2218 sideratione,
291 2186 363 2219 quod
394 2186 482 2212 omnia
511 2193 526 2212 a
558 2187 612 2213 Deo
640 2189 665 2212 et
696 2187 730 2212 ad

87 2230 171 2256 Deum
192 2229 254 2256 ibid.

140 2274 263 2301 Crncucus
275 2289 310 2294 —
323 2275 400 2300 finem
418 2282 470 2301 non
484 2274 563 2301 habet
577 2276 609 2301 Vl
625 2276 656 2301 13
672 2283 698 2301 v.
711 2275 728 2301 7

87 2333 122 2337 —
142 2319 167 2344 ln
187 2318 268 2345 rebus
287 2320 350 2345 falso
364 2319 470 2351 ponitur
486 2320 620 2346 circulatio
640 2327 729 2345 secun-

85 2363 151 2391 dum
170 2370 323 2395 egressum,
342 2370 394 2396 qua
414 2363 501 2389 omnia
521 2366 681 2389 renoventur
696 2363 728 2388 17

85 2415 111 2441 q.
132 2408 146 2432 3
167 2414 223 2439 arg.
243 2408 258 2433 3
273 2422 307 2426 -—
321 2408 405 2433 Motus
418 2407 551 2433 circularIs
571 2410 657 2440 potest
669 2414 729 2432 con-

86 2452 182 2477 tinuari
203 2451 252 2477 -148
272 2459 299 2477 v.
319 2452 351 2477 17

139 2495 299 2522 Cincumctsto
318 2510 353 2514 --
372 2498 427 2521 erat
447 2496 605 2527 praescripta
626 2495 651 2520 in
671 2495 728 2526 lege

87 2543 176 2566 vetere
195 2540 239 2565 Vll
259 2539 293 2566 35
318 2540 378 2565 108.
397 2539 430 2565 54
451 2539 484 2565 45
510 2554 544 2558 -
564 2539 654 2571 'primo
682 2538 729 2564 fuit

87 2587 226 2616 praecepta
246 2583 367 2610 Abrahae
380 2584 413 2609 Vl
434 2583 485 2610 345
499 2584 542 2610 30.
562 2583 613 2609 346
632 2583 680 2613 34,
694 2583 727 2608 35

87 2627 219 2654 —.fiebat
238 2628 265 2654 in
281 2631 375 2654 octavo
399 2628 442 2654 die
461 2628 494 2654 ad
519 2627 727 2659 designationem

86 2675 196 2698 octavae
214 2672 306 2698 aetatis
331 2672 374 2698 Vll
401 2672 435 2698 55
456 2672 488 2698 48
509 2686 543 2690 -
561 2671 648 2698 danda
673 2674 728 2696 erat

86 2715 202 2742 Sabbato
222 2716 255 2742 Vl
275 2716 327 2742 345
348 2717 391 2742 30.
407 2716 459 2741 346
480 2716 513 2741 33

141 2774 174 2779 —-
194 2763 249 2786 erat
268 2760 353 2792 figura
378 2760 583 2786 circumcisionis
602 2758 636 2785 ab
655 2759 726 2785 omni

87 2805 162 2837 culpa
188 2807 214 2830 et
239 2805 361 2837 miseria,
385 2811 455 2838 quae
485 2804 534 2830 erit
562 2803 587 2829 in
612 2810 727 2829 resurre-

87 2848 172 2874 ctione
196 2848 240 2874 Vll
260 2848 294 2874 55
320 2848 353 2874 48
378 2863 413 2867 -
438 2849 484 2874 fuit
509 2848 617 2879 signum
642 2847 669 2872 in
689 2854 727 2872 re-

88 2892 206 2929 medium
226 2892 277 2918 575
303 2893 335 2918 38
357 2896 464 2927 -βι-ειῑ
482 2891 558 2925 quasi
582 2890 725 2916 cauterium

87 2937 217 2962 latronum
237 2935 300 2963 ibid.

142 2994 175 2999 —
194 2983 249 3006 erat
267 2980 302 3006 ad
325 2979 543 3012 distinguendum
566 2979 599 3004 Vl
622 2978 673 3004 344
693 2979 726 3004 25

87 3039 122 3043 -
141 3025 284 3056 praecipue
303 3024 363 3050 data
377 3027 427 3050 *est
452 3023 485 3049 ad
510 3022 726 3055 distinguendum

88 3069 230 3100 populum,
249 3069 283 3093 de
296 3075 350 3102 quo
364 3068 510 3094 nasciturus
522 3070 577 3093 erat
596 3067 727 3097 Christus,

88 3119 102 3137 a
123 3112 271 3138 nationibus
297 3112 347 3138 346
372 3112 405 3138 35
426 3126 459 3130 -
478 3114 517 3137 est
541 3111 647 3143 signum
667 3111 727 3137 ssdei

87 3155 222 3188 Abrahae,
242 3156 364 3183 meritum
388 3155 566 3186 obedientiae,
592 3155 728 3186 distinguit

88 3200 227 3232 populum,
242 3200 361 3226 medetur
374 3200 508 3232 originali,
521 3199 649 3232 significat
661 3203 728 3225 octa-

88 3250 150 3269 vam
170 3244 381 3275 resurrectionis,
399 3244 477 3270 docet
496 3244 640 3269 castitatem
666 3242 728 3269 ibid.

87 3300 124 3306 —
143 3291 201 3313 ante
215 3288 447 3314 manifestationem
462 3287 595 3319 Evangelii
615 3286 729 3313 habebat

87 3331 208 3357 effectum
229 3339 305 3357 suurn
326 3332 372 3357 281
399 3332 432 3357 19

771 188 807 221 ΙΝ
831 187 1125 222 COMMENTARIOS
1149 191 1178 223 S.
1203 191 1429 226 SCRIPTURAE

835 276 1034 303 cincuaspecno
1063 293 1098 296 —
1124 279 1244 305 Defectus
1267 280 1425 313 circumspe-

780 321 873 347 ctionis
893 321 960 347 circa
981 322 1083 347 hostem
1097 323 1304 350 considerandus
1317 328 1342 350 et
1355 326 1426 357 plan-

781 365 886 397 gendus
906 366 939 391 Vl
959 366 1006 391 271
1033 366 1064 391 13

839 409 966 436 ΟιετειιΝΛ
985 424 1021 429 -
1039 411 1088 436 Per
1107 411 1245 437 cisternam
1276 412 1424 445 intelligitur

779 454 951 486 congregatio
961 454 1110 486 opulentiae
1121 455 1270 481 mundanae
1285 457 1315 482 Vl
1326 457 1360 482 97
1372 465 1397 483 v.
1407 458 1423 483 7

832 497 902 524 Civis
913 512 949 517 —
961 499 1082 524 Naturale
1095 502 1134 525 est
1147 499 1218 525 cives
1238 500 1341 526 civibus
1362 501 1424 527 invi-

778 542 842 568 dere
856 543 898 568 Vll
916 542 961 568 101
977 542 1006 568 51
1024 556 1056 561 —
1070 542 1156 574 Cives,
1170 544 1215 576 qui
1229 544 1340 570 oderant
1353 545 1423 571 Chri-

778 589 857 620 stum,
877 590 937 612 sunt
965 587 1068 620 ludaei,
1096 588 1142 620 qui
1170 588 1259 620 potius
1282 588 1422 615 debuerint

778 638 839 657 eum
859 631 970 663 diligere
990 631 1040 657 479
1061 632 1089 657 21
1113 645 1149 651 -
1168 632 1194 657 in
1214 632 1324 664 regione
1349 633 1421 659 dissi-

778 675 933 701 militudinis
949 678 975 701 et
988 676 1088 708 peccati
1101 679 1141 702 est
1159 676 1201 702 ille
1215 677 1261 710 qui
1276 677 1301 702 in
1313 681 1421 708 peccato

778 719 940 746 mansionem
969 723 1125 752 perpetuam
1155 721 1292 746 collocavit
1316 721 1367 747 392
1388 722 1420 746 27

776 779 812 782 -
831 764 899 790 inter
918 765 967 790 hos
980 765 1052 790 cives
1064 772 1133 791 unus
1152 768 1177 790 et
1190 765 1293 797 primus
1312 768 1350 791 est
1364 766 1421 797 ipse

776 808 898 835 diabolus
925 808 988 836 ibid.
1006 823 1042 828 —
1067 816 1135 835 unus
1160 813 1199 835 est
1226 810 1272 843 qui
1299 810 1420 842 concupi-

776 854 881 880 scentiis
893 854 1002 879 terrenis
1016 854 1109 879 merito
1120 854 1257 886 pravitatis
1269 861 1332 880 suae
1347 861 1420 887 prae-

775 898 890 931 positus,
909 898 1033 931 princeps
1047 898 1137 925 mundi
1158 901 1267 924 vocatur
1286 898 1348 925 ibid.

828 942 932 969 Clvl'l‘AS
951 957 986 962 —
1005 943 1135 975 significat
1157 943 1247 969 sedem
1271 943 1418 975 potentium

775 987 808 1013 Vl
831 987 879 1013 144
900 995 926 1013 v.
945 987 979 1013 24
992 1002 1027 1006 ——
1041 991 1080 1013 est
1096 987 1212 1013 mundus
1226 987 1277 1013 572
1293 988 1308 1013 3
1323 1002 1357 1006 —-
1371 988 1419 1013 Per

775 1032 908 1058 civitatem
941 1032 1093 1064 intelligitur
1121 1032 1232 1058 Ecclesia
1259 1032 1294 1057 78
1320 1039 1346 1057 v.
1376 1032 1419 1058 15.

776 1076 818 1102 Vll
837 1075 888 1101 543
911 1076 944 1102 15
963 1091 998 1095 -
1018 1077 1130 1102 Ecclesia
1158 1080 1197 1102 est
1219 1076 1312 1102 civitas
1335 1083 1417 1108 parva

774 1127 821 1153 per
841 1120 1015 1147 humilitatem
1035 1121 1068 1146 Vl
1088 1121 1122 1146 78
1149 1128 1174 1146 v.
1197 1121 1229 1147 Ι15
1249 1135 1284 1140 —-
1302 1121 1351 1146 Per
1375 1121 1418 1146 de-

773 1171 831 1190 cem
855 1165 973 1191 civitates
993 1166 1171 1198 intelliguntur
1189 1166 1293 1191 animae
1318 1164 1418 1190 beatifi-

773 1213 847 1235 catae
859 1213 904 1235 aut
917 1217 965 1242 per
978 1210 1060 1236 verba
1074 1210 1151 1242 Legis
1164 1210 1197 1236 ad
1211 1210 1322 1242 gratiam
1337 1210 1418 1235 Evan-

774 1254 832 1285 gelii
853 1254 1038 1286 pervenientes
1058 1255 1101 1280 Vll
1122 1254 1172 1280 482
1194 1255 1227 1279 28

826 1313 862 1317 ——-
881 1299 1032 1324 Secundum
1047 1298 1257 1324 convenientiam
1275 1298 1299 1323 in
1313 1297 1417 1330 legibus

772 1346 798 1369 et
816 1343 936 1369 moribus
956 1343 1072 1369 consistit
1091 1343 1176 1369 unitas
1190 1343 1302 1368 civitatis
1322 1343 1355 1368 Vl
1369 1343 1384 1368 3
1403 1344 1410 1368 1

772 1401 807 1406 -
826 1388 862 1413 Ex
886 1394 977 1413 amore
1006 1388 1120 1413 caritatis
1147 1390 1172 1412 ct
1191 1387 1305 1413 libidinis
1333 1387 1416 1413 oritur

771 1432 864 1458 civitas
883 1432 1022 1458 ierusalem
1042 1435 1067 1458 et
1086 1431 1226 1463 Babylonis
1246 1430 1308 1457 ibid.

827 1490 858 1495 ——
879 1477 1000 1509 Egressio
1013 1477 1047 1502 de
1067 1476 1170 1502 cit'itate
1183 1476 1313 1507 signiflcat
1327 1483 1415 1508 egres-

771 1528 830 1546 sum
851 1521 920 1547 vitae
939 1521 1080 1547 saecularis
1099 1524 1125 1546 et
1144 1520 1293 1552 ingressum
1314 1520 1415 1552 religio-

771 1565 811 1591 nis
830 1566 872 1591 Vll
903 1566 949 1591 -11-’1
983 1566 1016 1591 93
1038 1579 1070 1583 —
1093 1565 1141 1598 Qui
1170 1565 1262 1590 volunt
1290 1565 1379 1591 doceri
1400 1572 1413 1590 a

770 1609 870 1636 Christr·
893 1609 990 1636 debent
1015 1610 1163 1642 relinquere
1188 1609 1298 1635 civitatis
1318 1610 1415 1635 tumul-

771 1657 826 1680 tum
848 1654 881 1680 Vl
901 1653 953 1680 297
973 1654 1006 1679 50

824 1698 927 1724 Cimon
947 1713 982 1718 —
1007 1701 1045 1724 est
1071 1698 1247 1730 impatientiae
1266 1701 1292 1724 et
1310 1702 1413 1724 conten-

770 1743 848 1769 tionis
871 1746 897 1769 et
918 1744 1018 1769 clamor
1031 1743 1187 1768 affectuosae
1210 1743 1413 1775 praedicationis

770 1788 802 1813 Vl
831 1787 883 1813 348
914 1787 946 1813 44
968 1801 1000 1805 —-
1026 1787 1066 1812 Ad
1094 1787 1239 1812 orationem
1268 1788 1411 1813 clamosam

768 1832 862 1857 stultus
881 1838 933 1857 non
958 1831 1067 1857 attendit
1085 1830 1119 1856 79
1147 1838 1173 1856 v.
1201 1831 1233 1856 17
1254 1845 1287 1850 —
1306 1835 1412 1858 sanctae

769 1875 971 1908 praedicationis
990 1875 1082 1901 excitat
1102 1875 1152 1900 588
1173 1883 1198 1900 v.
1220 1876 1248 1901 tt

822 1919 946 1947 Ctxntrxs
964 1933 999 1939 —-
1018 1922 1057 1945 est
1076 1919 1125 1945 dos
1144 1923 1274 1952 quantum
1298 1921 1332 1946 ad
1351 1920 1412 1946 sub-

768 1964 889 1990 stantiam
910 1964 1027 1996 corporis
1047 1963 1079 1989 Vl
1096 1964 1147 1989 127
1161 1971 1188 1989 v.
1207 1964 1223 1989 7
1238 1978 1272 1982 —
1285 1967 1324 1990 cst
1338 1972 1410 1997 prac-

769 2009 846 2041 cipua
866 2009 915 2034 dos
934 2008 1127 2040 resurgentium
1142 2008 1186 2034 Vll
1206 2009 1257 2034 233
1278 2009 1306 2035 51
1331 2024 1366 2028 -
1385 2010 1409 2035 in

769 2054 850 2085 gloria
870 2056 908 2079 est
927 2053 1017 2084 dispar
1036 2052 1070 2077 Vl
1091 2052 1142 2078 477
1162 2052 1195 2078 46

821 2111 857 2117 -
877 2098 946 2123 Deus
966 2104 1017 2122 non
1030 2097 1187 2123 clarificatur
1207 2097 1231 2122 in
1245 2104 1289 2129 se,
1303 2097 1348 2123 sed
1363 2105 1410 2130 per

768 2142 1003 2168 manifestationem
1033 2141 1133 2173 gloriae
1161 2148 1224 2167 suae
1250 2142 1282 2166 Vt
1303 2142 1354 2167 528
1376 2142 1409 2167 49

767 2201 802 2206 -
822 2187 891 2212 Deus
910 2186 1066 2212 clarificatur
1085 2186 1110 2211 in
1137 2186 1244 2211 homine
1263 2193 1338 2212 suam
1358 2187 1408 2212 cla-

767 2231 869 2257 ritatem
889 2230 987 2255 homini
1017 2230 1173 2262 revelando,
1193 2237 1240 2262 per
1260 2231 1408 2261 hominem,

767 2282 828 2300 cum
848 2281 895 2306 per
921 2274 992 2300 illum
1012 2274 1069 2299 aliis
1095 2275 1261 2306 propalatut·;
1285 2275 1332 2300 sed
1355 2282 1407 2300 non

767 2319 922 2344 clarificatur
935 2318 969 2343 ab
982 2318 1087 2343 homine
1107 2321 1135 2344 ut
1148 2318 1226 2344 dante
1239 2319 1281 2344 vel
1294 2323 1408 2351 augente

768 2363 814 2388 Dei
834 2362 945 2394 gloriam
966 2362 1017 2386 3l8
1037 2362 1070 2387 80
1084 2376 1119 2381 -
1132 2362 1237 2388 Homini
1257 2363 1323 2389 iusto
1339 2370 1407 2388 com-

768 2406 916 2431 municatur
936 2406 1038 2431 claritas
1062 2406 1219 2438 sapientiae,
1239 2407 1351 2440 gratiae,
1372 2408 1407 2432 fa-

768 2457 827 2475 mae
847 2452 872 2475 et
892 2449 990 2481 gloriae
1009 2450 1056 2475 611
1082 2450 1097 2476 4

820 2493 935 2519 CLAunus
954 2507 989 2513 —
1007 2494 1127 2526 designat
1140 2495 1365 2530 deordinationem
1380 2495 1405 2519 in

767 2537 953 2570 prosequendo
973 2538 1015 2563 Vll
1036 2538 1087 2564 177
1108 2539 1140 2564 46
1159 2553 1195 2558 -
1213 2542 1273 2565 sunt
1289 2539 1335 2571 qui
1349 2545 1406 2570 pcc-

765 2585 824 2608 cant
844 2589 890 2613 per
910 2582 1088 2613 impotentiam
1109 2583 1141 2608 Vl
1166 2584 1218 2609 305
1242 2583 1274 2608 tt
1293 2596 1329 2602 —
1348 2589 1406 2614 pec-

765 2628 824 2651 cant
838 2632 886 2657 per
901 2626 1078 2658 impotentiam
1093 2627 1143 2652 560
1158 2634 1183 2652 v.
1198 2628 1213 2652 3
1230 2627 1238 2652 1
1257 2640 1292 2646 -
1306 2626 1406 2652 Claudi-

764 2670 831 2696 catio
850 2673 889 2696 est
908 2670 1064 2696 inordinatio
1085 2671 1111 2696 in
1131 2672 1223 2697 etl‘ectu
1244 2669 1277 2696 ib.
1300 2671 1315 2696 2

817 2714 967 2741 (ΖιΑυετιωΜ
981 2729 1015 2734 -
1028 2718 1066 2740 cst
1081 2718 1294 2745 monumentum,
1314 2714 1337 2740 in
1351 2721 1405 2747 quo

764 2760 844 2785 bomo
863 2759 1004 2790 spiritualis
1023 2759 1102 2785 debet
1120 2759 1224 2791 sepeliri
1249 2759 1279 2784 Vl
1300 2759 1351 2783 619
1375 2759 1381 2782 1

817 2802 962 2829 ΟιΑυευηΑε
975 2817 1010 2822 -—·
1022 2804 1162 2830 exteriores
1176 2802 1333 2829 conveniunt
1347 2809 1405 2828 con-

764 2847 922 2878 templativis
941 2847 974 2873 Vl
995 2848 1027 2872 22
1047 2855 1074 2872 ν.
1094 2848 1108 2872 8

817 2890 906 2917 ctu-is
925 2906 960 2909 —
979 2894 1048 2916 errat
1067 2894 1092 2916 ct
1110 2898 1160 2916 non
1180 2890 1278 2922 aperit,
1297 2890 1404 2922 quando

765 2935 841 2960 solvit
859 2935 932 2968 quod
951 2935 1021 2960 Deus
1044 2942 1095 2960 non
1115 2934 1271 2965 vivificavit,
1297 2934 1339 2959 vel
1359 2934 1404 2959 mi-

765 2986 816 3005 nus
826 2979 897 3011 ligat,
910 2986 990 3012 quam
1010 2979 1043 3004 sit
1055 2978 1190 3010 ligandum
1211 2978 1242 3003 Vl
1257 2977 1308 3003 514
1329 2978 1362 3003 49
1376 2977 1404 3003 3*

765 3037 800 3043 -
820 3024 934 3049 Potestas
953 3023 1067 3048 clavium
1087 3023 1146 3048 data
1166 3022 1296 3053 Apostolis
1316 3022 1347 3047 ad
1368 3022 1404 3047 di-

766 3068 892 3093 mittenda
912 3070 1017 3099 peccata
1038 3067 1088 3092 513
1111 3066 1151 3091 43.
1172 3066 1214 3091 Vll
1235 3066 1285 3090 170
1306 3066 1338 3091 18

819 3112 962 3138 cinaeum
982 3125 1018 3130 —
1036 3110 1194 3137 Clementiae
1213 3109 1303 3135 dulcor
1325 3109 1404 3135 debet

766 3162 823 3181 esse
842 3159 963 3187 respectu
983 3159 1091 3181 naturae
1112 3155 1152 3179 Vll
1173 3153 1224 3180 242
1244 3155 1272 3179 81
1296 3167 1332 3173 -—
1354 3155 1403 3186 Qui

765 3199 862 3231 refugit
884 3200 969 3231 legem
997 3199 1149 3225 clementiae
1168 3198 1236 3223 cadit
1265 3198 1290 3223 ln
1317 3198 1402 3230 legem

766 3243 876 3269 iustitiae
896 3244 942 3269 281
969 3244 1001 3269 15
1021 3257 1055 3262 --
1075 3242 1216 3275 requiritur
1238 3242 1263 3267 in
1290 3242 1404 3274 praelato

766 3287 798 3313 Vl
819 3287 869 3312 578
890 3288 906 3313 5
927 3301 960 3305 -
979 3294 1046 3320 quae
1060 3286 1208 3312 attribuitur
1227 3286 1333 3318 Spiritui
1347 3293 1404 3311 san-

766 3334 807 3356 cto
826 3331 913 3356 omnia
934 3333 1071 3357 conservat
1092 3331 1141 3356 182
1161 3337 1187 3355 v.
1207 3330 1234 3356 21

2040 203 2104 234 719

1755 242 1817 269 COE

1517 282 1638 310 thnteus
1657 300 1691 304 —
1716 293 1767 312 non
1793 286 1872 313 debet
1896 295 1987 320 gerere
2007 289 2103 316 beilum

1465 327 1506 352 Vll
1535 328 1568 352 77
1598 329 1631 354 34
1661 343 1694 347 -
1719 329 1809 355 Clerici
1839 331 1968 358 Christum
1993 335 2016 358 in
2041 335 2105 360 Scri-

1463 371 1546 401 pturis
1566 376 1714 403 agnoscunt
1726 377 1751 399 et
1763 374 1883 400 manibus
1898 380 2056 403 contrectant
2076 378 2099 403 in

1463 415 1652 446 sacramentis,
1671 420 1697 442 et
1723 420 1809 443 tamen
1837 419 1923 445 minus
1942 421 2053 446 credunt
2079 427 2105 447 et

1461 462 1622 485 venerantur
1641 467 1721 492 quam
1742 462 1864 487 mulleres
1877 467 1901 488 et
1921 464 1976 489 laici
1998 466 2048 490 299
2068 467 2102 491 69

1460 516 1495 520 —
1515 502 1608 529 Clerici
1621 504 1718 531 debent
1731 508 1900 538 suppeditare
1920 516 2036 534 amorem
2053 511 2103 541 pri·

1461 548 1536 571 vatae
1556 548 1718 574 excellentiae
1738 551 1789 575 550
1811 552 1843 576 37

1512 604 1547 608 -
1566 590 1684 618 Christus
1704 594 1816 620 maxime
1832 595 1964 621 damnabit
1986 597 2009 621 in
2030 599 2103 623 cleri-

1459 633 1496 658 cis
1522 635 1658 660 avaritiam
1683 640 1707 662 et
1734 639 1868 669 potissime
1893 640 2029 665 simoniam
2058 642 2100 667 Vtt

1460 677 1509 702 498
1530 679 1564 703 70
1584 693 1619 697 -
1645 681 1728 712 Magni
1757 683 1858 714 clerici,
1886 691 1945 709 cum
1977 692 2028 710 non
2056 687 2100 710 lia-

1458 721 1521 747 bent
1549 723 1621 755 quod
1655 725 1758 757 volunt,
1786 727 1902 753 facillime
1928 728 2096 760 indignantur

1458 765 1490 790 Vl
1511 766 1544 790 19
1564 774 1590 792 v.
1612 768 1643 792 vi8
1657 782 1692 787 —
1706 770 1760 795 Non
1775 770 1850 796 decet
1869 772 1991 797 clericum
2011 774 2098 798 vestiri

1457 812 1485 835 ut
1504 811 1640 837 mulierem
1661 813 1702 838 vel
1723 817 1750 838 ut
1763 814 1914 840 histrionem
1937 816 1977 841 Vll
1996 816 2045 841 416
2067 818 2099 842 38

1509 853 1618 881 (ἶοΛετιο
1639 870 1672 874 ——
1691 858 1801 883 exterior
1815 859 1963 885 violentiam
1979 861 2050 892 ponit
2064 861 2097 887 Vl

1457 898 1503 923 331
1528 898 1562 924 79
1584 900 1612 924 ‘l'

1509 942 1606 969 Coccus
1617 958 1651 963 -—
1663 944 1803 977 deputatus
1816 950 1854 972 est
1864 947 1897 972 ab
1909 947 2032 974 Hebraeis
2046 949 2099 980 igni

1457 990 1482 1011 et
1501 988 1601 1013 aetheri
1622 988 1654 1014 Vl
1674 989 1725 1014 227
1746 997 1772 1015 v.
1792 991 1824 1016 24

1511 1030 1594 1057 Ceam
1614 1046 1650 1051 ——
1675 1034 1723 1059 erit
1750 1034 1774 1060 in
1804 1037 1887 1061 futura
1909 1038 2099 1063 resurrectione

1457 1075 1488 1100 Vl
1509 1075 1559 1100 523
1580 1077 1613 1101 22
1635 1091 1667 1096 -
1687 1081 1726 1104 est
1746 1079 1769 1104 in
1784 1080 1864 1111 gioria
1880 1080 1931 1106 545
1946 1081 1960 1105 3
1975 1095 2009 1100 —
2023 1089 2099 1113 prac-

1456 1122 1545 1151 parata
1565 1127 1578 1145 a
1599 1120 1701 1148 Christo
1721 1126 1759 1149 cst
1778 1125 1883 1150 refectio
1903 1129 2016 1158 aeterna,
2029 1133 2101 1152 sum-

1455 1170 1497 1188 ma
1516 1167 1541 1189 et
1562 1165 1649 1191 ultima
1670 1166 1714 1192 Vll
1735 1167 1785 1192 370
1810 1169 1843 1193 36
1863 1183 1897 1187 —-
1919 1176 2012 1201 magna
2034 1170 2097 1196 dici-

1455 1211 1505 1240 tur,
1535 1210 1597 1242 quia
1618 1210 1816 1238 inaestimabilis
1844 1216 1868 1238 et
1899 1214 2098 1241 interminabilis

1455 1251 1516 1278 ibid.
1531 1268 1566 1271 —
1580 1254 1617 1280 Ad
1635 1256 1702 1281 hanc
1722 1263 1830 1282 coenam
1858 1258 1930 1283 multi
1954 1262 2015 1284 sunt
2034 1259 2098 1284 invi-

1456 1298 1500 1323 tati
1520 1305 1567 1330 per
1587 1299 1680 1331 fidem,
1694 1300 1740 1326 sed
1754 1302 1831 1333 pauci
1849 1302 1920 1328 electi
1940 1307 2047 1335 propter
2060 1311 2097 1329 se-

1453 1342 1590 1368 veritatem
1620 1344 1708 1370 iudicii
1737 1344 1770 1371 ib.
1798 1346 1831 1371 37
1862 1360 1898 1365 -—
1927 1347 1994 1373 Hora
2021 1348 2098 1374 liqus

1453 1393 1550 1412 coenae
1570 1390 1608 1413 est
1638 1388 1697 1414 finis
1724 1391 1836 1421 saeculi,
1860 1392 1908 1416 hoc
1935 1396 1974 1417 est
1994 1395 2097 1424 tempus

1453 1434 1539 1456 sextae
1558 1433 1650 1458 aetatis
1669 1432 1703 1460 ib.
1718 1434 1750 1459 38
1765 1449 1799 1453 —
1818 1435 1857 1460 Ad
1876 1442 1983 1461 coenam
1998 1436 2100 1468 praedi-

1452 1479 1554 1501 catores
1574 1476 1681 1503 invitant
1709 1485 1755 1510 per
1781 1479 1910 1505 internum
1937 1480 2097 1506 desiderium

1453 1523 1478 1545 et
1497 1520 1665 1547 devotionem
1686 1521 1747 1548 ibid.

1508 1579 1541 1583 —
1561 1566 1600 1591 Ad
1620 1573 1730 1592 coenam
1751 1568 1862 1593 excitant
1887 1575 1933 1600 per
1949 1568 2097 1594 considera-

1453 1609 1550 1635 tionem
1571 1611 1750 1642 praemiorum
1773 1613 1814 1637 Vll
1835 1613 1880 1638 37l
1907 1614 1938 1638 39
1958 1627 1993 1632 -
2012 1614 2097 1644 repul-

1452 1654 1488 1680 sis
1507 1655 1644 1687 superbis,
1664 1660 1832 1688 acceptantur
1857 1658 1967 1682 humiles
1990 1657 2041 1683 373
2063 1657 2095 1683 45

1452 1713 1487 1717 ——
1507 1699 1548 1725 Ad
1567 1707 1676 1725 coenam
1697 1701 1782 1726 nullus
1801 1702 1924 1733 pertingit
1945 1702 1992 1726 nisi
2007 1702 2094 1727 humi-

1453 1744 1483 1768 lis
1503 1743 1555 1769 374
1582 1744 1615 1770 50
1639 1758 1674 1764 —
1692 1749 1842 1771 reservatur
1865 1745 2017 1771 timentibus
2043 1746 2094 1771 Do-

1450 1788 1550 1814 minum
1575 1787 1684 1815 ibid.—
1703 1789 1742 1815 Ab
1763 1791 1811 1815 hac
1831 1796 1911 1815 coena
1931 1790 2091 1821 repelluntur

1449 1832 1557 1864 superbi
1578 1833 1631 1858 375
1651 1833 1684 1858 50

1502 1891 1537 1895 —
1557 1877 1648 1909 triplex
1677 1880 1784 1909 paratur
1803 1878 1828 1903 in
1848 1878 1940 1909 triplici
1966 1879 2088 1909 paschate

1450 1921 1481 1946 Vl
1502 1921 1554 1947 597
1574 1922 1589 1946 2
1610 1935 1643 1940 —
1662 1922 1804 1953 spiritualis
1817 1925 1924 1953 paratur
1943 1929 1990 1953 per
2009 1923 2090 1952 gerni-

1449 1968 1503 1990 tum
1524 1966 1732 1997 compunctionis
1753 1965 1867 1991 internae
1886 1966 1927 1990 Vll
1943 1965 1987 1990 431
2009 1966 2041 1990 19
2056 1980 2089 1984 -

1448 2010 1547 2041 gratiae
1567 2012 1674 2041 paratur
1703 2009 1808 2034 interius
1838 2009 1862 2034 in
1891 2010 2004 2034 thalamo
2030 2016 2089 2035 con-

1447 2054 1578 2085 scientiae,
1597 2053 1768 2079 eucharistiae
1793 2053 1904 2078 exterius
1924 2053 1949 2078 in
1970 2053 2089 2078 taberna-

1447 2099 1506 2123 culo
1526 2098 1668 2128 Ecclesiae,
1688 2097 1785 2129 gloriae
1805 2098 1926 2129 superius
1947 2098 1971 2122 in
1991 2098 2087 2129 palatio

1448 2142 1547 2174 gloriae
1577 2142 1609 2167 vt
1638 2141 1689 2166 597
1713 2143 1720 2166 1
1744 2155 1779 2159 -
1799 2141 1897 2173 gratiae
1917 2142 2029 2173 pertinet
2055 2143 2088 2168 ad

1446 2186 1614 2218 incipientes,
1643 2185 1815 2211 eucharistiae
1843 2186 1877 2210 ad
1906 2186 2086 2217 proficientes,

1447 2230 1546 2262 gloriae
1566 2230 1598 2255 ad
1619 2229 1801 2261 pervenientes
1824 2228 1884 2254 ibid.
1904 2243 1939 2248 —
1958 2231 1984 2255 ln
2004 2236 2087 2256 coena

1446 2274 1544 2306 gratiae
1573 2275 1652 2298 homo
1672 2272 1750 2298 debet
1770 2280 1867 2305 ponere
1886 2273 1920 2299 de
1939 2280 1987 2299 suo
2006 2281 2086 2305 opera

1446 2319 1587 2348 virtutum,
1607 2317 1724 2343 Christus
1744 2318 1776 2343 de
1795 2324 1844 2343 suo
1857 2317 1926 2343 dona
1941 2319 2086 2350 gratiarum

1444 2361 1505 2388 ibid.

1497 2405 1664 2432 Coi-:Naeuium
1684 2420 1718 2424 --
1738 2406 1785 2431 Per
1804 2407 1976 2432 coenaculum
2000 2407 2086 2433 intelli-

1446 2450 1515 2481 gitur
1534 2450 1621 2475 anima
1640 2453 1729 2475 sancta
1750 2450 1793 2475 Vll
1813 2451 1863 2476 543
1890 2451 1919 2477 15

1496 2493 1630 2519 Cominio
1649 2507 1684 2513 -—
1703 2493 1879 2526 Cogitationes
1908 2499 1967 2521 sunt
1993 2496 2085 2521 intelle·

1443 2538 1528 2563 ctivae
1547 2538 1634 2564 cordis
1653 2541 1678 2563 et
1701 2539 1890 2565 memorativae
1919 2540 2012 2565 mentis
2042 2540 2084 2565 Vll

1444 2581 1495 2607 267
1516 2581 1548 2607 48
1568 2595 1604 2601 -
1623 2582 1798 2608 immittuntur
1821 2583 1845 2608 in
1866 2590 1911 2609 cor
1930 2590 1944 2608 a
1964 2583 2084 2609 sensibus

1445 2626 1476 2651 Vl
1496 2626 1548 2651 585
1569 2626 1578 2650 1

1496 2684 1532 2689 -
1557 2670 1687 2702 significat
1715 2678 1794 2703 opera
1823 2672 1944 2697 interiora
1974 2672 2006 2696 vt
2035 2671 2083 2696 143

1442 2721 1468 2739 v.
1489 2714 1504 2739 4
1523 2727 1559 2733 -
1577 2715 1709 2740 delectans
1728 2719 1895 2747 comparatur
1913 2716 2003 2740 ovium
2017 2722 2082 2740 sono

1442 2758 1518 2783 suavi
1538 2759 1584 2784 221
1609 2765 1635 2783 v.
1656 2759 1687 2784 18
1702 2772 1737 2778 -
1750 2759 1924 2791 Cogitandum
1939 2762 1977 2784 est
1990 2759 2023 2784 dc
2038 2759 2082 2783 Sa-

1443 2802 1539 2833 pientia
1559 2809 1611 2828 non
1630 2803 1743 2834 simplici
1764 2803 1936 2834 cogitatione,
1956 2803 2002 2828 scd
2024 2803 2083 2827 affc-

1442 2846 1509 2872 ctiva
1533 2847 1580 2872 148
1601 2853 1626 2871 v.
1649 2847 1679 2872 16
1700 2861 1735 2865 -
1754 2846 1822 2872 bona
1844 2846 1921 2873 habet
1940 2847 2030 2872 merita
2045 2846 2073 2871 71

1442 2897 1468 2915 v.
1489 2890 1498 2914 i
1523 2903 1558 2910 —
1577 2897 1669 2916 omnes
1687 2894 1747 2916 sunt
1773 2891 1797 2915 in
1823 2891 1904 2915 Deum
1929 2890 2082 2915 referendae

1442 2940 1489 2965 per
1508 2934 1676 2960 dilectionem
1698 2935 1738 2959 Vll
1759 2934 1810 2959 267
1831 2933 1862 2958 48
1883 2947 1917 2952 -
1936 2937 1994 2958 sunt
2009 2934 2082 2959 recti-

1442 2978 1560 3003 sicandac
1578 2978 1612 3003 72
1634 2978 1661 3003 11

1495 3037 1529 3040 -
1544 3022 1610 3048 mala
1625 3021 1659 3047 ab
1673 3022 1778 3047 homine
1791 3024 1842 3052 cst,
1856 3021 1902 3046 sed
1916 3021 1984 3046 bona
1998 3028 2013 3046 a
2028 3021 2080 3047 Deo

1442 3066 1474 3091 Vl
1495 3066 1546 3091 228
1567 3073 1592 3091 ν,
1614 3066 1628 3090 3
1654 3079 1689 3084 -
1708 3065 1774 3090 mala
1795 3065 1920 3096 pervertit
1947 3066 2080 3091 hominem

1442 3110 1474 3135 18
1495 3117 1521 3135 ν.
1543 3109 1573 3134 15
1593 3122 1628 3128 -
1647 3108 1821 3140 Cogitationes
1850 3115 1990 3140 perversae
2019 3110 2079 3135 fidei

1441 3157 1466 3179 et
1485 3160 1589 3179 morum
1617 3155 1739 3184 separant
1767 3159 1780 3177 a
1811 3152 1863 3177 Deo
1893 3153 1943 3178 112
1964 3160 1988 3178 v.
2010 3154 2024 3178 3
2045 3168 2079 3172 —

1440 3197 1614 3228 Cogitationes
1634 3197 1658 3221 in
1678 3196 1746 3221 malo
1764 3196 1900 3222 induratae
1919 3200 1978 3223 sunt
1998 3197 2080 3223 insen-

1441 3244 1511 3267 satae
1534 3241 1581 3265 180
1602 3247 1628 3265 v.
1650 3240 1681 3265 16

1493 3298 1529 3303 -
1547 3284 1641 3316 ligatur
1666 3290 1714 3316 per
1738 3288 1891 3316 peccatum,
1910 3287 1937 3310 ut
1957 3288 2080 3316 peccator

1441 3335 1493 3354 non
1513 3328 1597 3354 valeat
1616 3328 1649 3354 de
1668 3328 1722 3354 Deo
1735 3329 1879 3361 recogitare
1894 3328 1926 3354 Vl
1939 3328 1990 3354 593
2004 3335 2031 3353 v.
2044 3327 2079 3353 44
