2476 3921
162 758 277 779 Difficultas

167 785 262 806 solvitur.

161 1180 191 1201 De
207 1181 276 1202 tertio.

148 1818 277 1839 Notandum.

138 2348 244 2372 Secundo.
260 2348 286 2370 de

148 2374 278 2396 sublimitate

161 2402 268 2427 potentiae

153 2430 238 2449 ostensa
253 2434 277 2450 ex

180 2454 255 2475 tribus.

300 242 363 273 210

299 329 375 361 illud
400 325 601 359 Ecclesiastici
625 327 738 366 quarto
753 323 782 354 ¹:
804 335 819 350 α
838 322 1035 364 Rogationem
1054 320 1255 353 contribulati

299 391 336 413 ne
360 380 531 412 abiicias».
565 378 639 410 Hinc
671 380 735 414 est,
768 375 851 417 quod
883 375 1036 407 Dominus
1062 383 1123 406 non
1148 381 1255 415 repre-

299 433 406 466 hendit
437 432 532 464 istum
565 430 618 472 qui
652 429 799 470 rogabat,
832 427 917 469 quod
944 427 1004 459 iret
1039 426 1077 459 ad
1108 426 1255 464 domum,

298 487 378 519 sicut
403 484 565 526 regulum,
591 482 712 515 loannis
739 484 872 523 quart0;
897 481 972 522 quia
996 480 1126 522 regulus
1149 478 1256 511 crede-

297 540 366 577 bat,
391 537 475 580 quod
498 536 596 578 magis
620 538 724 579 posset
748 534 908 566 infirmum
933 542 1043 566 sanare
1060 541 1154 574 quam
1172 540 1257 563 mor-

298 596 387 624 tuum
419 590 589 627 suscitare,
621 587 705 620 unde
735 586 837 619 dixit:
872 586 1052 624 «Domine,
1085 584 1255 622 descende,

297 645 481 686 priusquam
507 642 662 674 moriatur
686 641 771 673 filius
793 648 884 672 meus
901 652 931 670 ».
956 639 1009 671 Hic
1032 641 1138 670 autem
1155 637 1255 670 credi—

297 698 358 735 dit,
383 696 466 738 quod
490 704 590 737 aeque
614 695 693 727 bene
716 696 821 735 posset
844 701 940 734 super
964 694 1155 733 utrumque,
1172 690 1255 723 unde

296 751 391 783 tiliam
407 758 495 782 suam
513 748 601 791 quasi
619 750 776 780 mortuam
794 746 969 788 reputabat.
983 764 1027 769 -
1039 745 1075 777 Et
1090 744 1159 777 ideo
1176 743 1256 776 alius

298 803 508 845 Evangelista,
533 802 650 835 scilicet
672 800 888 838 Matthaeus2,
913 799 1084 831 introducit
1107 806 1179 830 eum
1205 806 1256 829 ro-

296 860 420 899 gantem
445 865 502 897 pro
526 858 669 893 mortua,
694 854 765 886 licet
789 852 962 885 secundum
989 852 1103 884 Lucam
1129 853 1160 883 et
1175 851 1255 882 Mar—

297 918 369 942 cum
393 908 511 950 aliquid
536 910 716 949 superesset
739 906 777 938 de
802 906 874 938 vita.
900 905 985 937 Unde
1009 904 1203 946 Augustinus
1218 903 1256 935 de

295 962 467 995 Concordia
491 960 758 1003 Evangelistarum
782 958 874 997 dicit,
899 957 982 999 quod
1006 958 1129 989 Marcus
1150 959 1181 989 et
1197 957 1256 988 Lu-

296 1025 347 1049 cas
370 1018 597 1057 expresserunt
628 1013 779 1055 principis
807 1012 957 1049 verbum,
982 1011 1157 1042 Matthaeus
1181 1018 1257 1042 vero

296 1070 488 1102 intellectum
513 1067 687 1109 expressit,
713 1066 788 1108 quia
811 1074 878 1097 eam
904 1067 1061 1097 mortuam
1079 1063 1256 1104 reputabat.

385 1123 437 1154 77.
462 1120 567 1153 Tertio
591 1122 746 1161 quantum
775 1118 813 1150 ad
845 1117 1040 1150 comitatum
1075 1116 1257 1148 benevolen-

297 1175 361 1207 tiae
384 1173 515 1216 factum
548 1183 570 1205 a
600 1171 812 1204 multitudine
844 1170 1013 1203 subditur:
1040 1170 1080 1201 Et
1103 1168 1256 1211 contigit,

296 1229 378 1261 dum
411 1228 490 1266 iret,
523 1236 545 1259 a
577 1225 684 1258 turbis
708 1223 1011 1266 comprimebantur,-
1035 1223 1184 1265 quoniam
1216 1231 1257 1254 ex

296 1282 413 1314 amoris
428 1280 541 1313 affectu
558 1288 667 1312 omnes
683 1278 828 1311 volebant
845 1277 1025 1318 contingere
1041 1276 1161 1317 ipsum,
1178 1275 1260 1308 sicut

297 1344 394 1377 supra
418 1333 556 1367 sexto³z
586 1345 601 1360 α
618 1332 726 1364 Omnis
757 1331 853 1363 turba
883 1330 1056 1372 quaerebat
1086 1338 1159 1362 eum
1191 1332 1259 1361 tan-

297 1398 371 1430 gere
387 1401 418 1419 ».
444 1388 476 1419 ln
501 1387 561 1419 hoc
584 1386 676 1419 etiam
704 1394 795 1417 versa
819 1384 886 1416 vice
917 1383 1093 1416 ostenditur
1124 1382 1259 1415 benevo-

297 1441 393 1474 lentia
417 1439 603 1477 Salvatoris;
628 1438 682 1481 qui
707 1438 800 1470 etiam
824 1446 842 1469 a
866 1436 1067 1469 multitudine
1091 1436 1160 1468 vult
1175 1444 1259 1468 com-

298 1494 408 1537 primi,
440 1493 529 1535 quasi
554 1492 677 1525 nullum
702 1501 720 1523 a
744 1500 776 1523 se
802 1490 964 1532 repellens.
996 1489 1063 1531 lpse
1086 1489 1169 1521 enim
1194 1492 1258 1527 est,

297 1548 351 1590 qui
376 1547 457 1580 dicit
488 1546 610 1579 loannis
641 1545 778 1578 sexto⁴z
809 1557 824 1572 «
840 1543 963 1581 Omnis,
988 1542 1043 1584 qui
1068 1542 1190 1575 venerit
1220 1541 1259 1574 ad

298 1610 364 1639 me,
389 1609 450 1632 non
476 1599 597 1632 eiiciam
621 1598 704 1631 foras
722 1610 751 1636 »;
786 1598 869 1639 ipse,
902 1596 956 1639 qui
989 1599 1083 1628 vocat
1114 1595 1257 1628 Matthaei

298 1653 484 1686 undecimo:
514 1665 529 1681 «
546 1652 656 1684 Venite
679 1651 718 1683 ad
742 1660 809 1689 me,
834 1659 960 1688 omnes,
984 1649 1037 1691 qui
1056 1649 1205 1681 laboratis
1229 1652 1260 1681 et

297 1706 418 1739 onerati
442 1706 534 1744 estis,
559 1709 589 1737 et
613 1714 670 1747 ego
695 1704 834 1737 reficiam
858 1712 914 1735 vos
931 1715 961 1741 »;
978 1702 1044 1744 ipse
1061 1705 1125 1741 est,
1142 1702 1196 1744 qui
1214 1702 1261 1734 ad

298 1760 420 1793 ostium
451 1759 589 1802 pulsat,-
625 1758 822 1799 Apocalypsis
858 1757 971 1789 tertio:
1011 1769 1026 1785 «
1047 1756 1109 1798 Ego
1141 1760 1189 1788 sto
1220 1755 1258 1788 ad

298 1815 413 1847 ostium
437 1817 468 1846 et
491 1813 581 1855 pulso
598 1826 628 1843 ».
654 1812 736 1844 Hanc
757 1810 1021 1852 compressionem
1038 1809 1112 1842 facit
1126 1812 1259 1842 mutuus

298 1877 405 1906 amor,
430 1867 485 1909 qui
509 1870 556 1899 est
580 1866 692 1907 copula
723 1864 857 1897 amantis
880 1867 911 1896 et
934 1863 1046 1901 amati;
1070 1863 1162 1904 quia,
1195 1862 1259 1904 pri-

299 1930 367 1953 mae
391 1920 428 1952 ad
453 1919 631 1952 Corinthios
662 1918 797 1956 sexto⁵‚
827 1930 841 1945 α
859 1917 913 1959 qui
936 1916 1087 1949 adhaeret
1109 1916 1258 1954 Domino,

300 1983 384 2007 unus
408 1973 539 2015 spiritus
563 1975 610 2005 est
626 1984 656 2010 »3
682 1975 712 2004 et
737 1970 857 2003 loannis
881 1970 1000 2004 decimo
1016 1970 1144 2011 quinto:
1167 1981 1183 1997 <t
1198 1969 1260 2000 Ma—

300 2031 371 2060 nete
396 2027 427 2058 in
451 2034 519 2064 me,
543 2028 575 2058 et
598 2034 655 2066 ego
678 2024 710 2056 in
734 2023 823 2055 vobis
840 2036 870 2053 ».
894 2022 980 2055 Unde
997 2021 1155 2064 perfectus
1171 2030 1260 2053 amor

300 2089 362 2112 non
394 2083 441 2112 est
472 2081 638 2111 contentus
661 2077 767 2118 aliquo
791 2085 885 2109 sensu
910 2075 976 2107 sine
1000 2077 1102 2113 tactu;
1130 2077 1260 2116 propter

301 2132 386 2175 quod
409 2132 483 2164 dicit
508 2140 622 2173 sponsa
645 2130 844 2162 Canticorum
870 2128 1018 2170 primo⁶:
1049 2141 1065 2156 ι(
1081 2127 1184 2160 Trahe
1211 2136 1261 2160 me

302 2189 371 2227 post
403 2189 433 2217 te
449 2197 480 2224 »ς
513 2184 660 2217 leremiae
690 2183 850 2225 trigesimo
882 2182 1006 2224 primo:
1037 2194 1052 2209 α
1070 2181 1102 2213 ln
1132 2180 1261 2213 caritate

302 2241 455 2280 perpetua
477 2237 573 2270 dilexi
598 2240 645 2275 te,
670 2235 739 2268 ideo
762 2235 878 2268 attraxi
904 2238 934 2267 te
951 2248 981 2266 ι».

392 2292 443 2324 78.
469 2291 569 2332 (Vers.
595 2290 672 2331 43.)
707 2290 747 2322 Et
776 2288 898 2321 mulier
929 2287 1094 2331 quaedam
1122 2291 1195 2319 erat
1226 2287 1262 2320 in

300 2344 398 2386 fluxu
412 2348 479 2383 etc.
506 2344 673 2385 Postquam
704 2344 829 2374 ostensa
860 2345 907 2374 est
938 2340 1115 2383 praesentia
1145 2340 1261 2372 Christi

301 2397 534 2436 desiderabilis,
559 2395 736 2429 ostenditur
751 2395 897 2437 potentia
913 2394 984 2426 eius
1000 2392 1214 2426 admirabilis
1231 2393 1262 2425 in

302 2451 436 2484 mirabili
461 2450 623 2483 curatione
646 2458 664 2481 a
688 2448 781 2481 fluxu
798 2447 968 2489 sanguinis.
987 2447 1069 2479 Hanc
1085 2449 1190 2478 autem
1208 2455 1262 2478 cu·
1289 2490 1291 2492 .

302 2503 454 2536 rationem
479 2502 614 2535 ostendit
638 2501 833 2543 Evangelista
849 2500 1039 2542 processisse
1063 2508 1103 2531 ex
1127 2498 1262 2531 admira-

886 233 1077 265 COMMENT.
1103 233 1140 265 IN
1163 233 1401 265 EVANGELIUM
1425 233 1542 265 LUCAE
1567 233 1598 264 C.
1624 233 1697 265 Vlll.

1318 319 1372 351 bili
1396 320 1622 361 omnipotentia
1645 322 1713 352 tum
1737 322 1866 361 propter
1890 320 2145 352 diuturnitatem
2168 320 2277 352 morbi

1318 372 1349 404 in
1374 372 1523 410 muliere,
1556 376 1623 405 tum
1657 376 1786 414 propter
1810 372 2106 415 impossibilitatem
2130 373 2277 405 curandi

1319 425 1358 457 ab
1373 428 1441 458 arte
1452 451 1460 464 ,
1478 429 1543 457 tum
1566 429 1695 467 propter
1711 424 1907 468 facilitatem
1924 426 2062 458 remedii
2076 435 2094 458 a
2106 426 2275 458 Salvatore.

1408 478 1512 510 Primo
1524 478 1620 520 igitur
1637 482 1790 520 quantum
1806 478 1845 510 ad
1862 478 2116 510 diuturnitatem
2133 479 2276 510 immun-

1319 531 1381 563 dae
1404 531 1572 572 passionis
1595 531 1627 563 in
1652 531 1784 564 muliere
1808 531 1941 564 dicitur:
1968 532 2008 563 Et
2030 530 2152 563 mulier
2178 541 2277 575 quae-

1319 585 1399 616 dam
1423 589 1497 616 erat
1520 584 1556 616 in
1578 584 1676 626 sluaeu
1699 584 1879 626 sanyuz'nis
1903 584 1944 616 ab
1969 584 2070 616 annis
2094 584 2274 617 duodecim.

1319 638 1398 670 Haec
1422 640 1490 669 erat
1514 637 1676 670 immunda
1700 637 1819 679 passio,
1843 640 1875 670 et
1898 637 1967 669 ideo
1997 646 2069 669 cum
2093 636 2277 670 difficultate

1320 690 1499 732 portabilis;
1524 690 1648 722 Levitici
1673 690 1793 723 decimo
1816 690 1974 732 quint0⁷:
2004 702 2020 717 «
2037 689 2165 729 Mulier,
2197 698 2277 731 quae

1320 744 1438 786 patitur
1451 744 1578 776 fluxum
1594 743 1754 785 sanguinis
1765 769 1772 781 ‚
1790 743 1814 775 si
1832 743 1933 776 fluere
1949 752 2009 775 non
2027 746 2146 782 cessat,
2168 751 2278 784 quam-

1319 797 1374 830 diu
1400 797 1473 829 huic
1496 796 1631 839 passioni
1653 796 1811 834 subiacet,
1828 795 1991 828 immunda
2007 799 2054 828 est
2070 809 2099 827 ι».
2119 795 2190 828 Erat
2205 804 2278 828 cum

1319 850 1503 883 difficultate
1527 849 1674 882 sanabilis
1698 852 1826 891 propter
1849 848 2102 887 adhaerentiam,
2126 848 2201 890 quia
2217 849 2277 881 iam

1320 907 1388 938 erat
1411 903 1601 941 inveterata3
1628 901 1830 935 Ecclesiastici
1854 901 1992 934 decimo:
2015 914 2030 930 «
2047 902 2191 943 Languor
2207 895 2278 943 pro-

1320 956 1415 989 lixior
1438 958 1549 998 gravat
1571 955 1728 988 medicum
1744 968 1774 987 1³.
1801 955 1874 987 Erat
1897 954 1993 996 igitur
2011 954 2093 987 haec*
2103 954 2205 996 passio
2221 954 2279 986 im-

1320 1009 1454 1048 munda,
1487 1009 1635 1042 continua
1658 1011 1689 1041 et
1711 1008 1880 1046 diuturna;
1905 1007 1974 1040 ideo
1997 1008 2068 1043 yilis
2091 1007 2130 1040 ad
2153 1007 2279 1040 cohabi-

1323 1063 1450 1097 tandum
1461 1088 1468 1101 ,
1493 1062 1598 1104 gravis
1620 1061 1656 1094 ad
1683 1061 1901 1094 sustinendum
1918 1064 1949 1093 et
1963 1061 2098 1093 difficilis
2113 1061 2153 1093 ad
2169 1069 2280 1093 sanan-

1321 1116 1406 1148 dum.
1432 1115 1517 1148 Unde
1540 1118 1664 1157 poterat
1686 1115 1790 1147 dicere
1814 1114 1892 1146 illud
1916 1114 2114 1147 Threnorum
2139 1113 2279 1149 tertio⁸z

1327 1182 1342 1198 a
1359 1170 1521 1202 Vetustam
1553 1168 1626 1201 fecit
1655 1168 1768 1210 pellem
1799 1176 1901 1200 meam
1926 1170 1957 1200 et
1980 1176 2105 1200 carnem
2131 1176 2232 1200 meam
2248 1180 2279 1206 »;

1322 1226 1353 1255 et
1376 1222 1454 1255 illud
1479 1222 1607 1254 Psalmi:
1637 1234 1652 1249 «
1670 1221 1780 1253 Lumbi
1805 1221 1864 1253 mei
1890 1220 2008 1262 impleti
2033 1224 2107 1253 sunt
2129 1220 2280 1253 illusioni-

1322 1276 1400 1314 bus,
1425 1279 1456 1308 et
1479 1284 1540 1307 non
1565 1278 1613 1307 est
1635 1274 1751 1307 sanitas
1774 1274 1806 1306 in
1830 1283 1924 1314 carne
1948 1282 2017 1306 mea
2033 1287 2063 1305 ι).
2080 1273 2159 1306 Haec
2175 1275 2279 1306 autem

1322 1329 1436 1361 mulier
1461 1327 1635 1361 secundum
1660 1327 1858 1359 Ambrosium
1883 1326 2008 1359 videtur
2031 1326 2128 1359 fuisse
2149 1326 2279 1358 Martha.

1323 1382 1370 1414 Ait
1394 1382 1476 1414 enim
1490 1381 1520 1412 ⁹:
1551 1393 1566 1409 «
1581 1380 1726 1413 Christus
1751 1380 1874 1422 largum
1898 1380 2025 1412 fluxum
2044 1379 2205 1421 sanguinis
2221 1379 2280 1412 sic-

1323 1435 1405 1467 cavit
1428 1434 1459 1466 in
1483 1434 1605 1465 Martha
1628 1435 1659 1465 et
1681 1433 1848 1465 daemones
1872 1432 1995 1474 expulit
2018 1431 2056 1464 de
2080 1431 2176 1464 Maria
2191 1445 2222 1463 ».

1414 1488 1465 1519 79.
1491 1486 1632 1519 Secundo
1655 1489 1810 1528 quantum
1835 1486 1873 1518 ad
1898 1484 2193 1527 impossibilitatem
2220 1484 2281 1517 ltu-

1322 1550 1445 1573 manae
1467 1539 1690 1572 subventionis
1713 1548 1755 1571 ex
1779 1542 1847 1571 arte
1871 1538 2037 1571 subditur:
2057 1538 2148 1578 Quae
2165 1538 2200 1570 in
2216 1547 2280 1570 me-

1323 1594 1414 1626 dicos
1437 1596 1633 1635 eroyaverat
1663 1601 1790 1624 omnem
1818 1591 2042 1624 substantiam
2065 1600 2184 1630 suam,
2208 1600 2281 1632 pro—

1323 1651 1393 1689 pter
1410 1646 1582 1680 curationis
1599 1645 1789 1684 remedium,
1806 1645 1980 1678 secundum
1998 1644 2162 1677 consilium
2180 1644 2282 1677 Eccle-

1324 1701 1438 1734 siastici
1456 1700 1616 1742 trigesimo
1633 1703 1743 1732 octavo
1758 1699 1800 1730 1⁰:
1819 1711 1834 1727 α
1848 1699 1971 1731 Honora
1983 1697 2140 1730 medicum
2152 1700 2282 1740 propter

1322 1754 1557 1792 necessitatem,
1582 1752 1810 1787 etenimillum
1835 1751 1953 1785 creavit
1976 1751 2151 1784 Altissimus
2166 1764 2197 1783 ».
2222 1751 2282 1783 Hoc

1323 1797 1427 1840 autem
1452 1806 1527 1839 dicit
1550 1806 1588 1838 de
1612 1805 1732 1837 honore
1755 1813 1952 1842 munerum,
1984 1813 2045 1836 non
2078 1812 2282 1841 sermonum;

1323 1861 1407 1894 unde
1425 1861 1501 1893 haec
1517 1869 1570 1892 eos
1585 1859 1815 1897 honoraverat,
1832 1858 1908 1900 quia
1929 1866 2053 1890 omnem
2077 1856 2282 1890 substantiam

1322 1911 1528 1954 expenderat.
1555 1912 1590 1944 Et
1613 1911 1682 1944 ideo
1707 1911 1867 1953 probabile
1895 1914 1960 1949 est,
1992 1909 2103 1952 quodsi
2135 1908 2285 1942 curabilis

1324 1967 1434 1999 fuisset
1456 1965 1637 2007 aegritudo,
1662 1964 1747 2007 quod
1779 1973 1835 2006 per
1866 1967 1967 1996 artem
1991 1966 2073 1996 esset
2097 1965 2216 1995 curata.
2242 1980 2284 1986 —

1325 2020 1465 2052 Attamen
1489 2027 1541 2051 ars
1565 2027 1626 2050 non
1650 2017 1790 2059 profuit;
1814 2017 1899 2050 unde
1923 2016 2045 2049 subdit:
2071 2015 2136 2049 Nee
2159 2015 2201 2048 ab
2218 2015 2284 2048 ullo

1322 2073 1430 2115 potuit
1453 2071 1582 2104 curari.
1615 2072 1659 2103 lta
1687 2080 1744 2104 nec
1767 2080 1785 2103 a
1808 2073 1923 2103 natura
1946 2079 2004 2103 nec
2026 2069 2066 2102 ab
2090 2073 2158 2102 arte
2182 2069 2283 2111 potuit

1324 2126 1351 2159 ei
1377 2125 1556 2164 subveniri,
1589 2128 1625 2158 ut
1653 2124 1871 2157 verificaretur
1895 2123 1926 2156 in
1950 2132 1987 2156 ea
2010 2122 2088 2155 illud
2112 2122 2285 2165 Sapientiae

1325 2179 1445 2212 decimo
1469 2182 1560 2212 sexto
1574 2180 1620 2210 ¹¹:
1650 2191 1665 2206 «
1682 2178 1789 2220 Neque
1813 2176 1912 2210 herba
1935 2184 2037 2218 neque
2061 2175 2214 2217 malagma
2237 2184 2285 2208 sa—

1325 2233 1411 2266 navit
1427 2242 1490 2271 eos,
1508 2232 1561 2265 sed
1579 2235 1664 2270 tuus,
1681 2231 1822 2269 Domine,
1839 2238 1953 2269 sermo,
1966 2229 2020 2271 qui
2034 2231 2123 2261 sanat
2137 2228 2242 2261 omnia
2254 2241 2284 2260 ».

1415 2287 1467 2318 80.
1494 2285 1579 2318 Unde
1603 2288 1693 2323 nota,
1718 2283 1802 2326 quod
1833 2286 1947 2315 natura
1977 2282 2056 2315 nihil
2087 2285 2188 2324 potest
2219 2281 2286 2314 sine

1326 2348 1464 2382 superna
1489 2337 1644 2380 potentia,
1670 2346 1727 2370 nec
1751 2346 1803 2369 ars
1819 2336 1938 2378 aliquid
1954 2338 2055 2377 potest
2071 2334 2139 2368 sine
2153 2338 2284 2374 natura;

1326 2392 1410 2425 unde
1433 2391 1487 2424 ubi
1513 2394 1627 2423 natura
1650 2399 1711 2422 non
1737 2389 1901 2428 subvenit,
1925 2397 1977 2421 ars
1993 2397 2055 2421 non
2072 2387 2214 2430 proficit,
2231 2387 2285 2420 sed

1326 2445 1425 2487 magis
1449 2447 1556 2483 nocet,
1581 2444 1663 2476 sicut
1691 2443 1722 2475 in
1754 2443 1813 2476 hac
1845 2442 1995 2481 muliere,
2027 2441 2066 2474 de
2097 2449 2160 2484 qua
2190 2440 2284 2473 Marci

1326 2497 1437 2539 quinto
1452 2496 1477 2515 ¹2
1509 2496 1639 2534 dicitur,
1671 2495 1755 2537 quod
1781 2507 1797 2523 α
1821 2494 1926 2527 fuerat
1958 2494 2057 2527 multa
2089 2501 2237 2536 perpessa
2268 2501 2286 2525 a

376 2653 384 2668 ¹
407 2655 480 2680 Vers.
501 2653 525 2679 4.
543 2667 578 2672 —
598 2652 715 2678 Subinde
734 2652 872 2684 respicitur
892 2652 953 2677 Luc.
974 2652 1003 2683 8,
1025 2651 1262 2684 4r12RogansUai-

304 2698 363 2732 rus]
382 2705 457 2729 eum,
477 2701 504 2723 ut
524 2698 629 2723 intraret
647 2697 756 2723 domum
777 2697 850 2726 eius;
870 2699 895 2722 et
914 2696 1038 2729 allegatur
1058 2696 1127 2721 loan.
1148 2696 1176 2726 4,
1197 2696 1239 2721 49.

375 2741 385 2756 ²
405 2742 467 2774 Cap.
488 2743 518 2774 9,
540 2743 589 2774 48;
609 2743 670 2768 Luc.
692 2743 722 2772 8,
743 2742 784 2767 42.
804 2745 829 2766 et
849 2741 925 2766 Marr.
946 2741 974 2772 5,
996 2741 1036 2765 23.
1051 2741 1263 2772 —AugusleL

304 2788 337 2813 de
356 2787 490 2813 Consensu
513 2786 667 2818 Evangelist.
686 2793 708 2811 c.
729 2787 772 2811 28.
794 2793 819 2810 n.
839 2786 890 2810 66:
915 2785 971 2810 Duo
991 2785 1103 2818 [Marcus
1121 2788 1146 2810 et
1165 2784 1263 2818 Lucas]

305 2831 392 2863 itaque
412 2834 569 2862 posuerunt,
588 2830 651 2862 quid
672 2830 764 2855 dixerit
783 2829 879 2861 lairus;
906 2830 1048 2854 Matthaeus
1070 2832 1173 2859 autem,
1198 2829 1263 2861 quid

305 2876 506 2908 volueruntque
520 2874 684 2906 cogitaverit.
700 2875 845 2907 Utrumque
860 2881 924 2906 ergo
938 2874 1046 2905 petitum
1061 2877 1099 2899 est
1111 2880 1125 2898 a
1140 2874 1264 2906 Domino,

306 2923 333 2945 ut
352 2920 391 2943 vel
413 2920 565 2944 morientem
586 2919 686 2944 salvam
707 2920 814 2948 faceret,
835 2919 875 2943 vet
896 2921 1026 2943 mortuam
1047 2918 1197 2950 suscitaret;
1217 2917 1263 2943 sed

305 2970 365 2988 cum
388 2963 538 2988 instituisset
562 2963 704 2988 Matthaeus
724 2966 805 2988 totum
826 2961 941 2987 breviter
961 2962 1063 2994 dicere,
1084 2963 1133 2987 hoc
1152 2961 1265 2987 insinua-

307 3008 343 3032 vit
362 3011 462 3039 patrem
482 3010 619 3039 rogantem
640 3007 750 3037 dixisse,
779 3006 850 3039 quod
879 3010 904 3031 et
932 3006 1018 3038 ipsum
1043 3009 1143 3032 certum
1163 3009 1202 3031 est
1221 3013 1266 3030 vo-

305 3052 384 3077 luisse
403 3054 428 3076 et
446 3051 576 3077 Christum
597 3051 697 3077 secisse.
716 3050 768 3076 Csr.
781 3051 870 3076 Glossa
884 3050 1026 3076 ordinaria
1039 3051 1065 3075 in
1080 3051 1166 3075 Matth.
1182 3050 1208 3080 9,
1223 3050 1264 3074 ⁴8.

378 3094 388 3109 ⁸
410 3097 481 3121 Vers.
506 3096 544 3120 t9.

377 3139 387 3154 ⁴
409 3140 481 3165 Vers.
502 3140 553 3165 37:
574 3140 658 3172 Eum,
680 3139 726 3174 qui
744 3139 814 3166 venit
833 3143 899 3172 etc.;
926 3141 971 3165 cfr.
996 3143 1060 3164 tom.
1079 3140 1097 3164 l.
1116 3145 1179 3170 pag.
1197 3138 1265 3169 720,

307 3187 366 3210 nota
387 3185 412 3210 3.
431 3187 457 3209 et
475 3185 537 3210 tom.
558 3185 598 3209 lV.
619 3192 681 3216 pag.
702 3184 767 3216 469,
788 3188 847 3209 nota
868 3183 893 3209 ὅ.
912 3198 945 3203 ——
967 3184 1024 3209 Duo
1043 3190 1117 3216 seqq.
1137 3182 1186 3208 ioci
1205 3185 1267 3208 sunt

307 3229 395 3254 Mattli.
415 3229 456 3261 tt,
476 3229 518 3254 28.
537 3232 562 3254 et
581 3230 661 3261 Apoc.
682 3229 712 3259 3,
732 3229 775 3254 20.

379 3271 389 3286 ⁶
409 3274 484 3299 Vers.
505 3273 549 3305 117,
570 3278 628 3305 post
647 3281 727 3306 quem
748 3274 815 3299 loan.
838 3273 884 3303 ¹5,
905 3273 928 3298 4.
948 3271 999 3298 Csr.
1019 3272 1138 3304 Dionys.,
1157 3272 1191 3297 de
1208 3271 1266 3296 Div.

309 3319 383 3343 Nom.
403 3325 426 3343 c.
446 3317 469 3343 4.
489 3319 504 3350 ξς
525 3317 575 3343 15ι
597 3319 747 3343 Amorem...
777 3317 903 3342 unitivam
932 3317 1066 3350 quandam
1093 3320 1118 3342 et
1141 3315 1267 3342 concreti-

308 3369 369 3388 vam
390 3362 557 3393 intelligimus
576 3362 708 3387 virtutem.
730 3361 795 3387 Vide
814 3362 891 3386 etiam
914 3362 949 3387 ΙΙΙ.
970 3362 1039 3387 Sent.
1058 3361 1085 3386 d.
1105 3360 1148 3386 27.
1164 3360 1229 3386 dub.
1243 3360 1265 3385 1.

307 3414 367 3433 cum
389 3410 447 3432 notu
468 3407 491 3431 8.

1398 2647 1408 2662 ⁸
1430 2650 1504 2674 Vers.
1524 2649 1552 2678 3,
1572 2648 1613 2673 cui
1634 2647 1802 2679 subiungitur
1821 2648 1867 2672 ler.
1888 2646 1931 2677 31,
1952 2647 1975 2672 3.
1995 2659 2030 2665 -
2050 2646 2098 2672 Ρι·υ
2111 2644 2174 2671 dicit
2186 2651 2287 2678 sponsa

1327 2693 1377 2719 AC
1398 2693 1530 2725 (primitus
1550 2692 1627 2717 etiam
1649 2691 1679 2723 D)
1700 2691 1764 2717 dicit
1781 2696 1879 2724 sponso
1900 2689 1934 2724 [H
1954 2688 2090 2723 sponsus}

1398 2735 1408 2751 ⁷
1430 2738 1502 2763 Vers.
1523 2738 1565 2762 25.
1586 2751 1618 2754 —
1638 2735 1757 2762 Subinde
1776 2735 1903 2766 allegatur
1921 2734 1996 2760 Eccli.
2017 2734 2062 2765 lo,
2077 2733 2119 2758 Μ.
2132 2745 2167 2751 -
2181 2732 2288 2758 interius

1327 2789 1375 2814 pro
1394 2783 1452 2807 erat
1472 2781 1619 2807 inueterata
1639 2781 1697 2805 Vat.
1715 2781 1775 2805 erat
1792 2779 1955 2805 inveteratus
1974 2776 2096 2804 morbus.

1399 2824 1410 2838 Β
1430 2826 1502 2851 Vers.
1525 2825 1547 2850 4.
1569 2839 1602 2842 —
1623 2824 1745 2856 Sequitur
1764 2824 1803 2849 ΡΒ.
1825 2823 1872 2855 37,
1892 2823 1917 2847 8.

1399 2868 1410 2883 ⁹
1430 2870 1461 2895 Ut
1481 2872 1553 2895 notat
1571 2869 1610 2894 R:
1630 2868 1658 2894 in
1678 2867 1746 2894 libi-0
1765 2867 1797 2893 de
1815 2867 1976 2899 Salomone,
1990 2873 2059 2892 nunc
2073 2867 2157 2892 Serm.
2171 2865 2212 2891 46.
2226 2872 2249 2890 c.
2265 2865 2288 2890 4.

1328 2921 1352 2939 n.
1375 2914 1416 2939 44.
1436 2914 1486 2939 Csrl
1508 2917 1595 2938 tamen
1614 2912 1724 2944 Euseb.‚
1745 2912 1797 2936 Vll.
1817 2911 1913 2937 Histor.
1934 2911 2026 2936 eccles.
2040 2910 2125 2942 0118,
2138 2908 2183 2935 ubi
2196 2910 2288 2940 refert,

1329 2960 1396 2984 hanc
1424 2957 1663 2983 haemorrhoissam
1691 2956 1770 2982 ruisse
1799 2956 1934 2981 mulierem
1964 2962 1993 2980 ex
2022 2954 2148 2980 Caesarea
2177 2953 2288 2986 Philippi

1331 3002 1410 3035 (quae
1429 3002 1503 3033 prius
1521 3001 1589 3027 dicta
1603 3004 1642 3026 est
1654 3001 1730 3032 Dan,
1751 3003 1842 3032 postea
1863 3000 1981 3031 Paneas,
2002 2998 2117 3031 denique
2130 2997 2288 3029 Caesarea),

1330 3048 1470 3079 ipsamque
1499 3047 1523 3071 in
1552 3046 1613 3071 tanti
1643 3045 1763 3071 beneficii
1791 3044 1946 3071 memorium
1976 3043 2089 3069 erexisse
2117 3042 2218 3069 Christo
2237 3045 2289 3068 sta-

1330 3095 1401 3117 tuam
1422 3094 1469 3116 etc.
1490 3091 1558 3116 Vide
1576 3090 1678 3117 Cornel.
1699 3098 1713 3115 a
1733 3089 1845 3122 Lepide,
1866 3089 1893 3114 in
1912 3089 1989 3115 Marc.
2009 3089 2039 3120 5,
2059 3088 2101 3114 25.

1402 3135 1424 3150 ¹⁰
1445 3137 1518 3162 Vers.
1533 3137 1558 3162 l.
1570 3150 1600 3154 —
1614 3135 1740 3168 Superius
1751 3142 1799 3167 pro
1809 3133 2048 3168 impossibilitatem
2061 3134 2082 3159 G
2096 3131 2288 3166 impotentiam.

1402 3179 1422 3194 ¹¹
1444 3181 1517 3206 Vers.
1539 3182 1580 3206 42.
1958 3201 1961 3204 .

1403 3223 1424 3239 ¹²
1445 3226 1520 3250 Vers.
1540 3225 1582 3250 26.
1596 3238 1631 3243 —
1644 3225 1681 3249 De
1701 3223 1795 3255 triplici
1813 3226 1921 3254 agente,
1941 3223 2010 3254 Deo,
2029 3225 2122 3247 natura
2136 3224 2162 3247 et
2174 3224 2229 3246 arte
2243 3222 2288 3246 cfr.

1331 3270 1358 3295 n.
1378 3270 1448 3295 Sent.
1468 3269 1496 3295 d.
1517 3269 1542 3294 7.
1562 3276 1588 3300 p.
1608 3269 1634 3294 ll.
1654 3275 1677 3293 a.
1697 3269 1722 3294 2.
1741 3275 1766 3301 q.
1787 3269 1812 3293 2.
1831 3268 1858 3293 in
1878 3274 1950 3299 corp.
1971 3280 2004 3285 --
2024 3266 2152 3298 Superius
2179 3272 2228 3296 pro
2246 3271 2290 3291 su—

1327 3320 1417 3348 perna
1435 3312 1553 3347 potentia
1582 3313 1638 3338 Vat.
1658 3311 1750 3338 divina
1763 3311 1885 3346 potentia
1905 3311 1984 3344 (idem
2005 3309 2115 3336 recurrit
2133 3310 2211 3342 paulo
2230 3309 2290 3335 inse-

1331 3359 1411 3391 rtus),
1431 3364 1499 3391 quae
1529 3357 1606 3383 etiam
1635 3356 1747 3382 subinde
1769 3359 1829 3388 post
1847 3355 1918 3382 unde
1937 3354 1984 3382 ubi
2000 3356 2102 3382 natura
2122 3354 2290 3387 prosequitur

1330 3403 1387 3430 arti
1404 3409 1458 3429 non
1475 3401 1598 3437 proficit,
1618 3401 1705 3436 maqis
1725 3402 1802 3428 nocet
1820 3404 1869 3427 etc.

2297 487 2327 509 De
2341 487 2413 514 primo.
2428 495 2430 503 ν

2300 1492 2331 1515 De
2343 1492 2429 1514 secundo

2302 2288 2399 2311 Notanda
2412 2288 2436 2310 do

2318 2318 2365 2347 arta
2374 2315 2436 2337 medi-

2319 2348 2387 2364 cinae.
