2476 3921
132 924 262 946 Notandum.

155 1826 267 1853 Quartum.

284 247 343 277 '116

280 333 432 375 petieritis
450 333 569 364 Patrem
588 332 617 363 in
637 331 759 363 nomine
781 340 867 369 meo,
886 331 944 363 hoc
960 330 1069 363 faciam
1086 344 1116 362 υ.
1144 331 1237 370 Ecce,

281 387 341 419 iam
365 385 533 418 credulitas
557 385 636 417 Petri
662 385 849 426 impetrabat
875 384 1043 422 miracula;
1068 384 1152 416 unde
1173 384 1239 426 ipse

281 448 356 471 suae
381 438 450 470 fidei
476 437 678 469 fundamento
703 438 821 469 Petrus
844 446 862 468 a
879 436 1026 469 firmitate
1050 440 1158 478 petrae
1174 445 1239 469 me-

282 493 347 525 ruit
378 491 545 533 appellari;
579 490 662 522 unde
687 490 779 531 paulo
811 493 880 531 post
911 489 995 521 addit
1027 489 1238 531 Evangelista:

287 559 302 574 a
319 545 408 586 Quod
432 553 504 577 cum
528 544 649 576 videret
665 543 771 575 Simon
794 543 905 575 Petrus
922 556 937 571 »
966 546 1024 575 etc.
1043 542 1078 574 Et
1101 541 1170 574 ideo
1193 542 1241 574 in-

281 598 329 630 fra
345 597 495 639 vigesimo
518 596 655 632 secundo
670 596 786 628 dicitur
806 596 847 628 ei:
870 608 885 623 ε(
901 596 962 637 Ego
986 604 1043 637 pro
1060 599 1090 628 te
1114 594 1240 637 rogavi,

282 652 385 689 Petre,
411 654 447 683 ut
471 659 531 682 non
555 649 678 682 deficiat
694 649 770 682 fides
794 652 894 681 tua».
922 649 955 681 Et
980 649 1127 690 quoniam
1152 648 1241 690 copia

281 704 493 737 multitudinis
515 712 576 735 non
597 702 698 735 solum
724 701 784 734 fuit
800 701 976 739 sufficiens,
1001 701 1055 734 sed
1078 701 1171 733 etiam
1188 710 1241 733 su—

282 765 542 799 perexcrescens,
576 755 644 788 ideo
675 754 839 787 subditur:
869 754 1098 796 Rumpebatur
1129 758 1242 786 autem

282 815 347 843 rete
361 812 386 849 1,
411 809 528 842 scilicet
552 818 627 850 prae
651 808 746 840 nimia
769 807 979 840 multitudine.

374 864 423 895 12.
451 863 485 895 Et
508 861 648 900 attende,
665 861 749 903 quod
774 861 925 893 Dominus
941 860 1049 893 eodem
1072 860 1241 899 miraculo,

282 926 346 959 quo
369 916 471 959 potuit
495 916 596 957 pisces
627 915 658 947 in
691 914 769 946 retia
800 923 1005 955 congregare,
1030 913 1132 955 potuit
1163 913 1243 945 retia

283 978 484 1007 conservare,
510 963 591 1001 sicut
615 971 646 1000 et
662 968 748 1006 fecit,
773 967 894 999 loannis
917 966 1028 998 ultimo
1041 966 1064 1004 2,
1088 965 1142 998 ubi
1166 965 1242 997 dici-

284 1029 353 1056 tur:
384 1036 399 1051 a
418 1022 452 1054 Et
475 1031 546 1054 cum
573 1021 648 1053 tanti
673 1024 792 1058 essent,
818 1029 878 1052 non
899 1023 946 1052 est
970 1019 1102 1051 scissum
1135 1022 1201 1051 rete
1222 1031 1237 1047 »

284 1077 383 1118 ipsius
397 1075 486 1108 Petri.
501 1075 558 1107 Sed
574 1075 632 1106 hoc
645 1073 761 1106 factum
778 1077 825 1106 est
842 1075 970 1114 propter
982 1071 1129 1114 fiyuram
1142 1097 1151 1110 ,
1169 1071 1243 1113 quia

284 1129 436 1162 miracula
459 1128 596 1165 Domini,
622 1132 657 1159 ut
680 1127 755 1159 dicit
785 1126 973 1168 Gregorius,
998 1134 1122 1167 semper
1153 1124 1244 1157 nobis

283 1182 402 1224 aliquid
425 1182 586 1214 insinuant
615 1180 795 1222 diligentius
818 1179 1051 1212 attendendum.
1077 1178 1130 1210 llla
1160 1177 1243 1210 enim

285 1235 416 1277 piscium
441 1238 573 1276 captura
595 1233 747 1276 significat
771 1232 1043 1275 congregationem
1071 1231 1244 1264 electorum

284 1291 354 1330 post
378 1287 641 1320 resurrectionem
666 1286 696 1318 in
714 1286 827 1328 gloria;
852 1285 911 1318 ista
934 1294 1024 1323 vero,
1041 1288 1113 1317 ante
1136 1293 1244 1317 resur-

285 1341 454 1374 rectionem
478 1343 660 1373 vocatorum
692 1339 730 1371 ad
756 1339 931 1372 Ecclesiam.
965 1338 1000 1370 Et
1031 1338 1106 1380 quia
1137 1337 1169 1370 in
1192 1337 1245 1369 illa

284 1395 392 1428 nullus
416 1394 602 1436 ingreditur,
627 1393 680 1436 qui
698 1393 893 1435 egrediatur;
910 1392 948 1425 de
965 1392 1024 1425 hac
1048 1392 1139 1424 multi
1155 1400 1245 1433 egre-

284 1449 433 1481 diuntur:
459 1448 528 1481 ideo
553 1448 603 1480 hic
636 1448 810 1489 rumpitur,
835 1447 877 1479 ibi
902 1455 977 1479 vero
1010 1446 1145 1478 minime.
1170 1445 1245 1477 Hinc

285 1505 349 1540 est,
374 1500 457 1543 quod
482 1500 534 1532 illa
549 1499 665 1532 dicitur
689 1500 784 1532 fuisse
808 1499 839 1531 in
856 1499 992 1531 dextera
1015 1498 1163 1540 navigyii,
1187 1498 1246 1530 ista

286 1563 362 1586 vero
386 1563 447 1586 non
461 1554 488 1592 3;
506 1552 655 1585 discernit
679 1552 731 1584 illa
748 1552 778 1584 in
796 1561 929 1584 numero
948 1551 1170 1589 determinato,
1187 1551 1246 1583 ista

287 1616 362 1639 vero
386 1615 465 1644 non;
491 1606 541 1638 hic
564 1605 653 1647 quasi
679 1614 773 1638 naves
797 1609 987 1646 merguntur
1011 1608 1141 1646 propter
1165 1604 1246 1636 mul-

287 1659 450 1692 titudinem
477 1659 701 1697 tentationum,
727 1658 767 1690 ibi
793 1659 824 1690 in
846 1661 931 1690 terra
955 1658 1171 1700 requiescunt;
1196 1657 1247 1689 hic

287 1712 431 1744 Christus
455 1712 485 1744 in
510 1711 599 1749 navi,
624 1711 664 1743 ibi
690 1712 720 1743 in
746 1712 850 1743 littore
874 1711 1052 1753 requiescit.

380 1765 429 1798 13.
455 1765 556 1804 (Vers.
585 1765 639 1805 7.).
674 1765 704 1796 ln
737 1764 900 1796 consortio
931 1767 1037 1797 autem
1068 1764 1247 1797 insinuatur

285 1818 514 1862 promptitudo
546 1817 753 1850 assistentiae
776 1817 813 1850 ad
834 1817 1023 1849 miraculum
1048 1816 1248 1849 manifestan-

288 1873 379 1911 dum,
404 1881 475 1905 cum
493 1872 654 1904 subditur:
674 1872 712 1903 Et
732 1875 926 1903 annuerant
941 1871 1056 1909 sociis,
1078 1870 1137 1914 qai
1152 1874 1250 1902 erant

289 1927 325 1959 in
348 1926 419 1958 alia
442 1925 541 1963 navi,
560 1925 589 1957 id
606 1927 668 1963 est,
693 1934 749 1966 per
766 1927 879 1957 nutum
903 1924 1109 1956 ostenderunt
1126 1923 1191 1956 sive
1208 1923 1249 1955 si-

289 1982 480 2026 gnaverunt,
512 1978 600 2020 quia,
633 1978 747 2010 Tobiae
778 1977 963 2010 duodecimo
975 1978 999 2016 ⁴²,
1029 1990 1044 2005 «
1068 1986 1164 2019 opera
1194 1976 1248 2009 Dei

289 2033 430 2066 revelare
460 2035 491 2064 et
519 2031 660 2064 confiteri
693 2031 901 2063 honorificum
934 2033 1027 2063 est».
1059 2029 1145 2062 Unde
1176 2029 1252 2061 dicit

289 2089 399 2118 auctor
430 2085 577 2127 quidam:
608 2084 762 2116 «Nullius
793 2083 865 2115 boni
898 2083 965 2115 sine
997 2082 1080 2115 socio
1114 2081 1252 2115 iucunda

291 2138 445 2181 possessio
458 2152 489 2176 »,
506 2137 679 2170 secundum
697 2136 774 2168 illud
793 2135 994 2168 Ecclesiastae
1011 2138 1139 2177 quarto:
1166 2148 1181 2163 «
1194 2135 1253 2168 Me-

291 2192 353 2224 lius
376 2194 437 2229 est,
461 2191 541 2223 duos
564 2199 632 2223 esse
656 2189 751 2222 simul
774 2198 868 2230 quam
894 2197 1010 2227 unum;
1036 2188 1152 2220 habent
1168 2188 1251 2221 enim

291 2244 538 2276 emolumentum
563 2242 718 2275 societatis
746 2251 821 2274 suae
841 2255 870 2273 ι).
900 2260 938 2265 —
963 2241 994 2274 In
1020 2241 1111 2274 cuius
1142 2241 1187 2274 rei
1212 2241 1252 2274 si-

291 2306 388 2338 gnum
425 2295 593 2328 subditur:
632 2295 670 2328 Ut
701 2295 847 2327 venirent
882 2298 912 2326 ct
946 2294 1146 2326 adiuvarent
1180 2303 1251 2332 eos,

291 2349 376 2391 quia,
393 2349 566 2381 secundum
591 2348 669 2381 illud
693 2348 934 2380 Proverbiorum
958 2347 1078 2380 decimo
1101 2347 1252 2386 octavo⁵,

297 2415 312 2430 «
330 2403 436 2440 frater,
454 2401 506 2444 qui
524 2402 693 2434 adiuvatur
709 2411 727 2433 a
746 2401 858 2440 fratre,
876 2401 965 2443 quasi
993 2400 1101 2433 civitas
1118 2401 1209 2433 firma
1221 2414 1251 2432 ι).

293 2456 328 2488 Et
352 2460 454 2494 certe,
487 2455 567 2488 sicut
590 2455 705 2488 dicitur
738 2455 866 2493 ibidem,
896 2467 911 2482 α
932 2454 980 2487 vir
1012 2454 1183 2487 amicabilis
1213 2454 1253 2487 ad

293 2509 471 2542 societatem
496 2509 593 2551 magis
617 2509 677 2541 erit
700 2509 821 2541 amicus
852 2517 946 2550 quam
972 2508 1069 2541 frater
1086 2522 1115 2540 ι».
1144 2526 1189 2531 -
1217 2508 1252 2540 Et

293 2661 404 2687 Domino
424 2660 490 2686 Petri
510 2667 605 2686 nomen
625 2660 739 2692 accepit,
759 2660 805 2692 qui
832 2660 953 2686 videlicet
975 2660 1007 2686 illi
1026 2661 1099 2686 ssrma
1120 2668 1150 2686 ac
1170 2661 1252 2687 tenaci

295 2709 382 2731 mente
401 2705 533 2736 adhaesit,
560 2705 593 2730 dc
621 2712 674 2737 quo
695 2704 821 2736 scriptum
841 2708 880 2730 est
900 2705 927 2737 [l.
947 2704 1007 2730 Cor.
1027 2705 1075 2736 40,
1096 2705 1151 2739 4.];
1171 2706 1253 2732 Petra

293 2751 384 2775 autem
403 2751 462 2775 erat
482 2748 615 2775 Christus.
636 2748 686 2775 Ct'r.
706 2750 730 2774 S.
752 2749 863 2781 Bonav.,
883 2748 1030 2775 Comment.
1052 2750 1077 2774 in
1098 2750 1167 2775 loan.
1185 2757 1209 2776 c.
1228 2750 1254 2775 4.

294 2801 318 2819 n.
340 2794 381 2818 80.
402 2808 436 2812 —
457 2793 583 2825 Superius
607 2800 655 2825 pro
674 2792 710 2819 ad
729 2792 817 2826 ipsum
836 2793 1003 2820 miraculum
1022 2793 1253 2828 magnificandum

295 2837 354 2864 Vat.
373 2837 409 2863 ad
429 2837 512 2871 ipsius
532 2837 662 2864 miraculi
680 2837 868 2863 evidentiorem
887 2837 1110 2871 magnitudinem.

365 2881 374 2896 ¹
397 2882 508 2913 Vulgata
528 2882 600 2907 addit
619 2888 722 2907 eorum.
742 2895 777 2900 ——
796 2882 922 2913 Superius
941 2889 989 2913 pro
1013 2889 1254 2915 supereoecrescens

296 2926 353 2951 Vat.
372 2925 512 2952 excellens.

366 2968 376 2983 ²
398 2970 472 2994 Vers.
496 2970 504 2994 4
514 2970 536 2994 4.
559 2984 591 2987 -
610 2971 733 3002 Gregor.,
747 2964 875 2995 [homil.
889 2970 914 2995 in
927 2971 1027 3001 Evang.
1040 2971 1130 2996 homil.
1144 2971 1167 2995 2.
1181 2978 1206 2995 n.
1222 2971 1231 2995 l
1247 2979 1253 2995 :

299 3024 312 3036 α
327 3014 445 3039 Miracula
468 3013 569 3038 Domini
589 3016 614 3038 et
634 3014 774 3039 Salvatoris
792 3014 872 3039 nostri
893 3014 930 3039 sic
949 3014 1102 3045 accipienda
1120 3018 1193 3046 sunt,
1207 3015 1254 3040 rra-

297 3061 349 3083 tres
369 3057 511 3089 carissimi,
532 3060 560 3083 ut
582 3060 607 3083 et
626 3057 650 3082 in
671 3058 779 3083 ieritate
799 3058 938 3085 credantur
959 3059 1037 3089 sacta,
1057 3062 1082 3084 ct
1102 3062 1188 3084 tamen
1208 3065 1254 3090 per

296 3101 513 3133 significationem
533 3101 610 3127 nobis
630 3101 728 3134 aliquid
748 3101 862 3127 innuant.
882 3101 968 3134 Opera
987 3102 1087 3135 quippe
1100 3102 1157 3128 eius
1170 3105 1195 3128 et
1207 3109 1255 3134 per

297 3146 440 3178 potentiam
461 3146 529 3171 aliud
550 3146 692 3172 ostendunt
710 3148 735 3171 et
755 3152 801 3177 per
822 3146 975 3177 mysterium
989 3146 1061 3172 aliud
1076 3147 1217 3180 loquuntur
1229 3156 1255 3172 n.

298 3190 429 3221 Expositio
449 3190 482 3215 de
501 3190 598 3222 duplici
619 3193 727 3222 captura
748 3190 860 3221 piscium
881 3191 967 3223 (Luc.,
982 3191 1038 3222 hic,
1052 3194 1078 3216 et
1090 3192 1159 3217 loan.
1173 3191 1215 3222 2⁴,
1231 3190 1254 3216 4.

298 3236 382 3267 seqq.)
403 3237 441 3260 est
460 3234 605 3260 secundum
632 3235 757 3266 Gregor.,
777 3235 803 3259 ll.
824 3235 917 3260 llomil.
938 3235 961 3260 in
981 3235 1083 3267 Evang.
1102 3235 1193 3261 homil.
1212 3233 1256 3260 24.

298 3285 323 3303 n.
343 3278 367 3303 3.
387 3285 441 3310 seq.
461 3277 513 3304 Csr.
532 3279 557 3304 S.
578 3279 688 3309 Bonav.,
707 3277 853 3304 Comment.
868 3278 891 3303 in
905 3279 974 3304 ioan.
987 3285 1010 3304 c.
1022 3279 1066 3304 24.
1079 3286 1103 3304 n.
1118 3279 1160 3304 24.
1174 3282 1199 3304 et
1212 3279 1254 3304 26.

369 3319 380 3334 ¹³
399 3322 609 3353 interpunctione
629 3325 741 3352 mutata,
761 3322 782 3346 H
803 3322 864 3353 legit
893 3322 973 3348 istam
999 3329 1061 3349 vero
1079 3329 1134 3349 non
1159 3321 1256 3349 discer-

299 3364 358 3397 nit,·
384 3365 432 3391 itta
460 3365 488 3391 in
516 3372 629 3392 numero
658 3369 723 3397 etc.;
743 3365 783 3391 alii
804 3365 882 3391 codd.
901 3366 1012 3392 candem
1041 3365 1162 3393 exhibent
1181 3366 1256 3392 inter-

300 3409 482 3442 punctionem,
510 3413 614 3435 servato
643 3413 729 3435 tamen
756 3408 815 3436 ista.
842 3410 901 3435 Post
920 3417 1002 3442 pauca
1023 3417 1072 3442 pro
1091 3411 1255 3443 merguntur·

880 243 1072 275 COMMENT.
1098 243 1134 275 lN
1158 243 1395 276 EVANGELIUM
1419 243 1536 276 LUCAE
1561 243 1591 276 C.
1618 244 1653 276 V.

1302 331 1361 363 hoc
1384 331 1546 364 manifeste
1563 332 1716 373 probatur
1741 341 1796 373 per
1817 332 1958 373 ipsorum
1982 332 2262 374 promptitudinem

1302 383 1333 415 in
1356 383 1548 422 adiuvand0;
1573 387 1604 416 et
1628 384 1696 417 ideo
1719 384 1865 417 additur:
1891 385 1931 417 Et
1957 389 2116 417 venerunt
2142 390 2172 418 et
2198 385 2260 417 im-

1298 436 1473 478 pleverant
1503 437 1621 469 ambas
1644 437 1829 470 naviculas.
1863 438 1899 470 Et
1922 438 1966 471 sic
1990 438 2186 471 verificatum
2215 441 2263 471 est

1303 489 1380 522 illud
1406 484 1647 522 Proverbiorum
1663 490 1784 523 decimo
1796 491 1824 522 ⁶:
1854 503 1869 518 «
1883 490 2059 524 Benedictio
2078 491 2199 523 Domini
2216 491 2263 524 di-

1302 543 1382 575 vites
1405 542 1479 576 facit
1494 555 1530 582 »;
1555 543 1638 576 unde
1663 546 1806 585 poterant
1828 544 1933 577 dicere
1956 543 2033 577 illud
2057 544 2171 577 Tobiae
2185 544 2263 577 duo-

1303 595 1441 628 decimo:
1471 609 1487 625 a
1504 596 1595 629 Bonis
1618 596 1764 629 omnibus
1787 605 1844 638 per
1867 606 1940 630 eum
1964 597 2075 639 repleti
2100 606 2211 630 sumus
2231 610 2262 629 ι».

1305 649 1385 682 Haec
1408 652 1514 682 autem
1538 649 1696 691 impletio,
1721 654 1757 682 ut
1780 653 1898 682 tactum
1923 650 2006 689 est⁷,
2030 650 2183 693 significat
2206 650 2264 682 im-

1305 701 1473 744 pletionem
1491 702 1659 749 Ecclesiae3
1685 702 1829 735 Matthaei
1846 702 1966 735 decimo
1990 703 2098 736 tertio:
2128 716 2143 731 «
2159 703 2264 736 Simile

1305 758 1353 788 est
1376 754 1509 797 regnur'n
1533 756 1694 797 caelorum
1718 764 1849 798 sagenae
1873 756 1987 789 missae
2009 756 2042 788 in
2066 765 2153 788 mare
2177 759 2265 789 etex

1305 808 1391 841 omni
1415 817 1529 851 genere
1553 808 1686 850 piscium
1710 809 1910 851 congreganti
1931 806 1951 837 ’»
1980 812 2038 841 etc.
2068 827 2109 832 —
2138 809 2174 841 Et
2196 808 2265 841 ideo

1306 861 1449 894 additur:
1474 862 1527 894 Ita
1552 865 1589 894 ut
1608 871 1689 904 pene
1711 865 1962 904 mei-yerentum
1983 862 2060 903 quia
2090 861 2163 894 mali
2187 861 2264 894 adeo

1306 915 1566 957 multiplicantur,
1590 915 1674 957 quod
1698 924 1776 956 pene
1808 924 1915 948 omnes
1947 915 2198 957 submergimur,
2222 923 2267 948 se-

1307 968 1446 1001 cundum
1465 968 1542 1000 illud
1567 968 1711 1000 Matthaei
1727 968 1878 1010 vigesimo
1902 971 2016 1010 quarto
2029 968 2057 1000 ³:
2084 981 2099 996 <r
2112 968 2266 1009 Quoniam

1306 1020 1477 1053 abundavit
1489 1020 1652 1062 iniquitas,
1666 1020 1846 1062 refrigescet
1863 1021 1977 1053 caritas
1989 1020 2162 1053 multorum
2174 1033 2190 1049 2>
2208 1023 2266 1053 etc.

1308 1074 1366 1107 Sed
1383 1077 1486 1106 tamen
1506 1074 1594 1106 navis
1610 1074 1693 1106 Petri
1709 1083 1771 1106 nou
1788 1074 2015 1116 submergitur,
2032 1073 2147 1109 Paulus
2163 1078 2267 1106 tamen

1307 1126 1382 1159 dicit
1409 1126 1563 1159 secundae
1593 1126 1632 1159 ad
1656 1126 1834 1158 Corinthios
1862 1126 2045 1159 undecimo:
2075 1139 2090 1155 α
2106 1127 2167 1159 Ter
2190 1135 2268 1158 nau-

1307 1180 1442 1222 fragium
1466 1180 1629 1221 pertuli».

1401 1233 1450 1271 14.
1475 1232 1647 1265 Moratiter
1670 1233 1722 1265 hic
1744 1232 1915 1266 notandum
1948 1237 2013 1272 est,
2038 1233 2091 1275 qui
2125 1219 2187 1265 sint
2217 1233 2269 1266 isti
2287 1235 2398 1289 1333?

1305 1286 1509 1328 piscatores,
1534 1295 1615 1328 quae
1638 1296 1740 1319 naves
1763 1295 1891 1325 eorum,
1915 1295 1997 1328 quae
2012 1286 2118 1325 retia,
2141 1289 2173 1319 et
2189 1295 2270 1328 quae

1308 1339 1464 1382 capiendi
1485 1339 1552 1371 via.
1571 1358 1611 1362 —
1630 1339 1820 1380 Piscatores
1836 1342 1910 1372 sunt
1926 1339 2170 1381 praedicatores;
2187 1338 2271 1371 unde
2289 1346 2434 1396 QssgssffsPi’

1308 1392 1391 1426 infra
1414 1392 1522 1426 eodem
1536 1392 1566 1424 ⁹:
1593 1406 1608 1421 «
1625 1393 1671 1425 Ex
1695 1393 1755 1425 hoc
1771 1392 1833 1425 iam
1849 1392 1993 1425 homines
2009 1392 2072 1425 eris
2096 1392 2221 1434 capiens
2234 1404 2270 1431 »ς

1310 1450 1341 1480 et
1363 1446 1508 1480 Matthaei
1532 1449 1664 1488 quarto:
1687 1459 1703 1475 α
1718 1446 1854 1485 Faciam,
1871 1455 1927 1479 vos
1943 1446 2010 1479 fieri
2028 1446 2199 1488 piscatores
2215 1445 2272 1478 ho-

1310 1500 1432 1533 minum
1449 1512 1484 1539 »;
1501 1503 1532 1532 et
1549 1500 1608 1532 hoc
1625 1499 1772 1532 Ieremiae
1788 1499 1910 1532 decimo
1934 1502 2039 1532 sexto:
2069 1499 2190 1538 «Ecce,
2213 1507 2271 1541 ego

1309 1553 1431 1586 mittam
1456 1552 1544 1585 vobis
1560 1553 1730 1594 piscatores
1753 1552 1884 1591 multos,
1901 1555 1932 1584 et
1952 1552 2159 1593 piscabuntur
2175 1560 2270 1584 eos».

1312 1606 1347 1638 Et
1370 1605 1513 1638 diabolus
1536 1608 1664 1638 econtra
1695 1605 1790 1638 habet
1813 1605 1984 1647 piscatores
2014 1614 2088 1638 suos
2112 1605 2211 1637 malos
2241 1607 2273 1638 et

1311 1658 1486 1691 haereticos
1509 1658 1705 1697 seductores3
1722 1658 1865 1690 Habacuc
1881 1657 1984 1699 primo
1998 1658 2040 1689 ¹⁰:
2063 1670 2079 1686 α
2095 1657 2199 1690 Facies
2215 1657 2272 1690 ho-

1311 1712 1411 1744 mines
1445 1711 1535 1753 quasi
1566 1710 1803 1753 pisces-maris.
1840 1711 1953 1744 Totum
1989 1710 2020 1743 in
2051 1711 2145 1743 hamo
2169 1710 2273 1743 suble-

1312 1765 1414 1804 vavit,
1440 1764 1538 1797 traxit
1562 1764 1639 1796 illud
1663 1764 1695 1796 in
1719 1772 1833 1806 sagena
1864 1773 1922 1797 sua
1949 1767 1980 1796 et
2011 1763 2211 1806 congregavit
2241 1763 2273 1796 in

1312 1822 1379 1852 rete
1415 1827 1508 1851 suum
1530 1831 1560 1849 ».
1596 1817 1632 1850 Et
1656 1820 1741 1850 certe
1775 1826 1859 1850 nunc
1883 1817 1960 1850 adeo
1995 1817 2067 1849 mali
2103 1817 2274 1859 piscatores

1312 1872 1511 1914 praevalent,
1536 1874 1572 1903 ut
1592 1871 1664 1903 boni
1680 1871 1735 1903 vix
1760 1870 1897 1903 habeant
1921 1871 2038 1909 locum;
2056 1873 2086 1903 et
2110 1870 2273 1912 impletum

1313 1929 1360 1958 est
1383 1924 1461 1957 illud
1484 1924 1579 1957 Isaiae
1594 1924 1714 1957 decimo
1738 1933 1835 1957 nono:
1858 1937 1874 1952 «
1890 1923 2074 1956 Moerebunt
2089 1923 2273 1966 piscatores,

1314 1982 1345 2012 et
1368 1978 1522 2020 lugebunt
1550 1986 1659 2010 omnes
1683 1977 1842 2010 mittentes
1873 1977 1904 2010 in
1932 1977 2049 2010 flumen
2083 1977 2212 2010 hamum
2243 1979 2275 2010 et

1314 2031 1529 2074 expandentes
1552 2035 1621 2077 rete
1643 2039 1739 2072 super
1763 2030 1871 2064 faciem
1891 2039 2048 2073 aquarum
2064 2044 2094 2062 ».

1413 2084 1462 2115 15.
1498 2082 1605 2115 Naves
1636 2078 1757 2121 autem,
1789 2091 1845 2124 per
1877 2091 1956 2124 quas
1988 2083 2141 2115 transitur
2171 2091 2273 2122 mare,
2293 2090 2350 2119 Quid
2365 2096 2436 2113 naves.

1317 2140 1391 2168 sunt
1414 2136 1510 2174 duae,
1534 2135 1652 2168 scilicet
1668 2135 1850 2167 obedientia
1873 2138 1904 2167 et
1932 2135 2112 2177 patientia,
2137 2144 2276 2176 quarum

1316 2190 1416 2222 altera
1436 2191 1565 2222 exercet
1596 2189 1627 2221 in
1652 2188 1776 2227 labore,
1807 2188 1906 2221 altera
1930 2188 2064 2220 sustinet
2094 2188 2126 2220 in
2157 2187 2273 2221 dolore.

1317 2243 1353 2276 Et
1373 2242 1411 2275 de
1424 2242 1537 2284 *prima
1560 2245 1661 2284 potest
1688 2241 1818 2283 intelligi
1850 2240 1928 2273 illud
1951 2240 2125 2282 Sapientiae
2155 2240 2276 2273 decimo

1317 2298 1431 2338 quarto
1445 2296 1492 2327 1¹:
1524 2308 1539 2323 «
1556 2294 1678 2336 Exiguo
1701 2294 1784 2336 ligno
1808 2293 2010 2326 committunt
2038 2293 2180 2326 homines
2210 2292 2276 2325 ani-

1317 2358 1383 2382 mas
1407 2357 1497 2387 suas,
1529 2350 1560 2381 et
1591 2350 1789 2380 transeuntes
1820 2355 1908 2379 mare
1935 2355 1992 2389 per
2022 2349 2122 2379 ratem
2153 2345 2276 2379 liberati

1316 2406 1422 2436 sunt»
1451 2404 1509 2435 etc.
1535 2402 1615 2434 Haec
1638 2404 1685 2434 est
1707 2400 1907 2439 obedientia,
1932 2409 2031 2442 quae,
2056 2408 2128 2432 cum
2145 2399 2185 2432 sit
2207 2399 2276 2432 exi-

1316 2464 1395 2497 gua,
1420 2454 1565 2497 perducit
1587 2454 1626 2487 ad
1650 2458 1767 2486 terram
1792 2454 1925 2487 beatam.
1950 2453 1994 2486 De
2013 2453 2159 2486 secunda
2176 2455 2277 2495 potest

1317 2508 1446 2550 intelligi
1470 2507 1548 2540 illud
1572 2509 1704 2540 Actuum
1730 2507 1880 2549 vigesimo
1904 2507 2036 2549 septimo
2050 2507 2096 2538 ¹²:
2126 2519 2142 2535 «
2158 2506 2220 2538 Nisi
2244 2506 2275 2539 in

1318 2661 1375 2686 Vat.
1395 2667 1456 2686 cum
1476 2660 1568 2691 paucis
1587 2659 1665 2685 codd.
1685 2660 1748 2685 salso
1768 2658 1930 2692 iunguntur.
1944 2658 2072 2690 Superius
2086 2664 2134 2689 pro
2147 2657 2195 2690 qui
2205 2664 2276 2691 eqre-

1317 2704 1409 2731 diatur
1429 2704 1449 2729 Α
1469 2703 1516 2737 qui
1534 2702 1681 2737 egreditur.
2157 2728 2161 2731 .

1388 2747 1400 2762 ⁴
1421 2748 1538 2774 vers-7.
1560 2762 1593 2765 —
1613 2747 1736 2780 Sequitur
1755 2746 1883 2773 sententia
1903 2746 2031 2776 Senecae,
2050 2745 2130 2777 Epist.
2143 2745 2173 2770 6:
2191 2755 2203 2767 ιι
2217 2745 2277 2771 Nul-

1318 2794 1368 2819 lius
1387 2793 1448 2819 boni
1462 2803 1475 2816 n
1498 2796 1562 2824 etc.,
1582 2795 1640 2824 post
1659 2794 1739 2824 quam
1760 2792 1844 2817 Eccle.
1863 2790 1892 2823 4,
1906 2791 1932 2816 9.
1946 2804 1981 2819 -,
1994 2791 2043 2816 Pro
2056 2791 2152 2816 auctor
2166 2789 2277 2824 quidam

1319 2839 1339 2863 H
1359 2837 1474 2869 Seneca,
1495 2837 1538 2862 alii
1557 2836 1635 2862 codd.
1654 2835 1813 2862 auctoritas.

1390 2878 1400 2893 ⁶
1420 2880 1493 2905 Vers.
1515 2880 1556 2910 49,
1576 2882 1601 2905 et
1619 2879 1715 2905 deinde
1733 2887 1759 2904 v.
1780 2879 1824 2904 24.

1390 2923 1401 2938 ⁶
1423 2925 1495 2950 Vers.
1516 2925 1564 2955 22,
1584 2926 1643 2956 post
1661 2931 1740 2956 quem
1761 2923 1829 2949 Tob.
1849 2923 1896 2954 42,
1916 2924 1940 2949 3.
1961 2936 1993 2941 --
2015 2922 2140 2955 Superius
2159 2929 2207 2954 pro
2225 2929 2276 2956 per

1319 2968 1442 3003 ipsorum
1458 2967 1698 3002 promptitudinem
1717 2967 1735 2994 C
1746 2968 1767 2993 D
1785 2974 1837 3001 pro
1856 2967 1979 3001 ipsorum
1994 2966 2216 3001 promptitudine.

1390 3011 1400 3026 ⁷
1419 3013 1497 3039 Num.
1518 3014 1558 3037 42.
1578 3026 1612 3031 -
1632 3012 1749 3038 SubInde
1767 3013 1893 3044 allegatur
1911 3012 1998 3037 Matth.
2019 3012 2066 3044 43,
2087 3011 2128 3037 47.

1390 3055 1401 3070 ⁵
1421 3058 1496 3082 Vers.
1517 3057 1556 3081 l2.
1577 3070 1612 3075 —
1631 3056 1753 3089 Sequitur
1770 3057 1800 3082 tl.
1818 3056 1879 3082 Cor.
1899 3056 1941 3087 44,
1961 3055 2003 3081 25.
2021 3069 2056 3074 -
2076 3055 2202 3087 Superius
2227 3062 2275 3088 pro

1318 3098 1521 3134 submergimur
1540 3100 1557 3125 F
1568 3100 1589 3125 G
1607 3099 1830 3133 submerguntur.

1390 3143 1401 3158 ⁹
1422 3145 1495 3171 Vers.
1517 3145 1559 3170 40.
1578 3158 1614 3164 -
1634 3145 1690 3171 Duo
1718 3152 1792 3178 seqq.
1813 3144 1862 3170 loci
1882 3147 1942 3170 sunt
1962 3144 2049 3169 Matth.
2068 3143 2097 3175 4,
2118 3143 2159 3168 49.
2179 3147 2205 3169 et
2229 3144 2276 3169 ler.

1320 3189 1367 3220 ⁴6,
1390 3189 1432 3213 46.

1391 3230 1413 3246 ¹⁰
1434 3232 1507 3257 Vers.
1528 3231 1569 3257 44.
1589 3238 1645 3265 seq.
1658 3245 1693 3251 —
1706 3231 1825 3257 Subinde
1844 3231 1969 3263 allegatur
1987 3230 2044 3256 lsai.
2060 3230 2106 3261 l9,
2120 3230 2150 3263 8,
2164 3230 2188 3256 in
2201 3230 2276 3256 cuius

1319 3277 1370 3302 ssne
1390 3277 1501 3308 Vulgata
1522 3276 1595 3302 addit
1613 3277 1800 3303 emarcescent.

1391 3320 1411 3335 ¹¹
1437 3321 1511 3346 Vers.
1531 3321 1554 3347 5.
1574 3328 1628 3354 seq.
1644 3335 1676 3339 —
1691 3321 1817 3353 Superius
1836 3318 1918 3346 verbo
1935 3319 2042 3346 exercet
2053 3319 2168 3345 secunda
2182 3326 2276 3346 manus

1319 3366 1345 3392 in
1364 3366 1386 3392 D
1405 3365 1523 3398 praefixit
1541 3372 1578 3391 se.

1392 3408 1413 3423 ¹²
1433 3410 1507 3435 Vcrs.
1527 3409 1569 3440 34,
1588 3412 1647 3441 post
1665 3416 1745 3442 quem
1764 3407 1843 3434 Ilebr.
1864 3407 1911 3438 lo,
1930 3407 1974 3432 36.
