2427 3872
274 250 338 281 772

567 288 620 314 111Α

328 350 362 354 -
382 337 490 360 ventura
521 336 559 358 est
587 331 782 358 animadversio
812 329 917 355 ultionis

273 384 405 407 extremae
426 379 468 403 Vll
486 377 520 403 74
542 377 575 402 16

327 438 363 443 -
381 423 500 449 Christus
519 421 620 447 orando
633 420 659 445 in
674 426 752 445 cruce
765 426 815 451 pro
834 418 918 444 inimi-

274 469 311 495 cis
330 468 403 494 dedit
421 467 572 498 exemplum
592 468 681 491 contra
695 464 762 489 iram
776 463 808 488 Vi
829 462 881 487 618
902 462 917 487 3

274 528 310 532 -
329 513 453 544 Exemplo
479 510 574 537 Christi
602 516 657 534 non
684 508 814 534 debemus
841 506 917 532 alicui

276 557 408 589 indignari
427 556 471 581 Vll
491 554 541 581 248
567 555 609 579 101

329 616 364 621 -
383 600 519 627 Iracundia
533 599 593 625 l'acit
606 604 781 631 prorumpere
794 597 820 622 in
835 594 918 621 verba

277 646 466 673 contumeliosa
485 644 529 670 Vii
549 644 595 669 361
622 643 649 668 11
668 656 703 661 -
716 641 851 668 Iracundia
865 646 920 665 non

276 694 316 717 est
334 689 482 716 exhibenda
501 689 526 714 in
554 687 737 720 persecutione
756 686 807 711 560
832 684 866 710 64
885 699 920 702 —

279 735 414 761 iracundia
434 733 557 765 fugienda
576 735 615 758 est
633 732 667 757 Vl
681 731 716 756 57
733 738 760 756 ν.
780 730 812 755 10
826 744 862 748 -
875 729 922 754 113·

278 780 374 806 cundia
393 785 445 804 11011
465 778 532 803 11535
551 780 601 803 5131
613 783 674 802 cum
695 775 840 801 constantia
860 773 921 800 ibid.

278 838 314 844 —
332 823 483 850 Constantia
503 822 622 854 perditur
641 827 688 852 per
708 819 871 845 iracundiam
885 818 918 843 56

280 877 307 902 q.
326 870 341 894 2
360 882 395 887 -
421 867 555 894 iracundia
584 865 671 892 statim
700 868 739 890 est
766 862 922 895 deponenda

283 913 316 939 57
336 920 362 938 v.
384 913 416 938 10
435 926 470 931 —-
490 911 577 936 Passio
597 909 691 936 Christi
710 908 803 934 liberat
822 906 856 932 ab
875 907 923 936 ica-

280 958 375 984 cundia
408 955 578 982 illuminando
616 954 649 980 ad
687 952 837 985 patientiam
872 951 923 976 303

281 1003 314 1028 83
336 1002 390 1035 (82)

334 1047 477 1071 1315513315
495 1058 530 1062 -
550 1044 628 1069 hahet
653 1041 858 1067 consolationem
878 1045 925 1071 per

281 1097 373 1123 pacem
394 1092 419 1115 et
437 1088 621 1114 confidentiam
640 1086 674 1111 Vi
695 1085 745 1111 457
767 1085 799 1109 10

338 1135 408 1160 istac
426 1147 462 1152 —
481 1132 549 1158 filius
569 1132 615 1157 11111
643 1130 741 1156 liberae
765 1129 799 1154 vt
819 1129 870 1154 363
892 1127 924 1153 48

282 1194 317 1197 —
336 1178 439 1204 oblatus
458 1184 472 1203 a
492 1180 566 1209 patre
585 1178 624 1201 est
651 1176 737 1207 figura
762 1173 857 1200 Christi
883 1173 925 1198 Vii

283 1223 335 1249 595
355 1223 388 1249 34

337 1269 424 1293 153311,
452 1281 487 1284 -
520 1268 560 1291 551
590 1271 685 1290 nomen
718 1262 851 1289 electionis
884 1262 925 1287 Vii

285 1313 319 1338 39
339 1313 389 1338 122

340 1358 484 1382 1531511113
501 1369 537 1374 -
553 1354 608 1380 Filii
622 1354 697 1387 israel
710 1352 873 1379 vocabantur
886 1358 928 1376 na-

286 1402 322 1427 tio
341 1405 429 1427 sancta
448 1403 474 1426 et
492 1402 565 1425 erant
584 1399 628 1424 11111
648 1399 803 1424 Sanctorum
822 1397 855 1422 Vi
871 1394 927 1422 ’217

287 1454 313 1472 v.
341 1448 355 1474 2
380 1459 416 1465 —
440 1445 494 1470 Filii
520 1444 596 1470 lsrael
625 1450 672 1476 per
701 1442 928 1468 circumcisionem

288 1494 362 1517 erant
373 1490 525 1516 sanctificati
538 1492 564 1514 et
577 1496 624 1521 pcr
637 1487 862 1513 conversationem
873 1493 930 1511 san-

288 1535 418 1562 ctificandi
437 1533 499 1561 ibid.
514 1548 546 1552 --
560 1536 633 1558 erant
646 1532 727 1558 sancti
742 1533 793 1557 222
813 1539 839 1557 ν.
860 1531 870 1556 1
895 1545 929 1549 -

287 1580 402 1613 Populus
422 1578 575 1604 israeliticus
594 1580 648 1603 erat
668 1577 823 1602 iustificatos
836 1582 884 1608 per
902 1575 929 1600 fl-

288 1626 349 1651 dem
369 1627 394 1650 et
413 1631 459 1656 per
478 1622 657 1654 operationem
677 1621 740 1647 boni
761 1621 811 1646 176
831 1628 858 1646 ν.
878 1620 911 1645 15

342 1683 378 1688 --
397 1667 561 1694 vocabantur
589 1666 633 1692 iiiii
654 1666 700 1691 Dei
725 1673 772 1697 per
797 1665 877 1691 fldem
896 1664 928 1690 111

292 1714 338 1740 211
363 1720 389 1738 ν.
411 1713 443 1738 10
463 1726 498 1731 -
511 1715 585 1737 erant
598 1711 736 1743 peculiaris
750 1710 864 1742 populus
879 1709 929 1734 210

291 1766 317 1784 v.
337 1759 352 1783 2
373 1772 406 1776 -
426 1756 532 1789 speciali
551 1762 642 1781 amore
661 1762 676 1780 a
689 1755 743 1781 Deo
757 1754 844 1780 dilecti
858 1756 931 1779 erant

291 1803 342 1829 216
363 1809 388 1827 v.
408 1802 442 1827 25
461 1815 497 1819 —
515 1801 641 1826 lsraelitas
654 1800 780 1825 Dominus
793 1798 880 1824 dilexit
893 1797 932 1824 di-

291 1847 399 1873 lectione
419 1849 524 1871 aeterna
543 1848 569 1870 et
588 1844 725 1876 temporali
744 1843 779 1869 ib.
798 1851 825 1868 v.
843 1843 877 1868 26

346 1906 379 1910 —
399 1890 521 1922 Aegyptii
540 1890 645 1916 crudele
659 1888 801 1921 imperium
814 1888 842 1913 in
855 1888 931 1913 israe-

292 1937 349 1962 litas
377 1937 564 1965 exercuerunt,
583 1933 759 1966 opprimendo
787 1940 833 1958 eos
858 1932 932 1957 duris

292 1980 418 2013 operibus
438 1980 471 2005 Vi
491 1979 542 2004 210
561 1986 589 2005 ν.
612 1978 626 2004 4
646 1993 681 1996 -
699 1985 714 2003 3
734 1978 870 2003 Pharaone
888 1984 933 2009 op-

292 2024 473 2058 primebantur
492 2027 517 2049 et
536 2022 735 2055 flagellabantur
751 2023 802 2048 222
817 2029 843 2047 v.
863 2023 878 2047 2
898 2035 933 2040 -

293 2077 346 2095 non
365 2072 425 2095 sunt
443 2067 561 2101 percussi
581 2075 595 2093 a
624 2068 678 2093 Deo
698 2074 759 2093 cum
780 2067 868 2099 impiis
887 2066 933 2092 Ae-

295 2114 392 2146 gyptiis
411 2112 472 2140 ibid.
493 2128 526 2131 —
547 2111 734 2138 minuebantur
753 2111 935 2144 propalatione

294 2162 319 2184 et
344 2158 473 2184 occisione
502 2157 639 2182 infantium
669 2157 720 2182 478
746 2164 772 2182 ν.
792 2157 807 2181 8
827 2169 862 2175 -
880 2155 935 2181 Filii

295 2203 372 2229 lsrael
392 2202 483 2228 salvati
502 2205 563 2227 sunt
574 2201 608 2227 ab
622 2202 721 2233 Angelo
735 2201 935 2227 exterminatore

295 2248 346 2274 223
367 2254 394 2273 v.
409 2246 425 2272 7

348 2306 384 2310 -
402 2294 461 2324 post
480 2292 577 2323 pascha
596 2290 757 2316 celebratum
777 2290 802 2316 in
815 2290 936 2321 Aegypto

296 2337 383 2362 statim
402 2336 560 2361 transierunt
579 2342 651 2360 mare
670 2334 782 2361 rubrum
802 2335 834 2360 Vl
855 2334 906 2360 597
921 2335 936 2359 3

297 2395 332 2399 —
351 2387 414 2406 vasa
441 2387 521 2406 aurea
540 2383 566 2406 et
593 2383 716 2412 argentea
744 2379 937 2411 Aegyptiorum

298 2425 422 2451 mandato
442 2425 487 2450 Dei
506 2431 597 2450 secum
616 2424 731 2450 tulerunt
745 2424 794 2450 177
809 2431 835 2449 v.
856 2424 889 2449 49
903 2438 938 2441 —

298 2470 385 2495 educti
404 2472 465 2496 sunt
483 2469 517 2495 de
535 2469 656 2501 Aegypto
681 2476 728 2501 per
753 2469 859 2500 Moysen
878 2468 939 2494 iibe-

298 2517 385 2539 ratum
405 2514 456 2539 223
476 2521 502 2539 v.
522 2514 538 2539 5
562 2528 596 2531 —
624 2513 747 2545 Aegyptii
766 2513 852 2539 mirati
879 2515 940 2538 sunt

299 2559 429 2590 populum
448 2558 525 2583 lsrael
553 2558 710 2583 miraculose
728 2557 867 2583 liberatum
888 2557 939 2583 480

301 2610 327 2628 v.
348 2602 380 2627 45
393 2616 428 2620 -
447 2601 600 2627 mirabiliter
622 2602 781 2628 transierunt
799 2609 847 2634 per
867 2609 940 2627 mare

300 2646 411 2672 rubrum
436 2646 492 2671 sine
517 2646 706 2678 impedimento
731 2653 815 2678 aquae
834 2646 876 2671 vel
895 2646 940 2671 iuti

302 2691 352 2716 229
377 2698 403 2716 ν.
423 2691 448 2716 5.
476 2691 526 2715 232
551 2698 577 2715 ν.
608 2691 639 2715 18
665 2704 699 2709 ·-
720 2691 839 2716 israelitis
857 2697 942 2723 aquae

302 2735 382 2761 maris
401 2734 473 2760 rubri
493 2737 567 2760 erant
586 2741 634 2766 pro
654 2742 730 2760 muro
751 2735 801 2760 176
823 2742 847 2759 ν.
869 2735 901 2759 18

355 2794 390 2797 -
410 2779 539 2811 Populum
563 2779 638 2804 lsrael
668 2779 737 2804 Deus
766 2778 944 2810 magnificavit

303 2824 469 2849 adversarios
488 2830 581 2849 eorum
601 2823 774 2855 deprimendo
794 2823 826 2848 Vi
847 2824 898 2849 232
917 2830 944 2848 ν.

304 2868 346 2893 20.
368 2882 400 2886 —-
426 2875 477 2893 303
506 2868 590 2893 solum
616 2867 771 2899 audierunt,
799 2867 846 2893 sed
865 2867 943 2893 etiam

304 2912 428 2938 viderunt
447 2911 575 2945 mirabilia
595 2915 620 2938 et
633 2915 748 2938 monstra
763 2912 807 2938 Dei
822 2912 873 2937 230
888 2919 914 2937 ν.
929 2912 944 2936 8

302 2970 338 2976 -
357 2957 507 2982 columnam
536 2957 604 2988 ignis
632 2956 782 2982 habuerunt
806 2957 840 2982 de
869 2959 945 2982 nocte

305 3002 356 3027 222
376 3008 402 3027 ν.
423 3002 437 3026 3
458 3015 491 3019 -
513 3001 631 3027 israelitis
658 3001 780 3027 columna
809 3000 887 3027 nubis
906 3008 946 3027 ae-

305 3050 374 3071 stum
394 3046 455 3071 solis
475 3045 631 3077 temperavit
649 3044 712 3071 ibid.

358 3104 394 3109 -
413 3089 545 3122 Sapientia
565 3090 657 3116 direxit
682 3090 809 3116 israelitas
829 3092 888 3122 post
906 3097 947 3116 re-

306 3141 410 3160 cessum
431 3134 464 3160 de
482 3135 604 3166 Aegypto
623 3134 657 3160 Vi
675 3134 721 3160 177
742 3142 768 3160 ν.
790 3124 800 3159 1
824 3149 857 3153 -
870 3135 948 3160 israe-

306 3179 357 3204 litis
385 3178 544 3204 abundantia
571 3185 700 3211 aquarum
725 3179 816 3204 collata
835 3181 876 3207 est
896 3179 946 3204 178

306 3230 331 3248 ν.
349 3223 365 3247 7
387 3237 420 3241 —
440 3223 509 3248 Deus
529 3223 647 3248 israelitis
673 3230 721 3255 pro
740 3223 867 3255 sanguiue
887 3230 948 3255 pue-

307 3274 397 3292 rorum
417 3268 499 3292 511350
519 3274 615 3300 aquam
635 3267 707 3293 dedit
726 3267 753 3293 in
772 3266 876 3293 deserto
897 3267 947 3293 179

308 3318 335 3337 v.
358 3312 372 3336 8

362 3369 397 3373 —
411 3356 573 3382 offenderant
586 3356 669 3382 Deum
684 3356 875 3383 murmurando
890 3363 948 3382 con·

309 3403 348 3425 tra
367 3400 454 3432 ipsum
475 3401 507 3426 Vi
527 3401 578 3426 210
598 3408 624 3426 v.
644 3401 660 3427 5
680 3415 715 3420 —
734 3401 759 3426 in
778 3401 882 3427 deserto
895 3398 947 3427 153-

1146 239 1261 272 INDEX
1285 239 1413 272 RERUM

955 328 1097 355 tationibus
1117 328 1205 354 multis
1225 331 1251 354 et
1269 328 1355 360 plagis
1369 327 1457 353 tentati
1471 329 1532 352 sunt
1548 326 1597 351 179

955 381 980 399 ν.
1001 373 1034 398 10
1054 387 1089 391 —
1109 373 1236 399 lsraelitas
1250 375 1389 404 peccantes
1407 371 1495 403 dignis
1514 370 1598 403 plagis

955 418 1083 450 corripuit
1096 418 1166 443 Deus
1179 420 1205 443 et
1223 417 1387 450 poenitentes
1397 409 1547 442 consolatus
1560 417 1599 441 est

955 462 1016 490 ibid.
1037 477 1072 480 —
1091 461 1290 487 misericordem
1310 464 1335 486 et
1353 461 1439 486 levem
1459 459 1599 492 correptio-

955 515 1017 534 nem
1030 514 1078 539 pro
1092 507 1177 538 culpis
1189 506 1244 532 suis
1257 507 1416 537 acceperunt
1429 504 1490 531 ibid.
1509 519 1544 523 —
1557 504 1600 529 sla-

955 552 1121 585 gellationem
1141 551 1245 577 Domini
1263 550 1378 576 abiicere
1396 557 1449 575 non
1465 548 1601 575 debebant

956 596 1018 624 ibid.
1054 610 1090 616 -
1117 596 1232 629 Quidam
1263 595 1436 621 israelitarum
1468 592 1602 619 morsibus

958 648 1145 675 perversorum
1178 639 1348 666 colubrorum
1380 638 1506 665 interfecti
1542 640 1603 664 sunt

958 687 1009 713 210
1029 693 1055 711 ν.
1075 685 1092 711 5
1431 692 1433 694 ’

1012 745 1048 751 -
1066 729 1184 757 sciebant
1201 729 1396 761 experimento,
1415 734 1496 761 quam
1509 733 1603 760 aspere

960 777 1030 802 Deus
1049 775 1125 808 punit
1153 774 1249 806 impios
1268 774 1302 799 Vl
1322 773 1373 798 479
1393 780 1419 798 ν.
1440 773 1473 798 10
1492 786 1528 791 -
1546 779 1604 798 mo-

960 821 1006 847 niti
1025 823 1086 846 sunt
1103 827 1118 845 a
1149 819 1202 844 Deo
1227 821 1354 850 tanquam
1379 820 1453 849 patre
1471 817 1506 842 ad
1524 816 1603 842 maio-

960 872 1016 891 rem
1037 865 1184 896 protectum
1198 866 1223 888 et
1241 862 1274 888 ad
1295 861 1488 894 proficiendum
1508 861 1534 886 in
1552 868 1604 886 me-

961 910 1011 935 iius
1029 908 1063 935 ib.
1092 916 1120 934 v.
1144 908 1172 933 11
1205 921 1241 926 -
1266 907 1436 939 desperantes
1461 905 1603 931 Dominum

960 953 1037 987 quasi
1056 952 1183 978 oblivioni
1201 951 1364 977 tradiderant
1382 950 1434 975 180
1453 957 1480 975 ν.
1500 948 1533 974 14

1014 1011 1050 1016 -
1076 996 1164 1022 afflicti
1193 995 1324 1021 recordati
1352 995 1421 1021 sunt'
1440 993 1544 1019 Domini
1571 993 1605 1018 Vi

965 1043 1015 1068 180
1034 1049 1061 1067 v.
1083 1041 1114 1066 -14
1133 1054 1170 1060 -
1189 1040 1318 1072 Populum
1338 1039 1415 1065 israel
1429 1039 1500 1064 Deus
1517 1036 1606 1063 multis

963 1086 1097 1113 beneflciis
1125 1084 1248 1110 exaltavit
1275 1084 1326 1109 232
1356 1090 1383 1108 v.
1412 1083 1445 1108 20
1473 1096 1509 1101 -
1536 1082 1607 1107 Deus

963 1131 1088 1158 israelitas
1107 1130 1134 1155 in
1153 1129 1208 1156 suis
1226 1127 1438 1155 tribulationibus
1462 1134 1515 1153 non
1535 1126 1609 1152 desc-

963 1177 1015 1202 ruit
1034 1174 1098 1202 ibid.

1015 1234 1052 1240 —
1070 1223 1141 1245 retro
1160 1217 1313 1250 aspirabant
1332 1218 1364 1242 Vi
1385 1216 1436 1242 569
1458 1216 1473 1241 4
1492 1230 1528 1235 —
1541 1215 1608 1241 Con-

963 1265 1124 1298 cupiscentia
1144 1270 1189 1289 eos
1217 1263 1295 1295 longe
1319 1261 1428 1288 deduxit
1446 1268 1461 1286 a
1481 1261 1535 1286 Deo
1556 1260 1607 1286 230

963 1318 990 1337 ν.
1011 1311 1039 1337 11

1018 1369 1052 1373 —
1072 1354 1273 1386 postulaverunt
1291 1358 1365 1377 escas
1384 1350 1508 1376 delicatas
1527 1352 1553 1375 et
1565 1356 1608 1375 su-

964 1400 1093 1432 perfluas,
1108 1405 1161 1424 non
1174 1396 1335 1423 necessitatis
1349 1396 1382 1421 Vl
1402 1396 1453 1421 230
1472 1402 1500 1421 ν.
1521 1395 1548 1420 11
1574 1408 1608 1411 -

965 1446 992 1470 13
1011 1444 1115 1470 deserto
1129 1441 1309 1474 temporaliter
1321 1439 1548 1466 conservabantur
1561 1447 1609 1472 per

965 1496 1060 1515 manna
1081 1488 1132 1513 333
1153 1487 1187 1512 88
1206 1501 1242 1504 -
1262 1486 1379 1518 Populus
1398 1485 1474 1511 lsrael
1497 1491 1608 1517 manna,

966 1533 1128 1565 Angelorum
1148 1538 1223 1562 esca,
1244 1530 1291 1556 suit
1315 1531 1428 1556 nutritus
1448 1529 1499 1555 214
1519 1537 1545 1555 ν.
1566 1530 1609 1555 20.

967 1578 1019 1604 216
1039 1585 1065 1603 ν.
1085 1577 1119 1602 25

1020 1636 1055 1641 -
1074 1628 1089 1647 3
1109 1621 1222 1646 Domino
1236 1619 1386 1652 praeparati
1400 1620 1505 1644 suerunt
1518 1618 1552 1644 ad
1565 1619 1610 1644 Le-

967 1667 1008 1699 gis
1026 1666 1222 1698 susceptionem
1243 1665 1276 1690 Vi
1304 1665 1355 1690 223
1376 1671 1402 1689 ν.
1423 1664 1438 1689 4
1458 1678 1491 1682 -
1511 1664 1609 1695 Legem

967 1711 1134 1738 concorditer
1153 1712 1328 1742 susceperunt
1346 1711 1372 1734 et
1391 1709 1501 1741 implere
1514 1715 1611 1740 propo-

967 1758 1092 1786 suerunt,
1111 1761 1297 1788 quaecumque
1317 1754 1395 1779 vellet
1424 1754 1493 1778 Deus
1516 1753 1612 1778 inferre

969 1800 1031 1827 ibid.
1051 1815 1084 1819 —
1105 1800 1189 1825 Deum
1208 1799 1384 1825 laudaverunt
1402 1801 1456 1823 tam
1475 1798 1509 1824 de
1529 1797 1612 1829 malis,

969 1852 1049 1879 quam
1069 1845 1103 1870 de
1122 1844 1199 1870 bonis
1219 1843 1270 1869 224
1291 1851 1317 1868 ν.
1337 1843 1352 1868 9

1024 1903 1058 1907 -
1078 1888 1126 1914 Via
1146 1887 1236 1920 popuii
1262 1887 1340 1913 lsrael
1369 1886 1416 1912 suit
1434 1885 1561 1912 mirabilis
1580 1886 1613 1912 Vl

971 1933 1022 1959 476
1043 1940 1068 1958 v.
1090 1932 1121 1957 17
1142 1946 1177 1950 -
1197 1932 1266 1957 Deus
1286 1931 1358 1963 ipsos
1377 1938 1407 1957 ex
1433 1931 1613 1957 misericordia

970 1985 1017 2003 sua
1038 1976 1222 2009 multiplicavit
1240 1979 1266 2001 et
1284 1976 1383 2001 sortiter
1402 1975 1437 2001 ab
1456 1975 1616 2001 adversariis

970 2022 1089 2048 defendit
1107 2024 1132 2047 et
1151 2021 1257 2047 tandem
1277 2020 1315 2046 eis
1344 2023 1441 2046 terram
1465 2019 1616 2052 promissio-

971 2067 1011 2093 nis
1030 2066 1138 2092 contulit
1167 2066 1217 2091 473
1242 2073 1268 2091 v.
1289 2066 1305 2091 5
1324 2079 1360 2084 —
1380 2064 1507 2090 timebant
1526 2064 1616 2090 diffici-

972 2112 1023 2137 lem
1042 2111 1179 2137 introitum
1198 2111 1225 2136 in
1244 2113 1340 2136 terram
1355 2110 1514 2142 promissam
1534 2109 1585 2134 568
1600 2109 1615 2134 3

974 2171 1008 2174 -
1027 2156 1127 2188 Populo
1150 2155 1290 2182 israelitico
1318 2155 1392 2180 dedit
1420 2155 1490 2180 Deus
1518 2157 1615 2180 terram

973 2200 1168 2233 promissionis,
1196 2206 1279 2233 quam
1303 2199 1326 2225 01
1358 2199 1432 2231 prius
1460 2199 1618 2231 promiserat

975 2245 1025 2271 476
1045 2252 1071 2270 ν.
1101 2245 1134 2270 17
1153 2258 1189 2264 -
1216 2245 1281 2270 Data
1300 2244 1348 2270 suit
1372 2244 1430 2270 filiis
1450 2244 1527 2269 israel
1548 2246 1616 2269 terra

975 2289 1158 2322 promissionis
1195 2289 1220 2314 in
1257 2289 1451 2321 possessionem
1483 2290 1617 2314 aeternam

978 2333 1011 2360 14
1031 2341 1058 2367 q.
1078 2335 1094 2360 2

1029 2379 1088 2405 111111
1110 2393 1145 2397 -
1173 2378 1208 2404 ad
1235 2385 1348 2410 regnum
1378 2377 1514 2410 peragitur
1542 2377 1632 2403 relin-'

976 2423 1083 2456 quendo
1104 2423 1247 2455 mundum,
1266 2422 1403 2454 operando
1422 2421 1531 2454 bonum,
1545 2421 1619 2447 susti-

976 2468 1065 2494 nendo
1085 2468 1184 2493 maium
1204 2467 1237 2493 Vl
1257 2467 1308 2492 606
1328 2474 1356 2492 ν.
1374 2467 1391 2492 7

1030 2513 1178 2538 luceamus
1196 2525 1232 2531 —-
1251 2511 1325 2537 Stulti
1345 2511 1484 2544 requirunt
1503 2511 1619 2537 iucunda

978 2557 1003 2583 in
1022 2556 1154 2589 praesenti
1174 2557 1205 2582 Vi
1230 2556 1264 2582 55
1290 2564 1317 2582 v.
1336 2555 1352 2581 5
1371 2569 1406 2575 —
1430 2557 1563 2588 Quaerere
1581 2555 1621 2581 iu-

978 2602 1064 2627 cunda
1083 2601 1109 2626 in
1129 2601 1259 2633 praesenti
1278 2602 1386 2626 stultum
1406 2604 1445 2626 est
1465 2599 1527 2626 ibid.

1031 2659 1068 2664 -—
1086 2645 1200 2671 Tristitia
1214 2647 1359 2677 praefertur
1372 2645 1527 2671 iucunditati
1543 2645 1574 2670 Vi
1588 2644 1621 2670 55

980 2697 1006 2715 ν.
1027 2690 1041 2715 4
1061 2703 1096 2708 —
1115 2689 1214 2721 decipit
1232 2689 1294 2715 ibid.

1035 2734 1126 2759 {UDAEA
1145 2747 1180 2752 —
1205 2733 1340 2759 tributaria
1366 2733 1509 2760 denotabat
1537 2733 1624 2766 proxi-

981 2784 1052 2803 mam
1073 2777 1231 2803 nativitatem
1258 2778 1362 2803 Domini
1388 2778 1430 2804 Vil
1455 2778 1487 2803 45
1507 2778 1523 2803 5
1542 2793 1577 2796 -
1597 2779 1623 2804 111

982 2821 1076 2847 iudaea
1096 2821 1213 2847 Christus
1232 2822 1346 2848 nascitur
1370 2822 1422 2847 424
1442 2822 1476 2848 42
1495 2836 1530 2842 -
1549 2823 1624 2848 inter-

982 2869 1100 2899 pretatur
1119 2866 1247 2892 confitcns
1267 2866 1318 2892 147
1339 2866 1372 2892 47
1385 2881 1420 2885 -—
1434 2867 1564 2899 significat
1577 2870 1625 2893 sta-

983 2914 1038 2937 tum
1058 2911 1204 2936 activorum
1224 2910 1286 2937 ibid.

1037 2956 1122 2981 1311351
1140 2969 1177 2974 -
1195 2958 1255 2981 51131
1274 2955 1318 2980 tilii
1339 2955 1459 2981 Abrahae
1478 2956 1625 2982 secundum

984 3007 1093 3026 carnem
1114 3000 1194 3032 geniti
1214 3000 1247 3025 Vi
1267 3000 1319 3026 365
1339 3000 1381 3026 54.
1397 3001 1447 3026 366
1468 3001 1501 3025 56
1520 3015 1555 3019 -
1574 3007 1626 3026 303

984 3047 1044 3070 5331
1062 3044 1106 3070 11111
1126 3044 1247 3071 Α11131135
1263 3052 1311 3077 per
1330 3045 1500 3070 imitationem
1521 3045 1572 3070 366
1593 3045 1626 3070 56

984 3104 1019 3107 -
1039 3089 1129 3115 dicunt
1154 3096 1183 3114 se
1201 3089 1267 3114 111105
1295 3089 1341 3114 1)51
1361 3092 1485 3122 tanquam
1514 3089 1627 3115 cultores

985 3133 1042 3159 01115
1059 3132 1094 3159 ib.
1115 3134 1147 3159 58
1162 3147 1197 3152 —
1210 3136 1284 3159 erant
1296 3140 1359 3165 prae
1373 3134 1466 3159 ceteris
1485 3134 1558 3159 electi
1576 3133 1626 3159 252

986 3178 1020 3204 26
1040 3191 1075 3197 -
1094 3178 1151 3203 veri
1166 3185 1199 3204 re
1212 3180 1237 3204 et
1250 3178 1344 3204 merito
1358 3178 1444 3204 ludaei
1465 3178 1628 3210 appellantur

987 3223 1038 3248 296
1059 3222 1091 3248 44
1111 3237 1146 3241 -—
1165 3226 1239 3249 erant
1257 3223 1395 3255 peritiores
1413 3223 1439 3249 in
1458 3224 1528 3255 Lege
1546 3230 1626 3256 quam

986 3267 1092 3293 Galilaei
1112 3268 1163 3293 268
1185 3268 1230 3293 101
1255 3281 1289 3286 -
1313 3267 1458 3300 agebantur
1480 3267 1627 3294 secundum

987 3312 1073 3344 legem
1093 3312 1211 3344 decalogi
1231 3312 1274 3338 Vli
1294 3312 1344 3337 482
1365 3312 1398 3337 29

1042 3371 1076 3375 -
1094 3357 1227 3389 refugiunt
1240 3357 1433 3383 immunditiam
1449 3357 1580 3382 carnalem
1595 3357 1627 3382 Vi

1930 281 1984 307 iUD

1637 339 1670 344 —-
1690 325 1894 351 consolabantur
1912 326 2032 358 lugentes
2051 325 2084 351 de
2103 328 2208 351 mortuo
2227 324 2273 350 401

1637 370 1670 396 42
1683 384 1719 389 -
1732 369 1831 396 flebant
1848 373 1874 396 et
1887 369 2047 403 plangebant
2059 377 2140 402 super
2159 373 2279 396 mortuos

1639 415 1681 440 Vii
1702 414 1754 440 214
1774 415 1808 440 92

1691 470 1726 477 -—
1751 466 1847 485 omnes
1874 459 1901 484 in
1928 459 2119 485 consuetudine
2147 458 2280 485 habebant

1637 503 1781 530 ascendere
1806 504 1991 535 lerosolymam
2007 504 2042 530 ad
2067 504 2123 530 dies
2147 505 2226 530 festos
2245 505 2279 530 Vi

1638 550 1690 575 303
1716 550 1732 574 3
1751 562 1788 568 —
1812 548 1896 574 tribus
1919 548 2025 575 vicibus
2046 549 2225 576 ascendebant
2253 549 2279 575 in

1638 594 1767 626 templum
1783 593 1834 619 273
1854 593 1888 619 20
1900 607 1937 613 -
1952 594 1977 619 13
1996 588 2133 627 synagoga
2151 594 2281 621 vacabant

1639 639 1691 671 legi
1709 638 1756 664 Dei
1780 638 1824 664 Vll
1843 639 1877 664 96
1898 639 1931 664 32
1950 652 1987 657 -
2004 638 2183 665 adoraverunt
2207 639 2281 672 quod

1639 683 1758 710 sciebant
1776 684 1809 709 Vi
1829 683 1881 709 295
1901 683 1935 709 37
1953 697 1989 703 -
2007 690 2059 709 303
2078 685 2194 715 perfecte
2217 683 2280 709 ado-

1639 731 1766 755 raverunt
1778 728 1876 761 Deum,
1889 727 1952 761 quia
1967 727 2018 754 sub
2031 728 2124 760 figuris
2136 727 2282 754 adorabant

1640 772 1704 800 ibid.

1693 832 1730 837 —
1748 817 1822 850 prius
1840 818 1938 849 Legem
1956 819 2144 849 susceperunt,
2163 817 2211 843 sed
2229 824 2283 843 non

1642 862 1812 888 crediderunt
1836 862 1870 888 Vl
1895 861 1946 888 507
1974 862 2006 887 16
2025 875 2061 881 -
2080 861 2168 888 iudaei
2192 868 2283 894 pecca·

1642 907 1705 933 bant
1723 906 1941 938 transgrediendo
1960 907 2058 938 Legem
2079 906 2130 932 122
2149 914 2175 932 ν.
2199 907 2229 932 12
2248 921 2284 925 -

1644 952 1730 978 iudaei
1749 951 1895 983 peccabant
1913 951 2065 977 traditiones
2083 957 2145 976 suas
2164 950 2284 977 docendo

1642 996 1684 1021 vel
1711 995 1826 1021 tenendo
1853 996 1895 1021 vel
1914 995 1995 1021 teneri
2021 995 2139 1021 faciendo
2167 994 2228 1021 ibid.
2247 1008 2284 1014 -

1643 1040 1818 1066 Observantia
1837 1039 1888 1065 diei
1905 1039 1987 1065 sancti
1998 1042 2056 1065 erat
2075 1039 2100 1065 in
2120 1039 2221 1065 iudaeis
2240 1046 2285 1072 po-

1644 1086 1696 1112 tius
1720 1085 1755 1111 ad
1779 1084 1972 1111 simulationem
1999 1084 2112 1110 iustitiae
2140 1091 2221 1117 quam
2251 1084 2284 1111 ad

1645 1130 1822 1162 impletionem
1847 1129 1889 1155 Vii
1914 1128 1966 1154 344
1992 1129 2025 1154 29
2045 1143 2081 1147 -
2099 1128 2185 1161 magis
2212 1135 2285 1155 cura-

1645 1175 1709 1201 bant
1727 1175 1762 1200 de
1780 1173 1965 1204 exterioribus,
1991 1173 2050 1199 ideo
2070 1173 2164 1199 iniuste
2186 1173 2286 1200 iudica-

1644 1219 1708 1246 bant
1725 1220 1759 1245 Vi
1779 1219 1831 1244 345
1850 1219 1884 1244 32

1700 1278 1734 1282 -
1753 1263 1840 1289 vocati
1864 1265 1925 1288 sunt
1952 1262 1986 1288 de
2004 1269 2089 1294 prope
2117 1262 2160 1288 Vii
2180 1261 2230 1288 483
2251 1263 2284 1288 29

1645 1323 1681 1329 -
1699 1316 1713 1334 3
1734 1307 1835 1334 Christo
1849 1307 1972 1333 dicuntur
1991 1307 2046 1338 sui,
2065 1306 2127 1339 quia
2146 1307 2180 1332 de
2193 1314 2286 1332 eorum

1647 1359 1744 1385 genere
1762 1355 1818 1378 erat
1837 1352 1870 1377 Vl
1890 1352 1941 1377 252
1961 1352 1995 1377 26

1699 1411 1735 1417 —-
1753 1395 1876 1422 dicebant
1895 1403 1923 1422 se
1942 1395 2047 1426 liberos,
2066 1395 2129 1429 quia
2142 1395 2196 1421 nati
2214 1398 2289 1421 erant
2322 1402 2324 1405 ’

1646 1443 1680 1469 de
1704 1441 1836 1468 Abraham
1860 1448 1908 1473 per
1932 1441 2001 1466 lsaac
2021 1440 2053 1465 Vi
2077 1440 2128 1465 363
2154 1439 2187 1465 48
2207 1454 2241 1458 —
2259 1446 2288 1465 55

1647 1487 1744 1513 11115105
1767 1488 1920 1518 reputantes
1948 1492 2002 1510 non
2026 1487 2119 1510 curant
2146 1484 2179 1510 de
2198 1483 2289 1510 iibera-

1648 1532 1718 1558 tione
1736 1539 1750 1557 a
1766 1531 1842 1563 culpa
1856 1529 1919 1556 ibid.
1933 1544 1967 1548 ——
1980 1530 2072 1555 dicunt
2090 1536 2119 1555 se
2132 1528 2228 1555 liberos
2242 1536 2289 1561 per

1648 1579 1768 1602 naturam
1794 1578 1824 1601 ut
1850 1575 1895 1600 filii
1924 1574 2021 1600 liberae
2039 1573 2102 1600 ibid.
2121 1573 2173 1600 364
2201 1574 2235 1600 52
2253 1588 2289 1592 -

1647 1624 1709 1647 sunt
1728 1621 1797 1646 servi
1817 1620 1918 1653 peccati
1931 1623 1957 1645 ct
1976 1619 2095 1651 indigent
2113 1618 2219 1644 liberari
2237 1617 2289 1644 364

1637 1667 1682 1693 »49
1701 1680 1737 1686 -
1755 1672 1847 1691 551νο5
1870 1664 2034 1696 accipiebant
2052 1671 2084 1690 ex
2108 1663 2165 1689 aliis
2183 1663 2290 1689 nationi-

1649 1711 1700 1737 bus
1718 1710 1752 1737 ib.
1772 1710 1806 1735 52
1818 1725 1854 1728 -
1868 1709 1941 1735 obliti
1954 1708 2117 1734 liberationis
2132 1715 2146 1733 a
2166 1708 2290 1734 Servitute

1649 1756 1764 1788 Aegypti
1782 1754 1843 1781 ibid.
1862 1769 1898 1772 —
1917 1754 2032 1785 Populus
2050 1753 2171 1779 iudaicus
2194 1752 2228 1778 ad
2248 1753 2291 1778 Ec-

1649 1800 1755 1826 clesiam
1768 1799 1890 1829 veniens,
1909 1798 2019 1824 solvitur
2038 1798 2072 1823 de
2084 1804 2164 1823 onere
2182 1796 2292 1823 servitu-

1650 1845 1682 1871 tis
1701 1844 1791 1877 legalis
1810 1847 1836 1869 et
1854 1843 2023 1869 confunditur
2042 1843 2086 1868 Vll
2106 1842 2157 1868 345
2178 1842 2211 1868 35

1707 1903 1743 1909 —
1770 1896 1876 1920 semper
1905 1888 1996 1913 odium
2025 1887 2175 1913 babuerunt
2202 1889 2292 1913 contra

1651 1938 1743 1967 gentes
1763 1934 1804 1959 Vli
1826 1933 1877 1958 475
1899 1933 1930 1958 -10
1946 1946 1982 1951 -
2001 1932 2159 1958 iudaeorum
2183 1931 2293 1963 indigni-

1652 1982 1691 2004 tas
1704 1980 1825 2010 respectu
1840 1976 1975 2009 gentilium
1991 1977 2038 2002 suit
2050 1978 2178 2010 quantum
2193 1976 2227 2002 ad
2240 1975 2293 2001 duo

1654 2024 1704 2049 102
1730 2023 1764 2048 55
1783 2036 1818 2041 -
1836 2029 1889 2047 non
1916 2021 2090 2047 admittebant
2118 2020 2294 2046 samaritanos

1653 2068 1686 2093 ad
1706 2068 1805 2092 cultum
1825 2066 1872 2092 Dei
1885 2065 1938 2091 247
1958 2066 1991 2091 97
2005 2079 2040 2085 -
2054 2065 2231 2091 samaritanos
2250 2065 2294 2090 im-

1653 2112 1768 2138 mundos
1793 2110 1952 2143 reputabant
1978 2111 2010 2136 Vi
2030 2111 2081 2136 292
2103 2109 2134 2135 17
2154 2123 2190 2129 -
2209 2109 2295 2142 Aliqui

1653 2156 1705 2183 cibi
1715 2159 1790 2182 erant
1802 2156 1978 2182 indifferentes
1991 2155 2081 2188 quoad
2096 2155 2206 2181 ludaeos
2216 2157 2242 2180 et
2254 2154 2296 2179 Sa-

1654 2201 1809 2232 maritimos,
1834 2204 1863 2226 ut
1882 2200 1957 2232 panis
1985 2202 2011 2225 et
2029 2206 2108 2232 poma
2138 2199 2189 2225 293
2209 2199 2242 2224 25
2260 2212 2296 2218 -

1654 2247 1767 2272 offerunt
1784 2252 1814 2271 ex
1828 2244 1989 2271 abundantia
2003 2247 2111 2276 propter
2123 2243 2297 2276 praesumtio-

1655 2297 1716 2317 nem
1736 2290 1778 2316 Vii
1805 2290 1856 2316 522
1876 2290 1892 2314 8
1911 2304 1945 2307 -
1965 2289 2081 2321 Populus
2106 2288 2226 2314 iudaicus
2249 2294 2296 2320 per

1656 2335 1754 2361 bovem
1774 2334 1926 2365 intelligitur
1945 2333 1997 2359 345
2014 2333 2047 2359 35

1711 2393 1746 2398 —
1765 2378 1907 2410 sperabant
1925 2378 1952 2403 in
1972 2378 2078 2410 Moysen
2097 2380 2221 2411 tanquam
2242 2377 2298 2403 eius

1656 2423 1779 2455 discipuli
1808 2423 1840 2448 Vi
1870 2422 1921 2447 347
1950 2422 1984 2448 77
2003 2436 2039 2441 -
2056 2429 2110 2448 11011
2129 2421 2298 2448 crediderunt

1657 2468 1773 2499 Christo,
1786 2467 1848 2500 quia
1868 2474 1920 2492 non
1935 2466 2104 2492 crediderunt
2121 2466 2203 2498 Moysi
2216 2464 2249 2492 ib.
2263 2465 2296 2490 79
2313 2472 2317 2484 ¹

1657 2526 1692 2532 —
1705 2515 1895 2538 recusaverunt
1912 2511 2091 2537 testimonium
2110 2511 2188 2543 Legis
2203 2513 2228 2536 et
2240 2510 2298 2536 Pro-

1658 2558 1798 2590 phetarum
1818 2557 1860 2582 Vll
1887 2555 1938 2581 425
1963 2556 1992 2581 61
2017 2570 2051 2573 -
2070 2555 2105 2581 ob
2128 2562 2221 2581 eorum
2241 2561 2298 2587 per-

1658 2601 1808 2627 versitatem
1829 2607 1880 2626 non
1899 2603 2105 2632 acceptaverunt
2118 2600 2233 2631 Moysen,
2252 2598 2299 2624 sed

1659 2646 1826 2672 irritaverunt
1838 2652 1898 2670 eum
1919 2644 1971 2671 504
1992 2645 2024 2670 15
2038 2659 2072 2663 -
2085 2645 2301 2676 contempserunt

1658 2690 1779 2722 regimen
1807 2692 1833 2714 et
1860 2689 1986 2714 ducatum
2015 2689 2100 2715 David
2126 2689 2178 2714 505
2203 2688 2236 2713 16
2265 2701 2300 2706 -

1660 2734 1789 2767 persecuti
1810 2736 1871 2759 sunt
1886 2733 2029 2765 Prophetas
2047 2736 2073 2759 et
2091 2733 2244 2759 occiderunt
2255 2739 2301 2758 eos

1660 2779 1694 2805 ib.
1715 2778 1747 2803 17
1768 2792 1802 2796 —-
1821 2777 1955 2803 desierunt
1974 2785 2032 2803 esse
2051 2778 2123 2804 cives
2142 2778 2192 2803 480
2212 2777 2241 2803 21

1716 2836 1749 2841 —-
1769 2822 1897 2847 aestimati
1917 2825 1977 2847 sunt
2001 2829 2016 2848 a
2045 2822 2148 2848 Christo
2176 2824 2300 2854 tanquam

1662 2867 1747 2893 inania
1768 2866 1890 2892 facientes
1913 2869 1939 2892 et
1957 2866 2074 2893 dicentes
2097 2867 2129 2892 Vi
2151 2866 2200 2892 123
2220 2873 2247 2891 ν.
2268 2865 2300 2890 16

1663 2926 1696 2931 —
1710 2911 1831 2937 Actiones
1850 2914 1876 2937 et
1893 2911 2044 2937 traditiones
2064 2911 2220 2937 iudaeorum
2240 2916 2302 2936 vere

1663 2956 1847 2982 immunditiae
1865 2961 1939 2981 erant
1960 2954 2022 2981 ibid.
2040 2969 2075 2975 —
2094 2955 2128 2981 de
2151 2955 2248 2987 templo
2267 2955 2302 2980 sc-

1664 3003 1753 3026 cerant
1774 3001 1858 3026 sorum
1887 3002 1997 3032 propter
2022 2999 2158 3025 avaritiam
2188 2999 2239 3025 273
2268 2998 2297 3024 21

1664 3059 1697 3063 -
1712 3048 1740 3070 111
1754 3041 1906 3077 hypocritae
1929 3045 2069 3070 noluerunt
2087 3044 2225 3070 ostendere
2245 3049 2303 3068 ava·

1663 3089 1749 3115 1111331
1779 3092 1804 3114 51
1833 3089 1957 3114 maiitiam
1987 3088 2039 3114 275
2065 3089 2098 3114 30
2119 3102 2153 3107 —
2180 3095 2232 3114 non
2262 3088 2304 3112 ha-

1665 3133 1763 3159 bebant
1791 3133 1986 3165 intelligentiam
2015 3133 2176 3165 spiritualem
2200 3132 2249 3157 276
2270 3131 2304 3157 35

1655 3180 1699 3205 (—
1718 3177 1914 3209 existimabant,
1938 3178 2012 3211 quod
2036 3177 2171 3203 confestim
2190 3182 2303 3208 regnum

1665 3223 1711 3248 Dei
1728 3223 1939 3248 manifestaretur
1958 3222 2001 3247 Vii
2022 3221 2072 3247 477
2094 3221 2126 3246 47
2140 3234 2175 3240 —·
2189 3220 2222 3246 de
2237 3219 2304 3245 iusti-

1665 3267 1698 3293 tia
1724 3267 1801 3299 Legis
1825 3269 1887 3293 sunt
1911 3266 1970 3292 elati
1996 3266 2048 3291 522
2072 3266 2087 3291 8
2106 3279 2140 3284 -
2159 3272 2189 3290 ex
2214 3263 2305 3290 iustifi-

1664 3311 1810 3337 cationibus
1837 3311 1915 3343 Legis
1942 3311 2066 3337 extollunt
2093 3310 2185 3335 merita
2209 3315 2255 3334 sua
2281 3310 2305 3333 et

1664 3355 1843 3388 superbiendo
1865 3351 1992 3381 recedunt
2010 3361 2025 3380 a
2050 3355 2104 3380 Deo
2134 3353 2184 3379 457
2209 3352 2242 3378 24
2270 3365 2304 3370 -

988 3400 1038 3427 334
1060 3401 1093 3426 89
1114 3415 1146 3420 -
1163 3401 1318 3427 iudaeorum
1333 3401 1526 3433 purificationes
1546 3401 1597 3426 270
1611 3401 1626 3426 6
1668 3407 1683 3426 3
1709 3400 1820 3426 Domino
1835 3402 2000 3426 recesserunt
2022 3401 2131 3431 propter
2149 3396 2304 3424 memoriam
