<?xml version="1.0" encoding="UTF-8"?>
<!DOCTYPE html PUBLIC "-//W3C//DTD XHTML 1.0 Transitional//EN"
    "http://www.w3.org/TR/xhtml1/DTD/xhtml1-transitional.dtd">
<html xmlns="http://www.w3.org/1999/xhtml" xml:lang="en" lang="en">
 <head>
  <title>
</title>
<meta http-equiv="Content-Type" content="text/html;charset=utf-8" />
  <meta name='ocr-system' content='tesseract 3.04.00' />
  <meta name='ocr-capabilities' content='ocr_page ocr_carea ocr_par ocr_line ocrx_word'/>
</head>
<body>
  <div class='ocr_page' id='page_1' title='image "./doctorisseraphic07bona_0029.png"; bbox 0 0 2476 3921; ppageno 0'>
   <div class='ocr_carea' id='block_1_1' title="bbox 613 457 1732 668">
    <p class='ocr_par' dir='ltr' id='par_1_1' title="bbox 613 457 1732 668">
     <span class='ocr_line' id='line_1_1' title="bbox 969 457 1372 508; baseline 0 -1"><span class='ocrx_word' id='word_1_1' title='bbox 969 457 1372 508; x_wconf 86' lang='lat' dir='ltr'>PROOEMIUM</span> 
     </span>
     <span class='ocr_line' id='line_1_2' title="bbox 613 600 1732 668; baseline -0.002 -1"><span class='ocrx_word' id='word_1_2' title='bbox 613 600 1238 667; x_wconf 77' lang='lat' dir='ltr'><em>COMMENTARII</em></span> <span class='ocrx_word' id='word_1_3' title='bbox 1291 600 1382 666; x_wconf 91' lang='lat' dir='ltr'><em>IN</em></span> <span class='ocrx_word' id='word_1_4' title='bbox 1438 600 1732 668; x_wconf 74' lang='lat' dir='ltr'><em>LUOAM</em></span> 
     </span>
    </p>
   </div>
   <div class='ocr_carea' id='block_1_2' title="bbox 12 1085 1137 2884">
    <p class='ocr_par' dir='ltr' id='par_1_2' title="bbox 37 1085 1137 1660">
     <span class='ocr_line' id='line_1_3' title="bbox 268 1085 1136 1129; baseline -0.005 -8"><span class='ocrx_word' id='word_1_5' title='bbox 268 1090 295 1120; x_wconf 85' lang='lat'><em>1.</em></span> <span class='ocrx_word' id='word_1_6' title='bbox 314 1087 463 1129; x_wconf 78' lang='lat' dir='ltr'><em>Spiritus</em></span> <span class='ocrx_word' id='word_1_7' title='bbox 487 1085 624 1119; x_wconf 89' lang='lat' dir='ltr'><em>Domini</em></span> <span class='ocrx_word' id='word_1_8' title='bbox 645 1094 746 1127; x_wconf 87' lang='lat' dir='ltr'><em>super</em></span> <span class='ocrx_word' id='word_1_9' title='bbox 762 1095 828 1124; x_wconf 84' lang='lat' dir='ltr'><em>me,</em></span> <span class='ocrx_word' id='word_1_10' title='bbox 845 1094 881 1117; x_wconf 91' lang='lat' dir='ltr'><em>eo</em></span> <span class='ocrx_word' id='word_1_11' title='bbox 897 1085 985 1128; x_wconf 82' lang='lat' dir='ltr'><em>quod</em></span> <span class='ocrx_word' id='word_1_12' title='bbox 1000 1085 1136 1118; x_wconf 73' lang='lat' dir='ltr'><em>unxerit</em></span> 
     </span>
     <span class='ocr_line' id='line_1_4' title="bbox 37 1138 1135 1177; baseline -0.002 -5"><span class='ocrx_word' id='word_1_13' title='bbox 37 1151 156 1177; x_wconf 76' lang='lat' dir='ltr'><em>Argumen·</em></span> <span class='ocrx_word' id='word_1_14' title='bbox 176 1140 339 1174; x_wconf 78' lang='lat' dir='ltr'><em>Dominus</em></span> <span class='ocrx_word' id='word_1_15' title='bbox 368 1149 427 1172; x_wconf 85' lang='lat' dir='ltr'><em>me.</em></span> <span class='ocrx_word' id='word_1_16' title='bbox 449 1139 504 1172; x_wconf 78' lang='lat' dir='ltr'><em>Act</em></span> <span class='ocrx_word' id='word_1_17' title='bbox 531 1138 805 1171; x_wconf 84' lang='lat' dir='ltr'><em>annuntiandum</em></span> <span class='ocrx_word' id='word_1_18' title='bbox 833 1138 1017 1171; x_wconf 74' lang='lat' dir='ltr'><em>mansuetis</em></span> <span class='ocrx_word' id='word_1_19' title='bbox 1043 1138 1135 1171; x_wconf 85' lang='lat' dir='ltr'><em>misit</em></span> 
     </span>
     <span class='ocr_line' id='line_1_5' title="bbox 69 1180 1135 1233; baseline -0.003 -7"><span class='ocrx_word' id='word_1_20' title='bbox 69 1180 122 1199; x_wconf 70' lang='lat'>‘⁰¹¹¹&#39;</span> <span class='ocrx_word' id='word_1_21' title='bbox 174 1203 242 1232; x_wconf 84' lang='lat' dir='ltr'><em>me,</em></span> <span class='ocrx_word' id='word_1_22' title='bbox 275 1197 312 1225; x_wconf 92' lang='lat' dir='ltr'><em>ut</em></span> <span class='ocrx_word' id='word_1_23' title='bbox 346 1192 492 1225; x_wconf 81' lang='lat' dir='ltr'><em>mederer</em></span> <span class='ocrx_word' id='word_1_24' title='bbox 516 1191 673 1224; x_wconf 85' lang='lat' dir='ltr'><em>contritos</em></span> <span class='ocrx_word' id='word_1_25' title='bbox 688 1192 698 1210; x_wconf 87' lang='lat'>¹</span> <span class='ocrx_word' id='word_1_26' title='bbox 731 1191 828 1224; x_wconf 82' lang='lat' dir='ltr'><em>corde</em></span> <span class='ocrx_word' id='word_1_27' title='bbox 851 1194 879 1223; x_wconf 90' lang='lat' dir='ltr'><em>et</em></span> <span class='ocrx_word' id='word_1_28' title='bbox 901 1191 1135 1233; x_wconf 79' lang='lat' dir='ltr'><em>praedicarem</em></span> 
     </span>
     <span class='ocr_line' id='line_1_6' title="bbox 174 1244 1135 1288; baseline -0.003 -9"><span class='ocrx_word' id='word_1_29' title='bbox 174 1245 314 1288; x_wconf 80' lang='lat' dir='ltr'><em>captivis</em></span> <span class='ocrx_word' id='word_1_30' title='bbox 337 1245 578 1287; x_wconf 69' lang='lat' dir='ltr'><em>indulqentiam</em></span> <span class='ocrx_word' id='word_1_31' title='bbox 606 1248 636 1277; x_wconf 87' lang='lat' dir='ltr'><em>ct</em></span> <span class='ocrx_word' id='word_1_32' title='bbox 658 1244 784 1277; x_wconf 85' lang='lat' dir='ltr'><em>clausis</em></span> <span class='ocrx_word' id='word_1_33' title='bbox 811 1245 1022 1287; x_wconf 88' lang='lat' dir='ltr'><em>apertionem.</em></span> <span class='ocrx_word' id='word_1_34' title='bbox 1056 1244 1135 1277; x_wconf 93' lang='lat' dir='ltr'><em>Con-</em></span> 
     </span>
     <span class='ocr_line' id='line_1_7' title="bbox 174 1297 1137 1340; baseline -0.002 -8"><span class='ocrx_word' id='word_1_35' title='bbox 174 1298 385 1333; x_wconf 88' lang='lat' dir='ltr'><em>siderantibus</em></span> <span class='ocrx_word' id='word_1_36' title='bbox 409 1298 498 1331; x_wconf 88' lang='lat' dir='ltr'><em>nobis</em></span> <span class='ocrx_word' id='word_1_37' title='bbox 521 1298 648 1340; x_wconf 83' lang='lat' dir='ltr'><em>aliquod</em></span> <span class='ocrx_word' id='word_1_38' title='bbox 672 1297 823 1337; x_wconf 82' lang='lat' dir='ltr'><em>verbum,</em></span> <span class='ocrx_word' id='word_1_39' title='bbox 848 1297 933 1340; x_wconf 90' lang='lat' dir='ltr'><em>quod</em></span> <span class='ocrx_word' id='word_1_40' title='bbox 957 1306 1014 1330; x_wconf 86' lang='lat' dir='ltr'><em>nos</em></span> <span class='ocrx_word' id='word_1_41' title='bbox 1037 1297 1137 1330; x_wconf 89' lang='lat' dir='ltr'><em>intro-</em></span> 
     </span>
     <span class='ocr_line' id='line_1_8' title="bbox 173 1350 1136 1394; baseline -0.002 -9"><span class='ocrx_word' id='word_1_42' title='bbox 173 1352 267 1385; x_wconf 86' lang='lat' dir='ltr'><em>ducat</em></span> <span class='ocrx_word' id='word_1_43' title='bbox 291 1352 323 1384; x_wconf 90' lang='lat' dir='ltr'><em>in</em></span> <span class='ocrx_word' id='word_1_44' title='bbox 347 1351 549 1394; x_wconf 69' lang='lat' dir='ltr'><em>Evangelium</em></span> <span class='ocrx_word' id='word_1_45' title='bbox 575 1350 657 1384; x_wconf 88' lang='lat' dir='ltr'><em>beati</em></span> <span class='ocrx_word' id='word_1_46' title='bbox 682 1351 797 1390; x_wconf 82' lang='lat' dir='ltr'><em>Lucae,</em></span> <span class='ocrx_word' id='word_1_47' title='bbox 822 1351 946 1384; x_wconf 90' lang='lat' dir='ltr'><em>nullum</em></span> <span class='ocrx_word' id='word_1_48' title='bbox 970 1350 1068 1393; x_wconf 85' lang='lat' dir='ltr'><em>magis</em></span> <span class='ocrx_word' id='word_1_49' title='bbox 1084 1360 1136 1383; x_wconf 90' lang='lat' dir='ltr'><em>oc-</em></span> 
     </span>
     <span class='ocr_line' id='line_1_9' title="bbox 173 1404 1137 1447; baseline -0.002 -9"><span class='ocrx_word' id='word_1_50' title='bbox 173 1406 275 1438; x_wconf 89' lang='lat' dir='ltr'><em>currit</em></span> <span class='ocrx_word' id='word_1_51' title='bbox 298 1405 460 1444; x_wconf 88' lang='lat' dir='ltr'><em>idoneum,</em></span> <span class='ocrx_word' id='word_1_52' title='bbox 481 1414 577 1447; x_wconf 85' lang='lat' dir='ltr'><em>quam</em></span> <span class='ocrx_word' id='word_1_53' title='bbox 593 1404 678 1447; x_wconf 90' lang='lat' dir='ltr'><em>quod</em></span> <span class='ocrx_word' id='word_1_54' title='bbox 702 1404 769 1446; x_wconf 88' lang='lat' dir='ltr'><em>ipse</em></span> <span class='ocrx_word' id='word_1_55' title='bbox 785 1405 896 1438; x_wconf 87' lang='lat' dir='ltr'><em>beatus</em></span> <span class='ocrx_word' id='word_1_56' title='bbox 917 1405 1016 1437; x_wconf 83' lang='lat' dir='ltr'><em>Lucas</em></span> <span class='ocrx_word' id='word_1_57' title='bbox 1039 1404 1137 1437; x_wconf 83' lang='lat' dir='ltr'><strong>refert</strong></span> 
     </span>
     <span class='ocr_line' id='line_1_10' title="bbox 172 1457 1135 1499; baseline -0.001 -8"><span class='ocrx_word' id='word_1_58' title='bbox 172 1459 333 1492; x_wconf 83' lang='lat' dir='ltr'><em>Christum</em></span> <span class='ocrx_word' id='word_1_59' title='bbox 353 1458 521 1491; x_wconf 89' lang='lat' dir='ltr'><em>Dominum</em></span> <span class='ocrx_word' id='word_1_60' title='bbox 537 1458 569 1490; x_wconf 92' lang='lat' dir='ltr'><em>in</em></span> <span class='ocrx_word' id='word_1_61' title='bbox 594 1467 652 1491; x_wconf 89' lang='lat' dir='ltr'><em>suo</em></span> <span class='ocrx_word' id='word_1_62' title='bbox 676 1457 915 1499; x_wconf 79' lang='lat' dir='ltr'><em>praedicationis</em></span> <span class='ocrx_word' id='word_1_63' title='bbox 939 1457 1071 1490; x_wconf 88' lang='lat' dir='ltr'><em>exordio</em></span> <span class='ocrx_word' id='word_1_64' title='bbox 1086 1466 1135 1490; x_wconf 85' lang='lat' dir='ltr'><em>as-</em></span> 
     </span>
     <span class='ocr_line' id='line_1_11' title="bbox 173 1510 1135 1553; baseline -0.002 -9"><span class='ocrx_word' id='word_1_65' title='bbox 173 1511 336 1551; x_wconf 82' lang='lat' dir='ltr'><em>sumsisse,</em></span> <span class='ocrx_word' id='word_1_66' title='bbox 361 1511 493 1544; x_wconf 88' lang='lat' dir='ltr'><em>verbum</em></span> <span class='ocrx_word' id='word_1_67' title='bbox 512 1511 629 1544; x_wconf 89' lang='lat' dir='ltr'><em>scilicet</em></span> <span class='ocrx_word' id='word_1_68' title='bbox 645 1511 858 1553; x_wconf 90' lang='lat' dir='ltr'><em>propositum,</em></span> <span class='ocrx_word' id='word_1_69' title='bbox 875 1510 961 1553; x_wconf 91' lang='lat' dir='ltr'><em>quod</em></span> <span class='ocrx_word' id='word_1_70' title='bbox 984 1510 1135 1543; x_wconf 80' lang='lat' dir='ltr'><em>scribitur</em></span> 
     </span>
     <span class='ocr_line' id='line_1_12' title="bbox 172 1564 1136 1608; baseline -0.003 -9"><span class='ocrx_word' id='word_1_71' title='bbox 172 1566 272 1599; x_wconf 84' lang='lat' dir='ltr'><em>Lucae</em></span> <span class='ocrx_word' id='word_1_72' title='bbox 296 1565 435 1608; x_wconf 84' lang='lat' dir='ltr'><em>quart0²</em></span> <span class='ocrx_word' id='word_1_73' title='bbox 460 1568 491 1598; x_wconf 91' lang='lat' dir='ltr'><em>et</em></span> <span class='ocrx_word' id='word_1_74' title='bbox 514 1568 656 1599; x_wconf 83' lang='lat' dir='ltr'><em>sumtum</em></span> <span class='ocrx_word' id='word_1_75' title='bbox 679 1568 726 1597; x_wconf 86' lang='lat' dir='ltr'><em>est</em></span> <span class='ocrx_word' id='word_1_76' title='bbox 749 1564 788 1597; x_wconf 91' lang='lat' dir='ltr'><em>de</em></span> <span class='ocrx_word' id='word_1_77' title='bbox 819 1564 914 1597; x_wconf 83' lang='lat' dir='ltr'><em>Isaiae</em></span> <span class='ocrx_word' id='word_1_78' title='bbox 938 1564 1136 1606; x_wconf 83' lang='lat' dir='ltr'><em>sexagesimo</em></span> 
     </span>
     <span class='ocr_line' id='line_1_13' title="bbox 171 1619 284 1660; baseline 0 -9"><span class='ocrx_word' id='word_1_79' title='bbox 171 1619 284 1660; x_wconf 90' lang='lat' dir='ltr'><em>primo.</em></span> 
     </span>
    </p>

    <p class='ocr_par' dir='ltr' id='par_1_3' title="bbox 260 1668 1132 1712">
     <span class='ocr_line' id='line_1_14' title="bbox 260 1668 1132 1712; baseline -0.003 -8"><span class='ocrx_word' id='word_1_80' title='bbox 260 1673 290 1704; x_wconf 77' lang='lat'><em>2.</em></span> <span class='ocrx_word' id='word_1_81' title='bbox 316 1671 377 1704; x_wconf 89' lang='lat' dir='ltr'><em>Hoc</em></span> <span class='ocrx_word' id='word_1_82' title='bbox 400 1674 505 1703; x_wconf 82' lang='lat' dir='ltr'><em>autem</em></span> <span class='ocrx_word' id='word_1_83' title='bbox 530 1669 703 1703; x_wconf 89' lang='lat' dir='ltr'><em>secundum</em></span> <span class='ocrx_word' id='word_1_84' title='bbox 724 1668 912 1712; x_wconf 65' lang='lat' dir='ltr'><em>generalem</em></span> <span class='ocrx_word' id='word_1_85' title='bbox 939 1669 1132 1701; x_wconf 87' lang='lat' dir='ltr'><em>intellectum</em></span> 
     </span>
    </p>

    <p class='ocr_par' dir='ltr' id='par_1_4' title="bbox 26 1722 1133 1767">
     <span class='ocr_line' id='line_1_15' title="bbox 26 1722 1133 1767; baseline -0.003 -10"><span class='ocrx_word' id='word_1_86' title='bbox 26 1734 152 1762; x_wconf 66' lang='grc' dir='ltr'><em>Αρρηωωι</em></span> <span class='ocrx_word' id='word_1_87' title='bbox 170 1728 348 1767; x_wconf 85' lang='lat' dir='ltr'><em>competere</em></span> <span class='ocrx_word' id='word_1_88' title='bbox 372 1727 474 1766; x_wconf 89' lang='lat' dir='ltr'><em>potest</em></span> <span class='ocrx_word' id='word_1_89' title='bbox 497 1723 626 1756; x_wconf 85' lang='lat' dir='ltr'><em>cuilibet</em></span> <span class='ocrx_word' id='word_1_90' title='bbox 648 1722 768 1755; x_wconf 90' lang='lat' dir='ltr'><em>doctori</em></span> <span class='ocrx_word' id='word_1_91' title='bbox 793 1731 900 1755; x_wconf 86' lang='lat' dir='ltr'><em>sacrae</em></span> <span class='ocrx_word' id='word_1_92' title='bbox 932 1722 1133 1764; x_wconf 88' lang='lat' dir='ltr'><em>Scripturae;</em></span> 
     </span>
    </p>

    <p class='ocr_par' dir='ltr' id='par_1_5' title="bbox 15 1761 1133 1820">
     <span class='ocr_line' id='line_1_16' title="bbox 15 1761 1133 1820; baseline -0.003 -10"><span class='ocrx_word' id='word_1_93' title='bbox 15 1761 344 1816; x_wconf 58' lang='lat' dir='ltr'><em>trissiffil&#39;ffi-secundum</em></span> <span class='ocrx_word' id='word_1_94' title='bbox 368 1776 541 1820; x_wconf 78' lang='lat' dir='ltr'><em>specialem</em></span> <span class='ocrx_word' id='word_1_95' title='bbox 567 1785 659 1814; x_wconf 92' lang='lat' dir='ltr'><em>vero,</em></span> <span class='ocrx_word' id='word_1_96' title='bbox 676 1775 767 1808; x_wconf 82' lang='lat' dir='ltr'><em>beato</em></span> <span class='ocrx_word' id='word_1_97' title='bbox 785 1776 885 1808; x_wconf 86' lang='lat' dir='ltr'><em>Lucae</em></span> <span class='ocrx_word' id='word_1_98' title='bbox 909 1775 1133 1817; x_wconf 82' lang='lat' dir='ltr'><em>evangelistae;</em></span> 
     </span>
    </p>

    <p class='ocr_par' dir='ltr' id='par_1_6' title="bbox 31 1815 1134 1926">
     <span class='ocr_line' id='line_1_17' title="bbox 31 1815 1134 1873; baseline -0.005 -8"><span class='ocrx_word' id='word_1_99' title='bbox 31 1815 146 1837; x_wconf 52' lang='lat' dir='ltr'><strong>‘mmm&#39;</strong></span> <span class='ocrx_word' id='word_1_100' title='bbox 172 1831 345 1865; x_wconf 87' lang='lat' dir='ltr'><em>secundum</em></span> <span class='ocrx_word' id='word_1_101' title='bbox 368 1830 588 1873; x_wconf 73' lang='lat' dir='ltr'><em>sinqularem,</em></span> <span class='ocrx_word' id='word_1_102' title='bbox 606 1828 664 1871; x_wconf 84' lang='lat' dir='ltr'><em>ipsi</em></span> <span class='ocrx_word' id='word_1_103' title='bbox 682 1828 825 1867; x_wconf 76' lang='lat' dir='ltr'><em>Christe,</em></span> <span class='ocrx_word' id='word_1_104' title='bbox 850 1828 904 1870; x_wconf 90' lang='lat' dir='ltr'><em>qui</em></span> <span class='ocrx_word' id='word_1_105' title='bbox 926 1831 973 1861; x_wconf 90' lang='lat' dir='ltr'><em>est</em></span> <span class='ocrx_word' id='word_1_106' title='bbox 996 1827 1065 1861; x_wconf 84' lang='lat' dir='ltr'><em>sons</em></span> <span class='ocrx_word' id='word_1_107' title='bbox 1081 1837 1134 1861; x_wconf 83' lang='lat' dir='ltr'><em>ve-</em></span> 
     </span>
     <span class='ocr_line' id='line_1_18' title="bbox 171 1883 478 1926; baseline -0.007 -9"><span class='ocrx_word' id='word_1_108' title='bbox 171 1885 273 1917; x_wconf 90' lang='lat' dir='ltr'><em>ritatis</em></span> <span class='ocrx_word' id='word_1_109' title='bbox 297 1888 328 1917; x_wconf 91' lang='lat' dir='ltr'><em>et</em></span> <span class='ocrx_word' id='word_1_110' title='bbox 351 1883 478 1926; x_wconf 83' lang='lat' dir='ltr'><em>gratiae.</em></span> 
     </span>
    </p>

    <p class='ocr_par' dir='ltr' id='par_1_7' title="bbox 171 1934 1135 2352">
     <span class='ocr_line' id='line_1_19' title="bbox 261 1934 1133 1978; baseline -0.003 -8"><span class='ocrx_word' id='word_1_111' title='bbox 261 1937 439 1971; x_wconf 87' lang='lat' dir='ltr'><em>Secundum</em></span> <span class='ocrx_word' id='word_1_112' title='bbox 463 1939 568 1969; x_wconf 88' lang='lat' dir='ltr'><em>autem</em></span> <span class='ocrx_word' id='word_1_113' title='bbox 593 1935 677 1977; x_wconf 89' lang='lat' dir='ltr'><em>quod</em></span> <span class='ocrx_word' id='word_1_114' title='bbox 698 1935 897 1978; x_wconf 69' lang='lat' dir='ltr'><em>yeneraliter</em></span> <span class='ocrx_word' id='word_1_115' title='bbox 928 1934 1133 1977; x_wconf 86' lang='lat' dir='ltr'><em>intelligitur,</em></span> 
     </span>
     <span class='ocr_line' id='line_1_20' title="bbox 171 1988 1134 2031; baseline -0.003 -7"><span class='ocrx_word' id='word_1_116' title='bbox 171 1994 218 2024; x_wconf 86' lang='lat' dir='ltr'><em>est</em></span> <span class='ocrx_word' id='word_1_117' title='bbox 241 1989 467 2023; x_wconf 86' lang='lat' dir='ltr'><em>insinuativum</em></span> <span class='ocrx_word' id='word_1_118' title='bbox 491 1988 634 2030; x_wconf 86' lang='lat' dir='ltr'><em>duplicis</em></span> <span class='ocrx_word' id='word_1_119' title='bbox 654 1998 817 2031; x_wconf 82' lang='lat' dir='ltr'><em>personae</em></span> <span class='ocrx_word' id='word_1_120' title='bbox 848 1988 887 2021; x_wconf 90' lang='lat' dir='ltr'><em>ad</em></span> <span class='ocrx_word' id='word_1_121' title='bbox 918 1997 998 2030; x_wconf 90' lang='lat' dir='ltr'><em>opus</em></span> <span class='ocrx_word' id='word_1_122' title='bbox 1027 1997 1134 2021; x_wconf 87' lang='lat' dir='ltr'><em>neces-</em></span> 
     </span>
     <span class='ocr_line' id='line_1_21' title="bbox 172 2041 1135 2084; baseline -0.003 -7"><span class='ocrx_word' id='word_1_123' title='bbox 172 2043 272 2078; x_wconf 84' lang='lat' dir='ltr'><em>sariae</em></span> <span class='ocrx_word' id='word_1_124' title='bbox 285 2043 308 2083; x_wconf 71' lang='grc'><em>3,</em></span> <span class='ocrx_word' id='word_1_125' title='bbox 326 2043 444 2076; x_wconf 89' lang='lat' dir='ltr'><em>scilicet</em></span> <span class='ocrx_word' id='word_1_126' title='bbox 459 2041 597 2075; x_wconf 89' lang='lat' dir='ltr'><em>doctoris</em></span> <span class='ocrx_word' id='word_1_127' title='bbox 620 2044 651 2075; x_wconf 88' lang='lat' dir='ltr'><em>et</em></span> <span class='ocrx_word' id='word_1_128' title='bbox 667 2041 836 2081; x_wconf 89' lang='lat' dir='ltr'><em>auditoris;</em></span> <span class='ocrx_word' id='word_1_129' title='bbox 854 2041 1028 2075; x_wconf 88' lang='lat' dir='ltr'><em>secundum</em></span> <span class='ocrx_word' id='word_1_130' title='bbox 1049 2041 1135 2084; x_wconf 90' lang='lat' dir='ltr'><em>quod</em></span> 
     </span>
     <span class='ocr_line' id='line_1_22' title="bbox 171 2094 1134 2140; baseline -0.003 -10"><span class='ocrx_word' id='word_1_131' title='bbox 171 2096 369 2140; x_wconf 78' lang='lat' dir='ltr'><em>specialiter,</em></span> <span class='ocrx_word' id='word_1_132' title='bbox 393 2095 538 2138; x_wconf 82' lang='lat' dir='ltr'><em>duplicis</em></span> <span class='ocrx_word' id='word_1_133' title='bbox 562 2104 685 2128; x_wconf 84' lang='lat' dir='ltr'><em>causae</em></span> <span class='ocrx_word' id='word_1_134' title='bbox 705 2095 925 2134; x_wconf 71' lang='lat' dir='ltr'><em>extrinsecae,</em></span> <span class='ocrx_word' id='word_1_135' title='bbox 949 2094 1068 2128; x_wconf 87' lang='lat' dir='ltr'><em>scilicet</em></span> <span class='ocrx_word' id='word_1_136' title='bbox 1090 2094 1134 2127; x_wconf 88' lang='lat' dir='ltr'><em>ef—</em></span> 
     </span>
     <span class='ocr_line' id='line_1_23' title="bbox 171 2147 1135 2191; baseline -0.004 -7"><span class='ocrx_word' id='word_1_137' title='bbox 171 2150 304 2184; x_wconf 88' lang='lat' dir='ltr'><em>ficientis</em></span> <span class='ocrx_word' id='word_1_138' title='bbox 327 2152 359 2183; x_wconf 89' lang='lat' dir='ltr'><em>et</em></span> <span class='ocrx_word' id='word_1_139' title='bbox 386 2149 506 2189; x_wconf 85' lang='lat' dir='ltr'><em>finalis;</em></span> <span class='ocrx_word' id='word_1_140' title='bbox 538 2148 712 2182; x_wconf 88' lang='lat' dir='ltr'><em>secundum</em></span> <span class='ocrx_word' id='word_1_141' title='bbox 736 2157 811 2182; x_wconf 90' lang='lat' dir='ltr'><em>vero</em></span> <span class='ocrx_word' id='word_1_142' title='bbox 835 2148 920 2191; x_wconf 90' lang='lat' dir='ltr'><em>quod</em></span> <span class='ocrx_word' id='word_1_143' title='bbox 951 2147 1135 2191; x_wconf 70' lang='lat' dir='ltr'><em>sinyulari-</em></span> 
     </span>
     <span class='ocr_line' id='line_1_24' title="bbox 173 2201 1135 2245; baseline -0.004 -8"><span class='ocrx_word' id='word_1_144' title='bbox 173 2208 232 2243; x_wconf 88' lang='lat' dir='ltr'><em>ter,</em></span> <span class='ocrx_word' id='word_1_145' title='bbox 256 2202 399 2245; x_wconf 85' lang='lat' dir='ltr'><em>duplicis</em></span> <span class='ocrx_word' id='word_1_146' title='bbox 431 2212 555 2235; x_wconf 88' lang='lat' dir='ltr'><em>causae</em></span> <span class='ocrx_word' id='word_1_147' title='bbox 583 2202 797 2241; x_wconf 81' lang='lat' dir='ltr'><em>intrinsecae,</em></span> <span class='ocrx_word' id='word_1_148' title='bbox 822 2201 940 2234; x_wconf 87' lang='lat' dir='ltr'><em>scilicet</em></span> <span class='ocrx_word' id='word_1_149' title='bbox 964 2201 1135 2234; x_wconf 88' lang='lat' dir='ltr'><em>materialis</em></span> 
     </span>
     <span class='ocr_line' id='line_1_25' title="bbox 172 2254 1134 2297; baseline -0.003 -8"><span class='ocrx_word' id='word_1_150' title='bbox 172 2259 204 2290; x_wconf 91' lang='lat' dir='ltr'><em>et</em></span> <span class='ocrx_word' id='word_1_151' title='bbox 226 2256 374 2289; x_wconf 84' lang='lat' dir='ltr'><em>formalis.</em></span> <span class='ocrx_word' id='word_1_152' title='bbox 400 2255 452 2289; x_wconf 89' lang='lat' dir='ltr'><em>His</em></span> <span class='ocrx_word' id='word_1_153' title='bbox 475 2258 582 2289; x_wconf 83' lang='lat' dir='ltr'><em>autem</em></span> <span class='ocrx_word' id='word_1_154' title='bbox 598 2265 656 2289; x_wconf 83' lang='lat' dir='ltr'><em>sex</em></span> <span class='ocrx_word' id='word_1_155' title='bbox 680 2255 903 2297; x_wconf 84' lang='lat' dir='ltr'><em>praecognitis,</em></span> <span class='ocrx_word' id='word_1_156' title='bbox 924 2254 1086 2296; x_wconf 84' lang='lat' dir='ltr'><em>ingressus</em></span> <span class='ocrx_word' id='word_1_157' title='bbox 1103 2254 1134 2286; x_wconf 82' lang='lat' dir='ltr'><em>in</em></span> 
     </span>
     <span class='ocr_line' id='line_1_26' title="bbox 174 2309 650 2352; baseline -0.004 -9"><span class='ocrx_word' id='word_1_158' title='bbox 174 2309 336 2352; x_wconf 87' lang='lat' dir='ltr'><em>sequentia</em></span> <span class='ocrx_word' id='word_1_159' title='bbox 360 2309 421 2342; x_wconf 91' lang='lat' dir='ltr'><em>erit</em></span> <span class='ocrx_word' id='word_1_160' title='bbox 444 2309 519 2343; x_wconf 88' lang='lat' dir='ltr'><em>satis</em></span> <span class='ocrx_word' id='word_1_161' title='bbox 542 2309 650 2342; x_wconf 76' lang='lat' dir='ltr'><em>facilis.</em></span> 
     </span>
    </p>

    <p class='ocr_par' dir='ltr' id='par_1_8' title="bbox 263 2360 1135 2407">
     <span class='ocr_line' id='line_1_27' title="bbox 263 2360 1135 2407; baseline -0.002 -12"><span class='ocrx_word' id='word_1_162' title='bbox 263 2363 292 2396; x_wconf 83' lang='lat'><em>3.</em></span> <span class='ocrx_word' id='word_1_163' title='bbox 318 2363 422 2395; x_wconf 89' lang='lat' dir='ltr'><em>Primo</em></span> <span class='ocrx_word' id='word_1_164' title='bbox 445 2363 542 2407; x_wconf 84' lang='lat' dir='ltr'><em>igitur</em></span> <span class='ocrx_word' id='word_1_165' title='bbox 573 2362 770 2404; x_wconf 89' lang='lat' dir='ltr'><em>propositum</em></span> <span class='ocrx_word' id='word_1_166' title='bbox 794 2362 928 2395; x_wconf 89' lang='lat' dir='ltr'><em>verbum</em></span> <span class='ocrx_word' id='word_1_167' title='bbox 960 2360 1135 2394; x_wconf 89' lang='lat' dir='ltr'><em>secundum</em></span> 
     </span>
    </p>

    <p class='ocr_par' dir='ltr' id='par_1_9' title="bbox 12 2414 1136 2831">
     <span class='ocr_line' id='line_1_28' title="bbox 14 2414 1135 2460; baseline -0.002 -11"><span class='ocrx_word' id='word_1_168' title='bbox 14 2453 18 2457; x_wconf 61' lang='grc'><strong>,</strong></span> <span class='ocrx_word' id='word_1_169' title='bbox 40 2427 119 2453; x_wconf 74' lang='lat' dir='ltr'><em>Primo,</em></span> <span class='ocrx_word' id='word_1_170' title='bbox 134 2428 161 2449; x_wconf 76' lang='lat' dir='ltr'><em>de</em></span> <span class='ocrx_word' id='word_1_171' title='bbox 173 2418 367 2451; x_wconf 87' lang='lat' dir='ltr'><em>intellectum</em></span> <span class='ocrx_word' id='word_1_172' title='bbox 389 2416 575 2460; x_wconf 70' lang='lat' dir='ltr'><em>qeneratem</em></span> <span class='ocrx_word' id='word_1_173' title='bbox 598 2415 714 2448; x_wconf 85' lang='lat' dir='ltr'><em>indicat</em></span> <span class='ocrx_word' id='word_1_174' title='bbox 737 2415 842 2454; x_wconf 89' lang='lat' dir='ltr'><em>nobis,</em></span> <span class='ocrx_word' id='word_1_175' title='bbox 867 2415 940 2458; x_wconf 91' lang='lat' dir='ltr'><em>quis</em></span> <span class='ocrx_word' id='word_1_176' title='bbox 971 2418 1002 2448; x_wconf 90' lang='lat' dir='ltr'><em>et</em></span> <span class='ocrx_word' id='word_1_177' title='bbox 1031 2414 1135 2457; x_wconf 89' lang='lat' dir='ltr'><em>qualis</em></span> 
     </span>
     <span class='ocr_line' id='line_1_29' title="bbox 12 2454 1135 2512; baseline -0.002 -9"><span class='ocrx_word' id='word_1_178' title='bbox 12 2454 162 2512; x_wconf 57' lang='grc' dir='ltr'><em>ῗιῗῗιιῖῗῖἷῖἕιῗῖ</em></span> <span class='ocrx_word' id='word_1_179' title='bbox 173 2471 284 2505; x_wconf 84' lang='lat' dir='ltr'><em>debeat</em></span> <span class='ocrx_word' id='word_1_180' title='bbox 307 2479 374 2504; x_wconf 87' lang='lat' dir='ltr'><em>esse</em></span> <span class='ocrx_word' id='word_1_181' title='bbox 398 2470 511 2503; x_wconf 83' lang='lat' dir='ltr'><em>doctor</em></span> <span class='ocrx_word' id='word_1_182' title='bbox 535 2470 632 2503; x_wconf 92' lang='lat' dir='ltr'><em>huius</em></span> <span class='ocrx_word' id='word_1_183' title='bbox 647 2469 829 2511; x_wconf 78' lang='lat' dir='ltr'><em>scripturae</em></span> <span class='ocrx_word' id='word_1_184' title='bbox 853 2469 1064 2511; x_wconf 83' lang='lat' dir='ltr'><em>evangelicae,</em></span> <span class='ocrx_word' id='word_1_185' title='bbox 1081 2468 1135 2501; x_wconf 84' lang='lat' dir='ltr'><em>ad-</em></span> 
     </span>
     <span class='ocr_line' id='line_1_30' title="bbox 13 2509 1136 2567; baseline -0.004 -8"><span class='ocrx_word' id='word_1_186' title='bbox 13 2509 73 2530; x_wconf 71' lang='lat'>⁰¹²“&#39;</span> <span class='ocrx_word' id='word_1_187' title='bbox 174 2525 307 2567; x_wconf 82' lang='lat' dir='ltr'><em>iungens</em></span> <span class='ocrx_word' id='word_1_188' title='bbox 330 2523 551 2562; x_wconf 80' lang='lat' dir='ltr'><em>nihilominuS,</em></span> <span class='ocrx_word' id='word_1_189' title='bbox 577 2523 703 2565; x_wconf 87' lang='lat' dir='ltr'><em>qualem</em></span> <span class='ocrx_word' id='word_1_190' title='bbox 726 2522 837 2555; x_wconf 89' lang='lat' dir='ltr'><em>debeat</em></span> <span class='ocrx_word' id='word_1_191' title='bbox 861 2522 979 2555; x_wconf 88' lang='lat' dir='ltr'><em>babere</em></span> <span class='ocrx_word' id='word_1_192' title='bbox 1004 2521 1136 2554; x_wconf 85' lang='lat' dir='ltr'><em>audito-</em></span> 
     </span>
     <span class='ocr_line' id='line_1_31' title="bbox 26 2574 1135 2618; baseline -0.002 -9"><span class='ocrx_word' id='word_1_193' title='bbox 26 2586 58 2609; x_wconf 71' lang='lat' dir='ltr'><em>no</em></span> <span class='ocrx_word' id='word_1_194' title='bbox 71 2587 157 2618; x_wconf 61' lang='lat' dir='ltr'><em>apciora</em></span> <span class='ocrx_word' id='word_1_195' title='bbox 175 2588 254 2611; x_wconf 89' lang='lat' dir='ltr'><em>rem.</em></span> <span class='ocrx_word' id='word_1_196' title='bbox 279 2577 394 2610; x_wconf 89' lang='lat' dir='ltr'><em>Doctor</em></span> <span class='ocrx_word' id='word_1_197' title='bbox 417 2579 523 2609; x_wconf 87' lang='lat' dir='ltr'><em>autem</em></span> <span class='ocrx_word' id='word_1_198' title='bbox 540 2575 721 2618; x_wconf 86' lang='lat' dir='ltr'><em>Scripturae</em></span> <span class='ocrx_word' id='word_1_199' title='bbox 737 2575 934 2617; x_wconf 86' lang='lat' dir='ltr'><em>evangelicae</em></span> <span class='ocrx_word' id='word_1_200' title='bbox 950 2574 1044 2607; x_wconf 88' lang='lat' dir='ltr'><em>debet</em></span> <span class='ocrx_word' id='word_1_201' title='bbox 1066 2583 1135 2607; x_wconf 90' lang='lat' dir='ltr'><em>esse</em></span> 
     </span>
     <span class='ocr_line' id='line_1_32' title="bbox 65 2615 1135 2672; baseline -0.004 -8"><span class='ocrx_word' id='word_1_202' title='bbox 65 2615 113 2636; x_wconf 51' lang='grc' dir='ltr'><em>’Μ’</em></span> <span class='ocrx_word' id='word_1_203' title='bbox 176 2631 332 2664; x_wconf 84' lang='lat' dir='ltr'><em>inunctus</em></span> <span class='ocrx_word' id='word_1_204' title='bbox 356 2630 461 2663; x_wconf 89' lang='lat' dir='ltr'><em>divina</em></span> <span class='ocrx_word' id='word_1_205' title='bbox 484 2629 602 2672; x_wconf 85' lang='lat' dir='ltr'><em>gratia,</em></span> <span class='ocrx_word' id='word_1_206' title='bbox 626 2628 798 2662; x_wconf 77' lang='lat' dir='ltr'><em>institutus</em></span> <span class='ocrx_word' id='word_1_207' title='bbox 829 2637 918 2661; x_wconf 88' lang='lat' dir='ltr'><em>mera</em></span> <span class='ocrx_word' id='word_1_208' title='bbox 945 2627 1135 2667; x_wconf 85' lang='lat' dir='ltr'><em>obedientia,</em></span> 
     </span>
     <span class='ocr_line' id='line_1_33' title="bbox 24 2680 1136 2729; baseline -0.007 -9"><span class='ocrx_word' id='word_1_209' title='bbox 24 2697 103 2729; x_wconf 41' lang='lat' dir='ltr'><em>notur-</em></span> <span class='ocrx_word' id='word_1_210' title='bbox 114 2698 158 2726; x_wconf 82' lang='lat' dir='ltr'><em>pri·</em></span> <span class='ocrx_word' id='word_1_211' title='bbox 175 2684 406 2727; x_wconf 83' lang='lat' dir='ltr'><em>inflammatus</em></span> <span class='ocrx_word' id='word_1_212' title='bbox 428 2682 644 2717; x_wconf 85' lang='lat' dir='ltr'><em>benevolentia</em></span> <span class='ocrx_word' id='word_1_213' title='bbox 667 2681 815 2714; x_wconf 77' lang='lat' dir='ltr'><em>fraterna.</em></span> <span class='ocrx_word' id='word_1_214' title='bbox 834 2699 876 2705; x_wconf 90' lang='lat'><em>--</em></span> <span class='ocrx_word' id='word_1_215' title='bbox 893 2681 1056 2713; x_wconf 74' lang='lat' dir='ltr'><em>Ina-nctus</em></span> <span class='ocrx_word' id='word_1_216' title='bbox 1082 2680 1136 2713; x_wconf 91' lang='lat' dir='ltr'><em>de-</em></span> 
     </span>
     <span class='ocr_line' id='line_1_34' title="bbox 15 2727 1133 2779; baseline -0.007 -6"><span class='ocrx_word' id='word_1_217' title='bbox 15 2727 157 2779; x_wconf 52' lang='grc' dir='ltr'><em>ῗῖῧῖῗιέιῖῗέἶ</em></span> <span class='ocrx_word' id='word_1_218' title='bbox 175 2736 228 2769; x_wconf 81' lang='lat' dir='ltr'><em>bet</em></span> <span class='ocrx_word' id='word_1_219' title='bbox 250 2745 317 2769; x_wconf 85' lang='lat' dir='ltr'><em>esse</em></span> <span class='ocrx_word' id='word_1_220' title='bbox 348 2736 453 2769; x_wconf 90' lang='lat' dir='ltr'><em>divina</em></span> <span class='ocrx_word' id='word_1_221' title='bbox 476 2735 593 2778; x_wconf 80' lang='lat' dir='ltr'><em>gratia3</em></span> <span class='ocrx_word' id='word_1_222' title='bbox 625 2738 657 2768; x_wconf 90' lang='lat' dir='ltr'><em>et</em></span> <span class='ocrx_word' id='word_1_223' title='bbox 684 2735 744 2767; x_wconf 87' lang='lat' dir='ltr'><em>hoc</em></span> <span class='ocrx_word' id='word_1_224' title='bbox 768 2737 911 2773; x_wconf 77' lang='lat' dir='ltr'><em>notatur,</em></span> <span class='ocrx_word' id='word_1_225' title='bbox 944 2742 1017 2766; x_wconf 88' lang='lat' dir='ltr'><em>cum</em></span> <span class='ocrx_word' id='word_1_226' title='bbox 1041 2733 1133 2766; x_wconf 89' lang='lat' dir='ltr'><em>dicit:</em></span> 
     </span>
     <span class='ocr_line' id='line_1_35' title="bbox 178 2787 1133 2831; baseline -0.003 -9"><span class='ocrx_word' id='word_1_227' title='bbox 178 2789 323 2831; x_wconf 81' lang='lat' dir='ltr'><em>Spiritus</em></span> <span class='ocrx_word' id='word_1_228' title='bbox 349 2789 483 2822; x_wconf 86' lang='lat' dir='ltr'><em>Domini</em></span> <span class='ocrx_word' id='word_1_229' title='bbox 512 2798 612 2831; x_wconf 83' lang='lat' dir='ltr'><em>super</em></span> <span class='ocrx_word' id='word_1_230' title='bbox 635 2798 705 2827; x_wconf 87' lang='lat' dir='ltr'><em>me,</em></span> <span class='ocrx_word' id='word_1_231' title='bbox 729 2797 764 2820; x_wconf 93' lang='lat' dir='ltr'><em>eo</em></span> <span class='ocrx_word' id='word_1_232' title='bbox 796 2787 884 2831; x_wconf 81' lang='lat' dir='ltr'><em>quod</em></span> <span class='ocrx_word' id='word_1_233' title='bbox 907 2787 1043 2820; x_wconf 71' lang='lat' dir='ltr'><em>unx-erit</em></span> <span class='ocrx_word' id='word_1_234' title='bbox 1073 2796 1133 2819; x_wconf 87' lang='lat' dir='ltr'><em>me.</em></span> 
     </span>
    </p>

    <p class='ocr_par' dir='ltr' id='par_1_10' title="bbox 177 2840 1137 2884">
     <span class='ocr_line' id='line_1_36' title="bbox 177 2840 1137 2884; baseline -0.003 -10"><span class='ocrx_word' id='word_1_235' title='bbox 177 2842 209 2875; x_wconf 93' lang='lat' dir='ltr'><em>In</em></span> <span class='ocrx_word' id='word_1_236' title='bbox 234 2843 325 2875; x_wconf 90' lang='lat' dir='ltr'><em>cuius</em></span> <span class='ocrx_word' id='word_1_237' title='bbox 357 2843 401 2875; x_wconf 90' lang='lat' dir='ltr'><em>rei</em></span> <span class='ocrx_word' id='word_1_238' title='bbox 434 2842 569 2884; x_wconf 77' lang='lat' dir='ltr'><em>figuram</em></span> <span class='ocrx_word' id='word_1_239' title='bbox 601 2842 633 2874; x_wconf 91' lang='lat' dir='ltr'><em>in</em></span> <span class='ocrx_word' id='word_1_240' title='bbox 664 2841 762 2874; x_wconf 85' lang='lat' dir='ltr'><em>veteri</em></span> <span class='ocrx_word' id='word_1_241' title='bbox 788 2842 973 2873; x_wconf 83' lang='lat' dir='ltr'><em>testamento</em></span> <span class='ocrx_word' id='word_1_242' title='bbox 1005 2840 1137 2881; x_wconf 83' lang='lat' dir='ltr'><em>inunge-</em></span> 
     </span>
    </p>
   </div>
   <div class='ocr_carea' id='block_1_3' title="bbox 986 752 1416 767">
    <p class='ocr_par' dir='ltr' id='par_1_11' title="bbox 986 752 1416 767">
     <span class='ocr_line' id='line_1_37' title="bbox 986 752 1416 767; baseline 0 3154"><span class='ocrx_word' id='word_1_243' title='bbox 986 752 1416 767; x_wconf 95' lang='lat' dir='ltr'><em> </em></span> 
     </span>
    </p>
   </div>
   <div class='ocr_carea' id='block_1_4' title="bbox 1198 1086 2322 2880">
    <p class='ocr_par' dir='ltr' id='par_1_12' title="bbox 1198 1086 2279 1766">
     <span class='ocr_line' id='line_1_38' title="bbox 1200 1086 2279 1129; baseline 0.003 -11"><span class='ocrx_word' id='word_1_244' title='bbox 1200 1086 1316 1119; x_wconf 85' lang='lat' dir='ltr'><em>bantur</em></span> <span class='ocrx_word' id='word_1_245' title='bbox 1349 1087 1539 1129; x_wconf 84' lang='lat' dir='ltr'><em>Propbetae;</em></span> <span class='ocrx_word' id='word_1_246' title='bbox 1566 1087 1648 1120; x_wconf 87' lang='lat' dir='ltr'><em>unde</em></span> <span class='ocrx_word' id='word_1_247' title='bbox 1679 1088 1761 1121; x_wconf 83' lang='lat' dir='ltr'><em>dixit</em></span> <span class='ocrx_word' id='word_1_248' title='bbox 1785 1089 1937 1122; x_wconf 87' lang='lat' dir='ltr'><em>Dominus</em></span> <span class='ocrx_word' id='word_1_249' title='bbox 1969 1090 2050 1122; x_wconf 83' lang='lat' dir='ltr'><em>Eliae</em></span> <span class='ocrx_word' id='word_1_250' title='bbox 2080 1091 2161 1123; x_wconf 82' lang='lat' dir='ltr'><em>tertii</em></span> <span class='ocrx_word' id='word_1_251' title='bbox 2183 1094 2279 1121; x_wconf 67' lang='lat' dir='ltr'><em>figurae-</em></span> 
     </span>
     <span class='ocr_line' id='line_1_39' title="bbox 1201 1140 2161 1185; baseline 0.004 -13"><span class='ocrx_word' id='word_1_252' title='bbox 1201 1140 1319 1182; x_wconf 84' lang='lat' dir='ltr'><em>Regum</em></span> <span class='ocrx_word' id='word_1_253' title='bbox 1343 1140 1464 1173; x_wconf 90' lang='lat' dir='ltr'><em>decimo</em></span> <span class='ocrx_word' id='word_1_254' title='bbox 1480 1150 1562 1173; x_wconf 91' lang='lat' dir='ltr'><em>nono</em></span> <span class='ocrx_word' id='word_1_255' title='bbox 1574 1141 1605 1173; x_wconf 88' lang='lat'><em>⁴:</em></span> <span class='ocrx_word' id='word_1_256' title='bbox 1631 1142 1787 1181; x_wconf 81' lang='lat' dir='ltr'><em>Eliseum,</em></span> <span class='ocrx_word' id='word_1_257' title='bbox 1807 1141 1917 1184; x_wconf 80' lang='lat' dir='ltr'><em>fitium</em></span> <span class='ocrx_word' id='word_1_258' title='bbox 1935 1142 2080 1185; x_wconf 79' lang='lat' dir='ltr'><em>Sapltat,</em></span> <span class='ocrx_word' id='word_1_259' title='bbox 2099 1154 2161 1176; x_wconf 81' lang='lat' dir='ltr'><em>un-</em></span> 
     </span>
     <span class='ocr_line' id='line_1_40' title="bbox 1198 1192 2160 1238; baseline 0.005 -13"><span class='ocrx_word' id='word_1_260' title='bbox 1198 1203 1255 1236; x_wconf 64' lang='lat' dir='ltr'><em>ges</em></span> <span class='ocrx_word' id='word_1_261' title='bbox 1272 1192 1474 1236; x_wconf 80' lang='lat' dir='ltr'><em>Prophetam</em></span> <span class='ocrx_word' id='word_1_262' title='bbox 1487 1204 1551 1236; x_wconf 81' lang='lat' dir='ltr'><em>pro</em></span> <span class='ocrx_word' id='word_1_263' title='bbox 1568 1199 1616 1232; x_wconf 85' lang='lat' dir='ltr'><em>te,-</em></span> <span class='ocrx_word' id='word_1_264' title='bbox 1640 1198 1670 1227; x_wconf 91' lang='grc'><em>61</em></span> <span class='ocrx_word' id='word_1_265' title='bbox 1686 1195 1725 1228; x_wconf 88' lang='grc'><em>116</em></span> <span class='ocrx_word' id='word_1_266' title='bbox 1749 1195 1846 1228; x_wconf 86' lang='lat' dir='ltr'><em>David</em></span> <span class='ocrx_word' id='word_1_267' title='bbox 1862 1196 1978 1228; x_wconf 87' lang='lat' dir='ltr'><em>dicitnr</em></span> <span class='ocrx_word' id='word_1_268' title='bbox 1995 1197 2085 1238; x_wconf 89' lang='lat' dir='ltr'><em>primi</em></span> <span class='ocrx_word' id='word_1_269' title='bbox 2106 1199 2160 1231; x_wconf 80' lang='lat' dir='ltr'><em>Re-</em></span> 
     </span>
     <span class='ocr_line' id='line_1_41' title="bbox 1200 1247 2159 1291; baseline 0.005 -12"><span class='ocrx_word' id='word_1_270' title='bbox 1200 1256 1275 1288; x_wconf 85' lang='lat' dir='ltr'><em>gum</em></span> <span class='ocrx_word' id='word_1_271' title='bbox 1307 1247 1428 1280; x_wconf 89' lang='lat' dir='ltr'><em>decimo</em></span> <span class='ocrx_word' id='word_1_272' title='bbox 1459 1251 1569 1286; x_wconf 86' lang='lat' dir='ltr'><em>sexto,</em></span> <span class='ocrx_word' id='word_1_273' title='bbox 1601 1248 1685 1290; x_wconf 90' lang='lat' dir='ltr'><em>quod</em></span> <span class='ocrx_word' id='word_1_274' title='bbox 1718 1252 1883 1291; x_wconf 83' lang='lat' dir='ltr'><em>postquam</em></span> <span class='ocrx_word' id='word_1_275' title='bbox 1918 1250 2065 1283; x_wconf 81' lang='lat' dir='ltr'><em>inunctus</em></span> <span class='ocrx_word' id='word_1_276' title='bbox 2096 1256 2159 1291; x_wconf 82' lang='lat' dir='ltr'><em>est,</em></span> 
     </span>
     <span class='ocr_line' id='line_1_42' title="bbox 1200 1300 2161 1342; baseline 0.005 -10"><span class='ocrx_word' id='word_1_277' title='bbox 1200 1300 1346 1333; x_wconf 88' lang='lat' dir='ltr'><em>directus</em></span> <span class='ocrx_word' id='word_1_278' title='bbox 1370 1304 1418 1333; x_wconf 89' lang='lat' dir='ltr'><em>est</em></span> <span class='ocrx_word' id='word_1_279' title='bbox 1442 1300 1589 1342; x_wconf 82' lang='lat' dir='ltr'><em>Spiritus</em></span> <span class='ocrx_word' id='word_1_280' title='bbox 1611 1301 1745 1334; x_wconf 85' lang='lat' dir='ltr'><em>Domini</em></span> <span class='ocrx_word' id='word_1_281' title='bbox 1768 1302 1804 1334; x_wconf 87' lang='lat' dir='ltr'><em>in</em></span> <span class='ocrx_word' id='word_1_282' title='bbox 1827 1312 1900 1334; x_wconf 88' lang='lat' dir='ltr'><em>eum</em></span> <span class='ocrx_word' id='word_1_283' title='bbox 1918 1303 1960 1335; x_wconf 83' lang='lat' dir='ltr'><em>ab</em></span> <span class='ocrx_word' id='word_1_284' title='bbox 1984 1303 2042 1336; x_wconf 83' lang='lat' dir='ltr'><em>illa</em></span> <span class='ocrx_word' id='word_1_285' title='bbox 2066 1305 2117 1337; x_wconf 84' lang='lat' dir='ltr'><em>die</em></span> <span class='ocrx_word' id='word_1_286' title='bbox 2133 1310 2161 1337; x_wconf 86' lang='lat' dir='ltr'><em>et</em></span> 
     </span>
     <span class='ocr_line' id='line_1_43' title="bbox 1200 1352 2159 1398; baseline 0.004 -13"><span class='ocrx_word' id='word_1_287' title='bbox 1200 1352 1237 1385; x_wconf 89' lang='lat' dir='ltr'><em>in</em></span> <span class='ocrx_word' id='word_1_288' title='bbox 1260 1353 1435 1396; x_wconf 82' lang='lat' dir='ltr'><em>reliquum.</em></span> <span class='ocrx_word' id='word_1_289' title='bbox 1461 1353 1531 1386; x_wconf 88' lang='lat' dir='ltr'><em>Ideo</em></span> <span class='ocrx_word' id='word_1_290' title='bbox 1563 1353 1645 1386; x_wconf 90' lang='lat' dir='ltr'><em>enim</em></span> <span class='ocrx_word' id='word_1_291' title='bbox 1671 1354 1919 1396; x_wconf 84' lang='lat' dir='ltr'><em>inungebantur,</em></span> <span class='ocrx_word' id='word_1_292' title='bbox 1951 1359 1985 1387; x_wconf 90' lang='lat' dir='ltr'><em>ut</em></span> <span class='ocrx_word' id='word_1_293' title='bbox 2009 1357 2159 1398; x_wconf 79' lang='lat' dir='ltr'><em>Spiritum</em></span> 
     </span>
     <span class='ocr_line' id='line_1_44' title="bbox 1200 1405 2161 1448; baseline 0.004 -11"><span class='ocrx_word' id='word_1_294' title='bbox 1200 1405 1323 1437; x_wconf 91' lang='lat' dir='ltr'><em>Domini</em></span> <span class='ocrx_word' id='word_1_295' title='bbox 1347 1406 1543 1447; x_wconf 83' lang='lat' dir='ltr'><em>acciperent,</em></span> <span class='ocrx_word' id='word_1_296' title='bbox 1572 1415 1628 1447; x_wconf 91' lang='lat' dir='ltr'><em>per</em></span> <span class='ocrx_word' id='word_1_297' title='bbox 1660 1415 1754 1448; x_wconf 90' lang='lat' dir='ltr'><em>quem</em></span> <span class='ocrx_word' id='word_1_298' title='bbox 1786 1407 1874 1439; x_wconf 87' lang='lat' dir='ltr'><em>nobis</em></span> <span class='ocrx_word' id='word_1_299' title='bbox 1905 1407 2010 1439; x_wconf 86' lang='lat' dir='ltr'><em>divina</em></span> <span class='ocrx_word' id='word_1_300' title='bbox 2041 1414 2161 1442; x_wconf 77' lang='lat' dir='ltr'><em>secreta</em></span> 
     </span>
     <span class='ocr_line' id='line_1_45' title="bbox 1200 1458 2160 1501; baseline 0.004 -11"><span class='ocrx_word' id='word_1_301' title='bbox 1200 1461 1393 1491; x_wconf 85' lang='lat' dir='ltr'><em>reserantur.</em></span> <span class='ocrx_word' id='word_1_302' title='bbox 1419 1458 1449 1491; x_wconf 91' lang='lat' dir='ltr'><em>Si</em></span> <span class='ocrx_word' id='word_1_303' title='bbox 1474 1468 1549 1501; x_wconf 83' lang='lat' dir='ltr'><em>ergo</em></span> <span class='ocrx_word' id='word_1_304' title='bbox 1572 1458 1679 1491; x_wconf 88' lang='lat' dir='ltr'><em>eodem</em></span> <span class='ocrx_word' id='word_1_305' title='bbox 1704 1459 1818 1501; x_wconf 86' lang='lat' dir='ltr'><em>spiritu</em></span> <span class='ocrx_word' id='word_1_306' title='bbox 1851 1461 2054 1501; x_wconf 79' lang='lat' dir='ltr'><em>exponendae</em></span> <span class='ocrx_word' id='word_1_307' title='bbox 2087 1466 2160 1494; x_wconf 84' lang='lat' dir='ltr'><em>sunt</em></span> 
     </span>
     <span class='ocr_line' id='line_1_46' title="bbox 1200 1512 2160 1555; baseline 0.003 -11"><span class='ocrx_word' id='word_1_308' title='bbox 1200 1512 1396 1554; x_wconf 88' lang='lat' dir='ltr'><em>Scripturae,</em></span> <span class='ocrx_word' id='word_1_309' title='bbox 1421 1521 1485 1554; x_wconf 91' lang='lat' dir='ltr'><em>quo</em></span> <span class='ocrx_word' id='word_1_310' title='bbox 1519 1512 1660 1545; x_wconf 85' lang='lat' dir='ltr'><em>conditae</em></span> <span class='ocrx_word' id='word_1_311' title='bbox 1695 1516 1786 1551; x_wconf 89' lang='lat' dir='ltr'><em>sunt;</em></span> <span class='ocrx_word' id='word_1_312' title='bbox 1819 1516 1849 1545; x_wconf 89' lang='lat' dir='ltr'><em>et</em></span> <span class='ocrx_word' id='word_1_313' title='bbox 1886 1513 2016 1555; x_wconf 77' lang='lat' dir='ltr'><em>Spiritu</em></span> <span class='ocrx_word' id='word_1_314' title='bbox 2046 1520 2160 1547; x_wconf 82' lang='lat' dir='ltr'><em>saneto</em></span> 
     </span>
     <span class='ocr_line' id='line_1_47' title="bbox 1199 1565 2159 1607; baseline 0.003 -10"><span class='ocrx_word' id='word_1_315' title='bbox 1199 1565 1398 1607; x_wconf 87' lang='lat' dir='ltr'><em>inspirante,</em></span> <span class='ocrx_word' id='word_1_316' title='bbox 1414 1565 1516 1597; x_wconf 85' lang='lat' dir='ltr'><em>locuti</em></span> <span class='ocrx_word' id='word_1_317' title='bbox 1530 1569 1608 1597; x_wconf 83' lang='lat' dir='ltr'><em>sunt</em></span> <span class='ocrx_word' id='word_1_318' title='bbox 1623 1566 1732 1598; x_wconf 83' lang='lat' dir='ltr'><em>sancti</em></span> <span class='ocrx_word' id='word_1_319' title='bbox 1751 1566 1809 1597; x_wconf 88' lang='lat' dir='ltr'><em>Dei</em></span> <span class='ocrx_word' id='word_1_320' title='bbox 1825 1565 1970 1598; x_wconf 74' lang='lat' dir='ltr'><em>homines</em></span> <span class='ocrx_word' id='word_1_321' title='bbox 1984 1567 2013 1605; x_wconf 91' lang='lat'><em>⁵‚·</em></span> <span class='ocrx_word' id='word_1_322' title='bbox 2030 1567 2068 1599; x_wconf 84' lang='lat' dir='ltr'><em>ad</em></span> <span class='ocrx_word' id='word_1_323' title='bbox 2086 1568 2159 1606; x_wconf 80' lang='lat' dir='ltr'><em>hoc,</em></span> 
     </span>
     <span class='ocr_line' id='line_1_48' title="bbox 1199 1618 2161 1661; baseline 0.003 -11"><span class='ocrx_word' id='word_1_324' title='bbox 1199 1618 1284 1659; x_wconf 92' lang='lat' dir='ltr'><em>quod</em></span> <span class='ocrx_word' id='word_1_325' title='bbox 1300 1618 1414 1659; x_wconf 85' lang='lat' dir='ltr'><em>aliquis</em></span> <span class='ocrx_word' id='word_1_326' title='bbox 1430 1618 1470 1650; x_wconf 88' lang='lat' dir='ltr'><em>sit</em></span> <span class='ocrx_word' id='word_1_327' title='bbox 1493 1618 1601 1651; x_wconf 91' lang='lat' dir='ltr'><em>doctor</em></span> <span class='ocrx_word' id='word_1_328' title='bbox 1619 1618 1750 1651; x_wconf 88' lang='lat' dir='ltr'><em>idoneus</em></span> <span class='ocrx_word' id='word_1_329' title='bbox 1767 1627 1877 1651; x_wconf 90' lang='lat' dir='ltr'><em>eorum</em></span> <span class='ocrx_word' id='word_1_330' title='bbox 1902 1629 1982 1661; x_wconf 87' lang='lat' dir='ltr'><em>quae</em></span> <span class='ocrx_word' id='word_1_331' title='bbox 1999 1629 2055 1661; x_wconf 90' lang='lat' dir='ltr'><em>per</em></span> <span class='ocrx_word' id='word_1_332' title='bbox 2072 1622 2161 1653; x_wconf 80' lang='lat' dir='ltr'><em>Chri-</em></span> 
     </span>
     <span class='ocr_line' id='line_1_49' title="bbox 1199 1671 2160 1715; baseline 0.003 -12"><span class='ocrx_word' id='word_1_333' title='bbox 1199 1674 1283 1703; x_wconf 82' lang='lat' dir='ltr'><em>stum</em></span> <span class='ocrx_word' id='word_1_334' title='bbox 1307 1673 1382 1703; x_wconf 90' lang='lat' dir='ltr'><em>sunt</em></span> <span class='ocrx_word' id='word_1_335' title='bbox 1404 1674 1551 1713; x_wconf 80' lang='lat' dir='ltr'><em>suggesta</em></span> <span class='ocrx_word' id='word_1_336' title='bbox 1566 1674 1598 1703; x_wconf 91' lang='lat' dir='ltr'><em>et</em></span> <span class='ocrx_word' id='word_1_337' title='bbox 1614 1680 1670 1712; x_wconf 85' lang='lat' dir='ltr'><em>per</em></span> <span class='ocrx_word' id='word_1_338' title='bbox 1687 1671 1837 1713; x_wconf 87' lang='lat' dir='ltr'><em>Spiritum</em></span> <span class='ocrx_word' id='word_1_339' title='bbox 1863 1676 2005 1705; x_wconf 84' lang='lat' dir='ltr'><em>sanctum</em></span> <span class='ocrx_word' id='word_1_340' title='bbox 2030 1674 2160 1715; x_wconf 84' lang='lat' dir='ltr'><em>scripta,</em></span> 
     </span>
     <span class='ocr_line' id='line_1_50' title="bbox 1198 1723 2044 1766; baseline 0.002 -10"><span class='ocrx_word' id='word_1_341' title='bbox 1198 1732 1325 1757; x_wconf 87' lang='lat' dir='ltr'><em>necesse</em></span> <span class='ocrx_word' id='word_1_342' title='bbox 1342 1727 1406 1763; x_wconf 91' lang='lat' dir='ltr'><em>est,</em></span> <span class='ocrx_word' id='word_1_343' title='bbox 1431 1723 1516 1766; x_wconf 88' lang='lat' dir='ltr'><em>quod</em></span> <span class='ocrx_word' id='word_1_344' title='bbox 1540 1724 1580 1756; x_wconf 89' lang='lat' dir='ltr'><em>sit</em></span> <span class='ocrx_word' id='word_1_345' title='bbox 1601 1724 1750 1756; x_wconf 90' lang='lat' dir='ltr'><em>inunctus</em></span> <span class='ocrx_word' id='word_1_346' title='bbox 1774 1733 1912 1766; x_wconf 86' lang='lat' dir='ltr'><em>superna</em></span> <span class='ocrx_word' id='word_1_347' title='bbox 1935 1726 2044 1766; x_wconf 79' lang='lat' dir='ltr'><em>gratia.</em></span> 
     </span>
    </p>

    <p class='ocr_par' dir='ltr' id='par_1_13' title="bbox 1198 1777 2312 2721">
     <span class='ocr_line' id='line_1_51' title="bbox 1289 1777 2302 1814; baseline 0.005 -5"><span class='ocrx_word' id='word_1_348' title='bbox 1289 1777 1319 1809; x_wconf 74' lang='lat'><em>4.</em></span> <span class='ocrx_word' id='word_1_349' title='bbox 1345 1777 1445 1810; x_wconf 89' lang='lat' dir='ltr'><em>Debet</em></span> <span class='ocrx_word' id='word_1_350' title='bbox 1476 1777 1569 1809; x_wconf 85' lang='lat' dir='ltr'><em>etiam</em></span> <span class='ocrx_word' id='word_1_351' title='bbox 1604 1777 1777 1809; x_wconf 85' lang='lat' dir='ltr'><em>institutus</em></span> <span class='ocrx_word' id='word_1_352' title='bbox 1802 1786 1869 1810; x_wconf 85' lang='lat' dir='ltr'><em>esse</em></span> <span class='ocrx_word' id='word_1_353' title='bbox 1900 1787 1988 1811; x_wconf 88' lang='lat' dir='ltr'><em>mera</em></span> <span class='ocrx_word' id='word_1_354' title='bbox 2015 1780 2161 1812; x_wconf 81' lang='lat' dir='ltr'><em>obedien-</em></span> <span class='ocrx_word' id='word_1_355' title='bbox 2191 1783 2302 1814; x_wconf 58' lang='lat' dir='ltr'><em>smum.</em></span> 
     </span>
     <span class='ocr_line' id='line_1_52' title="bbox 1198 1812 2312 1869; baseline 0.002 -6"><span class='ocrx_word' id='word_1_356' title='bbox 1198 1830 1259 1869; x_wconf 83' lang='lat' dir='ltr'><em>tia,¹</em></span> <span class='ocrx_word' id='word_1_357' title='bbox 1280 1833 1312 1863; x_wconf 89' lang='lat' dir='ltr'><em>et</em></span> <span class='ocrx_word' id='word_1_358' title='bbox 1339 1830 1398 1863; x_wconf 89' lang='lat' dir='ltr'><em>hoc</em></span> <span class='ocrx_word' id='word_1_359' title='bbox 1426 1834 1554 1863; x_wconf 88' lang='lat' dir='ltr'><em>notatur</em></span> <span class='ocrx_word' id='word_1_360' title='bbox 1582 1830 1647 1863; x_wconf 83' lang='lat' dir='ltr'><em>ibi:</em></span> <span class='ocrx_word' id='word_1_361' title='bbox 1677 1830 1732 1862; x_wconf 73' lang='lat' dir='ltr'><em>Art</em></span> <span class='ocrx_word' id='word_1_362' title='bbox 1760 1832 2034 1864; x_wconf 82' lang='lat' dir='ltr'><em>annuntiandum</em></span> <span class='ocrx_word' id='word_1_363' title='bbox 2066 1843 2161 1865; x_wconf 81' lang='lat' dir='ltr'><em>man-</em></span> <span class='ocrx_word' id='word_1_364' title='bbox 2181 1812 2312 1858; x_wconf 46' lang='grc' dir='ltr'><em>3ἷέῗέῧῖ-</em></span> 
     </span>
     <span class='ocr_line' id='line_1_53' title="bbox 1198 1883 2312 1926; baseline 0.003 -11"><span class='ocrx_word' id='word_1_365' title='bbox 1198 1883 1301 1916; x_wconf 86' lang='lat' dir='ltr'><em>suetis</em></span> <span class='ocrx_word' id='word_1_366' title='bbox 1324 1883 1497 1922; x_wconf 75' lang='lat' dir='ltr'><em>misitme,</em></span> <span class='ocrx_word' id='word_1_367' title='bbox 1522 1883 1669 1924; x_wconf 85' lang='lat' dir='ltr'><em>exemplo</em></span> <span class='ocrx_word' id='word_1_368' title='bbox 1685 1883 1807 1924; x_wconf 80' lang='lat' dir='ltr'><em>Moysis,</em></span> <span class='ocrx_word' id='word_1_369' title='bbox 1832 1883 1869 1916; x_wconf 87' lang='lat' dir='ltr'><em>ad</em></span> <span class='ocrx_word' id='word_1_370' title='bbox 1892 1893 1986 1926; x_wconf 88' lang='lat' dir='ltr'><em>quem</em></span> <span class='ocrx_word' id='word_1_371' title='bbox 2011 1885 2162 1918; x_wconf 88' lang='lat' dir='ltr'><em>Dominus</em></span> <span class='ocrx_word' id='word_1_372' title='bbox 2181 1890 2312 1917; x_wconf 66' lang='lat' dir='ltr'><em>Exemmum·</em></span> 
     </span>
     <span class='ocr_line' id='line_1_54' title="bbox 1199 1935 2160 1975; baseline 0.002 -6"><span class='ocrx_word' id='word_1_373' title='bbox 1199 1936 1298 1969; x_wconf 87' lang='lat' dir='ltr'><em>Exodi</em></span> <span class='ocrx_word' id='word_1_374' title='bbox 1323 1935 1416 1969; x_wconf 90' lang='lat' dir='ltr'><em>tertio</em></span> <span class='ocrx_word' id='word_1_375' title='bbox 1433 1936 1445 1955; x_wconf 79' lang='lat'><em>‘⁵</em></span> <span class='ocrx_word' id='word_1_376' title='bbox 1469 1936 1567 1968; x_wconf 84' lang='lat' dir='ltr'><em>dixit:</em></span> <span class='ocrx_word' id='word_1_377' title='bbox 1600 1936 1695 1975; x_wconf 90' lang='lat' dir='ltr'><em>Veni,</em></span> <span class='ocrx_word' id='word_1_378' title='bbox 1724 1936 1854 1969; x_wconf 84' lang='lat' dir='ltr'><em>mittam</em></span> <span class='ocrx_word' id='word_1_379' title='bbox 1879 1941 1906 1968; x_wconf 83' lang='lat' dir='ltr'><em>te</em></span> <span class='ocrx_word' id='word_1_380' title='bbox 1930 1937 1976 1969; x_wconf 81' lang='grc'><strong>1111</strong></span> <span class='ocrx_word' id='word_1_381' title='bbox 2008 1937 2160 1971; x_wconf 77' lang='lat' dir='ltr'><em>Pharao-</em></span> 
     </span>
     <span class='ocr_line' id='line_1_55' title="bbox 1199 1983 2161 2031; baseline 0.001 -8"><span class='ocrx_word' id='word_1_382' title='bbox 1199 1999 1291 2028; x_wconf 83' lang='lat' dir='ltr'><em>nem,</em></span> <span class='ocrx_word' id='word_1_383' title='bbox 1317 1993 1354 2022; x_wconf 89' lang='lat' dir='ltr'><em>ut</em></span> <span class='ocrx_word' id='word_1_384' title='bbox 1375 1989 1499 2022; x_wconf 79' lang='lat' dir='ltr'><em>educas</em></span> <span class='ocrx_word' id='word_1_385' title='bbox 1519 1983 1683 2031; x_wconf 86' lang='lat' dir='ltr'><em>populum</em></span> <span class='ocrx_word' id='word_1_386' title='bbox 1706 1999 1835 2028; x_wconf 87' lang='lat' dir='ltr'><em>meum,</em></span> <span class='ocrx_word' id='word_1_387' title='bbox 1866 1989 1953 2031; x_wconf 80' lang='lat' dir='ltr'><em>filios</em></span> <span class='ocrx_word' id='word_1_388' title='bbox 1978 1991 2098 2030; x_wconf 86' lang='lat' dir='ltr'><em>Israel,</em></span> <span class='ocrx_word' id='word_1_389' title='bbox 2123 1992 2161 2024; x_wconf 85' lang='lat' dir='ltr'><em>dc</em></span> 
     </span>
     <span class='ocr_line' id='line_1_56' title="bbox 1200 2042 2160 2085; baseline 0.002 -11"><span class='ocrx_word' id='word_1_390' title='bbox 1200 2043 1371 2085; x_wconf 74' lang='lat' dir='ltr'><em>Aeyypto;</em></span> <span class='ocrx_word' id='word_1_391' title='bbox 1395 2046 1426 2076; x_wconf 89' lang='lat' dir='ltr'><em>et</em></span> <span class='ocrx_word' id='word_1_392' title='bbox 1458 2043 1596 2084; x_wconf 85' lang='lat' dir='ltr'><em>Moyses:</em></span> <span class='ocrx_word' id='word_1_393' title='bbox 1631 2042 1713 2083; x_wconf 86' lang='lat' dir='ltr'><em>Quis</em></span> <span class='ocrx_word' id='word_1_394' title='bbox 1744 2052 1801 2085; x_wconf 78' lang='grc'><em>690</em></span> <span class='ocrx_word' id='word_1_395' title='bbox 1832 2053 1924 2082; x_wconf 85' lang='lat' dir='ltr'><em>sum,</em></span> <span class='ocrx_word' id='word_1_396' title='bbox 1962 2048 1998 2076; x_wconf 86' lang='lat' dir='ltr'><em>ut</em></span> <span class='ocrx_word' id='word_1_397' title='bbox 2021 2044 2160 2076; x_wconf 78' lang='lat' dir='ltr'><em>educam</em></span> 
     </span>
     <span class='ocr_line' id='line_1_57' title="bbox 1198 2095 2160 2139; baseline 0.002 -11"><span class='ocrx_word' id='word_1_398' title='bbox 1198 2095 1285 2138; x_wconf 79' lang='lat' dir='ltr'><em>filios</em></span> <span class='ocrx_word' id='word_1_399' title='bbox 1309 2096 1417 2128; x_wconf 87' lang='lat' dir='ltr'><em>Israel</em></span> <span class='ocrx_word' id='word_1_400' title='bbox 1439 2096 1478 2129; x_wconf 86' lang='lat' dir='ltr'><em>de</em></span> <span class='ocrx_word' id='word_1_401' title='bbox 1494 2095 1662 2139; x_wconf 70' lang='lat' dir='ltr'><em>Aeyypto?</em></span> <span class='ocrx_word' id='word_1_402' title='bbox 1686 2097 1820 2137; x_wconf 88' lang='lat' dir='ltr'><em>Moyses,</em></span> <span class='ocrx_word' id='word_1_403' title='bbox 1845 2097 1899 2139; x_wconf 86' lang='lat' dir='ltr'><em>qui</em></span> <span class='ocrx_word' id='word_1_404' title='bbox 1921 2097 1979 2129; x_wconf 84' lang='lat' dir='ltr'><em>suit</em></span> <span class='ocrx_word' id='word_1_405' title='bbox 2004 2098 2160 2139; x_wconf 81' lang='lat' dir='ltr'><em>legislator</em></span> 
     </span>
     <span class='ocr_line' id='line_1_58' title="bbox 1199 2148 2161 2192; baseline 0.002 -11"><span class='ocrx_word' id='word_1_406' title='bbox 1199 2151 1231 2181; x_wconf 87' lang='lat' dir='ltr'><em>et</em></span> <span class='ocrx_word' id='word_1_407' title='bbox 1253 2148 1384 2182; x_wconf 89' lang='lat' dir='ltr'><em>eductor</em></span> <span class='ocrx_word' id='word_1_408' title='bbox 1407 2148 1546 2182; x_wconf 83' lang='lat' dir='ltr'><em>filiorum</em></span> <span class='ocrx_word' id='word_1_409' title='bbox 1571 2149 1665 2182; x_wconf 85' lang='lat' dir='ltr'><em>Israel</em></span> <span class='ocrx_word' id='word_1_410' title='bbox 1689 2149 1727 2182; x_wconf 92' lang='lat' dir='ltr'><em>de</em></span> <span class='ocrx_word' id='word_1_411' title='bbox 1751 2151 1902 2192; x_wconf 76' lang='lat' dir='ltr'><em>Aegypto,</em></span> <span class='ocrx_word' id='word_1_412' title='bbox 1927 2150 2080 2192; x_wconf 82' lang='lat' dir='ltr'><em>significat</em></span> <span class='ocrx_word' id='word_1_413' title='bbox 2107 2150 2161 2183; x_wconf 89' lang='lat' dir='ltr'><em>do-</em></span> 
     </span>
     <span class='ocr_line' id='line_1_59' title="bbox 1200 2201 2161 2244; baseline 0.001 -10"><span class='ocrx_word' id='word_1_414' title='bbox 1200 2205 1318 2235; x_wconf 90' lang='lat' dir='ltr'><em>ctorem</em></span> <span class='ocrx_word' id='word_1_415' title='bbox 1342 2202 1418 2244; x_wconf 86' lang='lat' dir='ltr'><em>legis</em></span> <span class='ocrx_word' id='word_1_416' title='bbox 1441 2201 1581 2241; x_wconf 86' lang='lat' dir='ltr'><em>divinae,</em></span> <span class='ocrx_word' id='word_1_417' title='bbox 1606 2202 1661 2244; x_wconf 90' lang='lat' dir='ltr'><em>qui</em></span> <span class='ocrx_word' id='word_1_418' title='bbox 1678 2202 1783 2235; x_wconf 87' lang='lat' dir='ltr'><em>educit</em></span> <span class='ocrx_word' id='word_1_419' title='bbox 1806 2203 1959 2244; x_wconf 87' lang='lat' dir='ltr'><em>populum</em></span> <span class='ocrx_word' id='word_1_420' title='bbox 1984 2203 2106 2235; x_wconf 89' lang='lat' dir='ltr'><em>Domini</em></span> <span class='ocrx_word' id='word_1_421' title='bbox 2123 2203 2161 2236; x_wconf 89' lang='lat' dir='ltr'><em>de</em></span> 
     </span>
     <span class='ocr_line' id='line_1_60' title="bbox 1200 2254 2160 2297; baseline 0.001 -10"><span class='ocrx_word' id='word_1_422' title='bbox 1200 2255 1338 2288; x_wconf 67' lang='lat' dir='ltr'><em>tenebris</em></span> <span class='ocrx_word' id='word_1_423' title='bbox 1362 2254 1564 2297; x_wconf 79' lang='lat' dir='ltr'><em>ignorantiae.</em></span> <span class='ocrx_word' id='word_1_424' title='bbox 1591 2254 1634 2287; x_wconf 71' lang='lat' dir='ltr'><em>Ad</em></span> <span class='ocrx_word' id='word_1_425' title='bbox 1657 2255 1741 2296; x_wconf 89' lang='lat' dir='ltr'><em>quod</em></span> <span class='ocrx_word' id='word_1_426' title='bbox 1765 2255 1892 2297; x_wconf 88' lang='lat' dir='ltr'><em>quidem</em></span> <span class='ocrx_word' id='word_1_427' title='bbox 1913 2255 2051 2288; x_wconf 85' lang='lat' dir='ltr'><em>officium</em></span> <span class='ocrx_word' id='word_1_428' title='bbox 2069 2264 2160 2288; x_wconf 88' lang='lat' dir='ltr'><em>nemo</em></span> 
     </span>
     <span class='ocr_line' id='line_1_61' title="bbox 1199 2307 2159 2349; baseline 0 -9"><span class='ocrx_word' id='word_1_429' title='bbox 1199 2307 1291 2340; x_wconf 89' lang='lat' dir='ltr'><em>debet</em></span> <span class='ocrx_word' id='word_1_430' title='bbox 1314 2307 1478 2347; x_wconf 83' lang='lat' dir='ltr'><em>accedere,</em></span> <span class='ocrx_word' id='word_1_431' title='bbox 1502 2308 1561 2340; x_wconf 84' lang='lat' dir='ltr'><em>nisi</em></span> <span class='ocrx_word' id='word_1_432' title='bbox 1586 2307 1744 2346; x_wconf 87' lang='lat' dir='ltr'><em>mittatur,</em></span> <span class='ocrx_word' id='word_1_433' title='bbox 1768 2316 1824 2340; x_wconf 82' lang='lat' dir='ltr'><em>nec</em></span> <span class='ocrx_word' id='word_1_434' title='bbox 1850 2308 1942 2340; x_wconf 87' lang='lat' dir='ltr'><em>debet</em></span> <span class='ocrx_word' id='word_1_435' title='bbox 1973 2317 2159 2349; x_wconf 86' lang='lat' dir='ltr'><em>procurare,</em></span> 
     </span>
     <span class='ocr_line' id='line_1_62' title="bbox 1200 2360 2160 2402; baseline -0.001 -9"><span class='ocrx_word' id='word_1_436' title='bbox 1200 2360 1254 2394; x_wconf 87' lang='lat' dir='ltr'><em>sed</em></span> <span class='ocrx_word' id='word_1_437' title='bbox 1278 2369 1427 2393; x_wconf 84' lang='lat' dir='ltr'><em>recusare</em></span> <span class='ocrx_word' id='word_1_438' title='bbox 1451 2360 1563 2402; x_wconf 82' lang='lat' dir='ltr'><em>magis,</em></span> <span class='ocrx_word' id='word_1_439' title='bbox 1588 2360 1663 2402; x_wconf 82' lang='lat' dir='ltr'><em>quia</em></span> <span class='ocrx_word' id='word_1_440' title='bbox 1687 2361 1793 2393; x_wconf 88' lang='lat' dir='ltr'><em>nullus</em></span> <span class='ocrx_word' id='word_1_441' title='bbox 1821 2360 1859 2392; x_wconf 82' lang='lat' dir='ltr'><em>ad</em></span> <span class='ocrx_word' id='word_1_442' title='bbox 1884 2361 1943 2393; x_wconf 86' lang='lat' dir='ltr'><em>hoc</em></span> <span class='ocrx_word' id='word_1_443' title='bbox 1967 2361 2104 2393; x_wconf 80' lang='lat' dir='ltr'><em>officium</em></span> <span class='ocrx_word' id='word_1_444' title='bbox 2128 2370 2160 2393; x_wconf 84' lang='lat' dir='ltr'><em>se</em></span> 
     </span>
     <span class='ocr_line' id='line_1_63' title="bbox 1198 2413 2158 2455; baseline -0.001 -9"><span class='ocrx_word' id='word_1_445' title='bbox 1198 2413 1291 2447; x_wconf 87' lang='lat' dir='ltr'><em>debet</em></span> <span class='ocrx_word' id='word_1_446' title='bbox 1314 2413 1463 2450; x_wconf 88' lang='lat' dir='ltr'><em>idoneum</em></span> <span class='ocrx_word' id='word_1_447' title='bbox 1487 2417 1646 2455; x_wconf 87' lang='lat' dir='ltr'><em>reputare.</em></span> <span class='ocrx_word' id='word_1_448' title='bbox 1672 2413 1701 2445; x_wconf 86' lang='lat' dir='ltr'><em>Si</em></span> <span class='ocrx_word' id='word_1_449' title='bbox 1726 2413 1809 2445; x_wconf 90' lang='lat' dir='ltr'><em>enim</em></span> <span class='ocrx_word' id='word_1_450' title='bbox 1838 2422 1908 2446; x_wconf 87' lang='lat' dir='ltr'><em>cum</em></span> <span class='ocrx_word' id='word_1_451' title='bbox 1935 2414 2066 2446; x_wconf 86' lang='lat' dir='ltr'><em>Domino</em></span> <span class='ocrx_word' id='word_1_452' title='bbox 2098 2423 2158 2446; x_wconf 88' lang='lat' dir='ltr'><em>non</em></span> 
     </span>
     <span class='ocr_line' id='line_1_64' title="bbox 1199 2467 2159 2508; baseline -0.001 -9"><span class='ocrx_word' id='word_1_453' title='bbox 1199 2470 1246 2500; x_wconf 89' lang='lat' dir='ltr'><em>est</em></span> <span class='ocrx_word' id='word_1_454' title='bbox 1270 2467 1408 2505; x_wconf 86' lang='lat' dir='ltr'><em>locutus,</em></span> <span class='ocrx_word' id='word_1_455' title='bbox 1441 2467 1588 2508; x_wconf 80' lang='lat' dir='ltr'><em>indignus</em></span> <span class='ocrx_word' id='word_1_456' title='bbox 1612 2470 1675 2505; x_wconf 84' lang='lat' dir='ltr'><em>est;</em></span> <span class='ocrx_word' id='word_1_457' title='bbox 1701 2467 1748 2499; x_wconf 91' lang='lat' dir='ltr'><em>sin</em></span> <span class='ocrx_word' id='word_1_458' title='bbox 1781 2467 1808 2499; x_wconf 89' lang='lat' dir='ltr'><em>ei</em></span> <span class='ocrx_word' id='word_1_459' title='bbox 1837 2467 1988 2499; x_wconf 85' lang='lat' dir='ltr'><em>Dominus</em></span> <span class='ocrx_word' id='word_1_460' title='bbox 2020 2467 2159 2508; x_wconf 84' lang='lat' dir='ltr'><em>loquitur</em></span> 
     </span>
     <span class='ocr_line' id='line_1_65' title="bbox 1199 2519 2160 2562; baseline -0.001 -10"><span class='ocrx_word' id='word_1_461' title='bbox 1199 2520 1238 2553; x_wconf 91' lang='lat' dir='ltr'><em>ad</em></span> <span class='ocrx_word' id='word_1_462' title='bbox 1261 2529 1330 2558; x_wconf 93' lang='lat' dir='ltr'><em>cor,</em></span> <span class='ocrx_word' id='word_1_463' title='bbox 1356 2519 1450 2552; x_wconf 89' lang='lat' dir='ltr'><em>sentit</em></span> <span class='ocrx_word' id='word_1_464' title='bbox 1474 2529 1507 2552; x_wconf 86' lang='lat' dir='ltr'><em>se.</em></span> <span class='ocrx_word' id='word_1_465' title='bbox 1539 2519 1757 2562; x_wconf 80' lang='lat' dir='ltr'><em>impeditioris</em></span> <span class='ocrx_word' id='word_1_466' title='bbox 1780 2523 1808 2551; x_wconf 90' lang='lat' dir='ltr'><em>et</em></span> <span class='ocrx_word' id='word_1_467' title='bbox 1840 2519 2002 2552; x_wconf 78' lang='lat' dir='ltr'><em>tardioris</em></span> <span class='ocrx_word' id='word_1_468' title='bbox 2026 2519 2160 2561; x_wconf 70' lang='lat' dir='ltr'><em>linquae</em></span> 
     </span>
     <span class='ocr_line' id='line_1_66' title="bbox 1199 2572 2160 2614; baseline -0.002 -8"><span class='ocrx_word' id='word_1_469' title='bbox 1199 2573 1345 2606; x_wconf 84' lang='lat' dir='ltr'><em>effectum</em></span> <span class='ocrx_word' id='word_1_470' title='bbox 1368 2582 1440 2606; x_wconf 91' lang='lat' dir='ltr'><em>cum</em></span> <span class='ocrx_word' id='word_1_471' title='bbox 1465 2574 1568 2614; x_wconf 88' lang='lat' dir='ltr'><em>Moyse</em></span> <span class='ocrx_word' id='word_1_472' title='bbox 1581 2573 1603 2604; x_wconf 86' lang='lat'><em>⁷.</em></span> <span class='ocrx_word' id='word_1_473' title='bbox 1630 2573 1666 2605; x_wconf 90' lang='lat' dir='ltr'><em>Et</em></span> <span class='ocrx_word' id='word_1_474' title='bbox 1689 2573 1757 2605; x_wconf 92' lang='grc'><strong>11160</strong></span> <span class='ocrx_word' id='word_1_475' title='bbox 1781 2573 1905 2605; x_wconf 88' lang='lat' dir='ltr'><em>nescius</em></span> <span class='ocrx_word' id='word_1_476' title='bbox 1929 2573 2032 2614; x_wconf 89' lang='lat' dir='ltr'><em>eloqui</em></span> <span class='ocrx_word' id='word_1_477' title='bbox 2057 2572 2160 2604; x_wconf 68' lang='lat' dir='ltr'><em>divina</em></span> 
     </span>
     <span class='ocr_line' id='line_1_67' title="bbox 1199 2625 2158 2668; baseline -0.003 -9"><span class='ocrx_word' id='word_1_478' title='bbox 1199 2626 1365 2668; x_wconf 84' lang='lat' dir='ltr'><em>mysteria,</em></span> <span class='ocrx_word' id='word_1_479' title='bbox 1385 2634 1471 2668; x_wconf 81' lang='lat' dir='ltr'><em>quae</em></span> <span class='ocrx_word' id='word_1_480' title='bbox 1495 2625 1619 2667; x_wconf 85' lang='lat' dir='ltr'><em>aperuit</em></span> <span class='ocrx_word' id='word_1_481' title='bbox 1650 2625 1677 2658; x_wconf 90' lang='lat' dir='ltr'><em>ei</em></span> <span class='ocrx_word' id='word_1_482' title='bbox 1702 2625 1868 2663; x_wconf 86' lang='lat' dir='ltr'><em>Dominus,</em></span> <span class='ocrx_word' id='word_1_483' title='bbox 1898 2635 1959 2658; x_wconf 91' lang='lat' dir='ltr'><em>non</em></span> <span class='ocrx_word' id='word_1_484' title='bbox 1991 2625 2082 2657; x_wconf 88' lang='lat' dir='ltr'><em>debet</em></span> <span class='ocrx_word' id='word_1_485' title='bbox 2107 2625 2158 2657; x_wconf 76' lang='lat' dir='ltr'><em>illa</em></span> 
     </span>
     <span class='ocr_line' id='line_1_68' title="bbox 1199 2677 2005 2721; baseline -0.004 -9"><span class='ocrx_word' id='word_1_486' title='bbox 1199 2687 1417 2721; x_wconf 83' lang='lat' dir='ltr'><em>praesumere,</em></span> <span class='ocrx_word' id='word_1_487' title='bbox 1441 2678 1500 2710; x_wconf 88' lang='lat' dir='ltr'><em>nisi</em></span> <span class='ocrx_word' id='word_1_488' title='bbox 1524 2678 1687 2710; x_wconf 85' lang='lat' dir='ltr'><em>institutus</em></span> <span class='ocrx_word' id='word_1_489' title='bbox 1711 2687 1798 2710; x_wconf 76' lang='lat' dir='ltr'><em>mera</em></span> <span class='ocrx_word' id='word_1_490' title='bbox 1822 2677 2005 2710; x_wconf 86' lang='lat' dir='ltr'><em>obedientia.</em></span> 
     </span>
    </p>

    <p class='ocr_par' dir='ltr' id='par_1_14' title="bbox 1201 2730 2322 2880">
     <span class='ocr_line' id='line_1_69' title="bbox 1290 2730 2311 2772; baseline -0.006 -8"><span class='ocrx_word' id='word_1_491' title='bbox 1290 2734 1319 2764; x_wconf 80' lang='lat'><em>5.</em></span> <span class='ocrx_word' id='word_1_492' title='bbox 1344 2731 1442 2764; x_wconf 86' lang='lat' dir='ltr'><em>Debet</em></span> <span class='ocrx_word' id='word_1_493' title='bbox 1464 2731 1556 2764; x_wconf 78' lang='lat' dir='ltr'><em>etiam</em></span> <span class='ocrx_word' id='word_1_494' title='bbox 1575 2730 1804 2772; x_wconf 76' lang='lat' dir='ltr'><em>inflammatus</em></span> <span class='ocrx_word' id='word_1_495' title='bbox 1821 2739 1888 2762; x_wconf 82' lang='lat' dir='ltr'><em>esse</em></span> <span class='ocrx_word' id='word_1_496' title='bbox 1912 2730 2050 2763; x_wconf 80' lang='lat' dir='ltr'><em>fraterna</em></span> <span class='ocrx_word' id='word_1_497' title='bbox 2067 2730 2159 2763; x_wconf 88' lang='lat' dir='ltr'><em>bene-</em></span> <span class='ocrx_word' id='word_1_498' title='bbox 2184 2739 2262 2761; x_wconf 66' lang='lat' dir='ltr'><em>renio.</em></span> <span class='ocrx_word' id='word_1_499' title='bbox 2280 2738 2311 2759; x_wconf 72' lang='lat' dir='ltr'><em>in-</em></span> 
     </span>
     <span class='ocr_line' id='line_1_70' title="bbox 1201 2765 2322 2826; baseline -0.005 -8"><span class='ocrx_word' id='word_1_500' title='bbox 1201 2785 1350 2823; x_wconf 84' lang='lat' dir='ltr'><em>volentia‚</em></span> <span class='ocrx_word' id='word_1_501' title='bbox 1375 2784 1459 2826; x_wconf 90' lang='lat' dir='ltr'><em>quod</em></span> <span class='ocrx_word' id='word_1_502' title='bbox 1476 2787 1579 2821; x_wconf 84' lang='lat' dir='ltr'><em>notat,</em></span> <span class='ocrx_word' id='word_1_503' title='bbox 1604 2792 1676 2816; x_wconf 88' lang='lat' dir='ltr'><em>cum</em></span> <span class='ocrx_word' id='word_1_504' title='bbox 1693 2783 1784 2815; x_wconf 87' lang='lat' dir='ltr'><em>dicit:</em></span> <span class='ocrx_word' id='word_1_505' title='bbox 1815 2783 1854 2815; x_wconf 80' lang='lat' dir='ltr'><em>Ut</em></span> <span class='ocrx_word' id='word_1_506' title='bbox 1870 2783 2015 2815; x_wconf 81' lang='lat' dir='ltr'><em>mederer</em></span> <span class='ocrx_word' id='word_1_507' title='bbox 2038 2784 2159 2816; x_wconf 81' lang='lat' dir='ltr'><em>contri·</em></span> <span class='ocrx_word' id='word_1_508' title='bbox 2168 2765 2322 2813; x_wconf 53' lang='lat' dir='ltr'><em>bssssfflffitl‘lla.</em></span> 
     </span>
     <span class='ocr_line' id='line_1_71' title="bbox 1201 2835 2158 2880; baseline -0.003 -9"><span class='ocrx_word' id='word_1_509' title='bbox 1201 2843 1248 2871; x_wconf 82' lang='lat' dir='ltr'><em>tos</em></span> <span class='ocrx_word' id='word_1_510' title='bbox 1273 2838 1370 2871; x_wconf 83' lang='lat' dir='ltr'><em>corde</em></span> <span class='ocrx_word' id='word_1_511' title='bbox 1393 2842 1422 2870; x_wconf 85' lang='lat' dir='ltr'><em>et</em></span> <span class='ocrx_word' id='word_1_512' title='bbox 1442 2837 1675 2880; x_wconf 75' lang='lat' dir='ltr'><em>pracdicarmn</em></span> <span class='ocrx_word' id='word_1_513' title='bbox 1700 2836 1840 2878; x_wconf 73' lang='lat' dir='ltr'><em>captivis</em></span> <span class='ocrx_word' id='word_1_514' title='bbox 1865 2835 2107 2878; x_wconf 73' lang='lat' dir='ltr'><em>indutyentiam</em></span> <span class='ocrx_word' id='word_1_515' title='bbox 2130 2842 2158 2868; x_wconf 85' lang='lat' dir='ltr'><em>et</em></span> 
     </span>
    </p>
   </div>
   <div class='ocr_carea' id='block_1_5' title="bbox 958 2939 1466 2943">
    <p class='ocr_par' dir='ltr' id='par_1_15' title="bbox 958 2939 1466 2943">
     <span class='ocr_line' id='line_1_72' title="bbox 958 2939 1466 2943; baseline 0 0"><span class='ocrx_word' id='word_1_516' title='bbox 958 2939 1466 2943; x_wconf 95' lang='lat' dir='ltr'><em> </em></span> 
     </span>
    </p>
   </div>
   <div class='ocr_carea' id='block_1_6' title="bbox 178 2992 1141 3204">
    <p class='ocr_par' dir='ltr' id='par_1_16' title="bbox 178 2992 1141 3157">
     <span class='ocr_line' id='line_1_73' title="bbox 249 2992 1138 3026; baseline -0.001 -7"><span class='ocrx_word' id='word_1_517' title='bbox 249 2992 257 3007; x_wconf 91' lang='lat'>¹</span> <span class='ocrx_word' id='word_1_518' title='bbox 279 2994 389 3026; x_wconf 77' lang='lat' dir='ltr'><em>Vulgata</em></span> <span class='ocrx_word' id='word_1_519' title='bbox 411 2994 533 3021; x_wconf 81' lang='lat' dir='ltr'><em>contritis</em></span> <span class='ocrx_word' id='word_1_520' title='bbox 551 2993 631 3021; x_wconf 83' lang='lat' dir='ltr'><em>corde</em></span> <span class='ocrx_word' id='word_1_521' title='bbox 650 3001 698 3026; x_wconf 86' lang='lat' dir='ltr'><em>pro</em></span> <span class='ocrx_word' id='word_1_522' title='bbox 712 2992 841 3020; x_wconf 84' lang='lat' dir='ltr'><em>contritos</em></span> <span class='ocrx_word' id='word_1_523' title='bbox 854 2992 949 3025; x_wconf 83' lang='lat' dir='ltr'><em>corde,</em></span> <span class='ocrx_word' id='word_1_524' title='bbox 963 2993 1035 3026; x_wconf 82' lang='lat' dir='ltr'><em>quod</em></span> <span class='ocrx_word' id='word_1_525' title='bbox 1051 2995 1138 3019; x_wconf 79' lang='lat' dir='ltr'><em>tamen</em></span> 
     </span>
     <span class='ocr_line' id='line_1_74' title="bbox 178 3037 1141 3070; baseline 0 -6"><span class='ocrx_word' id='word_1_526' title='bbox 178 3045 238 3064; x_wconf 90' lang='lat' dir='ltr'><em>cum</em></span> <span class='ocrx_word' id='word_1_527' title='bbox 258 3038 337 3064; x_wconf 86' lang='lat' dir='ltr'><em>codd.</em></span> <span class='ocrx_word' id='word_1_528' title='bbox 355 3039 450 3064; x_wconf 89' lang='lat' dir='ltr'><em>nostris</em></span> <span class='ocrx_word' id='word_1_529' title='bbox 469 3038 592 3065; x_wconf 84' lang='lat' dir='ltr'><em>exhibent</em></span> <span class='ocrx_word' id='word_1_530' title='bbox 608 3039 709 3070; x_wconf 83' lang='lat' dir='ltr'><em>Hnymo</em></span> <span class='ocrx_word' id='word_1_531' title='bbox 723 3040 749 3064; x_wconf 84' lang='lat' dir='ltr'><em>et</em></span> <span class='ocrx_word' id='word_1_532' title='bbox 760 3038 837 3064; x_wconf 74' lang='lat' dir='ltr'><em>card.</em></span> <span class='ocrx_word' id='word_1_533' title='bbox 857 3038 933 3070; x_wconf 82' lang='lat' dir='ltr'><em>Hugo</em></span> <span class='ocrx_word' id='word_1_534' title='bbox 947 3037 972 3063; x_wconf 92' lang='lat' dir='ltr'><em>in</em></span> <span class='ocrx_word' id='word_1_535' title='bbox 991 3037 1141 3065; x_wconf 83' lang='lat' dir='ltr'><em>Comment.</em></span> 
     </span>
     <span class='ocr_line' id='line_1_75' title="bbox 179 3081 1139 3115; baseline -0.001 -8"><span class='ocrx_word' id='word_1_536' title='bbox 179 3082 205 3107; x_wconf 91' lang='lat' dir='ltr'><em>in</em></span> <span class='ocrx_word' id='word_1_537' title='bbox 223 3082 324 3108; x_wconf 84' lang='lat' dir='ltr'><em>lsaiam.</em></span> <span class='ocrx_word' id='word_1_538' title='bbox 339 3083 416 3108; x_wconf 86' lang='lat' dir='ltr'><em>Teste</em></span> <span class='ocrx_word' id='word_1_539' title='bbox 429 3083 576 3115; x_wconf 85' lang='lat' dir='ltr'><em>Forcellini,</em></span> <span class='ocrx_word' id='word_1_540' title='bbox 596 3082 705 3109; x_wconf 86' lang='lat' dir='ltr'><em>Lexicon</em></span> <span class='ocrx_word' id='word_1_541' title='bbox 725 3085 788 3113; x_wconf 88' lang='lat' dir='ltr'><em>etc.,</em></span> <span class='ocrx_word' id='word_1_542' title='bbox 801 3081 903 3108; x_wconf 75' lang='lat' dir='ltr'><em>mederi</em></span> <span class='ocrx_word' id='word_1_543' title='bbox 915 3081 1045 3107; x_wconf 89' lang='lat' dir='ltr'><em>interdum</em></span> <span class='ocrx_word' id='word_1_544' title='bbox 1060 3081 1139 3107; x_wconf 85' lang='lat' dir='ltr'><em>babet</em></span> 
     </span>
     <span class='ocr_line' id='line_1_76' title="bbox 180 3126 648 3157; baseline 0.002 -5"><span class='ocrx_word' id='word_1_545' title='bbox 180 3126 366 3157; x_wconf 78' lang='lat' dir='ltr'><em>accusativum,</em></span> <span class='ocrx_word' id='word_1_546' title='bbox 387 3127 445 3152; x_wconf 80' lang='lat' dir='ltr'><em>ilcet</em></span> <span class='ocrx_word' id='word_1_547' title='bbox 464 3128 552 3153; x_wconf 88' lang='lat' dir='ltr'><em>minus</em></span> <span class='ocrx_word' id='word_1_548' title='bbox 571 3126 648 3153; x_wconf 85' lang='lat' dir='ltr'><em>bene.</em></span> 
     </span>
    </p>

    <p class='ocr_par' dir='ltr' id='par_1_17' title="bbox 249 3168 726 3204">
     <span class='ocr_line' id='line_1_77' title="bbox 249 3168 726 3204; baseline 0.002 -8"><span class='ocrx_word' id='word_1_549' title='bbox 249 3168 260 3184; x_wconf 84' lang='lat'>²</span> <span class='ocrx_word' id='word_1_550' title='bbox 280 3171 354 3196; x_wconf 82' lang='lat' dir='ltr'><em>vers.</em></span> <span class='ocrx_word' id='word_1_551' title='bbox 375 3171 416 3202; x_wconf 85' lang='grc'><em>18,</em></span> <span class='ocrx_word' id='word_1_552' title='bbox 436 3171 532 3197; x_wconf 85' lang='lat' dir='ltr'><em>deinde</em></span> <span class='ocrx_word' id='word_1_553' title='bbox 551 3171 609 3197; x_wconf 84' lang='lat' dir='ltr'><em>lsai.</em></span> <span class='ocrx_word' id='word_1_554' title='bbox 631 3172 679 3204; x_wconf 82' lang='grc'><em>61,</em></span> <span class='ocrx_word' id='word_1_555' title='bbox 702 3172 726 3197; x_wconf 75' lang='grc' dir='ltr'><em>Ἰ.</em></span> 
     </span>
    </p>
   </div>
   <div class='ocr_carea' id='block_1_7' title="bbox 250 3211 1165 3248">
    <p class='ocr_par' dir='ltr' id='par_1_18' title="bbox 250 3211 1165 3248">
     <span class='ocr_line' id='line_1_78' title="bbox 250 3211 1165 3248; baseline 0.001 -9"><span class='ocrx_word' id='word_1_556' title='bbox 250 3211 261 3227; x_wconf 79' lang='lat'><strong>⁸</strong></span> <span class='ocrx_word' id='word_1_557' title='bbox 283 3214 338 3240; x_wconf 87' lang='lat' dir='ltr'><em>Vat.</em></span> <span class='ocrx_word' id='word_1_558' title='bbox 358 3221 419 3240; x_wconf 89' lang='lat' dir='ltr'><em>cum</em></span> <span class='ocrx_word' id='word_1_559' title='bbox 438 3215 480 3240; x_wconf 88' lang='lat' dir='ltr'><em>ed.</em></span> <span class='ocrx_word' id='word_1_560' title='bbox 503 3215 531 3240; x_wconf 75' lang='lat' dir='ltr'><em>l:</em></span> <span class='ocrx_word' id='word_1_561' title='bbox 552 3214 672 3241; x_wconf 70' lang='lat' dir='ltr'><em>insinuat</em></span> <span class='ocrx_word' id='word_1_562' title='bbox 700 3214 834 3248; x_wconf 80' lang='lat' dir='ltr'><em>duplicem</em></span> <span class='ocrx_word' id='word_1_563' title='bbox 849 3221 998 3248; x_wconf 81' lang='lat' dir='ltr'><em>personam</em></span> <span class='ocrx_word' id='word_1_564' title='bbox 1014 3213 1052 3240; x_wconf 84' lang='lat' dir='ltr'><em>ad</em></span> <span class='ocrx_word' id='word_1_565' title='bbox 1069 3221 1137 3247; x_wconf 82' lang='lat' dir='ltr'><em>opus</em></span> <span class='ocrx_word' id='word_1_566' title='bbox 1162 3226 1165 3227; x_wconf 41' lang='lat'><em>⁷</em></span> 
     </span>
    </p>
   </div>
   <div class='ocr_carea' id='block_1_8' title="bbox 180 3257 1138 3468">
    <p class='ocr_par' dir='ltr' id='par_1_19' title="bbox 180 3257 1138 3468">
     <span class='ocr_line' id='line_1_79' title="bbox 180 3257 1138 3292; baseline 0 -8"><span class='ocrx_word' id='word_1_567' title='bbox 180 3257 347 3291; x_wconf 73' lang='lat' dir='ltr'><em>evanyelicae</em></span> <span class='ocrx_word' id='word_1_568' title='bbox 365 3257 503 3285; x_wconf 82' lang='lat' dir='ltr'><em>doctrinae</em></span> <span class='ocrx_word' id='word_1_569' title='bbox 529 3258 727 3291; x_wconf 79' lang='lat' dir='ltr'><em>necessariam,</em></span> <span class='ocrx_word' id='word_1_570' title='bbox 747 3262 773 3285; x_wconf 85' lang='lat' dir='ltr'><em>et</em></span> <span class='ocrx_word' id='word_1_571' title='bbox 791 3258 904 3285; x_wconf 84' lang='lat' dir='ltr'><em>subinde</em></span> <span class='ocrx_word' id='word_1_572' title='bbox 922 3257 1057 3292; x_wconf 81' lang='lat' dir='ltr'><em>duplicem</em></span> <span class='ocrx_word' id='word_1_573' title='bbox 1076 3265 1138 3285; x_wconf 85' lang='lat' dir='ltr'><em>cau·</em></span> 
     </span>
     <span class='ocr_line' id='line_1_80' title="bbox 181 3301 1138 3338; baseline 0 -10"><span class='ocrx_word' id='word_1_574' title='bbox 181 3308 241 3328; x_wconf 86' lang='lat' dir='ltr'><em>sam</em></span> <span class='ocrx_word' id='word_1_575' title='bbox 268 3301 464 3335; x_wconf 60' lang='lat' dir='ltr'><em>emti-insecant,</em></span> <span class='ocrx_word' id='word_1_576' title='bbox 487 3303 589 3330; x_wconf 82' lang='lat' dir='ltr'><em>scilicet</em></span> <span class='ocrx_word' id='word_1_577' title='bbox 614 3303 768 3338; x_wconf 81' lang='lat' dir='ltr'><em>efficientem</em></span> <span class='ocrx_word' id='word_1_578' title='bbox 795 3305 819 3329; x_wconf 85' lang='lat' dir='ltr'><em>ct</em></span> <span class='ocrx_word' id='word_1_579' title='bbox 846 3302 984 3338; x_wconf 82' lang='lat' dir='ltr'><em>finalem...</em></span> <span class='ocrx_word' id='word_1_580' title='bbox 1003 3301 1138 3336; x_wconf 78' lang='lat' dir='ltr'><em>duplicem</em></span> 
     </span>
     <span class='ocr_line' id='line_1_81' title="bbox 181 3345 1138 3380; baseline 0.001 -9"><span class='ocrx_word' id='word_1_581' title='bbox 181 3351 293 3372; x_wconf 78' lang='lat' dir='ltr'><em>causam</em></span> <span class='ocrx_word' id='word_1_582' title='bbox 312 3345 500 3379; x_wconf 78' lang='lat' dir='ltr'><em>intrinsecam,</em></span> <span class='ocrx_word' id='word_1_583' title='bbox 519 3346 620 3374; x_wconf 83' lang='lat' dir='ltr'><em>scilicet</em></span> <span class='ocrx_word' id='word_1_584' title='bbox 637 3346 805 3374; x_wconf 83' lang='lat' dir='ltr'><em>materialem</em></span> <span class='ocrx_word' id='word_1_585' title='bbox 818 3348 842 3373; x_wconf 89' lang='lat' dir='ltr'><em>et</em></span> <span class='ocrx_word' id='word_1_586' title='bbox 854 3345 1007 3380; x_wconf 74' lang='lat' dir='ltr'><em>formalem.</em></span> <span class='ocrx_word' id='word_1_587' title='bbox 1031 3345 1078 3372; x_wconf 80' lang='lat' dir='ltr'><em>His</em></span> <span class='ocrx_word' id='word_1_588' title='bbox 1091 3353 1138 3372; x_wconf 82' lang='lat' dir='ltr'><em>aa·</em></span> 
     </span>
     <span class='ocr_line' id='line_1_82' title="bbox 182 3389 1113 3425; baseline 0 -9"><span class='ocrx_word' id='word_1_589' title='bbox 182 3391 234 3416; x_wconf 88' lang='lat' dir='ltr'><em>tem</em></span> <span class='ocrx_word' id='word_1_590' title='bbox 252 3397 301 3416; x_wconf 77' lang='lat' dir='ltr'><em>sea:</em></span> <span class='ocrx_word' id='word_1_591' title='bbox 316 3390 507 3424; x_wconf 70' lang='lat' dir='ltr'><em>praemonitis,</em></span> <span class='ocrx_word' id='word_1_592' title='bbox 527 3391 617 3418; x_wconf 86' lang='lat' dir='ltr'><em>aditus</em></span> <span class='ocrx_word' id='word_1_593' title='bbox 636 3391 673 3418; x_wconf 86' lang='lat' dir='ltr'><em>ad</em></span> <span class='ocrx_word' id='word_1_594' title='bbox 690 3390 830 3425; x_wconf 77' lang='lat' dir='ltr'><em>sequentia</em></span> <span class='ocrx_word' id='word_1_595' title='bbox 848 3398 903 3418; x_wconf 82' lang='lat' dir='ltr'><em>non</em></span> <span class='ocrx_word' id='word_1_596' title='bbox 923 3390 973 3417; x_wconf 84' lang='lat' dir='ltr'><em>crit</em></span> <span class='ocrx_word' id='word_1_597' title='bbox 991 3389 1113 3424; x_wconf 79' lang='lat' dir='ltr'><em>difficilis.</em></span> 
     </span>
     <span class='ocr_line' id='line_1_83' title="bbox 253 3432 1138 3468; baseline -0.001 -8"><span class='ocrx_word' id='word_1_598' title='bbox 253 3432 264 3447; x_wconf 75' lang='lat'><strong>⁴</strong></span> <span class='ocrx_word' id='word_1_599' title='bbox 284 3434 359 3460; x_wconf 85' lang='lat' dir='ltr'><em>Vers.</em></span> <span class='ocrx_word' id='word_1_600' title='bbox 379 3435 421 3460; x_wconf 85' lang='grc'><em>16.</em></span> <span class='ocrx_word' id='word_1_601' title='bbox 440 3448 474 3453; x_wconf 89' lang='grc'><strong>-</strong></span> <span class='ocrx_word' id='word_1_602' title='bbox 494 3435 617 3467; x_wconf 83' lang='lat' dir='ltr'><em>Sequitur</em></span> <span class='ocrx_word' id='word_1_603' title='bbox 635 3435 653 3461; x_wconf 92' lang='lat'><em>1.</em></span> <span class='ocrx_word' id='word_1_604' title='bbox 672 3436 738 3468; x_wconf 79' lang='lat' dir='ltr'><em>Reg.</em></span> <span class='ocrx_word' id='word_1_605' title='bbox 758 3435 799 3467; x_wconf 80' lang='grc'><em>16,</em></span> <span class='ocrx_word' id='word_1_606' title='bbox 820 3435 861 3461; x_wconf 91' lang='grc'><em>13.</em></span> <span class='ocrx_word' id='word_1_607' title='bbox 875 3449 910 3454; x_wconf 90' lang='grc'><strong>-</strong></span> <span class='ocrx_word' id='word_1_608' title='bbox 923 3435 1002 3460; x_wconf 82' lang='lat' dir='ltr'><em>Paulo</em></span> <span class='ocrx_word' id='word_1_609' title='bbox 1016 3434 1138 3466; x_wconf 84' lang='lat' dir='ltr'><em>superius</em></span> 
     </span>
    </p>
   </div>
   <div class='ocr_carea' id='block_1_9' title="bbox 1202 2988 2159 3460">
    <p class='ocr_par' dir='ltr' id='par_1_20' title="bbox 1203 2988 2159 3062">
     <span class='ocr_line' id='line_1_84' title="bbox 1203 2988 2159 3025; baseline -0.005 -8"><span class='ocrx_word' id='word_1_610' title='bbox 1203 2999 1251 3024; x_wconf 86' lang='lat' dir='ltr'><em>pro</em></span> <span class='ocrx_word' id='word_1_611' title='bbox 1270 2992 1395 3025; x_wconf 58' lang='lat' dir='ltr'><em>frater-mi</em></span> <span class='ocrx_word' id='word_1_612' title='bbox 1414 2991 1433 3016; x_wconf 77' lang='grc' dir='ltr'>Α</span> <span class='ocrx_word' id='word_1_613' title='bbox 1449 2991 1468 3015; x_wconf 88' lang='grc' dir='ltr'><strong><em>Η</em></strong></span> <span class='ocrx_word' id='word_1_614' title='bbox 1488 2996 1621 3023; x_wconf 78' lang='lat' dir='ltr'><em>superna,</em></span> <span class='ocrx_word' id='word_1_615' title='bbox 1642 2988 1712 3021; x_wconf 82' lang='lat' dir='ltr'><em>quod</em></span> <span class='ocrx_word' id='word_1_616' title='bbox 1733 2988 1810 3013; x_wconf 77' lang='lat' dir='ltr'><em>etiam</em></span> <span class='ocrx_word' id='word_1_617' title='bbox 1841 2989 1860 3013; x_wconf 66' lang='lat' dir='ltr'>A</span> <span class='ocrx_word' id='word_1_618' title='bbox 1890 2988 1994 3013; x_wconf 81' lang='lat' dir='ltr'><em>inferius</em></span> <span class='ocrx_word' id='word_1_619' title='bbox 2015 2988 2040 3013; x_wconf 91' lang='lat' dir='ltr'><em>in</em></span> <span class='ocrx_word' id='word_1_620' title='bbox 2061 2988 2159 3020; x_wconf 76' lang='lat' dir='ltr'><em>exposi-</em></span> 
     </span>
     <span class='ocr_line' id='line_1_85' title="bbox 1203 3033 1599 3062; baseline -0.01 0"><span class='ocrx_word' id='word_1_621' title='bbox 1203 3037 1273 3062; x_wconf 84' lang='lat' dir='ltr'><em>tione</em></span> <span class='ocrx_word' id='word_1_622' title='bbox 1291 3036 1365 3062; x_wconf 87' lang='lat' dir='ltr'><em>istius</em></span> <span class='ocrx_word' id='word_1_623' title='bbox 1378 3034 1492 3061; x_wconf 87' lang='lat' dir='ltr'><em>membri</em></span> <span class='ocrx_word' id='word_1_624' title='bbox 1511 3033 1599 3059; x_wconf 84' lang='lat' dir='ltr'><em>habet.</em></span> 
     </span>
    </p>

    <p class='ocr_par' dir='ltr' id='par_1_21' title="bbox 1203 3075 2159 3198">
     <span class='ocr_line' id='line_1_86' title="bbox 1273 3075 2159 3111; baseline -0.006 -6"><span class='ocrx_word' id='word_1_625' title='bbox 1273 3078 1285 3093; x_wconf 87' lang='lat'><strong>⁶</strong></span> <span class='ocrx_word' id='word_1_626' title='bbox 1305 3080 1384 3111; x_wconf 81' lang='lat' dir='ltr'><em>Epist.</em></span> <span class='ocrx_word' id='word_1_627' title='bbox 1404 3079 1429 3104; x_wconf 93' lang='grc'><em>11.</em></span> <span class='ocrx_word' id='word_1_628' title='bbox 1450 3079 1516 3104; x_wconf 83' lang='lat' dir='ltr'><em>Petr.</em></span> <span class='ocrx_word' id='word_1_629' title='bbox 1539 3079 1560 3106; x_wconf 79' lang='lat' dir='ltr'><em>t,</em></span> <span class='ocrx_word' id='word_1_630' title='bbox 1585 3077 1627 3102; x_wconf 80' lang='lat'><em>2¹.</em></span> <span class='ocrx_word' id='word_1_631' title='bbox 1648 3076 1772 3107; x_wconf 74' lang='lat' dir='ltr'><em>Vulgata,</em></span> <span class='ocrx_word' id='word_1_632' title='bbox 1793 3083 1873 3108; x_wconf 82' lang='lat' dir='ltr'><em>quam</em></span> <span class='ocrx_word' id='word_1_633' title='bbox 1902 3075 2019 3108; x_wconf 76' lang='lat' dir='ltr'><em>sequitur</em></span> <span class='ocrx_word' id='word_1_634' title='bbox 2038 3075 2080 3100; x_wconf 83' lang='grc'><strong>611.</strong></span> <span class='ocrx_word' id='word_1_635' title='bbox 2102 3076 2109 3099; x_wconf 91' lang='grc'><em>1</em></span> <span class='ocrx_word' id='word_1_636' title='bbox 2135 3080 2159 3100; x_wconf 77' lang='lat' dir='ltr'><em>et</em></span> 
     </span>
     <span class='ocr_line' id='line_1_87' title="bbox 1203 3120 2158 3157; baseline -0.006 -7"><span class='ocrx_word' id='word_1_637' title='bbox 1203 3124 1270 3154; x_wconf 65' lang='lat' dir='ltr'><em>Vnt„</em></span> <span class='ocrx_word' id='word_1_638' title='bbox 1289 3122 1416 3157; x_wconf 79' lang='lat' dir='ltr'><em>inspirati</em></span> <span class='ocrx_word' id='word_1_639' title='bbox 1432 3129 1481 3154; x_wconf 87' lang='lat' dir='ltr'><em>pro</em></span> <span class='ocrx_word' id='word_1_640' title='bbox 1502 3121 1657 3155; x_wconf 74' lang='lat' dir='ltr'><em>inspirante.</em></span> <span class='ocrx_word' id='word_1_641' title='bbox 1678 3135 1711 3138; x_wconf 97' lang='lat'><strong>—</strong></span> <span class='ocrx_word' id='word_1_642' title='bbox 1732 3121 1838 3145; x_wconf 80' lang='lat' dir='ltr'><em>inferius</em></span> <span class='ocrx_word' id='word_1_643' title='bbox 1858 3127 1906 3151; x_wconf 86' lang='lat' dir='ltr'><em>pro</em></span> <span class='ocrx_word' id='word_1_644' title='bbox 1925 3122 2066 3153; x_wconf 71' lang='lat' dir='ltr'><em>suwesta.</em></span> <span class='ocrx_word' id='word_1_645' title='bbox 2086 3120 2158 3151; x_wconf 83' lang='lat' dir='ltr'><em>quod</em></span> 
     </span>
     <span class='ocr_line' id='line_1_88' title="bbox 1203 3165 1804 3198; baseline -0.008 -4"><span class='ocrx_word' id='word_1_646' title='bbox 1203 3168 1299 3195; x_wconf 86' lang='lat' dir='ltr'><em>habent</em></span> <span class='ocrx_word' id='word_1_647' title='bbox 1318 3167 1446 3198; x_wconf 75' lang='lat' dir='ltr'><em>ACEK,</em></span> <span class='ocrx_word' id='word_1_648' title='bbox 1467 3167 1523 3191; x_wconf 74' lang='lat' dir='ltr'><em>vat.</em></span> <span class='ocrx_word' id='word_1_649' title='bbox 1545 3172 1604 3191; x_wconf 88' lang='lat' dir='ltr'><em>cum</em></span> <span class='ocrx_word' id='word_1_650' title='bbox 1624 3165 1666 3190; x_wconf 85' lang='lat' dir='ltr'><em>ed.</em></span> <span class='ocrx_word' id='word_1_651' title='bbox 1687 3165 1696 3188; x_wconf 86' lang='grc'><em>1</em></span> <span class='ocrx_word' id='word_1_652' title='bbox 1721 3166 1804 3197; x_wconf 72' lang='lat' dir='ltr'><em>qesta.</em></span> 
     </span>
    </p>

    <p class='ocr_par' dir='ltr' id='par_1_22' title="bbox 1202 3208 2159 3291">
     <span class='ocr_line' id='line_1_89' title="bbox 1273 3208 2159 3241; baseline -0.005 -4"><span class='ocrx_word' id='word_1_653' title='bbox 1273 3211 1284 3226; x_wconf 79' lang='lat'><strong>⁶</strong></span> <span class='ocrx_word' id='word_1_654' title='bbox 1305 3212 1378 3237; x_wconf 88' lang='lat' dir='ltr'><em>Vers.</em></span> <span class='ocrx_word' id='word_1_655' title='bbox 1402 3213 1441 3236; x_wconf 85' lang='grc'><em>10.</em></span> <span class='ocrx_word' id='word_1_656' title='bbox 1460 3210 1577 3237; x_wconf 81' lang='lat' dir='ltr'><em>Subinde</em></span> <span class='ocrx_word' id='word_1_657' title='bbox 1596 3211 1722 3240; x_wconf 75' lang='lat' dir='ltr'><em>allegatur</em></span> <span class='ocrx_word' id='word_1_658' title='bbox 1742 3217 1768 3233; x_wconf 73' lang='lat' dir='ltr'><em>v.</em></span> <span class='ocrx_word' id='word_1_659' title='bbox 1790 3210 1829 3233; x_wconf 86' lang='grc'><em>11.</em></span> <span class='ocrx_word' id='word_1_660' title='bbox 1849 3222 1884 3227; x_wconf 93' lang='lat'><em>——</em></span> <span class='ocrx_word' id='word_1_661' title='bbox 1898 3209 2034 3241; x_wconf 72' lang='lat' dir='ltr'><em>Aliquanto</em></span> <span class='ocrx_word' id='word_1_662' title='bbox 2055 3208 2159 3233; x_wconf 77' lang='lat' dir='ltr'><em>inferius</em></span> 
     </span>
     <span class='ocr_line' id='line_1_90' title="bbox 1202 3249 1954 3291; baseline -0.008 -7"><span class='ocrx_word' id='word_1_663' title='bbox 1202 3260 1262 3290; x_wconf 79' lang='lat' dir='ltr'><em>post</em></span> <span class='ocrx_word' id='word_1_664' title='bbox 1280 3255 1451 3291; x_wconf 73' lang='lat' dir='ltr'><em>iqnorantiae</em></span> <span class='ocrx_word' id='word_1_665' title='bbox 1469 3249 1510 3281; x_wconf 73' lang='lat' dir='ltr'><em>ed.</em></span> <span class='ocrx_word' id='word_1_666' title='bbox 1534 3256 1540 3279; x_wconf 88' lang='grc'><em>1</em></span> <span class='ocrx_word' id='word_1_667' title='bbox 1565 3258 1590 3279; x_wconf 77' lang='lat' dir='ltr'><em>ct</em></span> <span class='ocrx_word' id='word_1_668' title='bbox 1610 3255 1667 3279; x_wconf 82' lang='lat' dir='ltr'><em>Vat.</em></span> <span class='ocrx_word' id='word_1_669' title='bbox 1687 3254 1787 3279; x_wconf 84' lang='lat' dir='ltr'><em>addunt</em></span> <span class='ocrx_word' id='word_1_670' title='bbox 1807 3255 1831 3279; x_wconf 83' lang='lat' dir='ltr'><em>et</em></span> <span class='ocrx_word' id='word_1_671' title='bbox 1850 3253 1954 3286; x_wconf 83' lang='lat' dir='ltr'><em>culpae.</em></span> 
     </span>
    </p>

    <p class='ocr_par' dir='ltr' id='par_1_23' title="bbox 1202 3298 2159 3460">
     <span class='ocr_line' id='line_1_91' title="bbox 1273 3298 2158 3334; baseline -0.006 -7"><span class='ocrx_word' id='word_1_672' title='bbox 1273 3299 1283 3315; x_wconf 84' lang='lat'>⁷</span> <span class='ocrx_word' id='word_1_673' title='bbox 1304 3301 1353 3334; x_wconf 88' lang='lat' dir='ltr'><em>Qui</em></span> <span class='ocrx_word' id='word_1_674' title='bbox 1372 3300 1451 3326; x_wconf 83' lang='lat' dir='ltr'><em>Exod.</em></span> <span class='ocrx_word' id='word_1_675' title='bbox 1473 3299 1504 3330; x_wconf 67' lang='lat' dir='ltr'><em>t,</em></span> <span class='ocrx_word' id='word_1_676' title='bbox 1526 3300 1566 3324; x_wconf 89' lang='grc'><em>10.</em></span> <span class='ocrx_word' id='word_1_677' title='bbox 1586 3299 1619 3324; x_wconf 81' lang='lat' dir='ltr'><em>ad</em></span> <span class='ocrx_word' id='word_1_678' title='bbox 1639 3298 1778 3324; x_wconf 85' lang='lat' dir='ltr'><em>Dominum</em></span> <span class='ocrx_word' id='word_1_679' title='bbox 1798 3298 1875 3323; x_wconf 75' lang='lat' dir='ltr'><em>dixit:</em></span> <span class='ocrx_word' id='word_1_680' title='bbox 1890 3299 1924 3323; x_wconf 81' lang='lat' dir='ltr'><em>Ex</em></span> <span class='ocrx_word' id='word_1_681' title='bbox 1943 3304 1996 3330; x_wconf 88' lang='lat' dir='ltr'><em>quo</em></span> <span class='ocrx_word' id='word_1_682' title='bbox 2016 3298 2117 3323; x_wconf 77' lang='lat' dir='ltr'><em>locutus</em></span> <span class='ocrx_word' id='word_1_683' title='bbox 2131 3304 2158 3322; x_wconf 79' lang='lat' dir='ltr'><em>es</em></span> 
     </span>
     <span class='ocr_line' id='line_1_92' title="bbox 1202 3341 2159 3375; baseline -0.006 -4"><span class='ocrx_word' id='word_1_684' title='bbox 1202 3345 1236 3371; x_wconf 84' lang='lat' dir='ltr'><em>ad</em></span> <span class='ocrx_word' id='word_1_685' title='bbox 1255 3351 1362 3371; x_wconf 87' lang='lat' dir='ltr'><em>servum</em></span> <span class='ocrx_word' id='word_1_686' title='bbox 1381 3347 1469 3375; x_wconf 88' lang='lat' dir='ltr'><em>tuum,</em></span> <span class='ocrx_word' id='word_1_687' title='bbox 1488 3342 1660 3374; x_wconf 83' lang='lat' dir='ltr'><em>impeditioris</em></span> <span class='ocrx_word' id='word_1_688' title='bbox 1678 3345 1704 3367; x_wconf 84' lang='lat' dir='ltr'><em>et</em></span> <span class='ocrx_word' id='word_1_689' title='bbox 1722 3341 1843 3367; x_wconf 84' lang='lat' dir='ltr'><em>tardioris</em></span> <span class='ocrx_word' id='word_1_690' title='bbox 1862 3342 1966 3373; x_wconf 80' lang='lat' dir='ltr'><em>linguae</em></span> <span class='ocrx_word' id='word_1_691' title='bbox 1985 3348 2052 3366; x_wconf 87' lang='lat' dir='ltr'><em>sum.</em></span> <span class='ocrx_word' id='word_1_692' title='bbox 2067 3354 2101 3359; x_wconf 94' lang='lat'><strong>—</strong></span> <span class='ocrx_word' id='word_1_693' title='bbox 2115 3341 2159 3366; x_wconf 80' lang='lat' dir='ltr'><em>Su-</em></span> 
     </span>
     <span class='ocr_line' id='line_1_93' title="bbox 1202 3385 2158 3422; baseline -0.005 -7"><span class='ocrx_word' id='word_1_694' title='bbox 1202 3390 1291 3422; x_wconf 86' lang='lat' dir='ltr'><em>perius</em></span> <span class='ocrx_word' id='word_1_695' title='bbox 1310 3395 1359 3421; x_wconf 86' lang='lat' dir='ltr'><em>pro</em></span> <span class='ocrx_word' id='word_1_696' title='bbox 1378 3387 1420 3414; x_wconf 76' lang='lat' dir='ltr'><em>sin</em></span> <span class='ocrx_word' id='word_1_697' title='bbox 1439 3387 1464 3413; x_wconf 85' lang='lat' dir='ltr'><em>ei</em></span> <span class='ocrx_word' id='word_1_698' title='bbox 1481 3387 1500 3412; x_wconf 91' lang='lat' dir='ltr'>C</span> <span class='ocrx_word' id='word_1_699' title='bbox 1519 3386 1544 3413; x_wconf 81' lang='lat' dir='ltr'><em>si</em></span> <span class='ocrx_word' id='word_1_700' title='bbox 1563 3393 1624 3412; x_wconf 73' lang='lat' dir='ltr'><em>cero</em></span> <span class='ocrx_word' id='word_1_701' title='bbox 1643 3385 1680 3417; x_wconf 77' lang='lat' dir='ltr'><em>ei,</em></span> <span class='ocrx_word' id='word_1_702' title='bbox 1701 3386 1722 3411; x_wconf 88' lang='lat' dir='ltr'><em>D</em></span> <span class='ocrx_word' id='word_1_703' title='bbox 1740 3385 1765 3411; x_wconf 79' lang='lat' dir='ltr'><em>si</em></span> <span class='ocrx_word' id='word_1_704' title='bbox 1776 3386 1874 3411; x_wconf 76' lang='lat' dir='ltr'><em>autem.</em></span> <span class='ocrx_word' id='word_1_705' title='bbox 1890 3385 1996 3410; x_wconf 80' lang='lat' dir='ltr'><em>insci-ius</em></span> <span class='ocrx_word' id='word_1_706' title='bbox 2010 3389 2068 3417; x_wconf 77' lang='lat' dir='ltr'><em>post</em></span> <span class='ocrx_word' id='word_1_707' title='bbox 2077 3391 2158 3417; x_wconf 75' lang='lat' dir='ltr'><em>prae-</em></span> 
     </span>
     <span class='ocr_line' id='line_1_94' title="bbox 1202 3428 1980 3460; baseline -0.008 0"><span class='ocrx_word' id='word_1_708' title='bbox 1202 3440 1310 3460; x_wconf 84' lang='lat' dir='ltr'><em>sumere</em></span> <span class='ocrx_word' id='word_1_709' title='bbox 1329 3432 1387 3458; x_wconf 84' lang='lat' dir='ltr'><em>Vat.</em></span> <span class='ocrx_word' id='word_1_710' title='bbox 1406 3438 1467 3457; x_wconf 90' lang='lat' dir='ltr'><em>cum</em></span> <span class='ocrx_word' id='word_1_711' title='bbox 1487 3431 1529 3456; x_wconf 87' lang='lat' dir='ltr'><em>ed.</em></span> <span class='ocrx_word' id='word_1_712' title='bbox 1550 3431 1558 3455; x_wconf 76' lang='grc' dir='ltr'><em>ι1</em></span> <span class='ocrx_word' id='word_1_713' title='bbox 1585 3430 1657 3455; x_wconf 85' lang='lat' dir='ltr'><em>addit</em></span> <span class='ocrx_word' id='word_1_714' title='bbox 1677 3431 1705 3455; x_wconf 80' lang='lat' dir='ltr'><em>ut</em></span> <span class='ocrx_word' id='word_1_715' title='bbox 1725 3429 1772 3455; x_wconf 82' lang='lat' dir='ltr'><em>illa</em></span> <span class='ocrx_word' id='word_1_716' title='bbox 1791 3428 1883 3455; x_wconf 82' lang='lat' dir='ltr'><em>doceat</em></span> <span class='ocrx_word' id='word_1_717' title='bbox 1902 3428 1980 3455; x_wconf 82' lang='lat' dir='ltr'><em>alios.</em></span> 
     </span>
    </p>
   </div>
  </div>
 </body>
</html>
