2476 3921
762 221 957 254 COMMENT.
983 221 1019 254 lN
1046 220 1284 253 EVANGELIUM
1309 221 1426 254 LUCAE
1450 222 1482 254 C.
1508 223 1542 254 X.

165 326 181 342 α
199 312 330 346 Elevasti
347 320 398 345 me
415 314 445 345 et
461 312 551 354 quasi
576 320 672 353 super
697 313 825 344 ventum
852 318 989 352 ponens,
1014 309 1124 342 elisisti

160 374 210 399 me
234 365 334 399 valide
350 378 381 397 1).
417 362 420 364 ’

250 418 301 452 33.
327 419 429 460 (Vers.
462 418 539 454 20).
573 418 692 460 Quarto
724 426 800 450 vero
823 416 987 459 subiungit
1018 425 1126 448 vanae

32 482 141 510 Quartum.
160 471 391 505 exsultationis
418 469 695 514 prohibitionem,
728 479 801 503 cum
830 469 922 502 dicit:
956 469 1126 501 Verumta-

160 525 294 558 menia
318 523 378 557 ltoc
409 523 506 557 nolite
535 523 703 566 yauclere,
735 523 817 566 quia
848 521 990 564 spiritus
1020 521 1125 554 subii-

160 578 298 611 ciimtar
321 577 432 616 vobim
456 577 531 619 quia
554 577 672 610 scilicet
699 576 759 609 tale
787 575 937 618 gaudium
965 577 1013 608 est
1043 575 1126 608 sicut

158 631 327 675 gaudium
349 630 572 673 superborum
599 630 638 663 de
665 630 861 672 promotione
892 637 950 662 sua
981 631 1012 661 et
1042 628 1125 661 (1010-

160 685 263 718 011000
285 684 403 722 aliena,
435 683 519 726 quod
543 692 605 716 000
629 683 777 725 0010ρο111
801 682 885 715 veris
907 681 1045 720 Sanctis,
1077 689 1125 713 se-

161 737 300 770 cundum
324 736 402 769 illud
419 735 623 769 Ecclesiastici
647 739 757 769 octavo
772 736 798 767 ¹:
820 747 836 764 ι(
854 734 919 767 Νο11
936 734 975 767 (10
1000 737 1125 766 mortuo

161 791 286 824 inimico
310 794 365 824 tuo
388 790 525 833 gaudere
541 802 577 829 »3
602 793 633 823 et
657 789 709 822 lob
733 789 895 831 trigesimo
912 788 1032 830 primo:
1061 800 1077 816 σ
1094 788 1124 820 Si

161 845 288 887 gavisus
311 853 383 877 sum
406 843 445 876 ad
466 844 590 877 ruinam
614 843 684 876 eius
699 842 754 884 qui
780 850 829 874 me
845 841 955 874 oderat
972 854 1001 873 ιν.
1021 840 1126 873 Nolite

160 898 254 931 etiam
270 897 435 940 91111ιί010,
452 897 527 939 quia
544 897 604 929 tale
627 895 776 939 gaudium
794 898 841 928 est
865 895 1059 932 ruinosum,
1077 902 1125 927 se—

161 949 300 983 cundum
325 949 403 982 illud
428 949 670 982 Proverbiorum
695 948 816 981 decimo
839 951 954 990 quarto
971 947 1000 979 ²:
1031 959 1046 975 ιι
1065 947 1126 979 Ex-

161 1006 262 1036 trema
285 1003 390 1046 gaudii
415 1003 520 1036 luctus
544 1005 724 1044 occupat».
743 1019 784 1025 -—
801 1001 875 1034 Tale
898 1004 946 1033 est
974 1000 1124 1042 gaudium

160 1058 199 1091 de
223 1057 304 1090 bono
328 1056 526 1095 transitorio,
559 1055 733 1089 secundum
764 1054 842 1087 illud
874 1054 926 1087 lob
957 1053 1124 1096 vigesimo:

167 1124 183 1140 κ
199 1110 354 1144 Gaudium
378 1110 561 1152 hypocritae
585 1109 623 1142 ad
648 1109 746 1141 instar
770 1108 878 1150 puncti
896 1119 931 1147 »;
957 1111 988 1140 et
1012 1116 1126 1140 rursus

161 1164 312 1207 vigesimo
335 1164 454 1206 primo:
485 1176 501 1192 «
516 1162 659 1196 Gaudent
683 1162 722 1194 ad
749 1161 887 1194 sonitum
914 1161 1043 1203 organi,
1067 1161 1125 1193 du-

161 1221 238 1251 cunt
261 1218 293 1250 in
316 1217 406 1251 bonis
428 1215 503 1250 'dies
527 1225 618 1255 51105,
643 1215 697 1249 sed
729 1216 760 1248 in
784 1218 901 1257 puncto
933 1214 970 1247 ad
1004 1214 1126 1247 inferna

160 1270 354 1304 descendunt
378 1283 408 1303 »-
433 1270 519 1303 Unde
543 1279 605 1302 non
629 1268 754 1301 volebat
777 1268 947 1307 Dominus,
971 1268 1056 1310 quod
1079 1268 1126 1300 di-

159 1324 273 1366 scipuli
298 1324 471 1366 gauderent
505 1323 537 1355 in
561 1322 741 1360 miraculis,
778 1321 831 1354 sed
865 1322 969 1364 potius
1004 1321 1035 1353 in
1061 1325 1125 1354 tor-

160 1378 274 1410 mentis
293 1380 325 1410 et
341 1376 502 1415 conviciis,
523 1375 697 1408 secundum
714 1375 792 1407 illud
809 1375 954 1408 Matthaei
972 1375 1083 1417 quinto
1096 1375 1124 1407 ⁸:

165 1443 182 1459 α
194 1430 278 1463 Beati
298 1430 386 1468 estis,
408 1438 481 1462 cum
498 1428 719 1461 maledixerint
735 1428 823 1461 vobis
846 1428 989 1461 homines
1006 1431 1036 1461 et
1053 1437 1125 1470 per-

160 1483 259 1517 secuti
284 1492 339 1516 vos
363 1482 481 1515 suerint
497 1495 512 1511 n
541 1485 619 1521 etc.;
644 1485 675 1514 et
702 1485 789 1523 post:
820 1494 836 1510 α
851 1481 990 1514 Gaudete
1013 1484 1045 1514 et
1068 1489 1125 1513 ex-

160 1537 293 1575 sultate,
317 1535 465 1578 quoniam
489 1543 611 1568 merces
635 1538 740 1567 vestra
772 1534 897 1576 copiosa
919 1538 967 1567 est
991 1534 1022 1567 in
1055 1543 1125 1567 cae-

161 1590 199 1623 lis
216 1603 245 1622 ».
278 1589 328 1622 Sic
358 1589 452 1622 etiam
483 1589 618 1631 Apostoli
643 1589 815 1627 faciebant,
847 1588 1021 1621 secundum
1047 1587 1125 1620 illud

161 1644 294 1677 Actuum
326 1643 455 1686 quinto:
485 1656 501 1672 «
527 1643 614 1675 lbant
645 1642 779 1684 Apostoli
811 1642 983 1684 gaudentes
1010 1651 1029 1674 a
1052 1650 1125 1674 000-

161 1700 271 1739 spectu
295 1696 435 1735 concilii,
458 1696 535 1739 quia
564 1696 650 1738 digni
681 1695 779 1728 habiti
811 1698 887 1728 sunt
910 1704 968 1737 pro
999 1695 1126 1727 nomine

161 1751 231 1784 lesu
258 1750 479 1783 contumeliam
508 1749 572 1791 pati
589 1762 620 1781 ιι.
650 1748 756 1781 Nolite
785 1758 863 1790 erqo
888 1749 924 1781 in
955 1747 1014 1780 lioc
1039 1757 1126 1790 qaa-

160 1804 252 1842 clere,
275 1804 357 1848 quia
380 1803 523 1845 spiritus
544 1802 774 1835 subiici-antur
793 1801 900 1840 vobis,
926 1801 997 1834 licet
1022 1801 1062 1834 sit
1077 1801 1124 1833 di—

161 1857 279 1890 vinitus
302 1865 500 1894 concessum,
524 1865 564 1888 ne
595 1855 636 1888 sit
663 1854 784 1888 occasio
808 1854 975 1896 superbiae
1007 1858 1038 1887 et
1069 1863 1126 1897 per

161 1918 357 1952 consequens
380 1908 499 1941 ruinae.
527 1909 655 1950 Propter
687 1907 771 1950 quod
794 1907 869 1940 dicit
893 1907 1086 1950 Augustinus
1101 1908 1126 1947 ⁴,

162 1962 246 2005 quod
279 1961 463 1994 «Dominus
485 1960 608 1993 dicebat
638 1960 800 2002 discipulis
835 1960 922 1993 suis:
954 1961 1077 1993 Discite
1099 1970 1127 1994 a

161 2024 227 2052 me,
252 2022 314 2046 non
338 2016 481 2046 mortuos
505 2013 673 2052 suscitare,
697 2023 760 2046 non
784 2022 881 2056 super
897 2022 996 2056 aquas
1019 2013 1127 2046 ambu-

162 2067 243 2106 lare,
267 2066 320 2100 sed
336 2067 418 2110 qaia
433 2067 524 2100 mitis
539 2069 616 2100 siim
633 2071 662 2100 ct
681 2066 818 2100 humitis
834 2068 932 2100 corde
947 2079 982 2107 »;
1004 2067 1079 2110 quia
1095 2067 1127 2100 in

163 2120 323 2153 miraculis
339 2129 401 2153 no‘n
423 2120 579 2154 debebant
602 2121 757 2163 gaudere,
782 2121 836 2154 sed
861 2121 892 2154 in
917 2121 1103 2154 humilitate.

253 2174 305 2207 34.
336 2174 483 2207 Gaudete
506 2178 633 2214 autem,
665 2175 772 2219 qaia⁵
796 2175 935 2207 nomina
957 2178 1016 2207 etc.
1043 2175 1128 2208 Post-

15 2230 151 2279 ijicgffiogg·
164 2236 259 2270 quam
290 2228 432 2261 Salvator
463 2228 614 2271 repressit
646 2229 678 2261 in
712 2228 875 2271 discipulis
906 2227 1062 2270 gaudium
1074 2236 1127 2260 va-

19 2284 258 2337 ssflfflussss'gfflllrss,
283 2281 334 2314 1110
358 2281 497 2314 secundo
520 2281 639 2314 invitat
662 2291 715 2314 eos
735 2281 781 2313 ad
802 2280 970 2323 qaudium
1000 2289 1125 2312 verum.

32 2337 130 2358 rationes·
166 2334 201 2367 Et
224 2334 283 2367 lioc
307 2335 433 2377 quidem
458 2335 531 2367 facit
554 2334 758 2376 proponendo
781 2333 1020 2375 quadruplicem
1054 2341 1128 2365 cau-

165 2396 230 2421 sam
255 2388 320 2422 sive
341 2388 505 2421 materiam
521 2387 636 2429 gaudii.
661 2386 816 2419 Gaudium
833 2394 970 2428 namque
990 2385 1128 2427 discipu-

237 2584 245 2599 ¹
268 2586 343 2611 Vers.
368 2585 397 2615 8,
423 2586 483 2616 post
505 2590 586 2616 quem
613 2582 658 2608 lob
683 2583 732 2614 31,
752 2584 796 2609 29.
813 2597 850 2602 -
869 2584 996 2616 Superius
1020 2590 1069 2616 pro
1088 2583 1129 2610 de-

166 2629 274 2656 iectione
294 2629 345 2654 ΠΗ
366 2627 502 2659 cinctione,
524 2628 582 2653 vat.
599 2627 734 2654 deletione.

237 2673 248 2688 ²
269 2675 342 2699 Vers.
371 2674 410 2698 13.
433 2685 469 2691 -
492 2672 548 2697 Duo
576 2679 650 2705 seqq.
677 2672 726 2699 loci
751 2676 812 2699 sunt
834 2672 879 2699 lob
906 2674 953 2705 20,
980 2673 1005 2699 5.
1030 2676 1056 2699 et
1081 2674 1129 2706 21,

169 2719 210 2744 12.
228 2725 284 2751 seq.

237 2761 248 2776 ²³
269 2763 343 2788 Vera.
363 2762 404 2786 11.
424 2763 449 2786 et
470 2761 510 2786 12.
530 2774 565 2780 -—
584 2760 702 2787 Subinde
720 2763 847 2794 allegatur
866 2763 921 2788 Aet.
941 2762 971 2794 5,
991 2763 1033 2788 hl.

238 2806 249 2821 ¹
269 2807 306 2832 De
324 2808 413 2832 sancta
432 2804 598 2837 virginitate,
618 2813 641 2831 c.
660 2807 702 2832 35.
717 2814 741 2832 n.
762 2807 811 2832 35:
831 2807 885 2832 Non
905 2807 981 2833 dicit:
1003 2807 1099 2834 Discite
1111 2814 1129 2834 a

167 2859 225 2884 mc,
247 2851 377 2877 muudum
398 2849 539 2880 fabricare,
553 2853 598 2875 aut
617 2854 735 2877 mortuos
748 2852 889 2882 suscitare,
908 2852 953 2878 sed
973 2852 1038 2886 quia
1056 2851 1128 2879 mitis

168 2902 232 2922 sum
250 2896 274 2921 et
293 2893 403 2920 humilis
422 2893 502 2920 corde
526 2892 628 2926 [Mutth.
648 2895 696 2927 ll,
716 2894 782 2929 29.].
801 2895 854 2922 Ct'r.
879 2897 964 2922 Serm.
991 2896 1033 2921 69.
1054 2895 1129 2928 (alias

170 2940 212 2965 10.
231 2939 264 2965 (10
283 2938 377 2964 Verbis
390 2936 507 2970 Domini)
528 2945 552 2964 0.
567 2939 590 2964 1.
605 2946 630 2965 0.
649 2940 718 2971 2,111
732 2940 847 2965 Breviar.
863 2941 982 2966 Romano
1001 2947 1050 2972 pro
1065 2942 1128 2967 testo

169 2984 197 3009 S.
215 2983 324 3009 Mathiae
342 2983 434 3013 Apost.
452 2981 508 3013 (24.
525 2982 622 3015 Febr.).
643 2997 679 3003 —
699 2984 747 3009 Pro
767 2983 936 3017 Augustinus
956 2984 1005 3017 (1111
1026 2984 1071 3010 Da
1091 2991 1129 3010 se·

169 3027 255 3053 cunda
274 3033 354 3052 manu
372 3029 398 3051 et
412 3026 479 3058 vm.)
500 3026 549 3052 Ac
560 3027 581 3052 G
602 3027 790 3062 Hieronymus.
804 3041 839 3047 —
852 3028 962 3054 interius
975 3035 1024 3060 pro
1042 3027 1130 3055 sedin

169 3069 321 3107 humilitate
340 3070 358 3095 Ε
375 3068 422 3095 sed
441 3068 502 3095 inde
520 3069 673 3097 humiliare.

240 3112 251 3127 ⁰
270 3113 322 3139 Csr.
341 3120 419 3145 supra
435 3120 495 3145 pag.
509 3114 570 3146 201,
584 3118 644 3141 nota
658 3115 683 3142 5.
696 3129 731 3135 -—·
744 3116 882 3148 Aliquanto
902 3115 1008 3142 inferius
1021 3115 1043 3141 1)
1055 3116 1130 3142 omit-

171 3158 201 3184 tit
230 3164 284 3184 ore.
554 3175 556 3177 v

218 3158 252 3215 s‘
272 3201 346 3227 Vers.
366 3201 391 3226 3.
410 3203 436 3226 et
456 3201 479 3227 15.
499 3202 537 3228 De
556 3203 623 3229 libro
642 3204 712 3229 vitae
731 3204 776 3229 cfr.
796 3203 839 3229 tv.
858 3203 928 3229 Sent.
947 3203 976 3229 d.
997 3203 1039 3229 43.
1058 3210 1082 3229 a.
1102 3204 1128 3230 2.

171 3252 198 3277 q.
219 3246 242 3270 l.
261 3252 349 3278 seqq.;
369 3246 419 3278 Qq.
438 3245 537 3279 disput.
557 3248 591 3273 de
610 3248 731 3280 Mysterio
745 3247 818 3273 Trin.
838 3254 864 3280 q.
886 3248 909 3273 t.
930 3254 953 3273 a.
973 3248 1037 3273 2.10
1057 3255 1130 3280 corp.

172 3292 197 3315 et
214 3290 343 3322 Breviloq.
362 3297 388 3321 p.
408 3290 459 3316 vu.
479 3298 502 3317 c.
522 3292 601 3318 1.“-
620 3292 747 3324 Superius
765 3298 814 3324 pro
841 3291 933 3318 Primo
958 3291 1090 3326 glaudium
1110 3293 1131 3318 D

172 3333 298 3360 Prt'mmn
316 3334 464 3369 caudium,
485 3337 505 3362 Η
526 3336 618 3363 Primo
637 3343 702 3371 erqo
721 3336 904 3371 pandendam.

242 3376 252 3392 ⁷
273 3379 347 3405 Vei-s.
375 3380 416 3406 12.
434 3393 469 3400 ——
488 3381 612 3414 Sequitur
630 3381 670 3407 Ps.
691 3382 741 3412 68,
760 3382 805 3408 29.
822 3394 857 3401 —
876 3382 967 3408 Glossa
988 3381 1132 3408 ordimria

2087 224 2151 256 263

1190 309 1227 341 115
1251 309 1318 342 sore
1341 310 1477 342 ostendit
1500 310 1538 343 de
1570 311 1624 343 Dei
1646 312 1870 353 praescientia
1894 311 2084 354 infallibili,
2113 312 2151 344 de

1187 362 1399 404 providentia
1423 362 1719 405 irreprcliemibili,
1744 365 1782 397 de
1797 365 1943 406 potentia
1967 366 2151 407 incompre-

1190 413 1361 454 hensibili,
1385 415 1424 448 de
1443 417 1636 458 praesentia
1652 417 1873 450 desiderabili.
1901 418 1936 462 Et
1952 418 1983 450 in
2009 418 2057 450 his
2074 427 2152 460 qua-

1191 470 1263 500 tuor
1288 467 1446 500 habebant
1470 468 1559 501 valde
1582 478 1725 510 magnam
1752 471 1914 502 materiam
1939 470 2128 503 exsultandi.

1280 521 1383 553 Primo
1407 521 1556 563 gaudium
1581 525 1650 554 erat
1672 522 1710 555 de
1734 523 1788 555 Dei
1803 524 2027 564 praescientia
2050 523 2153 566 insat·
2173 531 2235 551 nano
2250 531 2269 551 ¹.

1190 573 1293 612 libili,-
1328 578 1483 616 quantum
1516 575 1554 607 ad
1586 584 1681 617 quam
1713 575 1808 608 dicit:
1846 576 1992 609 Gaudete
2023 580 2153 615 autem,

1190 627 1273 671 quia
1296 628 1434 660 nomina
1464 633 1576 660 vestra
1599 628 1727 670 scripta
1750 633 1847 667 sant,
1880 629 1910 661 10
1944 630 2025 662 111110
2054 630 2154 668 vitae,

1190 681 1226 714 in
1241 681 1358 719 emis,-
1378 682 1432 724 qui
1451 681 1531 714 liber
1554 682 1640 715 vitae
1655 681 1786 721 dicitur,
1808 683 1883 725 quia
1899 683 1929 715 10
1955 683 2022 725 ipso
2039 683 2155 724 scripta
2175 690 2238 710 Liber
2253 689 2317 711 vuae-

1189 734 1322 773 vicunt,
1346 735 1519 767 secundum
1550 735 1628 767 illud
1651 735 1774 768 Ioannis
1797 736 1942 777 prim0⁶1
1970 749 1986 763 α
2002 736 2090 777 Quod
2113 736 2156 768 la-

1190 791 1276 820 ctum
1301 791 1348 821 051
1365 788 1395 820 10
1413 788 1480 830 ipso
1505 789 1568 821 vita
1587 792 1656 822 erat
1673 801 1708 828 ”3
1726 789 1775 821 vel
1799 789 1874 831 quia
1897 789 2070 822 secundum
2087 790 2156 822 eius

1190 841 1381 883 scripturam
1407 845 1454 874 est
1479 842 1574 874 homo
1597 836 1848 884 praedestinatus
1872 842 1910 875 ad
1935 843 2039 875 vitam.
2070 842 2156 875 Unde

1191 895 1365 927 secundum
1389 895 1493 937 ipsum
1526 896 1579 928 liet
1603 896 1695 928 finale
1727 896 1896 935 iudicium,
1928 896 2010 928 sicut
2040 896 2157 929 dicitur

1190 949 1390 990 Apocalypsis
1415 948 1608 991 vigesimo⁷z
1638 962 1653 977 α
1670 949 1754 982 Libri
1779 950 1879 991 aperti
1904 953 1995 988 sunt,
2020 953 2051 982 et
2074 949 2156 982 alius

1191 1002 1271 1034 liber
1294 1005 1424 1043 apertus
1447 1006 1512 1041 est,
1537 1002 1590 1044 qui
1616 1006 1663 1035 est
1688 1003 1767 1035 liber
1790 1003 1871 1035 vitae
1888 1015 1922 1041 »3
1948 1003 1978 1035 in
2003 1012 2067 1045 quo
2083 1003 2155 1044 qui-

1190 1055 1261 1088 dem
1286 1055 1368 1088 libro
1392 1056 1465 1088 mali
1487 1065 1548 1088 non
1574 1056 1774 1089 invenientur
1798 1056 1933 1088 finaliter
1957 1056 2082 1097 scripti,
2108 1064 2156 1088 se-

1191 1108 1331 1141 cundum
1356 1109 1440 1150 quod
1465 1109 1495 1141 in
1523 1109 1643 1142 Psalmo
1666 1109 1799 1142 dicitur:
1829 1122 1844 1138 α
1863 1109 2032 1142 Deleantur
2055 1108 2094 1141 de
2120 1108 2156 1140 li-

1190 1162 1249 1194 bro
1273 1162 1447 1195 viventium
1471 1165 1591 1195 etcum
1608 1162 1699 1196 iustis
1722 1172 1784 1195 000
1813 1162 1992 1196 scribantur
2009 1176 2039 1193 n.
2065 1162 2153 1203 Quod

1191 1214 1320 1256 quidem
1351 1214 1478 1254 dicitur,
1510 1224 1572 1247 non
1605 1215 1679 1257 quia
1704 1215 1782 1247 liber
1815 1215 1872 1248 iste
1908 1217 2067 1253 mutetur,
2100 1214 2154 1246 sed

1190 1268 1266 1310 quia
1297 1268 1389 1301 multi
1421 1268 1569 1301 videntur
1600 1268 1719 1311 scripti
1749 1269 1922 1302 secundum
1955 1272 2151 1310 praesentem

1190 1322 1357 1361 iustitiam,
1382 1322 1436 1364 qui
1464 1322 1663 1364 apparebunt
1685 1332 1751 1355 uon
1776 1322 1895 1364 scripti
1918 1321 2090 1354 secundum
2107 1321 2155 1353 di-

1190 1375 1294 1407 vinam
1313 1375 1551 1416 praescientiam
1565 1374 1588 1407 ⁸.
1613 1374 1766 1415 Quoniam
1791 1383 1866 1416 ergo
1884 1375 1941 1407 1100
1967 1378 2087 1406 tautum
2106 1378 2154 1406 est

1190 1427 1346 1460 bonorum
1372 1427 1507 1460 finaliter
1524 1430 1555 1460 01
1578 1427 1799 1460 salvandorum
1824 1430 1856 1460 et
1872 1427 1989 1460 bonum
2014 1427 2156 1459 intermi-

1189 1481 1293 1513 nabile
1315 1484 1346 1513 et
1362 1480 1535 1520 infallibile;
1565 1481 1634 1513 ideo
1658 1481 1771 1514 merito
1797 1480 1835 1513 (le
1860 1480 1918 1513 1100
1942 1479 2156 1522 gaudendum,

1189 1544 1252 1567 non
1280 1534 1318 1567 de
1349 1534 1431 1567 dono
1462 1534 1709 1573 miraculorum,
1741 1534 1825 1577 quod
1860 1537 1908 1566 est
1937 1534 2090 1566 bonorum
2125 1537 2157 1566 et

1189 1588 1357 1620 malorum.
1392 1587 1478 1620 Unde
1509 1588 1583 1620 mali
1618 1597 1681 1620 non
1713 1591 1787 1620 sunt
1817 1587 1937 1629 scripti
1971 1587 2006 1619 in
2038 1582 2156 1625 caelis,

1190 1641 1244 1674 sed
1262 1641 1367 1683 potius
1390 1640 1426 1672 in
1443 1644 1550 1680 terra,
1575 1641 1748 1674 secundum
1774 1641 1851 1674 illud
1873 1640 2020 1673 Ieremiae
2035 1640 2156 1673 decimo

1190 1694 1369 1737 septimo⁹:
1399 1708 1414 1723 α
1440 1694 1629 1728 Recedentes
1652 1704 1670 1727 a
1695 1697 1724 1727 10
1749 1694 1780 1727 10
1805 1698 1890 1727 terra
1921 1694 2100 1726 scribentur
2125 1707 2155 1725 n.

1191 1748 1224 1780 10
1248 1748 1340 1780 cuius
1364 1748 1409 1780 rei
1443 1748 1566 1790 signum
1595 1748 1764 1787 Dominus,
1797 1747 1962 1780 contutans
1993 1746 2155 1789 perfidiam

1191 1801 1451 1839 Pharisaeorum,
1484 1801 1539 1843 qui
1571 1804 1661 1834 erant
1691 1800 1783 1834 alieni
1807 1810 1825 1833 a
1853 1809 1950 1842 regno
1978 1800 2155 1837 caelorum,

1196 1867 1211 1882 α
1232 1854 1329 1896 digito
1353 1854 1510 1887 scribebat
1541 1854 1573 1886 in
1605 1857 1691 1886 terra
1711 1867 1746 1892 n,
1778 1853 1859 1886 sicut
1890 1853 2006 1885 dicitur
2035 1852 2157 1885 loannis

1191 1911 1310 1941 octavo.

1282 1960 1334 1993 35.
1362 1961 1397 1993 Et
1420 1963 1511 1999 nota,
1536 1959 1620 2002 quod
1643 1959 1749 1992 divina
1765 1959 1899 2000 cognitio
1922 1958 2038 1990 dicitur
2063 1957 2322 1996 libencwiiiiosim·

1192 2014 1245 2048 sed
1270 2014 1406 2056 cognitio
1428 2013 1590 2055 simplicis
1613 2012 1748 2045 notitiae
1775 2011 1891 2044 dicitur
1915 2011 1997 2043 tiber
2028 2011 2155 2053 sz'mpti-
2177 1992 2308 2039 ⁹¹¹⁰2¹122¹{⁰“‘

1192 2069 1289 2105 citer,·
1313 2070 1344 2100 et
1371 2067 1402 2099 in
1424 2067 1484 2099 1100
1514 2066 1620 2098 omnia
1642 2066 1827 2098 scribuntur
1855 2068 1886 2097 et
1910 2073 2033 2103 omnes,
2063 2065 2156 2097 iuxta

1192 2120 1269 2153 illud
1295 2119 1405 2152 Psalmi
1422 2120 1464 2151 ¹⁰:
1495 2118 1747 2160 «Imperfectum
1772 2127 1878 2150 meum
1896 2117 2044 2150 viderunt
2072 2118 2155 2151 oculi

1193 2173 1258 2211 tui,
1282 2175 1314 2205 et
1337 2172 1368 2204 in
1394 2171 1474 2204 libro
1498 2174 1553 2203 tuo
1576 2179 1685 2204 omnes
1709 2171 1888 2203 scribentur
1910 2184 1940 2203 n.
1967 2171 2003 2203 Et
2025 2175 2072 2204 est
2103 2180 2155 2204 co-
2172 2177 2269 2208 Comitio
2285 2183 2323 2207 ai>-

1192 2225 1290 2267 gnitio
1321 2224 1592 2267 approbatio-nis,
1625 2227 1656 2257 et
1688 2224 1765 2257 haec
1797 2224 1914 2257 dicitur
1946 2224 2026 2257 liber
2049 2225 2155 2264 vitae,
2179 2205 2320 2232 ‘’mmmm''

1192 2281 1224 2310 et
1247 2278 1278 2310 in
1303 2278 1363 2310 hoc
1393 2286 1456 2309 000
1488 2277 1673 2310 scribuntur
1702 2277 1876 2311 secundum
1907 2278 2072 2311 veritatem
2096 2279 2156 2311 nisi

1192 2331 1328 2364 finaliter
1352 2330 1444 2369 boni;
1469 2334 1500 2363 et
1522 2331 1561 2363 de
1579 2331 1637 2364 1100
1654 2331 1751 2364 Exodi
1777 2332 1938 2374 trigesimo
1962 2332 2099 2365 secundo
2113 2334 2157 2364 ¹¹:

1198 2397 1213 2412 α
1231 2386 1290 2417 Aut
1313 2384 1435 2417 dimitte
1451 2384 1497 2417 eis
1520 2384 1601 2418 lianc
1617 2394 1753 2424 noxam,
1777 2389 1833 2418 aut
1856 2385 1924 2418 dele
1942 2394 1991 2418 me
2013 2385 2052 2418 de
2076 2385 2157 2418 libro
2192 2428 2196 2432 ,

1195 2583 1236 2616 (ex
1256 2583 1336 2616 Beda)
1357 2583 1383 2609 in
1397 2584 1460 2609 Luc.
1483 2584 1528 2615 10,
1543 2584 1590 2608 -202
1610 2583 1636 2608 Si
1652 2584 1712 2616 quis
1726 2583 1844 2609 caelestia
1864 2583 1920 2608 sive
1935 2583 2064 2608 terrestria
2077 2590 2157 2615 opera

1194 2629 1319 2660 gesserit,
1340 2635 1387 2660 per
1401 2630 1465 2653 haec
1483 2628 1558 2660 quasi
1572 2628 1662 2653 litteris
1681 2628 1834 2658 adnotatus,
1848 2628 1919 2659 apud
1938 2628 1982 2653 Dei
2002 2628 2157 2652 memoriam

1194 2673 1359 2699 aeternaliter
1378 2676 1416 2698 est
1435 2673 1536 2698 affixus,

1265 2716 1276 2731 Β
1295 2718 1348 2744 Cir.
1368 2719 1385 2743 l.
1404 2719 1474 2744 Sent.
1495 2717 1521 2743 d.
1542 2717 1584 2743 40.
1597 2724 1622 2743 a.
1644 2718 1668 2742 2.
1682 2724 1708 2750 q.
1726 2718 1751 2743 2.
1765 2717 1798 2743 ad
1820 2717 1843 2742 1.
1857 2718 1924 2748 012;
1940 2717 1977 2742 111.
1991 2717 2059 2742 Sent.
2074 2717 2100 2742 d.
2114 2717 2158 2741 31.

1195 2761 1259 2789 dub.
1278 2763 1303 2788 2.

1264 2804 1276 2820 ⁹
1297 2806 1370 2832 Vcrs.
1392 2807 1437 2837 13,
1457 2806 1482 2831 10
1496 2806 1571 2832 cuius
1589 2805 1759 2837 explicatione
1772 2805 1876 2831 Hieron.
1894 2805 1944 2830 ait:
1958 2804 2117 2831 δον-1110111111·
2131 2805 2159 2831 in

1194 2853 1286 2883 terra,
1313 2851 1391 2877 deleti
1416 2851 1450 2876 de
1475 2850 1540 2876 libro
1568 2850 1745 2875 viventium...
1770 2849 1909 2882 Causaque
1934 2849 2084 2880 manifesta,
2111 2857 2159 2875 cur

1193 2895 1343 2921 scribuntur
1362 2895 1387 2921 in
1406 2898 1472 2920 terra
1482 2914 1488 2925 ,
1502 2895 1563 2928 quia
1576 2893 1780 2928 dereliquerunt
1798 2895 1894 2919 fontem
1909 2894 1989 2925 vitae,
2004 2893 2159 2924 Dominum,

1192 2940 1250 2966 sive
1268 2940 1368 2973 fontem
1386 2946 1526 2973 aquarum
1543 2937 1703 2970 viventium,
1717 2937 1872 2964 Dominum.
1884 2951 1920 2957 —
1932 2936 2051 2963 Subinde
2063 2938 2160 2970 allega-

1194 2987 1235 3010 tur
1256 2985 1326 3010 loan.
1347 2985 1377 3016 8,
1396 2984 1423 3009 6.

1265 3027 1287 3042 ¹⁰
1307 3028 1400 3054 Psalm.
1421 3028 1487 3059 138,
1507 3027 1548 3052 16.
1574 3026 1627 3053 611.
1648 3026 1664 3051 l.
1686 3027 1756 3052 Sent.
1781 3025 1808 3051 d.
1827 3026 1870 3051 36.
1889 3025 1953 3051 dub.
1974 3027 2000 3052 3.
2018 3029 2044 3051 et
2068 3026 2094 3052 d.
2115 3027 2159 3052 39.

1193 3080 1216 3099 a.
1238 3073 1262 3098 1.
1281 3080 1307 3105 q.
1327 3074 1351 3098 2.
1371 3079 1439 3104 scq.;
1459 3071 1589 3104 Breviloq.
1608 3078 1635 3102 p.
1655 3071 1672 3096 l.
1692 3077 1714 3096 0.
1734 3070 1760 3096 8.

1267 3116 1288 3131 ¹¹
1310 3116 1383 3141 Vers.
1405 3116 1447 3141 31.
1473 3118 1498 3140 et
1518 3115 1566 3145 32,
1586 3113 1632 3140 ubi
1650 3114 1741 3140 olom
1761 3113 1944 3141 ἔπιθι-1111801111
1969 3115 2009 3147 (ex
2034 3116 2158 3147 August..

1194 3162 1245 3194 Qq.
1264 3160 1290 3186 10
1310 3160 1388 3186 Exod.
1407 3165 1433 3192 q.
1455 3159 1540 3191 ⁴⁴70:
1555 3159 1668 3184 Securus
1680 3158 1789 3191 quidem
1810 3159 1860 3184 1100
1874 3158 1949 3189 dicit,
1969 3159 2030 3192 quia
2050 3166 2101 3185 non
2115 3160 2158 3185 de-

1194 3204 1297 3230 lebitur.
1317 3204 1369 3230 Cir.
1389 3206 1453 3229 tom.
1472 3204 1489 3228 1.
1509 3209 1570 3234 pag.
1590 3202 1657 3235 739,
1676 3206 1736 3228 nota
1756 3203 1780 3228 2.
1800 3202 1850 3228 Pro
1869 3201 1972 3229 dicebat
1991 3203 2043 3235 (1111
2063 3203 2094 3235 D)
2115 3203 2156 3228 alii

1194 3248 1273 3280 codd.
1298 3251 1324 3273 et
1350 3247 1406 3273 Vat.
1430 3246 1502 3273 dicit.
1528 3247 1637 3278 August.
1667 3247 1716 3272 100.
1745 3246 1805 3272 cit:
1835 3247 1948 3272 Securus
1975 3247 2083 3279 quidem
2109 3247 2158 3271 1100

1195 3291 1293 3319 dixit...
1312 3294 1352 3322 ut,
1373 3291 1435 3324 quia
1456 3291 1524 3316 Deus
1537 3291 1643 3322 Moysen
1657 3296 1707 3316 non
1722 3290 1822 3316 deleret
1841 3290 1875 3316 de
1893 3290 1959 3316 libro
1977 3297 2039 3320 suo,
2058 3290 2157 3322 populo

1196 3340 1332 3369 peccatum
1352 3335 1414 3361 illud
1434 3335 1585 3361 remitteret.
1604 3347 1640 3355 -
1661 3335 1770 3361 insertus
1792 3338 1852 3368 post
1870 3334 1987 3361 iustum
2006 3335 2064 3360 Vnt.
2083 3334 2159 3359 addit

1195 3387 1265 3415 quae
1283 3379 1368 3407 deleri
1385 3381 1477 3414 potest.
