2427 3872
406 225 469 252 POL

174 283 210 290 -—
224 270 382 302 imponenda
396 272 436 295 est
453 269 522 295 iuxta
536 269 693 302 gravitatem
706 276 763 302 pec-

121 317 240 341 catorum
261 314 304 340 Vll
324 314 375 340 216
394 314 429 339 96

176 359 296 385 Ροιιυτιο
315 373 350 377 -—-
375 361 415 384 est
432 359 596 391 quadruplex
621 359 654 384 Vi
675 358 725 383 599
746 358 760 383 3

120 416 156 423 -
176 403 327 429 Secundum
346 403 445 434 Legem
457 402 609 435 polluebant
627 402 761 428 hominem

122 447 277 473 immundus
307 449 459 478 contactus,
491 447 644 473 immundus
672 445 761 478 cibus,

120 492 275 518 immundus
294 492 381 524 locus,
401 492 555 518 immundus
574 490 683 517 morbus
696 489 759 517 ibid.

119 550 155 556 —
181 537 323 569 Templum
352 536 486 568 polluitur,
515 535 622 569 quando
649 535 762 561 admittit

121 582 202 607 homo
220 581 317 606 malam
337 580 535 606 delectationem
556 580 607 606 578
628 579 643 605 4
656 592 692 598 -
704 579 761 604 Pol-

120 625 191 651 lutus
208 624 388 657 voluptatibus
412 632 465 650 non
488 624 564 650 intrat
589 630 638 656 per
657 626 760 656 portam

120 672 237 696 sanctam
256 669 331 702 regni
350 669 468 695 caelestis
484 669 535 694 628
555 676 581 694 v.
601 668 618 693 5

173 714 252 740 Potus
268 727 304 733 —
317 713 496 745 imaginamur
508 713 583 745 polos
603 712 760 738 ilrmamenti

120 765 136 784 a
164 758 261 784 dextris
289 761 315 784 et
342 765 357 783 a
384 757 495 784 sinistris
518 757 552 783 Vi
582 756 615 782 15
644 764 669 789 q.
691 756 706 782 4
725 771 760 775 -

120 802 281 836 aquilonaris
299 805 338 828 est
361 802 437 836 quasi
461 808 542 834 super
566 801 651 834 capita
672 803 760 827 nostra

121 846 183 874 ibid.

173 891 286 918 pomum
305 905 341 910 —
359 890 507 923 significant
525 890 691 923 operationes
717 891 761 916 ho-

120 938 207 962 nestas
226 938 251 961 et
270 936 384 961 famosas
403 935 437 961 Vl
456 936 489 961 22
509 942 535 961 v.
555 935 570 960 8

173 981 258 1006 Pomm
277 994 312 1000 -
331 980 388 1005 Mali
409 980 555 1006 exaltantur
575 979 601 1004 in
623 986 760 1005 conversa-

120 1024 190 1050 tione
209 1031 257 1057 per
267 1031 394 1057 pompam
406 1024 438 1050 Vl
449 1023 499 1049 596
511 1024 527 1049 5
537 1038 572 1042 —-
583 1025 698 1049 humana
709 1023 760 1049 cito

119 1068 212 1095 transit
230 1069 272 1095 Vll
292 1069 326 1095 92
348 1069 380 1095 12

173 1113 273 1139 Pouous
291 1126 326 1133 ·-·
344 1114 455 1139 retertur
478 1113 512 1139 ad
537 1113 680 1145 potentiam
700 1119 760 1145 ope-

119 1157 201 1183 rantis
221 1158 253 1183 Vl
274 1157 325 1183 182
345 1165 370 1182 v.
390 1157 419 1183 21
443 1171 478 1176 —-
497 1158 523 1183 ln
543 1157 661 1189 pondere
680 1157 761 1189 respi-

119 1202 187 1228 citur
206 1193 271 1228 ratio
295 1200 357 1229 ibid.
380 1215 416 1221 —
434 1204 474 1228 est
498 1202 644 1234 proprietas
663 1204 761 1227 creatu-

119 1253 174 1278 rae,
199 1253 268 1279 quae
292 1246 319 1272 in
344 1247 401 1272 loco
427 1253 475 1273 suo
505 1246 621 1272 consistit
645 1245 707 1272 ibid.
726 1259 761 1265 -—-

119 1291 191 1317 idem
210 1293 250 1317 est
268 1290 340 1324 quod
360 1291 426 1317 ordo
444 1289 506 1317 ibid.
525 1304 560 1310 —
579 1291 649 1316 Deus
671 1290 759 1316 omnia

118 1335 146 1361 in
159 1335 278 1368 pondere
296 1335 427 1367 disposuit
439 1338 529 1361 contra
543 1335 636 1361 vitium
650 1335 761 1361 levitatis

119 1379 181 1406 ibid.

172 1424 299 1450 Pourirsx
317 1439 353 1443 —
371 1427 410 1450 est
429 1424 532 1450 medius
550 1424 617 1450 inter
640 1423 760 1450 homines

118 1471 144 1494 et
163 1468 247 1495 Deum
266 1469 299 1494 Vl
328 1468 380 1494 417
408 1469 436 1494 31
460 1482 496 1488 -
514 1468 636 1494 Officium
659 1468 761 1501 pontifl-

118 1513 174 1538 cale
193 1512 292 1545 obligat
318 1513 357 1539 ad·
380 1512 525 1539 orationem
554 1513 605 1538 226
626 1520 651 1538 v.
672 1513 700 1538 21
725 1526 760 1531 -

118 1564 239 1584 5311111135
257 1560 297 1583 051
324 1558 382 1584 1000
400 1557 484 1588 Petri,
513 1557 595 1583 immo
622 1557 680 1583 loco
703 1557 759 1583 lesu

118 1601 213 1628 Christi
233 1602 276 1628 Vll
296 1602 347 1628 217
368 1602 383 1630 4
402 1616 437 1621 -—
457 1602 483 1628 ln
506 1609 612 1628 summo
637 1602 760 1628 Pontiilce

118 1649 239 1673 servatur
259 1646 367 1672 mutatio
387 1646 503 1673 nominis
523 1647 555 1672 Vl
576 1646 627 1672 265
647 1647 681 1672 88

172 1705 207 1710 -
225 1691 449 1717 commendabiles
477 1692 583 1717 fuerunt
602 1691 626 1716 in
646 1693 760 1724 quatuor

119 1735 163 1762 Vll
183 1736 234 1761 328
253 1736 287 1761 62

172 1794 209 1799 -
236 1780 417 1807 auctoritatem
442 1779 557 1806 habebat
584 1780 618 1805 Vi
646 1779 698 1806 407
726 1779 760 1806 67

120 1838 156 1844 -
176 1824 292 1851 Pontifici
319 1828 359 1851 est
386 1825 517 1851 humiliter
544 1824 759 1857 respondendum

121 1868 172 1895 483
193 1869 226 1895 36

174 1927 208 1932 —
228 1913 342 1939 maxime
367 1913 479 1940 indurati
499 1913 594 1939 mentis
618 1913 761 1945 pertinacia

119 1957 300 1984 clamaverunt
317 1961 408 1984 contra
421 1957 552 1984 Christum
572 1957 606 1983 Vl
625 1957 671 1983 491
697 1958 712 1982 6
726 1972 761 1977 —

118 2016 155 2021 --
174 2002 313 2028 Summum
339 2002 515 2029 sacerdotium
539 2005 600 2028 tunc
625 2001 762 2028 emebatur

120 2045 172 2072 484
192 2047 225 2072 38
246 2046 282 2072 2’.
304 2046 354 2072 488
371 2047 405 2072 60

173 2091 284 2117 Peretus
296 2104 332 2110 —
344 2094 383 2117 est
401 2091 541 2117 multitudo
561 2090 697 2117 hominum
711 2091 761 2117 sub

119 2142 172 2161 una
191 2135 250 2167 lege
268 2135 415 2161 viventium
438 2136 470 2161 Vl
490 2135 541 2161 164
561 2143 588 2161 v.
608 2135 640 2161 14
660 2150 695 2154 -
713 2136 761 2162 Per

119 2186 217 2213 aquam
245 2179 425 2212 significantur
454 2180 546 2213 populi
575 2180 607 2206 88
634 2188 661 2207 v.
695 2181 702 2206 i
727 2195 762 2200 —

119 2224 167 2249 Per
186 2224 314 2256 populum
334 2224 409 2257 plebs
428 2224 533 2251 humilis
552 2224 703 2257 intelligitur
718 2225 761 2251 Vll

120 2269 153 2294 82
174 2268 207 2294 48
226 2282 262 2288 -
281 2268 356 2295 Plebs
374 2272 542 2302 comparatur
560 2269 650 2302 pueris
668 2269 763 2295 seden-

119 2312 190 2339 tibus
208 2313 234 2339 in
253 2315 309 2339 soro
328 2317 435 2346 propter
454 2314 577 2340 duritiam
603 2314 691 2340 cordis
711 2315 756 2340 181

120 2357 154 2383 58
173 2372 209 2376 -
228 2357 287 2384 duri
306 2358 386 2384 corde
411 2365 462 2384 non
486 2361 627 2384 moventur
649 2365 698 2385 nec
716 2360 763 2385 sal-

119 2405 174 2428 tant
188 2405 240 2434 ‘per
258 2403 405 2435 profectum
423 2402 555 2429 bonorum
575 2410 686 2435 operum
699 2403 760 2431 ibid.

119 2459 155 2465 —
173 2446 220 2480 qui
238 2447 272 2473 nd
291 2450 395 2473 cantum
413 2447 618 2479 promissionum
634 2449 696 2474 moti
710 2456 761 2475 non

121 2492 240 2522 suerunt,
259 2491 318 2517 duri
343 2495 404 2518 sunt
427 2492 522 2524 corde,
541 2492 588 2518 sed
613 2500 694 2525 opere
715 2493 762 2520 du-

119 2535 202 2561 riores
224 2535 269 2568 qui
293 2542 342 2561 nec
366 2536 398 2562 ad
423 2536 639 2563 comminationes
664 2538 762 2570 suppli·

118 2579 220 2606 ciorum
249 2583 378 2606 venerunt
401 2579 463 2607 ibid.
482 2596 518 2600 -
543 2589 595 2608 non
622 2581 762 2614 plorabunt

120 2631 168 2656 per
187 2625 418 2656 compunctionem
437 2625 613 2657 poenitentiae
626 2625 687 2653 ibid.

175 2682 209 2687 -
222 2664 302 2695 Amor
316 2669 479 2696 inordinatus
497 2671 702 2703 complacentiae
715 2678 759 2703 po-

120 2712 176 2745 puli
195 2713 303 2739 retrahit
322 2720 336 2739 a
356 2713 464 2740 veritate
485 2715 527 2741 Vll
547 2715 598 2741 572
618 2716 652 2741 29

172 2757 269 2783 Peneus
287 2772 322 2776 —-
335 2758 383 2783 Per
402 2765 498 2790 porcos
511 2759 687 2791 intelliguntur
699 2759 758 2785 dae-

120 2807 212 2827 mones
235 2804 344 2833 propter
363 2802 503 2828 ruditatem
531 2806 557 2829 et
581 2803 758 2829 carnalitatem

120 2845 163 2870 Vll
184 2845 235 2871 392
255 2845 289 2871 27

174 2889 259 2915 Pom-A
278 2902 314 2909 —
332 2890 423 2916 Portae
443 2890 534 2917 mortis
559 2894 665 2923 peccata
685 2894 757 2922 sunt,

119 2935 211 2965 portae
241 2933 311 2959 vitae
341 2934 424 2966 gratia
448 2937 474 2960 et
503 2935 614 2961 virtutes
645 2936 677 2961 Vi
705 2936 757 2961 595

119 2984 147 3003 v.
169 2978 202 3003 32

172 3022 326 3048 Ponrsuruu
339 3036 374 3041 —
387 3025 426 3048 est
445 3022 600 3049 miraculum
623 3023 709 3050 maius
724 3024 757 3049 Vl

119 3065 170 3091 176
190 3073 216 3091 v.
237 3066 270 3092 16

173 3110 295 3136 Pon-ricus
313 3124 347 3130 —
371 3110 518 3137 Salomonis
542 3114 652 3137 vocatur
671 3112 758 3142 locus,

119 3153 164 3180 ubi
193 3154 316 3180 Salomon
345 3155 419 3187 prius
448 3156 542 3181 iecerat
564 3155 695 3187 porticum
725 3156 758 3181 ad

120 3198 264 3229 orandum,
284 3206 353 3232 quae
382 3203 469 3225 tumen
498 3199 628 3225 destructa
655 3199 702 3225 ruit
725 3199 758 3226 Vl

119 3242 172 3268 390
192 3242 225 3268 34
244 3256 279 3262 -
298 3246 354 3269 erat
378 3244 450 3269 locus
470 3244 494 3269 in
520 3244 630 3275 templo,
655 3243 680 3269 iu
706 3251 759 3277 quo

120 3286 217 3312 flebant
245 3285 390 3314 oblationes
419 3288 459 3313 Vll
483 3288 534 3313 520
556 3289 565 3312 1
590 3302 623 3306 -
643 3287 759 3321 quinque

118 3335 179 3356 sunt
197 3333 315 3364 quinque
334 3332 569 3363 considerationes,
583 3339 651 3365 quae
664 3331 760 3359 debent

790 181 828 213 IN
851 180 1144 215 COMMENTARIOS
1168 183 1197 214 S.
1223 182 1448 215 SCRIPTURAE

801 269 886 294 iacere
905 269 1039 295 hominem
1058 269 1084 294 in
1104 270 1260 301 poenitentia
1285 277 1441 303 permanere

800 313 833 338 Vl
853 313 905 338 304
927 313 959 338 12

853 357 953 382 Ρ311τ35
971 371 1006 375 -
1025 357 1107 383 Nemo
1132 360 1218 389 potest
1243 359 1382 390 pervenire
1407 359 1440 384 ad

799 403 905 433 portum
919 401 1010 427 salutis
1022 402 1070 427 nisi
1090 409 1138 433 per
1152 409 1223 428 mare
1241 403 1387 434 praesentis
1401 404 1441 429 tri-

799 444 938 470 bulationis
958 445 1000 470 Vll
1021 445 1071 470 199
1092 445 1124 471 36

851 489 978 514 Possessio
998 503 1032 507 —
1051 489 1139 522 quieta
1153 490 1225 516 venit
1240 497 1269 516 ex
1291 491 1440 516 fortitudine

799 533 970 565 possidentis,
983 539 1052 566 quae
1065 540 1116 559 non
1137 534 1276 565 permittit,
1290 535 1439 567 impugnari

799 584 814 602 a
832 577 919 603 minus
938 580 1045 609 potente
1058 577 1100 603 Vll
1121 578 1171 603 292
1192 578 1225 604 48

851 636 886 639 -
906 622 932 647 111
953 621 993 647 1115
1006 621 1196 653 temporalibus
1214 623 1382 654 possidendis
1395 624 1441 648 ho-

799 665 882 691 mines
896 672 947 691 non
966 669 1028 691 sunt
1041 666 1089 691 nisi
1109 666 1176 692 sicut
1189 666 1268 692 villici
1288 666 1382 693 Christi
1399 667 1440 692 Vll

800 709 851 735 205
865 709 898 734 59
912 711 1141 742 —temporalium
1153 711 1244 737 11101115
1256 711 1344 737 modis
1356 714 1442 743 potest

798 753 938 785 periclitari
957 756 982 779 et
1001 754 1083 780 amitti
1104 755 1155 780 360
1176 756 1190 780 8
1204 769 1239 774 —-
1253 763 1304 781 non
1325 758 1365 781 est
1378 756 1441 781 mul-

799 800 853 824 tum
873 799 986 825 amanda
1006 798 1068 825 ibid.
1087 814 1122 819 —
1141 799 1259 826 Christus
1285 801 1310 826 in
1336 807 1442 833 praesc-

799 843 842 875 pio
852 843 926 869 dedit
938 845 1087 876 exemplum
1102 845 1252 871 mundanae
1270 845 1442 877 possessionis

798 888 986 921 relinquendae
1007 889 1038 914 Vi
1059 889 1110 914 619
1125 897 1150 914 v.
1171 890 1186 914 2
1206 903 1241 908 -
1261 889 1442 915 possessiones

799 933 960 966 acquirimus
979 940 1027 965 pcr
1046 933 1201 959 industriam
1216 934 1249 959 30
1269 941 1295 959 v.
1315 934 1330 959 6
1350 948 1385 953 —
1404 937 1443 960 est

799 976 920 1003 volubilis
939 980 964 1003 et
983 977 1114 1003 variabilis
1134 978 1167 1003 97
1187 985 1214 1004 ν.
1235 978 1253 1003 7

851 1035 886 1040 —
904 1021 1043 1047 possessor
1062 1024 1101 1048 est
1119 1022 1164 1055 qui
1185 1021 1264 1048 habet
1282 1022 1325 1048 rei·
1334 1023 1441 1055 plenum

799 1065 946 1091 dominium
967 1066 1010 1092 Vli
1029 1066 1080 1092 530
1101 1067 1134 1092 27

852 1111 1022 1137 Posrzruonss
1035 1125 1070 1130 -—
1083 1117 1135 1137 non
1149 1114 1210 1137 sunt
1230 1119 1361 1138 memores
1374 1112 1441 1145 prio-

798 1162 858 1181 rum
879 1155 911 1180 Vl
932 1155 964 1180 16
985 1163 1011 1181 v.
1032 1156 1064 1181 10

853 1200 978 1225 ΡοτΕΝτιΑ
990 1214 1027 1219 -
1041 1200 1086 1226 Dei
1097 1203 1136 1226 est
1147 1201 1244 1226 infinita
1257 1201 1288 1226 Vl
1302 1202 1351 1227 183
1366 1209 1391 1226 v.
1407 1202 1440 1227 22

798 1258 834 1263 -
853 1244 898 1270 Dei
918 1247 957 1270 est
976 1245 1249 1277 incomprehensibilis
1274 1246 1317 1271 Vll
1335 1246 1386 1272 265
1406 1246 1439 1271 39

798 1303 833 1307 ——
853 1289 985 1315 Potentiae
1001 1293 1136 1315 attestatur
1164 1290 1273 1316 altitudo
1299 1291 1331 1316 Vl
1351 1291 1403 1316 536
1425 1290 1440 1316 4

798 1347 834 1353 -
852 1334 897 1359 Dei
911 1337 950 1359 est
964 1334 1080 1360 timenda
1094 1335 1135 1360 Vll
1150 1335 1202 1360 312
1217 1336 1231 1360 9
1251 1349 1286 1354 -
1299 1334 1345 1360 Dei
1360 1335 1440 1361 notifi-

799 1380 873 1403 catur
887 1378 917 1405 Vin
936 1378 1073 1410 punitione
1092 1379 1229 1405 rebellium
1254 1380 1286 1405 vt
1307 1380 1357 1405 -108
1376 1386 1402 1404 v.
1424 1379 1439 1404 8

852 1437 887 1441 -—
906 1422 1000 1449 eadem
1014 1426 1053 1449 est
1071 1424 1154 1449 Patris
1167 1426 1192 1449 et
1204 1424 1258 1449 Filii
1274 1424 1315 1450 Vll
1330 1424 1382 1450 310
1397 1424 1439 1450 43.

800 1467 845 1492 3911
872 1467 913 1498 40,
928 1467 956 1493 41
980 1482 1015 1486 —
1035 1470 1074 1494 est
1093 1468 1119 1493 in
1132 1469 1207 1494 Patre
1220 1476 1267 1501 per
1286 1469 1439 1501 appropria-

798 1511 896 1538 tionem
915 1512 947 1538 Vl
969 1512 1020 1538 424
1039 1512 1067 1538 71

852 1570 886 1575 --
910 1557 1046 1583 potestatis
1068 1558 1217 1584 excelientia
1243 1559 1390 1584 ostenditur
1415 1558 1440 1584 in

798 1601 933 1633 operando
960 1609 1056 1634 magna
1081 1603 1206 1628 miracula
1231 1603 1274 1629 Vll
1300 1604 1351 1629 165
1371 1604 1381 1628 1
1408 1617 1440 1622 -

798 1646 914 1672 Potestas
934 1647 1080 1679 expellendi
1100 1648 1244 1674 daemones
1263 1655 1316 1674 non
1336 1651 1375 1674 est
1395 1650 1442 1674 ter-

797 1697 873 1722 rena,
891 1691 938 1717 sed
957 1692 1075 1718 caelestis
1097 1693 1148 1718 293
1169 1692 1201 1718 48
1222 1707 1256 1711 -
1276 1693 1396 1719 laudatur
1415 1693 1441 1718 in

798 1736 945 1762 deiectione
964 1736 1141 1769 superborum
1160 1737 1321 1764 daemonum
1336 1738 1369 1764 33
1390 1738 1423 1763 97

853 1795 888 1799 —-
906 1782 1041 1813 praecedit
1068 1782 1229 1808 voluntatem
1259 1782 1286 1807 in
1315 1782 1441 1815 essendo,

798 1824 845 1850 sed
859 1826 981 1851 voluntas
993 1826 1128 1858 praecedit
1141 1826 1284 1858 potentiam
1297 1826 1323 1852 in
1337 1826 1442 1858 agendo

799 1869 832 1895 Vi
853 1870 903 1895 188
933 1878 959 1895 v.
989 1871 1021 1895 18
1041 1884 1076 1890 -
1095 1871 1227 1896 Potentiae
1254 1871 1332 1903 vigor
1351 1874 1390 1897 cst
1415 1871 1441 1896 in

798 1913 922 1939 irascibili
941 1915 984 1940 Vll
1005 1915 1038 1940 65
1059 1915 1091 1940 92

852 1972 889 1978 ·—-
907 1959 1023 1985 Potestas
1042 1959 1104 1985 dicit
1124 1960 1268 1991 potentiam
1292 1960 1441 1993 expeditam

799 2003 832 2029 Vi
853 2004 881 2029 51
906 2011 931 2037 q.
954 2004 963 2029 1
988 2018 1022 2023 -
1041 2004 1145 2037 Aliquid
1165 2011 1217 2030 non
1236 2012 1315 2036 posse
1336 2005 1440 2036 dicitur,

799 2050 844 2074 aut
863 2048 925 2081 quia
938 2049 1008 2074 nullo
1028 2049 1107 2075 modo
1124 2049 1183 2082 quis
1202 2053 1302 2081 potest,
1322 2052 1366 2075 aut
1379 2050 1440 2083 quia

799 2099 860 2118 cum
881 2100 977 2125 magna
997 2093 1148 2119 difficultate
1168 2096 1253 2125 potest
1281 2094 1333 2119 424
1351 2094 1386 2120 70
1405 2108 1441 2114 -

800 2137 879 2163 Posse
907 2139 1052 2170 perfectum
1081 2140 1106 2163 et
1134 2138 1249 2164 activum
1278 2138 1374 2164 dicitur
1392 2146 1440 2171 po-

801 2182 913 2213 testatis,
932 2183 1005 2216 quod
1025 2190 1075 2208 uon
1105 2185 1143 2208 est
1168 2182 1217 2208 nisi
1245 2189 1292 2214 per
1311 2183 1439 2215 gratiam;

800 2233 878 2258 posse
891 2227 1073 2259 imperfectum
1088 2229 1113 2253 et
1126 2227 1260 2259 passivum
1275 2227 1370 2253 dicitur
1382 2234 1440 2259 pos-

800 2270 942 2303 sibilitatis,
961 2272 1033 2304 quod
1062 2274 1101 2297 est
1128 2274 1235 2297 naturae
1263 2271 1313 2297 253
1343 2272 1376 2297 32
1405 2285 1439 2291 -

800 2315 893 2348 Posse,
913 2320 940 2342 ut
959 2316 1022 2342 dicit
1040 2315 1250 2348 possibilitatem,
1264 2318 1303 2341 est
1321 2318 1439 2347 naturae,

801 2363 829 2386 ut
856 2361 919 2387 dicit
946 2363 1100 2393 potestatem
1129 2359 1254 2392 activam,
1282 2362 1321 2385 est
1340 2360 1438 2392 gratiae

801 2405 853 2431 434
877 2405 910 2431 53
930 2419 965 2424 -
988 2405 1067 2430 Posse
1086 2405 1267 2436 imperfectum
1293 2407 1332 2430 est
1350 2404 1375 2429 in
1395 2411 1440 2430 no-

800 2448 854 2480 bis,
874 2452 989 2481 potestas
1008 2449 1135 2481 completa
1149 2455 1196 2480 per
1215 2449 1338 2475 virtutem
1359 2449 1439 2482 Spiri-

799 2497 841 2520 tus
859 2494 941 2520 sancti
960 2492 1021 2519 ibid.
1041 2494 1088 2519 331
1112 2493 1146 2519 79
1167 2493 1195 2519 2·

851 2552 886 2557 -
908 2539 1021 2570 persecte
1047 2538 1214 2570 cognoscitur
1239 2538 1265 2564 in
1290 2538 1439 2571 cognitione

799 2582 912 2614 virtutis,
931 2582 1019 2614 operis
1037 2585 1063 2607 et
1081 2582 1178 2608 obiecti
1196 2582 1229 2608 Vl
1249 2583 1296 2609 311
1323 2583 1355 2609 47

850 2640 886 2645 -
900 2629 938 2652 est
951 2626 1040 2658 triplex
1054 2627 1080 2652 in
1099 2627 1214 2659 imagine
1228 2627 1322 2654 mentis
1335 2631 1439 2654 nostrae

798 2671 841 2696 Vll
861 2670 911 2696 558
932 2670 965 2696 58
985 2685 1020 2691 —
1039 2672 1103 2697 Tres
1130 2672 1199 2698 vires
1223 2673 1326 2699 animae
1345 2672 1439 2705 guber-

797 2718 891 2741 nantur
910 2722 957 2747 per
986 2716 1216 2748 comminationes,
1246 2717 1438 2744 admonitiones

796 2762 822 2785 et
841 2760 1028 2791 promissiones
1048 2761 1081 2786 90
1102 2761 1118 2787 5
1137 2776 1172 2781 ——-
1192 2762 1297 2794 Triplex
1310 2762 1394 2788 virtus
1413 2762 1438 2788 in

796 2804 883 2829 anima
902 2804 1018 2831 relicitur
1037 2812 1085 2837 per
1105 2806 1195 2838 iidem,
1209 2814 1284 2839 spem
1305 2810 1330 2833 et
1349 2807 1438 2833 carita·

795 2850 848 2874 tem
868 2848 920 2874 284
940 2848 973 2874 24
993 2864 1027 2868 -
1047 2851 1223 2876 reformantur
1237 2851 1342 2877 caritate
1356 2850 1407 2877 348
1423 2850 1437 2877 4

848 2907 883 2911 -
902 2893 1018 2919 motivae
1031 2900 1078 2926 per
1091 2902 1189 2927 corpus
1208 2895 1389 2927 impediuntur
1403 2895 1436 2920 Vi

797 2935 846 2961 170
866 2943 892 2962 v.
914 2937 946 2962 15

849 2994 884 3000 -
903 2981 1002 3008 homini
1022 2982 1081 3009 data
1101 2986 1140 3009 est
1153 2990 1167 3009 a
1185 2983 1239 3009 Deo
1258 2983 1291 3009 Vi
1312 2983 1343 3009 49
1364 2990 1390 3016 q.
1412 2983 1435 3009 4.

796 3024 824 3049 81
849 3032 875 3050 v.
895 3025 920 3051 5.
940 3026 972 3051 82
993 3034 1019 3060 q.
1045 3027 1078 3053 92
1099 3034 1124 3053 v.
1145 3028 1172 3053 2.
1196 3028 1248 3053 225
1271 3035 1297 3052 v.
1318 3027 1360 3052 16.
1385 3026 1435 3052 492

797 3068 839 3094 12.
859 3069 909 3094 494
929 3070 963 3096 23
983 3085 1018 3089 -
1035 3071 1168 3097 iudiciaria
1182 3071 1259 3098 datur
1278 3078 1291 3096 a
1312 3071 1365 3096 Deo
1386 3070 1436 3096 145

796 3120 822 3138 v.
852 3112 866 3138 4
886 3127 921 3132 --
941 3115 1057 3141 Potestas
1089 3117 1217 3145 humana,
1247 3115 1307 3147 quia
1336 3117 1375 3140 est
1403 3115 1436 3140 ad

797 3160 901 3189 tempus
928 3161 954 3184 et
971 3158 1006 3184 ab
1033 3159 1084 3185 alio
1104 3160 1209 3190 collatu,
1238 3162 1277 3184 est
1305 3159 1435 3191 quaedam

797 3200 918 3227 villicatio
937 3205 963 3228 et
981 3203 1135 3229 oeconomia
1161 3203 1203 3228 Vll
1228 3202 1278 3228 403
1305 3204 1320 3228 2
1341 3216 1374 3221 -—
1393 3203 1437 3228 Po·

798 3248 876 3270 testas
895 3244 971 3272 decet
989 3253 1080 3279 regem
1101 3247 1152 3273 495
1172 3247 1204 3272 63

852 3303 885 3307 -
904 3289 1024 3317 Potentes
1042 3291 1139 3317 debent
1157 3290 1281 3317 iustitiam
1306 3291 1437 3323 inqulrere

798 3338 823 3358 et
842 3340 931 3359 amare
950 3334 983 3360 Vi
1006 3334 1054 3360 144
1075 3342 1098 3359 v.
1122 3336 1130 3360 1
1156 3348 1189 3353 —-
1209 3333 1307 3360 Abusio
1323 3337 1437 3366 potesta-

2053 190 2116 221 819

1771 231 1833 256 pas

1479 272 1510 297 tis
1530 274 1597 298 mala
1617 280 1669 299 non
1689 277 1728 299 est
1746 281 1760 299 a
1779 274 1831 300 Deo
1853 275 1885 300 49
1905 283 1930 309 q.
1952 276 1965 302 4
1981 291 2014 295 -—-
2028 277 2120 303 Omnis

1479 317 1613 348 potestatis
1631 318 1761 344 ordinatio
1786 323 1854 345 esta
1876 320 1943 351 Deo,
1963 321 2118 347 inordinatio

1478 367 1491 386 a
1512 360 1618 386 diabolo
1649 362 1690 387 Vli
1720 363 1752 388 92
1783 363 1814 388 14
1834 378 1868 383 -
1888 365 2023 390 Ρο10513115
2041 366 2118 391 datae

1478 405 1609 430 exsccutio
1627 413 1679 431 non
1699 413 1804 438 semper
1823 411 1862 433 est
1881 416 1894 433 a
1915 409 1968 434 Deo
1988 409 2037 435 nisi
2063 417 2119 441 per-

1479 449 1586 474 missive
1606 450 1637 475 Vl
1659 450 1709 475 494
1730 452 1762 476 23

1532 507 1565 510 -
1586 494 1720 519 Ρο10513115
1740 495 1855 521 caducae
1875 497 1999 528 fragilitas
2023 498 2063 523 Vll
2084 499 2118 523 92

1480 537 1512 561 12
1531 550 1567 555 ——
1586 538 1678 563 mundi
1698 539 1771 570 quasi
1791 540 1852 564 1111111
1873 544 1911 565 051
1930 540 1962 566 ib.
1981 541 2010 566 13
2025 555 2059 560 -
2074 543 2120 567 ho-

1479 580 1593 613 minum,
1614 582 1675 614 quia
1696 583 1854 615 transitoria,
1875 591 1927 609 non
1948 589 1987 609 cst
2005 585 2118 611 timenda

1480 625 1530 649 312
1551 625 1565 649 8
1580 639 1614 644 -
1628 626 1751 652 Homines
1770 628 1832 652 nihil
1847 632 1955 659 possunt
1974 633 2061 654 contra
2077 637 2118 661 gc-

1479 669 1566 694 nerale
1594 669 1640 694 Dei
1669 671 1842 701 patrocinium
1871 671 1902 698 ib.
1925 673 1957 697 10
1976 687 2011 691 —
2030 674 2119 699 Omnis

1480 716 1594 744 potestas
1621 715 1755 739 auferetur
1784 715 1808 740 in
1837 716 1887 741 sine
1918 717 2007 742 mundi
2037 721 2062 742 et
2086 718 2119 743 ad

1479 756 1610 783 Christum
1631 761 1774 784 revertetur
1794 760 1825 785 Vl
1846 760 1878 785 96
1901 760 1917 785 b

1532 817 1567 820 —
1586 802 1675 835 iniqua
1699 803 1775 829 valde
1796 808 1870 829 nocet
1891 805 1933 829 Vll
1960 805 2012 830 354
2032 806 2064 830 66
2085 821 2120 824 -

1479 847 1528 872 Pro
1547 845 1632 872 abusu
1661 848 1795 878 potestat1s
1824 855 1907 879 poena
1936 849 2061 880 infligitur
2089 850 2119 875 Vi

1481 891 1532 917 145
1552 899 1578 917 v.
1599 892 1613 917 3
1633 905 1668 911 -
1687 892 1757 917 Deus
1776 893 1809 917 de
1823 896 1949 924 potestate
1968 893 2027 919 data
2048 901 2120 926 prae-

1480 936 1537 962 latis
1556 936 1642 968 exiget
1660 937 1789 962 rationem
1809 936 1842 963 ib.
1862 944 1886 962 v.
1910 937 1924 962 4

1532 995 1568 999 -
1589 982 1614 1006 111
1633 981 1725 1007 ordine
1749 982 1880 1014 potentiae
1905 985 1929 1008 et
1954 983 2120 1014 praelationis

1479 1025 1617 1058 colligatur
1645 1026 1757 1052 Ecclesia
1787 1027 1819 1052 Vl
1849 1027 1882 1051 96
1911 1026 1928 1052 b
1946 1041 1982 1046 —
2002 1028 2116 1054 Potestas

1479 1070 1599 1096 solvendi
1619 1070 1678 1096 data
1698 1074 1737 1096 est
1759 1071 1884 1097 omnibus
1907 1072 2049 1104 Apostolis,
2071 1073 2118 1098 sed

1479 1115 1619 1146 specialius
1646 1116 1722 1141 Petro
1751 1115 1802 1141 514
1832 1116 1859 1141 51
1889 1131 1924 1134 -
1950 1117 2064 1142 Potestas
2092 1118 2120 1142 li-

1478 1159 1560 1191 gandi
1579 1162 1605 1185 et
1624 1160 1744 1186 solvendi
1759 1164 1784 1186 et
1802 1161 1957 1187 conficiendi
1977 1165 2082 1187 manent
2095 1162 2120 1187 in

1479 1204 1553 1230 iustis
1572 1207 1597 1230 et
1616 1205 1642 1230 in
1662 1205 1766 1231 iniustis
1779 1206 1831 1231 515
1851 1206 1884 1232 53
1901 1221 1935 1224 -
1955 1206 2069 1232 Potestas
2082 1214 2120 1232 sa-

1478 1248 1617 1275 cerdotalis
1637 1254 1695 1275 ante
1719 1250 1912 1276 suscitationem
1939 1254 1963 1276 ct
1982 1251 2119 1276 consessio-

1478 1300 1538 1319 nem
1559 1294 1646 1320 locum
1666 1301 1719 1320 non
1738 1294 1817 1320 habet
1837 1296 1887 1320 406
1908 1296 1941 1321 63

1531 1339 1612 1365 Porus
1630 1353 1666 1358 —
1685 1339 1758 1365 ducit
1776 1339 1865 1365 cibum
1886 1347 1933 1372 per
1952 1340 2070 1366 membra
2085 1341 2119 1367 Vl

1478 1384 1529 1409 328
1549 1382 1582 1408 56
1602 1397 1637 1402 -
1655 1384 1796 1415 spiritualis
1815 1388 1853 1410 est
1874 1385 1937 1410 fides
1957 1384 2018 1411 ibid.

1532 1428 1655 1454 Ρ111οτ101
1669 1443 1705 1446 -
1718 1428 1820 1455 Moralis
1833 1432 1872 1455 est
1884 1430 1991 1455 scientia
2005 1431 2118 1462 practica

1478 1473 1511 1499 Vl
1534 1472 1565 1498 17
1582 1471 1600 1497 b

1531 1518 1678 1543 ΡιιΑΕεΕΡτΑ
1697 1531 1732 1536 -
1755 1521 1815 1544 sunt
1839 1518 1906 1544 sicut
1934 1519 2047 1551 gradus,
2073 1527 2120 1552 per

1478 1569 1546 1595 quos
1565 1562 1599 1588 ad
1627 1562 1711 1588 Deum
1742 1563 1924 1589 conscenditur
1952 1564 1996 1589 Vll
2016 1564 2067 1590 387
2088 1565 2120 1589 16

1479 1621 1512 1625 -
1532 1607 1652 1633 divinum
1672 1607 1813 1633 maximam
1833 1607 1913 1634 habet
1931 1608 2054 1634 virtutem
2070 1609 2120 1635 490

1479 1652 1512 1677 50
1526 1666 1561 1671 -
1574 1652 1655 1677 multa
1669 1651 1767 1678 habent
1786 1652 1911 1678 unitatem
1925 1653 1959 1679 ad
1973 1654 2120 1686 praemium

1479 1696 1511 1722 Vl
1532 1696 1565 1721 67
1584 1703 1610 1729 q.
1635 1697 1649 1722 3
1669 1710 1704 1716 —
1724 1703 1806 1722 unum
1826 1700 1887 1723 sunt
1906 1697 1933 1723 in
1952 1698 2041 1724 radice
2059 1698 2120 1724 dile-

1478 1740 1570 1767 ctionis
1591 1740 1636 1767 451
1661 1740 1696 1766 25

1531 1800 1566 1803 -
1585 1785 1736 1811 lniormatio
1755 1786 1888 1818 praecepti
1912 1793 1964 1812 non
1985 1787 2053 1812 valet
2071 1787 2120 1812 nisi

1479 1830 1628 1861 intelligenti
1652 1829 1695 1856 Vli
1715 1831 1765 1856 266
1786 1830 1819 1856 43
1838 1845 1874 1849 -
1893 1831 2021 1857 Dominus
2034 1832 2120 1864 aliqua

1479 1874 1607 1907 praecipit
1625 1881 1678 1900 11011
1698 1874 1731 1900 311
1751 1875 1927 1908 implendum,
1947 1875 1994 1901 sed
2014 1875 2047 1901 ad
2072 1883 2121 1901 nos

1479 1919 1660 1945 instruendum
1682 1919 1715 1944 Vi
1737 1918 1786 1944 419
1808 1918 1840 1944 42
1862 1919 1890 1944 1·

1531 1977 1566 1982 -
1584 1964 1650 1996 Tres
1668 1963 1769 1995 species
1788 1963 1920 1995 praecepti
1942 1964 1984 1989 Vll
2006 1964 2056 1989 120
2077 1965 2119 1989 30.

1479 2008 1530 2033 216
1549 2008 1582 2033 98
1602 2021 1637 2027 -
1660 2008 1727 2039 legis
1751 2007 1876 2033 naturalis
1904 2009 2069 2035 continentur
2094 2009 2119 2034 in

1478 2052 1608 2078 mandatis
1627 2052 1725 2078 divinis
1745 2051 1795 2077 462
1816 2052 1849 2078 39

1530 2110 1565 2116 -
1585 2096 1650 2128 legis
1663 2103 1714 2122 non
1733 2099 1772 2122 est
1790 2097 2053 2128 praetermittendum
2074 2098 2118 2124 Vll

1482 2142 1524 2166 121
1551 2142 1583 2166 32
1603 2155 1638 2160 -
1658 2141 1749 2167 Μο1135
1768 2141 1917 2174 praeceptis
1942 2142 2037 2168 divinis
2056 2150 2119 2169 vere

1478 2185 1619 2211 obediendi
1641 2185 1691 2211 164
1712 2185 1762 2211 107
1782 2200 1817 2204 -—
1836 2186 1965 2212 iudicialia
1992 2190 2017 2212 et
2036 2194 2120 2213 mora-

1478 2230 1510 2255 lia
1530 2237 1582 2255 non
1602 2233 1662 2255 sunt
1680 2230 1832 2256 dimittenda
1853 2237 1902 2262 pro
1926 2232 2118 2257 caeremoniali-

1478 2273 1527 2300 bus
1548 2274 1599 2299 305
1626 2274 1658 2299 86
1678 2288 1713 2293 -
1732 2275 1758 2300 111
1782 2278 1923 2307 praecepto
1946 2276 2119 2302 exsecutionis

1476 2318 1600 2344 invitatur
1619 2318 1762 2345 intellectus
1782 2319 1813 2345 ad
1834 2320 2063 2352 cognoscendum,
2083 2321 2119 2346 as-

1478 2364 1559 2389 sectus
1578 2363 1612 2389 ad
1630 2363 1786 2396 volendum,
1806 2364 1912 2390 effectus
1925 2364 1959 2390 ad
1978 2371 2119 2397 exsequen-

1476 2407 1540 2433 dum
1570 2408 1620 2433 216
1651 2408 1683 2433 99
1710 2422 1744 2426 -
1771 2409 1796 2434 111
1822 2413 1963 2441 praecepto
1988 2408 2118 2441 probatio-

1477 2452 1532 2482 nis,
1560 2451 1625 2478 sicut
1655 2452 1688 2478 de
1716 2453 1877 2479 immolando
1905 2453 1956 2479 filio
1985 2453 2118 2485 Abrahae,

1477 2496 1612 2529 quaeritur
1640 2498 1763 2528 affectus,
1791 2504 1842 2523 non
1869 2499 1975 2524 eil‘ectus
2004 2497 2064 2524 ibid.
2083 2511 2119 2516 —-

1478 2542 1504 2567 ln
1523 2544 1665 2574 praecepto
1691 2541 1867 2568 instructionis
1892 2542 2036 2568 intellectus
2059 2549 2118 2567 eru-

1478 2585 1556 2617 ditur,
1576 2593 1628 2611 uon
1649 2586 1745 2618 ligatur
1764 2587 1885 2617 affectus,
1899 2593 1946 2612 nec
1963 2585 2118 2618 prohibetur

1477 2631 1584 2656 effectus
1603 2629 1665 2657 ibid.

1530 2689 1565 2695 -
1585 2675 1661 2707 Legis
1674 2675 1741 2701 circa
1757 2675 1918 2701 curationem
1937 2676 2024 2708 leprae
2037 2675 2118 2707 signi-

1476 2719 1536 2746 ficat
1550 2720 1747 2746 Sacramentum
1767 2720 1942 2752 poenitentiae
1956 2720 1998 2745 Vll
2018 2720 2068 2745 123
2084 2720 2117 2745 38

1476 2778 1512 2784 -
1524 2764 1550 2790 111
1563 2766 1704 2796 praecepto
1717 2763 1794 2796 Legis
1808 2764 1895 2797 quoad
1910 2764 2071 2790 curationem
2086 2765 2118 2789 le-

1477 2815 1540 2840 prae
1558 2811 1672 2841 quatuor
1693 2808 1890 2840 praecipiuntur
1908 2807 1968 2834 ibid.

1530 2853 1713 2878 raincocmno
1727 2866 1760 2870 ——
1773 2852 1844 2877 Deus
1857 2852 1944 2877 omnia
1958 2858 2118 2884 praecogno-

1475 2896 1523 2922 scit
1542 2896 1575 2921 Vi
1594 2896 1626 2921 77
1647 2903 1674 2928 q.
1696 2897 1718 2921 i.
1737 2896 1789 2921 249
1814 2896 1839 2920 11

1529 2940 1690 2966 131111000111011
1709 2953 1744 2958 -
1767 2940 1864 2970 ramae,
1889 2939 1946 2964 licet
1972 2939 2004 2964 sit
2029 2939 2116 2964 multis

1475 2991 1553 3010 causa
1573 2983 1713 3014 credendi,
1733 2986 1818 3015 potest
1843 2989 1900 3008 esse
1925 2982 2057 3015 aliquibus
2076 2990 2116 3009 oc-

1475 3028 1544 3054 casio
1564 3027 1698 3053 11111110ηά1
1718 3027 1762 3052 Vll
1783 3026 1832 3052 173
1852 3026 1895 3051 35.
1916 3026 1966 3051 179
1987 3026 2021 3052 54

1528 3072 1743 3097 ΡηΑευεετιΝΑτιο
1767 3084 1802 3090 -
1830 3071 1900 3096 Deus
1928 3071 2015 3102 primo
2044 3071 2115 3103 eligit

1475 3115 1694 3148 praedestinando
1714 3115 1747 3139 w
1769 3114 1818 3139 453
1840 3114 1872 3139 30
1891 3127 1926 3133 -
1946 3114 2005 3140 lusti
2025 3114 2115 3140 dicun·

1476 3164 1516 3185 tur
1536 3159 1610 3185 electi
1629 3166 1675 3191 pei·
1695 3161 1826 3184 aeternam
1849 3158 2111 3189 praedestinationem

1477 3203 1527 3229 135
1546 3210 1573 3228 v.
1596 3203 1626 3228 15
1639 3216 1674 3221 -
1687 3203 1734 3228 Pcr
1751 3201 2017 3234 praedestinationem
2034 3206 2114 3229 aeten-

1475 3254 1535 3273 nam
1564 3251 1691 3272 vocantur
1717 3246 1791 3271 electi
1819 3246 1851 3271 ad
1876 3246 2113 3273 remunerationem

1476 3294 1608 3317 aeternam
1630 3290 1675 3316 451
1702 3290 1735 3315 23
1755 3304 1789 3308 —-
1811 3290 1993 3316 praedestinati
2017 3291 2113 3317 dantur

1475 3335 1576 3361 Christo
1604 3337 1708 3360 aeterna
1737 3333 1908 3365 praescientia
1939 3333 1988 3360 474
2017 3333 2050 3361 33
2078 3348 2114 3355 -
