2427 3872
373 243 438 269 ARC

86 293 125 318 est
142 292 221 317 horno
240 289 336 316 inutilis
353 288 388 315 75
408 288 436 314 21
455 302 490 308 -
510 288 669 314 infructuosa
688 289 728 313 est

86 337 166 362 homo
190 330 537 367 negligens‘poenitentiam
562 332 613 358 339
640 332 673 358 12
689 345 728 351 -

84 381 245 407 infructuosa
263 381 302 404 ε5ι
326 378 409 410 figura
437 376 550 403 hominis
571 376 728 408 negligentis

85 425 119 451 ad
138 430 217 457 opera
237 423 340 449 virtutis
359 422 410 448 340
431 422 463 447 17
482 420 545 447 Vide
557 428 581 448 v.
595 421 724 448 Fructus.

139 483 173 487 —
185 469 347 494 infructuosa
360 466 520 493 succidenda
538 466 677 492 severitate
690 466 726 492 di-

85 513 138 539 vini
158 512 246 539 iudicii
267 512 308 538 Vll
327 511 363 537 74
383 512 425 537 20.
439 510 474 536 75
488 511 530 536 21.
550 510 602 536 339
618 511 659 536 12.
675 510 725 536 340

86 557 128 584 44.
147 557 198 583 536
218 557 251 583 50
272 570 306 575 -
326 556 485 581 infructuosa
505 555 661 586 succiditur,
674 561 726 580 1113-

84 602 152 628 xime
174 608 243 634 quae
262 607 309 633 per
328 600 468 626 triennium
489 600 602 625 fructum
622 606 674 625 non
689 600 726 624 fa-

84 647 118 673 cit
136 645 188 672 340
209 645 241 671 17
254 659 290 665 —
303 644 446 671 succiditur
465 646 574 676 propter
594 643 724 669 defectum

83 690 146 717 honi
167 692 265 716 tructus
283 690 318 716 75
338 690 367 715 21

135 750 172 754 -
191 735 275 761 Homo
295 737 334 760 est
352 733 432 759 arbor
447 740 539 759 eversa
554 733 586 758 Vl
603 732 652 757 133
667 739 694 757 ν.
709 732 724 757 3

137 781 207 806 Anca
226 794 260 798 —-
274 779 299 805 ln
314 785 372 804 arca
387 779 516 804 salvatum
527 780 567 803 est
579 784 664 809 genus
681 777 726 801 hu-

83 831 192 851 manum
211 827 236 850 et
255 823 406 849 animalium
427 822 460 848 Vl
484 822 530 847 197
551 829 578 847 v·
597 822 612 847 6
625 835 661 840 -
678 821 726 846 Per

83 876 171 896 arcam
190 868 251 894 iusti
270 871 330 894 sunt
348 867 464 898 liberati,
484 867 559 892 malis
581 865 726 892 submersis

83 913 117 940 ib.
135 921 162 939 v.
181 913 198 939 7
210 927 245 931 —
263 912 313 945 Qui
332 914 405 937 erant
423 911 489 937 intra
513 917 601 936 arcam
622 911 726 935 fuerunt

82 957 172 985 salvati
191 960 217 983 et
239 957 284 990 qui
304 959 388 989 extra,
412 955 489 981 deleti
511 955 561 981 172
585 962 611 980 ν.
637 954 662 980 4.
681 954 723 980 vu

84 1002 135 1028 440
156 1001 197 1028 46.
219 1001 264 1027 441
290 1001 322 1027 48
341 1014 377 1020 -
397 1001 463 1026 Dum
484 1006 543 1025 arca
568 998 725 1025 aedificaba-

83 1050 136 1080 tur,
155 1046 238 1079 iniqui
263 1044 476 1075 luxuriabantur,
495 1051 547 1077 qua
574 1044 658 1074 linita,
679 1043 724 1068 de-

81 1091 125 1118 leti
143 1093 203 1117 sunt
222 1090 264 1116 Vll
286 1089 331 1115 441
357 1089 389 1115 48

134 1149 169 1154 -
190 1136 254 1161 facta
279 1137 319 1160 est
337 1134 371 1159 ad
395 1133 506 1159 modum
532 1132 594 1158 ratis
618 1133 650 1158 Vl
672 1132 723 1158 197

81 1188 108 1206 v.
128 1180 143 1206 6
158 1179 231 1204 —in
251 1179 340 1205 cubito
360 1180 541 1204 consummata
560 1180 599 1206 est
615 1177 657 1202 Vll
672 1177 724 1202 595

82 1225 114 1251 33
135 1238 167 1244 —-
193 1224 293 1250 nullum
321 1223 526 1256 gubernatorem
556 1221 648 1247 habuit
675 1221 724 1247 nisi

81 1270 164 1296 Deum
184 1269 225 1294 vel
245 1268 375 1300 Angelum
392 1268 425 1293 vl
441 1267 491 1292 197
503 1275 532 1293 v.
546 1267 561 1292 6
575 1281 610 1284 ——
624 1267 649 1292 ln
664 1273 723 1291 arca

81 1315 134 1340 Noe
152 1313 240 1340 omnia
259 1316 352 1346 pacata
371 1315 445 1338 erant
465 1311 510 1338 431
535 1312 569 1337 38

134 1372 169 1378 -
200 1361 239 1384 est
267 1358 351 1390 figura
377 1357 505 1383 Ecclesiae
532 1357 574 1383 Vll
600 1356 651 1381 440
682 1355 725 1381 46.

82 1403 128 1429 441
154 1403 186 1428 48
205 1418 240 1421 -
260 1405 299 1428 est
317 1402 401 1434 figura
423 1401 548 1434 baptismi
571 1401 618 1426 180
638 1400 672 1426 55
690 1415 724 1419 -

80 1448 211 1480 significat
229 1447 362 1474 Christum
388 1447 421 1472 Vl
443 1446 488 1472 431
519 1447 552 1471 38
571 1460 607 1464 -
626 1445 725 1477 signifi-

82 1496 123 1519 cat
142 1499 249 1518 crucem
272 1491 321 1517 172
341 1499 368 1517 v.
389 1491 403 1516 4
423 1506 457 1509 -
477 1491 503 1516 111
522 1491 577 1516 11110
596 1490 725 1522 significat

80 1537 275 1563 multitudinem
295 1536 456 1567 activorum,
476 1535 502 1561 in
516 1542 622 1561 summo
638 1535 725 1567 pauci-

79 1585 159 1608 tatem
179 1581 445 1613 contemplativorum
465 1581 508 1606 Vll
528 1580 580 1606 239
600 1580 634 1605 72

133 1641 168 1645 -
187 1628 226 1652 051
245 1626 329 1658 figura
349 1624 442 1651 Christi
462 1624 505 1650 Vll
525 1624 576 1650 596
597 1624 630 1649 34
649 1613 724 1649 -Ἵῐι

79 1678 131 1704 qua
151 1673 207 1696 erat
225 1671 264 1696 lex
287 1669 418 1700 veritatis,
444 1669 519 1700 virga
540 1668 674 1700 potestatis
700 1671 725 1693 et

80 1722 175 1741 manna
194 1714 350 1747 sanctitatis,
379 1714 508 1746 significat
534 1713 722 1739 humanitatem

79 1759 173 1786 Christi
193 1760 225 1785 Vl
246 1759 297 1784 630
319 1758 352 1784 14
370 1773 406 1777 —-
424 1761 463 1784 est
482 1758 600 1784 Christus
619 1754 723 1790 praece-

80 1805 146 1831 dens
164 1804 371 1836 contemplantes
395 1803 439 1829 Vll
460 1803 510 1828 356
535 1802 569 1828 72
588 1817 623 1821 -
642 1802 724 1828 conti-

79 1856 144 1876 nens
163 1856 271 1882 manna⁷
291 1849 395 1880 virgam
415 1848 501 1873 Aaron
520 1850 547 1873 et
565 1847 667 1872 tabulas
686 1849 723 1873 te-

80 1894 195 1920 stimonii
217 1894 340 1926 designat
364 1893 472 1919 Mariam
498 1893 532 1918 22
559 1892 601 1918 46.
621 1891 654 1917 53
681 1891 723 1918 40.

81 1939 133 1965 277
152 1939 185 1964 79

134 1998 169 2002 -
188 1982 214 2008 111
233 1986 322 2008 mente
341 1981 446 2008 artificis
468 1981 534 2007 vivit
553 1981 586 2006 Vl
607 1980 658 2007 249
679 1981 707 2006 11

135 2030 237 2054 Ancum
255 2042 291 2046 —
310 2027 425 2053 Veniens
444 2027 478 2052 ad
497 2026 628 2052 Christum
652 2032 725 2051 arca-

81 2079 115 2098 na
133 2071 216 2098 verba
235 2072 308 2098 audit
322 2071 366 2097 Vll
387 2071 432 2097 471
459 2071 492 2097 63

135 2118 284 2143 Ancnstitus
297 2131 332 2135 -—
344 2116 413 2142 filius
425 2116 537 2142 Herodis
556 2114 647 2147 magni
667 2121 725 2147 pro-

80 2164 139 2194 pter
157 2160 309 2193 superbiam
322 2168 397 2187 suam
411 2161 437 2186 in
451 2161 556 2186 exilium
572 2159 644 2192 apud
657 2159 724 2191 Lug-

81 2206 182 2232 dunum
203 2206 356 2238 deportatus
376 2206 423 2231 fuit
442 2205 485 2231 vu
505 2205 539 2230 70
554 2205 568 2230 3

135 2251 359 2277 Ancuisvmteoous
377 2265 412 2268 —
434 2249 498 2276 Vide
515 2256 540 2275 v.
561 2248 660 2275 Iairus.

133 2310 169 2314 —-
188 2295 242 2321 zelo
262 2294 409 2321 inordinato
429 2294 582 2326 indignatur
601 2300 632 2319 ex
651 2299 724 2325 prae-

80 2340 213 2366 sumtione
235 2340 347 2365 iustitiae
366 2339 409 2365 Vll
430 2338 482 2364 343
503 2339 536 2364 28
556 2352 591 2356 —
619 2338 724 2363 simulat

82 2385 207 2417 pietatem
226 2387 252 2410 et
270 2386 382 2410 ostentat
400 2383 562 2409 sanctitatem
582 2381 634 2408 344
654 2382 687 2408 29

135 2429 344 2455 Α110111τ1110111105
356 2443 392 2447 ——
405 2431 527 2461 praeerat
544 2427 668 2454 convivio
681 2427 723 2453 vel

81 2472 256 2500 servientibus
274 2473 307 2499 Vl
328 2473 379 2499 270
400 2473 414 2498 8

134 2518 238 2544 Anni-:ne
256 2532 292 2536 —
310 2520 350 2543 est
368 2524 416 2549 per
435 2517 556 2550 gratiam,
570 2517 611 2543 vel
625 2523 673 2549 per
686 2516 724 2541 in—

79 2565 180 2589 ternam
204 2562 338 2588 caritatem
357 2562 391 2588 Vl
411 2561 462 2588 314
483 2562 516 2587 63
535 2576 571 2580 -
589 2561 645 2587 51110
667 2561 724 2586 luce

80 2613 176 2640 parum
205 2609 244 2632 est
271 2605 333 2632 ibid.
358 2621 394 2624 —
418 2606 504 2632 Ardor
526 2605 573 2631 zeli
597 2608 624 2631 et
645 2605 724 2631 ardor

81 2651 203 2685 desiderii
221 2651 373 2677 accenditur
396 2657 445 2683 per
469 2649 582 2676 verbum
610 2650 658 2676 Dei
682 2650 724 2676 Vll

81 2696 133 2722 597
157 2695 185 2721 4l
209 2710 245 2714 —
263 2696 392 2722 Ardorem
420 2695 544 2721 desiderii
569 2694 725 2721 concomita-

80 2743 122 2765 tur
141 2740 290 2773 liquefactio
316 2739 534 2766 suavissimarum
557 2739 724 2765 affectionum

81 2784 132 2810 598
153 2784 181 2810 41

134 2830 205 2855 Ani-:A
225 2843 261 2848 —
280 2831 319 2855 est
338 2829 423 2861 figura
442 2829 572 2855 Ecclesiae
590 2828 724 2862 militantis

80 2876 188 2906 propter
207 2873 371 2899 latitudinem
391 2873 504 2899 caritatis
525 2873 566 2899 Vll
582 2873 615 2898 80
636 2873 668 2898 40
688 2888 723 2891 -

82 2918 211 2944 Ecclesiae
229 2918 372 2944 mundatur
388 2918 415 2943 in
427 2917 526 2943 iudicio
538 2917 600 2944 ibid.
613 2932 647 2936 —
661 2917 723 2943 Are-

81 2962 122 2988 ola
140 2964 180 2988 est
198 2962 283 2994 figura
312 2962 441 2988 Ecclesiae
465 2961 597 2988 militantis
615 2965 724 2994 propter

82 3007 265 3033 arctitudinem
286 3007 440 3032 humilitatis
458 3006 521 3033 ibid.

135 3051 266 3077 Anescsms
285 3065 321 3070 --
339 3051 462 3077 dicuntur
475 3051 603 3084 homines,
622 3051 668 3085 qui
687 3052 723 3077 vi-

82 3098 176 3122 xerunt
194 3096 342 3122 secundum
369 3102 491 3127 carnem,
510 3096 577 3122 sicut
602 3097 723 3127 foenum,

82 3143 175 3166 urente
194 3141 249 3166 sole
268 3140 380 3166 iustitiae
400 3140 443 3166 Vll
463 3140 514 3166 534
528 3140 562 3166 44
574 3155 610 3159 -
622 3141 724 3166 Palmes

82 3184 176 3210 arescit
193 3191 242 3217 per
261 3184 431 3211 amissionem
445 3185 564 3211 humoris
577 3185 677 3217 gratiae
689 3185 723 3210 Vl

83 3228 133 3254 447
152 3229 167 3254 7
187 3243 223 3247 -
241 3228 383 3254 Brachium
401 3229 497 3255 arescit
509 3229 543 3255 ad
556 3229 723 3261 operandum

82 3273 125 3299 Vll
145 3273 195 3299 140
216 3274 249 3299 22
272 3272 336 3299 Vide
353 3280 379 3299 v.
398 3272 527 3300 Ariditas.

116 3321 121 3334 ἰ
137 3318 276 3344 Anci-:urum
295 3332 330 3336 —
349 3315 454 3343 dulcem
468 3317 548 3347 habet
560 3325 665 3349 sonum,
678 3317 723 3351 qui

83 3361 212 3393 signifieat
239 3362 336 3395 eloquii
364 3363 520 3388 suavitatem
546 3363 580 3389 Vl
600 3363 633 3388 22
653 3362 671 3387 b
689 3376 724 3381 —

189 3414 220 3441 S.
235 3415 339 3442 Bonav.
351 3429 386 3434 —
399 3416 475 3441 Tom.
489 3416 541 3441 vu.

756 198 792 231 IN
815 197 1108 232 COMMENTARKss
1132 199 1412 232 S.SCRWTURAE

764 290 804 313 est
822 294 946 313 sonorum
966 290 992 313 et
1009 288 1140 320 significat
1151 288 1327 321 eloquentiam
1342 289 1374 313 96
1390 287 1406 314 b

764 346 799 350 ——
817 331 900 357 oritur
912 332 947 358 de
960 335 1036 363 terra,
1056 332 1137 357 immo
1151 335 1190 358 est
1203 336 1270 358 terra
1289 333 1336 358 152
1350 340 1377 358 ν.
1389 333 1405 358 9

764 390 799 394 ——
813 376 937 402 deorsum
951 376 1029 402 trahit
1041 377 1074 402 ad
1089 380 1184 402 terram
1195 380 1220 403 et
1232 377 1265 402 ad
1277 377 1404 402 infernum

765 420 816 446 153
830 428 856 446 v.
870 421 886 445 9
899 436 934 439 -
947 421 1065 454 inquinat
1078 428 1172 447 manus
1181 424 1206 447 et
1215 422 1333 447 animum
1345 421 1406 447 ibid.

767 479 801 483 —-
820 465 942 497 designat
962 466 1128 498 imperfectos
1149 466 1190 491 Vll
1214 465 1262 491 159
1283 467 1317 491 89

816 510 937 536 Ακῦυεκε
955 524 990 528 -·
1010 511 1043 535 Ex
1057 510 1253 542 comparatione
1267 511 1404 536 meliorum

763 557 911 586 arguuntur
946 554 1033 580 minus
1058 554 1119 580 boni
1149 554 1192 580 Vll
1222 555 1273 580 299
1309 555 1342 580 68
1370 570 1405 573 -

764 598 869 624 Publice
897 602 1036 630 peccantes
1064 598 1170 631 publice
1197 602 1258 625 sunt
1276 600 1404 632 arguendi

764 643 792 667 81
818 643 851 668 45
869 658 904 661 -
925 644 978 669 Non
998 644 1163 675 arguendum
1185 644 1208 668 in
1224 643 1338 669 absentia
1353 644 1403 669 518

764 687 797 712 53
822 687 884 713 Vide
911 695 936 714 1).
967 687 1074 714 Vitium.
1099 703 1133 706 —
1162 688 1331 714 Perturbatus
1351 695 1403 715 non

763 733 926 764 arguendus,
945 740 978 758 ne
997 733 1081 765 magis
1100 733 1268 765 perturbetur
1282 733 1327 758 401
1353 734 1381 759 51

817 792 851 795 -
871 776 964 803 Contra
984 778 1187 809 tergiversantes
1200 781 1303 809 oportet
1315 785 1344 803 ex
1358 778 1404 803 da-

764 821 795 847 tis
814 822 966 855 procedere,
986 825 1014 848 ut
1033 823 1171 848 vincantur
1192 823 1234 848 Vll
1255 822 1305 848 502
1326 822 1341 847 4

816 867 1025 893 Ancumzmonuu
1051 882 1084 885 —·
1114 867 1297 893 dissolutiones
1325 867 1404 892 latent

763 919 793 937 ex
813 912 981 944 perplexione
1001 913 1133 937 humanae
1147 912 1291 937 calliditatis
1306 912 1337 937 Vl
1353 912 1403 937 162

762 964 789 982 v.
806 957 824 984 8

816 1002 936 1027 Amnius
954 1016 988 1019 —
1008 1004 1046 1027 est
1066 1001 1091 1026 in
1110 1001 1196 1026 anima
1223 1001 1339 1026 defectus
1368 1001 1403 1026 vi·

762 1047 834 1078 goris
853 1049 961 1078 propter
974 1046 1119 1072 absentiam
1134 1046 1233 1077 gratiae
1247 1046 1288 1071 vu
1308 1046 1354 1071 139
1369 1046 1397 1071 21
1411 1051 1416 1056 ·

762 1105 797 1110 -
817 1091 989 1117 introducitur
1008 1091 1034 1116 in
1062 1091 1148 1115 anima
1174 1098 1205 1115 ex
1225 1093 1323 1122 septem
1346 1097 1403 1122 pec-

762 1136 826 1162 catis
838 1134 994 1167 capitalibus
1007 1134 1068 1161 ibid.
1082 1149 1117 1154 —
1130 1138 1168 1161 est
1178 1135 1337 1167 septiformis
1353 1134 1402 1160 140

763 1182 796 1206 22
816 1194 851 1199 -
870 1180 942 1206 Aridi
956 1183 1016 1205 sunt
1029 1180 1075 1213 qui
1089 1183 1197 1212 peccant
1210 1186 1257 1211 per
1276 1180 1401 1205 malitiam

762 1225 803 1250 vel
821 1225 945 1250 duritiam
966 1225 998 1250 Vl
1020 1225 1070 1250 305
1092 1225 1123 1250 14
1138 1239 1172 1242 —
1185 1224 1255 1250 Aridi
1279 1228 1338 1249 sunt
1357 1224 1401 1257 qui

762 1273 873 1301 peccant
886 1276 932 1301 per
947 1269 1071 1294 malitiam
1092 1272 1181 1294 contra
1196 1269 1308 1300 Spiritus
1321 1269 1400 1294 sancti

763 1314 904 1340 bonitatem
925 1314 976 1339 560
996 1321 1021 1339 v.
1042 1314 1056 1339 3
1079 1314 1087 1338 1
1113 1328 1148 1331 --
1166 1316 1205 1339 est
1225 1313 1358 1339 indevotio
1378 1313 1402 1338 in

762 1360 855 1385 affectu
876 1358 908 1385 ib.
930 1360 945 1384 2

815 1417 851 1423 -
869 1404 937 1429 Loca
961 1403 1033 1428 arida
1060 1405 1085 1428 et
1114 1403 1239 1435 inaquosa
1264 1405 1337 1434 sunt,
1358 1401 1401 1427 ubi

762 1456 814 1474 non
835 1449 907 1480 viget
925 1447 1061 1473 carnalitas
1074 1454 1121 1473 nec
1134 1447 1345 1479 concupiscentia
1362 1447 1402 1472 Vll

763 1493 814 1518 294
835 1493 868 1518 52

815 1539 984 1563 ΑκιΜΑτΗΑΕΑ
1003 1551 1037 1555 -—
1058 1537 1243 1568 interpretatur
1257 1536 1344 1568 vigilia
1359 1536 1403 1562 do·

762 1582 872 1607 nationis
891 1585 916 1607 et
929 1582 1058 1613 significat
1071 1581 1188 1612 vigiliam
1203 1581 1271 1606 circa
1292 1587 1401 1612 gregem

762 1627 933 1652 commissum
953 1626 995 1650 Vll
1016 1625 1067 1650 584
1086 1625 1119 1650 63
1133 1640 1168 1643 -
1187 1625 1257 1650 idem
1277 1625 1402 1657 estquod

761 1672 887 1697 Ramatha
907 1671 932 1696 in
951 1670 1044 1696 ludaea
1065 1670 1098 1695 Vl
1118 1670 1169 1695 502
1190 1670 1232 1694 61.
1252 1670 1302 1695 583
1324 1670 1352 1694 61

814 1716 891 1741 Α11105
910 1730 945 1733 -
963 1715 1070 1746 negavit
1093 1717 1248 1746 potestatem
1268 1717 1401 1739 aeternam

760 1760 854 1787 Christi
875 1760 907 1785 Vl
929 1759 979 1784 469
1001 1759 1032 1784 10
1052 1773 1086 1777 --
1105 1758 1214 1790 negavit
1227 1758 1352 1783 unitatem
1366 1758 1403 1784 di-

759 1805 838 1831 vinae
866 1803 1027 1829 substantiae
1056 1803 1099 1828 Vll
1129 1802 1180 1828 475
1201 1802 1234 1828 42
1253 1817 1288 1820 ——
1314 1802 1401 1828 Ariani

759 1851 906 1882 posuerunt
932 1848 1025 1874 Filium
1051 1851 1198 1873 creaturam
1227 1850 1252 1873 et
1272 1847 1400 1873 minorem

763 1895 838 1920 Patre
858 1894 890 1919 Vl
910 1893 962 1919 247
983 1892 1006 1918 4.
1027 1892 1070 1918 Vll
1090 1892 1140 1917 203
1163 1891 1195 1917 50

814 1939 887 1964 Aiunt
906 1952 941 1956 —
967 1937 1012 1963 Dei
1038 1939 1127 1963 contra
1152 1936 1318 1962 adversarios
1341 1939 1403 1962 sunt

760 1983 867 2014 veritas,
886 1982 982 2008 iustitia
1002 1984 1027 2007 et
1051 1981 1177 2007 iudicium
1198 1981 1230 2007 Vl
1252 1981 1301 2006 142
1321 1987 1347 2006 v.
1370 1981 1400 2006 18

760 2042 796 2046 -
814 2029 952 2053 Armatura
973 2025 1111 2052 fortissima
1126 2029 1165 2051 est
1185 2025 1359 2051 mansuetudo
1378 2028 1403 2050 et

761 2072 886 2105 patientia
904 2071 948 2097 Vll
968 2071 1019 2096 254
1038 2071 1063 2096 6.
1078 2070 1129 2095 530
1143 2069 1175 2095 27
1189 2084 1224 2088 -
1238 2069 1329 2095 bellica
1343 2072 1403 2095 sunt

761 2117 795 2143 ad
814 2116 1017 2149 protectionem,
1038 2115 1082 2141 sed
1104 2121 1157 2140 non
1182 2117 1323 2146 protegunt
1341 2121 1403 2140 con—

761 2164 800 2187 tra
819 2160 989 2186 amissionem
1018 2158 1149 2184 bonorum
1174 2158 1349 2190 spiritualium
1369 2158 1401 2183 Vl

760 2206 795 2232 79
813 2213 841 2231 v.
861 2205 893 2230 18
906 2218 942 2223 -
954 2205 1092 2230 Armatura
1106 2203 1249 2235 spiritualis
1268 2209 1402 2235 nunquam

761 2250 844 2276 deerit
864 2249 993 2275 Ecclesiae
1014 2248 1054 2274 Vll
1074 2247 1126 2273 555
1147 2247 1178 2273 49
1209 2246 1271 2273 Vide
1297 2254 1322 2273 v.
1342 2246 1403 2274 Gla-

762 2294 832 2321 dius.

814 2353 848 2357 ——
868 2337 965 2364 diaboli
985 2339 1045 2363 sunt
1063 2336 1168 2362 diversa
1188 2338 1346 2362 tentamenta
1360 2336 1402 2361 Vll

761 2384 812 2409 293
832 2383 865 2408 50
885 2397 920 2400 -
938 2381 1036 2408 diaboli
1056 2381 1122 2407 siunt
1140 2380 1259 2406 homines
1278 2387 1326 2412 per
1345 2387 1404 2406 con-

760 2434 868 2454 sensum
888 2425 950 2453 ibid.

814 2472 937 2497 Anowrra
957 2485 991 2489 --
1010 2470 1120 2496 Animae
1139 2470 1229 2496 fideles
1247 2469 1405 2495 (10110111Βο-

760 2517 834 2543 mino
853 2516 948 2542 offerre
971 2515 1018 2541 tria
1045 2517 1175 2545 aromata,
1195 2514 1305 2540 odorem
1325 2513 1405 2539 virtu-

760 2564 832 2592 tum,
851 2560 1004 2592 opinionem
1025 2559 1157 2585 bonorum
1176 2565 1288 2590 operum
1308 2560 1334 2583 et
1347 2564 1403 2583 sua-

760 2606 869 2631 vitatem
889 2604 1036 2630 orationum
1057 2603 1100 2628 Vll
1121 2603 1172 2628 586
1191 2602 1226 2628 72

815 2650 1022 2676 Α1111111>τιτ10110111
1041 2662 1076 2667 -
1089 2647 1229 2673 infirmitas
1250 2649 1290 2672 est
1311 2653 1404 2678 repen-

762 2696 814 2721 tina
835 2695 878 2720 Vll
899 2693 950 2719 240
969 2693 1003 2718 74

816 2739 905 2765 Annuit
925 2753 960 2756 —
979 2737 1089 2763 Habenti
1109 2737 1214 2762 arrham
1235 2734 1341 2761 dabitur
1360 2735 1404 2760 he-

761 2784 859 2810 reditas
877 2786 982 2809 aeterna
1002 2783 1045 2808 Vll
1066 2782 1116 2807 486
1136 2781 1170 2807 39

815 2829 979 2854 ΑηκοῡΑΝτιΑ
1007 2841 1042 2846 -
1069 2827 1171 2852 nullum
1196 2827 1332 2851 reveretur
1360 2824 1404 2849 Vll

762 2873 813 2899 450
833 2872 858 2905 4,
876 2872 893 2897 7
912 2887 948 2891 —
966 2872 993 2897 in
1013 2871 1199 2897 commissione
1219 2869 1279 2895 mali
1300 2869 1405 2895 damna-

760 2921 803 2944 tur
822 2917 874 2943 304
895 2917 928 2942 85
947 2930 982 2935 -
1001 2917 1049 2942 Per
1062 2915 1240 2947 arrogantiam
1255 2915 1280 2939 in
1294 2919 1405 2946 prospe-

760 2962 797 2988 ris
821 2964 929 2994 paratur
953 2962 1033 2986 homo
1057 2960 1091 2986 ad
1116 2959 1218 2985 ruinam
1239 2958 1290 2984 549
1312 2957 1345 2983 34
1369 2972 1404 2975 -

760 3007 920 3038 Arrogantes
939 3006 1072 3031 eliduntur
1091 3011 1139 3036 per
1157 3003 1285 3029 invidiam
1305 3001 1350 3027 241
1369 3001 1403 3026 76

814 3051 866 3076 Ans
885 3064 919 3068 —
945 3053 984 3075 est
1011 3050 1119 3075 facultas
1144 3048 1247 3073 animae
1276 3047 1300 3072 in
1324 3053 1404 3078 opere

761 3096 795 3121 Vl
812 3095 846 3120 76
872 3102 898 3120 v.
926 3095 954 3120 11
979 3108 1014 3113 -
1033 3096 1073 3119 est
1101 3096 1175 3118 actus
1203 3092 1309 3118 animae
1335 3091 1403 3116 circa

760 3146 858 3172 corpus
876 3139 919 3165 Vll
938 3139 985 3164 231
1011 3138 1042 3164 48
1057 3137 1222 3163 —imitatur
1242 3138 1363 3161 naturam
1377 3135 1404 3160 in

760 3184 896 3217 operando
923 3184 956 3209 Vl
978 3183 1023 3208 161
1048 3189 1075 3208 v.
1095 3183 1110 3208 5
1129 3196 1164 3200 -
1183 3188 1237 3206 non
1256 3182 1342 3212 potest
1362 3179 1403 3205 ali-

761 3229 825 3262 quid
846 3229 902 3254 sine
920 3231 1027 3259 natura,
1048 3233 1097 3252 nec
1116 3226 1233 3258 proficit,
1253 3225 1300 3251 sed
1320 3224 1405 3255 magis

762 3276 838 3299 nocet
856 3273 900 3299 Vll
920 3272 971 3298 2-10
992 3272 1025 3297 80
1044 3286 1080 3290 -
1098 3273 1138 3296 est
1155 3270 1224 3296 circa
1244 3268 1357 3295 difficilia
1371 3268 1403 3293 Vl

762 3318 795 3343 58
814 3325 841 3350 q.
856 3318 879 3342 1.
894 3323 950 3349 arg.
971 3317 986 3342 2
1000 3330 1035 3334 -
1049 3315 1118 3341 bona
1132 3318 1170 3340 est
1183 3314 1209 3339 111
1223 3320 1264 3345 se,
1278 3312 1324 3338 sed
1339 3310 1405 3338 abu-

1741 247 1791 273 AS!
2021 207 2084 242 673

1498 303 1533 308 -
1553 290 1629 315 Filius
1642 293 1681 316 est
1700 298 1743 316 ars
1761 291 1842 318 Patris
1863 293 1894 319 Vl
1915 294 1966 320 249
1989 296 2015 320 11

1499 348 1531 351 -
1551 334 1646 360 Artifex
1665 335 1749 367 diligit
1767 343 1836 368 opus
1849 345 1925 364 suum
1942 339 1973 364 Vl
1998 341 2044 366 183
2059 348 2085 367 ν.

1445 378 1478 403 25
1499 392 1531 397 --
1551 379 1645 405 Artifex
1665 380 1750 412 diligit
1769 385 1889 415 statuam,
1910 384 1965 409 odit
1984 385 2083 411 nodum

1444 421 1506 448 ibid.
1525 437 1559 442 -—
1579 425 1682 456 quaerit
1701 426 1811 457 gloriam
1832 434 1928 453 vanam
1949 429 2000 454 206
2020 437 2046 455 ν.
2068 431 2083 455 9

1446 467 1560 493 —Laus
1579 472 1604 493 et
1624 472 1790 501 contemptus
1809 472 1897 503 operis
1916 473 2045 500 redundat
2059 475 2084 500 in

1444 512 1568 537 artificem
1590 513 1604 537 6
1624 520 1650 545 q.
1672 514 1681 538 1
1707 520 1762 545 arg.
1787 515 1793 539 1
1820 529 1852 533 --
1876 517 2005 548 Sapientis
2023 519 2081 544 arti·

1444 556 1499 581 fleis
1517 563 1569 581 non
1590 560 1689 582 tantum
1710 561 1748 583 est
1762 559 1858 590 facere,
1872 560 1918 585 sed
1933 562 2009 587 etiam
2024 569 2081 588 con-

1443 607 1549 626 servare
1570 601 1602 626 45
1621 609 1647 634 q.
1668 602 1682 626 3
1704 603 1719 627 f.
1740 603 1755 627 2
1777 617 1809 621 -
1829 603 1902 635 Opus
1921 607 2018 631 summi
2038 607 2083 632 Ar—

1443 644 1517 670 tificis
1537 649 1575 671 est
1594 647 1760 672 excellentius
1773 648 1845 672 omni
1860 655 1940 680 opere
1953 651 2083 676 humanae

1442 690 1504 715 artis
1534 690 1574 715 Vll
1605 692 1650 716 321
1681 692 1713 716 39
1735 705 1766 710 -
1788 692 1934 718 Artificialia
1963 695 2082 720 animalia

1442 737 1501 759 sunt
1521 735 1618 760 inutilia
1641 736 1670 760 vt
1692 736 1742 761 190
1763 744 1788 762 v.
1809 737 1842 762 24

1496 780 1600 805 Antiano
1620 793 1654 798 —
1682 780 1812 812 significat
1841 782 2028 808 inconstantem
2057 784 2082 809 in

1443 823 1495 848 side
1513 827 1538 849 ct
1557 824 1582 849 in
1602 823 1717 850 bonitate
1732 826 1773 850 Vll
1797 826 1846 851 177
1862 826 1894 852 84
1913 841 1949 846 -
1961 827 2082 859 designat

1442 867 1586 900 superbum
1611 869 1655 893 111
1681 869 1713 894 93
1734 884 1768 888 -
1789 870 1845 895 Mali
1864 870 1986 897 dicuntur
2007 879 2081 898 arun-

1442 911 1516 937 dines
1528 916 1634 945 propter
1648 913 1815 945 splendorem
1830 918 1965 940 externum
1980 916 2082 942 simula-

1442 957 1532 988 tionis,
1552 960 1660 989 propter
1686 958 1843 984 vacuitatem
1870 960 1999 991 veritatis,
2020 960 2081 987 honi

1441 1001 1528 1032 operis
1546 1001 1795 1033 infructuositatem,
1823 1004 1934 1029 carnalis
1959 1005 2080 1037 concupi-

1440 1046 1554 1070 srentiae
1580 1046 1773 1078 irrigationem,
1800 1047 1940 1079 superbiae
1966 1050 2081 1081 agitatio-

1440 1097 1510 1120 nem,
1524 1090 1557 1115 ad
1577 1093 1709 1116 aeternam
1730 1091 1939 1118 combustionem
1959 1094 2082 1125 aptitudi-

1440 1141 1499 1159 nem
1522 1134 1552 1159 Vl
1574 1135 1624 1160 128
1644 1142 1669 1160 v.
1689 1136 1704 1160 7

1493 1180 1641 1205 Ascsunnar.
1672 1194 1706 1198 —-
1738 1180 1819 1206 Nemo
1852 1180 1930 1207 habet
1956 1182 2077 1208 virtutem

1440 1224 1598 1249 ascendendi
1619 1224 1643 1249 in
1663 1225 1764 1250 caelum
1784 1225 1832 1250 nisi
1853 1225 1977 1257 Christus,
1998 1227 2079 1259 etqui

1440 1269 1584 1294 ascendunt
1603 1269 1747 1294 ascendunt
1761 1276 1808 1300 per
1822 1269 1908 1301 ipsum
1926 1271 1955 1296 Vl
1971 1271 2021 1296 282
2037 1272 2078 1297 23.

1440 1314 1491 1339 283
1511 1314 1545 1338 27
1564 1328 1599 1331 -
1619 1313 1708 1338 Ν111105
1728 1314 1844 1339 ascendit
1864 1314 1888 1339 in
1909 1315 2009 1340 caelum
2031 1316 2081 1347 pri-

1440 1365 1484 1383 mo
1503 1360 1529 1383 et
1548 1364 1594 1389 per
1623 1364 1651 1383 se
1681 1360 1783 1389 praeter
1802 1357 1946 1390 Christum,
1966 1359 2012 1384 sed
2033 1366 2079 1391 per

1441 1402 1527 1434 ipsum
1547 1405 1572 1427 et
1591 1405 1651 1433 post
1676 1402 1763 1433 ipsum
1784 1402 1834 1426 620
1855 1403 1870 1427 2
1897 1402 1914 1427 b
1933 1417 1968 1420 —
1987 1404 2080 1429 Ascen-

1440 1453 1485 1472 sus
1521 1446 1544 1471 in
1573 1453 1685 1477 regnum
1715 1446 1909 1478 impediebatur
1942 1454 2025 1478 poena
2055 1452 2081 1473 et

1441 1497 1528 1523 pugna
1549 1491 1595 1516 621
1621 1491 1636 1516 3
1650 1505 1685 1508 -
1698 1491 1808 1522 Semper
1827 1491 2023 1516 ascendendum
2039 1493 2079 1517 vel

1440 1535 1653 1560 descendendum
1687 1535 1848 1567 proficiendo
1880 1535 1905 1560 in
1937 1535 2006 1561 bono
2039 1536 2080 1562 Vll

1441 1579 1491 1605 356
1510 1579 1544 1604 72

1493 1637 1528 1642 -
1547 1626 1586 1649 est
1614 1623 1713 1655 gratiae
1743 1624 1774 1648 Vl
1804 1624 1849 1649 331
1874 1624 1908 1649 79
1937 1638 1971 1642 -
1997 1625 2081 1650 Activi

1439 1668 1584 1694 ascendunt
1612 1675 1660 1700 per
1688 1668 1757 1693 vitae
1786 1668 1960 1693 excellentiam
1987 1669 2037 1694 623
2064 1670 2078 1694 3

1438 1727 1473 1730 -
1493 1716 1531 1738 051
1550 1713 1737 1744 praedicatoris
1756 1719 1803 1744 per
1823 1713 1974 1738 exercitium
1995 1715 2081 1745 perfe-

1438 1760 1495 1782 ctae
1514 1757 1622 1782 actionis
1648 1757 1691 1782 Vll
1715 1756 1765 1782 114
1783 1756 1799 1782 7
1819 1772 1854 1775 -
1873 1757 1898 1782 111
1918 1758 2018 1783 caelum
2039 1761 2077 1783 est

1439 1808 1486 1833 per
1504 1801 1681 1827 obedientiam
1702 1801 1753 1827 603
1773 1801 1806 1827 63
1821 1815 1856 1820 ——
1869 1805 1908 1827 est
1921 1809 1968 1834 per
1983 1802 2079 1827 adhae-

1438 1846 1548 1871 rentiam
1559 1846 1657 1871 amoris
1667 1846 1713 1871 331
1729 1846 1763 1871 72
1774 1860 1809 1865 -
1819 1846 2022 1872 Ascendendum
2034 1853 2081 1878 per

1438 1890 1639 1916 conversionem
1668 1891 1771 1916 animae
1799 1889 1893 1916 Christi
1917 1891 2035 1922 exemplo
2055 1894 2081 1916 et

1438 1935 1546 1960 consilio
1565 1937 1591 1960 et
1610 1935 1741 1960 consortio
1761 1935 1812 1960 200
1834 1934 1865 1960 43
1882 1949 1915 1953 -
1928 1935 2008 1960 Nemo
2022 1938 2077 1967 pot-

1439 1982 1478 2005 est
1506 1979 1684 2005 conscendere
1712 1979 1745 2004 ad
1780 1983 1902 2005 montana
1937 1980 1993 2005 sine
2021 1986 2081 2011 pen-

1438 2024 1478 2049 nis
1498 2024 1573 2055 fidei,
1597 2024 1653 2056 spei
1679 2027 1704 2049 et
1731 2024 1845 2049 caritatis
1869 2024 1920 2049 232
1943 2023 1973 2049 49
1993 2037 2029 2042 -
2048 2024 2078 2050 Ut

1438 2068 1572 2100 possimus
1591 2075 1696 2093 sursum
1717 2068 1776 2093 ferri
1796 2075 1856 2094 cum
1876 2067 1987 2099 Christo,
2008 2069 2075 2093 intel-

1438 2113 1543 2145 ligentia
1563 2112 1642 2150 debet
1668 2113 1806 2138 illuminari
1833 2119 1880 2145 per
1908 2113 2078 2143 industriam,

1439 2157 1650 2189 concupiscentia
1668 2157 1769 2183 domari
1791 2164 1837 2189 per
1857 2157 2032 2188 disciplinam,
2046 2158 2080 2182 af-

1441 2203 1522 2227 fectus
1541 2201 1698 2227 inflammari
1717 2208 1764 2233 per
1783 2201 1893 2233 gratiam
1914 2200 1976 2227 ibid.

1493 2261 1528 2264 —
1546 2247 1676 2272 Ascensus
1689 2246 1714 2271 in
1728 2249 1842 2271 montem
1857 2245 1986 2277 significat
1999 2246 2079 2270 otium

1439 2290 1668 2322 contemplationis
1698 2290 1738 2315 Vll
1766 2290 1817 2315 239
1842 2290 1876 2315 72
1902 2304 1937 2308 —-
1965 2290 1991 2314 in
2011 2290 2079 2315 scala

1441 2335 1516 2361 lacob
1535 2338 1574 2361 est
1593 2334 1812 2366 contemplativae
1841 2334 1892 2360 276
1912 2334 1954 2360 75.
1975 2334 2025 2360 356
2045 2334 2079 2359 72

1440 2395 1475 2399 -
1497 2380 1625 2406 Ascensus
1644 2382 1669 2407 et
1688 2379 1830 2404 descensus
1858 2379 1884 2404 in
1910 2379 1977 2404 scala
2003 2378 2080 2404 iacob

1440 2427 1479 2450 est
1498 2424 1682 2456 contemplatio
1696 2423 1801 2449 divinae
1814 2423 1957 2449 maiestatis
1969 2423 1995 2448 in
2009 2429 2080 2448 crea-

1441 2470 1506 2495 turis
1531 2472 1556 2494 et
1580 2469 1685 2494 divinae
1714 2467 1864 2493 humilitatis
1890 2468 1914 2492 in
1947 2467 2080 2498 Scriptura

1441 2513 1493 2539 235
1507 2513 1540 2539 59
1553 2527 1588 2532 -
1601 2512 1802 2538 ascendendum
1816 2519 1863 2544 per
1877 2512 2005 2544 triplicem
2016 2512 2080 2536 hier-

1441 2558 1557 2584 archiam
1577 2557 1627 2583 356
1646 2557 1680 2582 72
1700 2570 1735 2575 -
1754 2557 1883 2582 Ascensus
1908 2557 1933 2581 in
1963 2559 2079 2581 montem

1441 2602 1554 2628 ostendit
1580 2608 1718 2627 ascensum
1744 2601 1769 2626 in
1798 2601 1881 2626 Deum
1915 2600 1957 2625 141
1979 2600 2025 2634 ,25
2044 2614 2079 2619 -

1442 2646 1644 2672 Ascendendum
1665 2646 1690 2670 in
1704 2645 1822 2671 oratione
1841 2643 1874 2670 ib.
1895 2645 1938 2669 26.
1958 2644 2007 2669 453
2033 2645 2062 2669 15

1495 2705 1530 2708 -
1550 2691 1678 2715 Ascensus
1703 2688 1841 2721 superbiae
1866 2695 1950 2714 vanus
1974 2692 2012 2713 est
2039 2688 2080 2713 Vll

1442 2734 1476 2759 94
1500 2734 1530 2758 19
1550 2748 1584 2752 -
1598 2734 1729 2759 Ascensus
1741 2733 1768 2758 in
1782 2731 1904 2764 superbis
1919 2732 2025 2763 signum
2044 2736 2081 2757 est

1442 2778 1559 2804 elationis
1580 2778 1630 2802 104
1651 2777 1684 2802 65

1495 2825 1561 2848 Asi-„n
1572 2837 1606 2840 —
1618 2823 1664 2848 fuit
1677 2822 1830 2848 benedictus
1841 2822 1866 2846 in
1877 2821 1935 2846 filiis
1946 2821 1988 2846 vu
1999 2822 2032 2846 63
2047 2821 2080 2846 83

1495 2868 1584 2893 Asnaus
1602 2880 1637 2885 —
1657 2867 1704 2892 Per
1733 2866 1835 2891 asinum
1864 2865 2013 2896 intelligitur
2041 2865 2081 2890 vir

1441 2912 1534 2938 stultus
1547 2911 1590 2936 Vll
1605 2911 1651 2936 361
1671 2911 1703 2936 13
1717 2924 1752 2929 -
1765 2913 1803 2935 051
1817 2909 1901 2941 figura
1915 2909 2005 2941 populi
2022 2916 2081 2940 gen-

1443 2956 1492 2982 tilis
1511 2956 1544 2981 Vl
1565 2955 1616 2981 416
1637 2955 1680 2980 27.
1699 2954 1742 2980 vu
1763 2953 1815 2979 345
1834 2953 1877 2979 35.
1897 2953 1942 2978 361
1968 2954 2009 2978 13.
2030 2953 2080 2978 488

1443 3000 1484 3026 46,
1507 3000 1552 3025 491
1582 3000 1615 3025 52
1640 3013 1674 3017 -
1702 2998 1830 3030 siguificat
1855 3000 1946 3030 gentes
1974 3000 2082 3029 propter

1441 3044 1606 3070 stoliditatem
1627 3043 1787 3075 ignorantiae
1806 3042 1849 3067 vu
1870 3041 1920 3067 489
1940 3041 1973 3066 46
1987 3055 2021 3059 —-
2034 3041 2082 3066 Per

1441 3089 1540 3115 asinam
1554 3088 1704 3120 intelligitur
1717 3093 1854 3119 synagoga
1867 3086 1900 3111 Vl
1917 3085 1967 3111 416
1981 3085 2024 3110 27.
2038 3085 2080 3110 Υ11

1442 3133 1492 3159 488
1514 3133 1557 3158 46.
1577 3132 1622 3158 491
1648 3132 1681 3157 52

1494 3191 1529 3196 -
1547 3177 1625 3203 Asina
1645 3179 1670 3202 et
1689 3177 1784 3208 pullus,
1809 3182 1862 3208 quo
1881 3174 1999 3200 Christus
2018 3181 2081 3199 usus

1441 3225 1494 3254 est,
1512 3222 1608 3247 dicitur
1628 3221 1706 3246 fuisse
1725 3220 1804 3246 totius
1822 3219 1917 3245 castelli
1942 3218 1976 3244 ad
2004 3225 2081 3244 usum

1442 3272 1590 3299 pauperum
1610 3265 1654 3291 Vll
1675 3265 1725 3290 490
1747 3264 1778 3290 49

1494 3325 1529 3329 —-
1548 3310 1649 3336 Asellus
1669 3310 1771 3335 animae
1790 3311 1830 3334 est
1850 3315 1946 3340 corpus
1974 3307 2082 3333 mortale

762 3369 807 3387 sus
826 3362 919 3392 malus,
939 3368 993 3394 quo
1006 3360 1040 3386 ad
1054 3359 1152 3385 malum
1172 3357 1272 3383 inducit
1285 3357 1337 3382 205
1350 3363 1375 3382 v.
1390 3356 1405 3381 4
1446 3355 1489 3381 Vll
1509 3355 1559 3380 496
1580 3354 1613 3379 64

1942 3406 1975 3431 85
