2427 3872
319 281 382 312 690

573 321 637 348 can
659 321 695 353 (3)

370 383 405 386 —
423 368 494 393 venit
512 369 620 399 propter
644 372 692 390 nos
721 364 745 389 in
765 363 911 389 humilitate
929 364 955 387 et

318 413 490 443 humanitate,
509 410 571 443 quia
584 409 699 435 mundus
712 415 764 434 non
779 405 955 438 cognoscebat

316 458 373 483 eius
391 455 576 482 sublimitatem
596 454 628 478 Vl
650 453 701 478 253
721 452 750 477 31
774 465 809 469 -
827 450 901 476 venit
919 450 953 475 ad

319 500 513 527 immittendum
545 497 690 524 dilectionis
726 495 890 525 incendium,
921 493 955 519 ad

318 544 506 577 perficiendum
535 542 665 574 passionis
692 540 839 566 remedium
868 541 894 564 et
921 537 956 563 ad

317 588 538 615 introducendum
557 587 665 612 affectus
682 584 793 610 carnaiis
812 583 954 609 divortium

318 634 361 659 Vii
380 633 432 658 330
450 632 484 657 70
504 645 539 650 -
558 631 626 656 lusto
644 629 742 655 iudicio
761 629 787 654 in
799 627 893 654 Christi
912 626 956 652 ad·

317 681 397 703 ventu
419 676 489 702 caeci
508 678 582 701 erant
599 673 762 699 illuminandi
782 675 807 697 et
824 670 954 697 Pharisaei

318 721 473 747 excaecandi
500 720 533 745 Vi
553 719 603 744 376
625 718 657 743 47
676 731 712 737 --
730 717 838 742 veniens
858 716 882 740 in
902 721 955 740 car·

318 773 378 791 nem
397 765 525 790 illuminat
543 765 694 795 peccatores
712 764 828 787 errantes
849 760 890 785 Vll
905 758 955 784 434

318 810 352 836 27
373 824 406 828 —-
425 809 497 834 venit
515 812 544 833 ut
562 808 603 833 iux
623 807 655 832 ad
669 805 847 837 dirigendum⁷
861 806 956 829 011110-

317 854 403 880 diator
421 853 455 879 ad
474 852 653 883 liberandum,
673 853 701 876 ut
725 849 827 875 amicus
845 848 879 874 ad
897 855 957 873 con-

318 898 478 928 vivandum,
498 900 526 922 ut
545 902 658 927 sponsus
681 894 714 920 ad
734 892 956 923 cohabitandum,

318 945 346 968 ut
365 949 408 968 rex
427 941 461 967 ad
480 939 699 972 praesidendum,
720 941 747 964 ut
765 937 844 963 iudex
863 936 895 962 ad
916 943 957 961 re-

318 986 488 1012 tribuendum
510 985 541 1010 Vl
562 984 613 1009 597
633 991 659 1008 v.
679 983 712 1008 46

370 1045 404 1049 —
418 1029 569 1059 incarnatio,
582 1028 669 1060 passio
683 1030 707 1052 et
720 1026 876 1052 resurrectio
887 1025 957 1051 Chri-

317 1075 347 1101 sti
366 1078 427 1101 sunt
444 1080 523 1100 causa
551 1073 621 1098 vitae
639 1074 665 1097 et
683 1071 773 1097 salutis
797 1073 903 1096 nostrae
922 1070 955 1095 Vi

317 1120 368 1145 250
398 1119 431 1144 45
458 1132 494 1137 -
513 1117 545 1143 ad
570 1123 618 1142 nos
646 1115 782 1141 descendit
809 1114 956 1141 exhibendo

318 1163 511 1189 miserationem
540 1161 647 1187 divinae
674 1159 778 1192 pietatis
802 1159 854 1185 540
881 1159 891 1184 4
920 1171 957 1177 -

317 1208 365 1233 Ρο1
384 1207 515 1233 Christum
536 1205 687 1238 pacificatur
707 1205 786 1229 homo
805 1211 866 1229 cum
887 1204 956 1234 Deo,

318 1259 378 1278 cum
398 1251 516 1283 Angelis,
546 1257 607 1275 cum
633 1249 740 1275 homine
767 1251 794 1273 et
821 1248 846 1273 in
865 1255 893 1273 se
912 1247 955 1273 Vll

318 1297 346 1322 5l
371 1296 400 1322 31
424 1295 585 1320 -Affectus
602 1294 707 1325 pietatis
732 1296 770 1318 est
799 1292 825 1317 in
853 1291 956 1318 Christo

317 1340 465 1366 secundum
493 1342 612 1364 naturam
633 1339 792 1368 assumtam,
819 1339 845 1361 et
872 1336 957 1361 virtus

318 1384 460 1410 maiestatis
494 1382 641 1408 secundum
672 1384 792 1407 naturam
824 1383 957 1405 aeternam

319 1429 365 1454 471
390 1429 422 1454 23

371 1487 406 1491 -
438 1472 475 1497 De
504 1471 606 1497 Christo
643 1470 803 1495 sufficienter
833 1471 958 1499 tractare,

319 1520 446 1550 quantum
467 1516 546 1547 exigit
565 1516 622 1540 eius
641 1514 769 1546 dignitas,
788 1516 827 1539 est
839 1513 959 1545 impossi-

320 1561 371 1587 biie
399 1561 446 1587 toti
477 1560 577 1586 mundo
609 1562 634 1585 et
661 1558 733 1584 omni
765 1558 884 1590 linguae,
912 1557 958 1583 sed

320 1605 460 1638 Evangelia
470 1605 572 1636 singula
587 1606 697 1629 tractant
709 1603 867 1628 sufficienter
879 1608 959 1634 quan-

320 1654 375 1676 tum
394 1650 429 1675 ad
447 1648 618 1675 substantiam
638 1651 664 1673 et
681 1647 878 1679 explicationem
898 1646 958 1672 fidei

321 1695 354 1720 Vi
374 1694 425 1719 242
445 1694 460 1718 9
481 1693 509 1718 2·
527 1706 563 1712 -
582 1693 652 1718 50105
666 1695 751 1724 potest
763 1692 892 1724 explicare
905 1698 958 1722 my-

320 1738 427 1764 sterium
448 1737 631 1763 incarnationis
651 1737 694 1762 Vli
717 1736 751 1761 79
772 1736 805 1761 38
824 1749 860 1754 —
879 1735 959 1766 Origo

320 1782 413 1808 Christi
433 1780 703 1813 incomprehensibilis
723 1781 754 1804 Vi
776 1780 821 1805 491
849 1780 889 1805 10,
909 1778 960 1804 494

320 1828 354 1852 22
373 1841 408 1845 —-
427 1827 483 1852 Non
502 1832 645 1858 possumus
663 1825 808 1856 intelligere
826 1823 913 1849 omnia
928 1824 961 1848 fa-

320 1874 361 1897 cta
380 1878 394 1896 a
413 1871 515 1896 Christo
535 1871 585 1896 529
615 1869 658 1894 56.
678 1869 729 1894 530
750 1868 783 1893 57
804 1882 837 1886 -
857 1868 883 1892 111
902 1867 961 1892 visi-

321 1916 416 1942 tatione
435 1915 481 1940 Dei
501 1914 567 1939 mira
588 1914 634 1939 fuit
651 1913 708 1938 eius
727 1912 844 1944 dignatio
864 1912 907 1937 Vii
929 1911 961 1937 42

322 1961 372 1985 438
401 1973 436 1978 -
464 1961 523 1984 31110
556 1957 776 1987 incarnationem,
807 1956 867 1981 iicet
893 1958 962 1981 esset

321 2010 424 2029 summa
447 2003 489 2028 iux
508 2000 632 2027 omnibus
645 2007 781 2032 praesens,
794 2007 847 2025 11011
867 2006 962 2031 cogno-

321 2047 443 2073 scebatur
462 2053 476 2071 a
498 2046 597 2071 mundo
616 2045 649 2070 Vl
669 2045 715 2070 251
740 2044 773 2069 24
793 2058 828 2062 ——-
847 2044 962 2069 incarna⁶

321 2092 357 2117 tio
370 2094 409 2117 est
422 2090 518 2115 inutilis
536 2089 628 2122 nobis,
647 2089 695 2114 nisi
715 2089 896 2114 manifestetur
910 2088 961 2114 250

323 2136 356 2161 47
374 2149 410 2154 -
428 2134 522 2161 Christi
542 2134 676 2165 generatio
689 2132 924 2165 imperscrutabilis
937 2134 963 2158 et

322 2179 451 2206 adventus
470 2179 588 2204 occuitus
602 2178 652 2203 346
673 2179 706 2203 38
721 2191 757 2197 —
768 2177 863 2204 Christi
883 2177 962 2202 incar-

321 2224 392 2250 natio
421 2226 460 2249 cst
486 2226 680 2249 sacramentum
709 2229 836 2254 magnum
862 2222 963 2247 ratione

321 2269 484 2299 Divinitatis,
503 2270 624 2293 sanctum
643 2267 744 2292 ratione
763 2269 896 2292 assumtae
916 2267 961 2292 hu-

322 2313 453 2338 manitatis
473 2312 516 2337 Vll
536 2312 569 2337 32
589 2312 623 2337 93

376 2371 410 2375 —
429 2357 456 2381 in
475 2356 651 2381 incarnatione
670 2355 788 2381 ascendit
812 2358 871 2380 ante
900 2361 962 2384 nos,

324 2404 352 2426 ut
370 2401 440 2426 viam
469 2401 539 2425 vitae
564 2400 713 2425 ostenderet
741 2406 787 2431 per
812 2399 961 2431 exemptum

323 2445 393 2470 vitae
411 2447 437 2469 et
456 2444 589 2477 eloquium
615 2443 749 2469 doctrinae
768 2443 801 2468 Vi
822 2443 868 2468 624
893 2444 908 2468 2
928 2456 963 2461 -

324 2489 442 2514 Salvator
461 2488 551 2513 mundi
571 2488 596 2513 in
615 2495 664 2513 suo
677 2490 735 2513 ortu
749 2488 899 2519 exemplum
915 2487 967 2512 vir-⁷

324 2533 385 2558 tutis
404 2531 526 2563 praebuit
545 2534 570 2557 et
589 2532 660 2556 viam
679 2531 770 2556 salutis
788 2531 901 2556 ostendit
920 2531 962 2556 Vll

325 2576 358 2601 48
379 2576 411 2600 46
441 2589 476 2594 -
501 2576 610 2601 veniens
635 2576 659 2600 in
680 2582 785 2600 carnem
815 2575 859 2600 dat
877 2581 964 2600 exem-

325 2620 397 2652 plum
418 2619 581 2650 humilitatis,
596 2619 803 2644 mansuetudinis
816 2622 842 2644 01
854 2625 965 2651 pauper-

325 2664 384 2689 tatis
403 2663 436 2689 Vi
456 2663 508 2689 595
529 2663 543 2688 4
563 2677 598 2682 —
622 2663 647 2688 in
672 2663 849 2688 incarnatione
874 2663 965 2688 illumi-

325 2711 370 2733 nat
387 2707 420 2733 ad
441 2706 630 2737 humilitatem,
651 2707 675 2732 in
696 2707 829 2732 nativitate
848 2707 882 2732 ad
902 2714 966 2738 patt-

326 2754 462 2783 pertatem,
482 2751 507 2776 in
520 2743 719 2777 circumcisione
732 2751 765 2776 ad
780 2751 966 2781 obedientiam,

327 2796 352 2821 in
370 2795 534 2827 apparitione
553 2795 585 2821 ad
611 2795 745 2821 doctrinae
773 2795 966 2821 communican-

327 2840 403 2870 tiam,
430 2840 453 2865 in
480 2839 609 2865 oblatione
634 2839 668 2865 ad
692 2838 851 2869 orationem,
877 2839 902 2864 in
922 2838 965 2864 ba·

326 2884 423 2916 ptismo
442 2884 475 2909 ad
495 2884 564 2909 vitae
584 2884 741 2915 novitatem,
761 2883 799 2913 in¹
814 2883 912 2909 ieiunio
932 2883 965 2909 ad

326 2928 412 2953 carnis
430 2928 655 2953 mortificationem
676 2928 723 2953 301
749 2928 781 2953 83
803 2928 858 2960 (82)

380 2985 414 2991 --
432 2976 471 2998 051
490 2972 651 2997 admirabilis
675 2978 797 3004 nascens,
817 2971 966 3004 proficiens,

326 3016 439 3047 docens,
458 3019 561 3046 tacens,
575 3022 670 3048 agens,
684 3016 798 3048 patiens,
818 3023 967 3048 resurgens,

327 3060 480 3090 ascendens,
499 3060 616 3086 iudicans
636 3060 678 3086 Vii
698 3060 730 3085 53
751 3061 784 3086 39
804 3075 838 3078 -
857 3059 968 3086 admira-

328 3103 387 3130 bilis
405 3107 444 3130 est
462 3103 610 3129 secundum
627 3104 700 3136 quod
714 3104 842 3130 mediator
855 3105 882 3130 in
895 3104 968 3136 pacis

328 3148 483 3179 concordia,
502 3147 649 3174 secundum
669 3148 741 3181 quod
754 3149 868 3174 salvator
880 3149 906 3174 in
920 3149 968 3174 010-

328 3192 434 3223 111011ιὶ11,
453 3192 600 3218 secundum
618 3192 690 3225 quod
711 3192 803 3218 doctor
822 3193 849 3218 in
868 3193 969 3225 sapien-

328 3236 378 3266 tia,
396 3236 542 3262 secundum
562 3237 633 3269 quod
647 3237 821 3269 triumphator
834 3237 860 3263 in
880 3240 969 3269 poten-

330 3279 363 3304 tia
383 3281 416 3306 60
436 3280 470 3306 74
489 3294 525 3300 -
537 3284 576 3306 051
590 3280 716 3306 mirabilis
737 3284 831 3307 cuncta
846 3281 968 3313 creando,

1179 273 1293 306 INDEX
1319 272 1446 305 RERUM

991 362 1108 387 servavit
1126 361 1367 391 circumcisionem,
1387 367 1420 385 ne
1447 359 1581 385 videretur
1600 359 1633 384 ai-

992 406 1073 432 terius
1091 406 1157 431 ritus
1175 408 1201 430 et
1219 405 1304 437 gentis
1323 405 1355 430 vt
1375 403 1428 430 344
1442 404 1476 429 25
1490 403 1518 429 2*
1539 418 1572 422 —-
1585 410 1633 429 vo-

992 450 1039 475 luit
1057 449 1210 475 circumcidi
1230 451 1339 480 propter
1363 448 1441 480 Legis
1468 446 1634 480 approbatio-

992 500 1054 519 nem
1072 496 1098 518 et
1125 492 1320 525 impletionem,
1345 494 1454 524 propter
1482 491 1634 517 humilitatis

993 538 1179 567 ostensionem,
1202 540 1310 568 propter
1337 536 1479 568 spiritualis
1499 536 1635 561 circumci-

992 582 1073 608 sionis
1088 580 1308 607 introduetionem
1327 583 1354 606 et
1372 583 1480 612 propter
1498 580 1635 606 conformi-

993 626 1051 652 tatis
1063 628 1089 651 et
1101 624 1259 651 concordiae
1272 624 1530 650 commendationem
1544 624 1587 650 Vll
1601 624 1634 650 54

994 669 1027 695 45
1040 684 1076 688 -
1089 670 1115 695 111
1128 669 1329 695 circumcisione
1341 676 1370 694 se
1383 670 1497 701 perfecte
1515 668 1636 694 humilia-

993 714 1031 739 vit
1049 717 1075 739 et
1090 713 1222 739 inchoavit
1234 716 1350 738 nostram
1363 713 1473 739 salutem
1487 711 1549 739 ibid.
1561 727 1597 731 —
1610 712 1634 738 in

993 758 1191 784 circumcisione
1200 760 1310 783 vocatur
1317 757 1466 790 iesus,quia
1475 764 1528 782 non
1535 757 1637 789 accepit

992 802 1221 828 circumcisionem
1240 805 1349 834 propter
1367 802 1547 827 necessitatem
1571 808 1635 828 suae

993 847 1144 878 curationis,
1162 846 1208 872 sed
1229 849 1338 878 propter
1357 846 1579 878 dispensationem
1593 853 1636 872 no-

993 894 1062 917 strae
1087 891 1177 917 salutis
1201 891 1235 917 55
1262 891 1295 916 46
1320 905 1353 909 —
1379 891 1531 916 nominatur
1551 891 1634 923 iesus,

993 936 1055 969 quia
1075 939 1114 961 est
1133 936 1252 962 Salvator
1272 942 1336 961 vere
1354 938 1380 961 et
1398 935 1507 967 proprie
1524 934 1586 962 ibid.

1047 995 1082 1000 —
1101 981 1204 1006 delatus
1216 981 1242 1006 in
1256 981 1394 1006 ierusalem
1407 983 1433 1006 et
1446 981 1470 1005 in
1484 980 1635 1012 Aegyptum

994 1026 1037 1051 Vll
1057 1025 1091 1050 57
1111 1025 1144 1050 56
1164 1040 1199 1044 —
1217 1025 1353 1050 descendit
1380 1032 1395 1051 a
1423 1025 1517 1050 iudaea
1543 1024 1568 1050 in
1587 1025 1636 1049 Ae-

994 1072 1107 1102 gyptum
1136 1072 1245 1102 propter
1272 1069 1484 1101 persecutionem
1511 1068 1636 1099 Herodis,

994 1117 1084 1147 postea
1104 1114 1208 1140 rediens
1228 1114 1262 1139 de
1281 1114 1402 1146 Aegypto
1420 1114 1538 1145 perlatus
1553 1116 1593 1138 est
1611 1113 1637 1138 in

993 1159 1133 1184 Galilaeam
1154 1161 1263 1190 prepter
1282 1158 1404 1183 timorem
1424 1157 1541 1183 Archelai
1555 1157 1590 1183 65
1604 1157 1637 1182 90

993 1218 1029 1221 —-
1048 1203 1074 1228 in
1094 1203 1259 1235 apparitione
1277 1202 1395 1228 notitiam
1418 1209 1494 1227 suam
1515 1200 1638 1233 gentibus

993 1247 1120 1273 revelavit
1139 1247 1173 1272 Vi
1192 1247 1243 1272 302
1264 1247 1297 1271 83

1048 1306 1083 1309 -
1103 1299 1117 1316 3
1138 1290 1293 1323 parentibus
1320 1289 1470 1316 ducebatur
1494 1290 1519 1315 in
1539 1291 1638 1316 ierusa-

994 1336 1045 1361 lem
1059 1335 1092 1361 ad
1106 1335 1204 1361 cultum
1216 1335 1335 1361 divinum
1349 1334 1532 1367 peragendum
1547 1335 1589 1360 Vii
1604 1334 1638 1360 65

995 1380 1039 1406 93.
1069 1380 1103 1405 66
1122 1379 1157 1405 94
1176 1394 1211 1398 —
1230 1379 1356 1405 remansit
1384 1379 1411 1404 in
1440 1379 1578 1404 ierusalem
1604 1379 1639 1405 ad

995 1424 1145 1450 vacandum
1164 1424 1275 1449 orationi
1294 1424 1349 1449 sine
1368 1427 1507 1456 parentum
1535 1430 1640 1449 consor-

996 1469 1032 1494 tio
1052 1469 1085 1494 66
1106 1468 1139 1494 94
1159 1483 1194 1486 —
1213 1468 1340 1494 remansit
1367 1469 1439 1493 solus
1467 1468 1524 1493 sine
1543 1475 1638 1500 paren-

996 1516 1052 1539 tum
1078 1513 1185 1539 consilio
1204 1516 1230 1538 et
1249 1513 1404 1544 complacito
1424 1511 1459 1539 ib.
1479 1513 1522 1543 95,
1541 1513 1584 1544 96,
1604 1513 1638 1538 97

997 1572 1030 1577 —
1051 1558 1150 1584 dimisit
1169 1561 1291 1590 parentes
1309 1560 1417 1590 propter
1436 1558 1538 1583 Patrem
1557 1560 1639 1583 aeter-

996 1610 1059 1628 num
1081 1603 1114 1627 68
1135 1602 1186 1627 406
1209 1616 1245 1620 -
1269 1601 1380 1634 Cognati
1408 1605 1434 1628 et
1461 1602 1515 1627 noti
1544 1601 1637 1628 Christi

996 1648 1155 1679 elongantur
1173 1645 1207 1672 ab
1226 1646 1284 1678 ipso
1304 1647 1336 1672 66
1357 1647 1400 1677 96,
1419 1646 1452 1672 97

1050 1706 1085 1710 —
1106 1690 1214 1717 Matrem
1240 1697 1304 1723 prae
1331 1690 1456 1716 omnibus
1481 1690 1568 1717 dilexit
1592 1691 1637 1717 Vll

999 1736 1049 1761 l98
1069 1736 1101 1761 33
1121 1750 1156 1754 -
1176 1735 1247 1761 Matri
1267 1742 1374 1768 semper
1386 1734 1527 1761 obediebat
1541 1736 1571 1761 Vi
1586 1736 1638 1761 269

999 1781 1014 1806 5
1033 1795 1068 1798 -
1087 1782 1225 1812 correptus
1244 1786 1258 1805 a
1278 1780 1357 1805 Matre
1376 1787 1405 1805 se
1420 1780 1552 1805 humiliter
1565 1787 1639 1806 excu-

998 1824 1080 1855 savit,
1108 1824 1247 1855 invitatus,
1279 1827 1307 1850 ut
1342 1825 1437 1850 faceret
1467 1824 1639 1854 miraculum,

999 1868 1066 1894 dure
1085 1868 1227 1900 respondet
1254 1868 1280 1893 in
1309 1869 1460 1900 exemplum
1489 1867 1641 1893 humilitatis

1000 1913 1042 1939 Vll
1062 1913 1096 1938 68
1118 1913 1168 1938 407
1187 1927 1222 1931 ——
1238 1919 1267 1938 se
1279 1912 1391 1938 subiecit
1403 1912 1475 1938 Matri
1488 1912 1640 1944 corripienti

999 1957 1146 1983 secundum
1166 1957 1282 1982 officium
1303 1956 1405 1988 pietatis
1424 1955 1457 1982 ib.
1479 1957 1530 1982 405
1549 1971 1584 1974 -
1603 1963 1640 1982 10-

999 2001 1113 2032 spondet
1141 2001 1272 2026 humiliter
1290 2003 1316 2026 et
1334 2000 1465 2032 sapienter
1487 1999 1641 2032 parenthus

999 2044 1032 2071 ib.
1054 2045 1104 2070 406

1053 2103 1088 2107 -
1107 2088 1179 2114 Matri
1199 2089 1298 2120 petenti
1317 2096 1370 2114 non
1398 2089 1535 2121 respondit
1553 2096 1584 2115 ex
1603 2089 1642 2115 in-

1000 2133 1164 2166 dignatione,
1184 2133 1232 2159 sed
1251 2140 1281 2159 ex
1301 2134 1445 2165 humilitate
1459 2136 1485 2159 et
1498 2133 1531 2160 ad
1547 2133 1642 2159 instru-

1000 2178 1113 2204 ctionem
1134 2178 1167 2204 Vi
1188 2179 1239 2204 269
1267 2178 1290 2203 4.
1320 2178 1371 2204 273
1393 2178 1426 2204 47
1447 2192 1479 2197 -
1499 2178 1524 2204 111
1545 2178 1642 2210 nuptiis

1000 2223 1089 2249 divina
1110 2224 1225 2249 facturus
1243 2220 1319 2256 quasi
1340 2223 1456 2255 ignotam
1476 2223 1572 2255 repulit
1591 2223 1642 2249 Ma-

1000 2270 1066 2293 trem
1088 2267 1138 2293 499
1159 2267 1191 2293 44

1053 2325 1088 2331 —
1108 2312 1239 2344 approbat
1263 2312 1369 2338 laudem
1396 2312 1483 2338 Matris
1510 2319 1574 2338 suae
1599 2312 1641 2337 Vii

1001 2356 1052 2382 297
1072 2357 1105 2382 62
1126 2370 1159 2375 —-
1178 2357 1284 2389 reliquit
1312 2357 1419 2382 Matrem
1439 2360 1465 2382 et
1484 2358 1576 2382 fratres
1598 2356 1643 2382 Ca·

1001 2402 1148 2432 pharnaum
1168 2401 1202 2426 Vi
1222 2401 1273 2427 273
1295 2401 1336 2432 49,
1357 2402 1390 2426 20

1054 2458 1089 2464 -
1107 2443 1215 2471 Fratres
1233 2445 1327 2471 Christi
1347 2445 1469 2471 dicuntur
1482 2446 1586 2477 cognati
1600 2445 1642 2471 vel

1002 2489 1190 2520 consanguinei
1211 2487 1235 2514 in
1255 2489 1373 2515 secundo
1397 2489 1482 2521 gradu
1502 2490 1534 2515 Vi
1554 2489 1606 2515 340
1627 2489 1641 2514 4

1001 2547 1036 2552 --
1055 2532 1250 2564 Consanguinei
1269 2534 1331 2559 vani
1350 2534 1511 2565 persuadent
1526 2534 1643 2559 01110110-

1001 2584 1058 2602 rem
1078 2580 1211 2603 terrenum
1231 2580 1256 2603 et
1280 2585 1378 2603 vanum
1407 2577 1440 2604 ib.
1461 2578 1476 2603 3
1496 2591 1532 2597 —-
1550 2577 1643 2603 vitavit

1001 2620 1195 2646 multitudinem
1214 2622 1487 2654 consanguineorum,
1508 2625 1536 2647 ut
1553 2622 1644 2647 lateret

1003 2665 1049 2690 341
1074 2666 1090 2690 9
1109 2680 1143 2683 -
1162 2666 1244 2691 noluit
1262 2666 1405 2691 ascendere
1433 2673 1493 2691 cum
1520 2665 1643 2691 fratribus

1002 2708 1035 2734 ad
1055 2709 1126 2734 diem
1146 2710 1256 2740 festum,
1275 2713 1304 2735 ut
1323 2712 1412 2741 posset
1430 2710 1539 2735 latenter
1557 2716 1644 2735 ascen-

1003 2752 1066 2778 dere
1095 2752 1158 2779 ibid.
1187 2753 1238 2778 342
1269 2753 1301 2778 47
1322 2768 1356 2771 -
1376 2753 1531 2786 requiritur,
1558 2756 1586 2778 ut
1610 2753 1642 2778 ad

1003 2796 1168 2829 propinquos
1187 2799 1300 2822 transeat
1319 2800 1374 2823 tum
1394 2800 1503 2829 propter
1523 2800 1643 2822 naturam

1003 2841 1213 2873 agnoscendam,
1233 2843 1288 2866 tum
1318 2844 1426 2873 propter
1453 2841 1587 2866 caritatem
1607 2847 1644 2866 re-

1004 2885 1171 2916 pendendam
1192 2885 1233 2910 Vll
1254 2885 1304 2910 497
1325 2885 1358 2910 30
1377 2897 1414 2903 -
1429 2885 1515 2917 magis
1527 2888 1644 2917 accepta-

1004 2928 1049 2954 bat
1067 2929 1255 2961 discipuiorum
1269 2929 1443 2954 eruditionem
1457 2936 1537 2962 quam
1551 2936 1645 2961 paren-

1005 2975 1060 2998 tum
1088 2973 1250 2999 affectionem
1284 2973 1332 2997 198
1358 2973 1386 2997 31
1412 2987 1445 2991 —-
1465 2974 1578 3005 praefert
1602 2980 1645 3006 pa-

1004 3017 1095 3043 rentali
1115 3017 1265 3049 cognationi
1284 3023 1348 3042 suae
1361 3018 1409 3043 hos
1422 3017 1468 3050 qui
1481 3017 1569 3043 audita
1586 3025 1645 3044 con-

1005 3065 1151 3094 sequuntur
1169 3060 1204 3087 ib.
1224 3062 1257 3087 33

1058 3117 1093 3124 —·
1111 3105 1213 3130 Fratres
1232 3104 1325 3130 Christi
1344 3105 1409 3131 110111
1428 3105 1583 3137 cognatione
1595 3106 1645 3138 spi-

1005 3149 1092 3175 rituaii
1111 3149 1154 3175 Vll
1174 3148 1226 3174 297
1245 3150 1279 3175 62
1298 3162 1333 3168 -
1351 3152 1391 3175 051
1409 3150 1516 3175 1101113111
1540 3150 1645 3181 generis

1006 3195 1084 3219 frater
1103 3193 1154 3219 513
1174 3192 1217 3219 37.
1236 3193 1282 3218 561
1307 3193 1341 3218 66

1043 3236 1058 3263 4
1077 3250 1112 3257 -
1132 3237 1243 3269 gratiam
1263 3236 1413 3263 inveniebat
1438 3244 1526 3263 coram
1547 3237 1601 3263 Deo
1619 3242 1645 3263 et

1006 3281 1158 3307 hominibus
1177 3281 1220 3307 Vll
1240 3281 1273 3306 69
1294 3282 1345 3306 410
1364 3295 1398 3300 -
1418 3276 1457 3307 e'st
1476 3281 1569 3313 plenus
1588 3288 1644 3313 gra·

329 3324 422 3355 plenus
432 3325 575 3356 gratiarum
586 3325 674 3350 omnia
693 3325 968 3351 1001031111ον15383
1006 3325 1040 3351 tia
1059 3332 1112 3351 non
1136 3325 1220 3351 solum
1240 3325 1413 3356 sufficienter,
1432 3325 1478 3351 sed
1497 3326 1576 3351 etiarn
1601 3333 1645 3352 su—

366 3368 381 3393 3
400 3382 433 3386 —
454 3375 505 3394 non
523 3372 578 3394 erat
597 3369 731 3396 subiectus
752 3370 803 3401 legi
823 3373 970 3401 praesenta·
1006 3369 1218 3402 perabundanter
1238 3370 1271 3395 89
1287 3371 1302 3395 2
1316 3383 1348 3388 -
1363 3369 1518 3402 proficiebat
1537 3370 1645 3396 interius

330 3411 406 3436 tionis
434 3412 669 3445 primogenitorum
700 3414 742 3439 Vii
762 3414 795 3440 56
815 3414 848 3440 53
868 3428 902 3433 —
922 3413 969 3440 ob·
1006 3414 1153 3440 secundum
1172 3413 1333 3439 evidentiam
1361 3414 1432 3446 apud
1463 3414 1546 3440 Deum
1566 3415 1645 3440 hono·

1927 315 1992 341 CHR
2013 315 2050 348 (4)

1670 359 1782 385 randum
1808 362 1834 385 et
1861 359 1980 385 homines
2008 359 2186 385 aedificandos
2205 360 2238 385 69
2260 360 2310 385 410

1670 418 1705 422 -
1735 403 1819 429 01ον11
1849 403 1876 428 111
1908 402 1985 429 bonis
2015 403 2196 436 spiritualibus
2226 404 2312 436 magis

1670 448 1759 480 quoad
1779 447 1939 473 evidentiam
1953 454 2035 480 quam
2048 448 2137 480 quoad
2150 448 2312 474 existentiam

1672 492 1704 517 Vi
1724 491 1776 517 553
1796 492 1811 517 2
1831 506 1867 510 -
1886 492 1911 517 111
1931 492 2013 523 gratia
2033 498 2126 517 omnes
2148 492 2247 518 excellit
2260 492 2311 517 288

1672 536 1706 561 57
1719 549 1755 555 —
1768 536 1815 561 fuit
1833 537 1928 567 plenus
1947 536 2029 568 gratia
2050 536 2176 567 singulari
2190 536 2312 568 maxima,

1672 586 1742 612 quae
1760 580 1845 612 potuit
1857 587 1915 605 esse
1928 580 1955 605 in
1969 580 2090 611 homine,
2103 583 2129 605 et
2141 580 2224 612 gratia
2239 580 2314 606 unio-

1672 624 1727 657 nis,
1746 631 1799 657 qua
1823 625 1891 650 nulia
1922 625 2006 650 maior
2033 624 2086 650 255
2115 624 2144 650 41
2168 639 2203 643 -
2221 624 2313 650 habuit

1672 669 1783 700 gratiam
1812 672 1925 694 creatam
1955 669 2054 694 finitam
2080 669 2106 694 in
2131 675 2173 701 se,
2193 669 2241 695 sed
2259 675 2313 694 non

1672 715 1797 738 arctatam
1811 713 1845 738 ad
1858 713 1971 746 aliquem
1985 716 2072 739 actum
2082 732 2088 744 ,
2101 713 2149 739 sed
2161 713 2195 739 ad
2205 719 2313 739 omnem

1673 757 1724 782 289
1745 758 1779 783 63
1798 770 1834 776 -
1852 760 1981 790 quantum
2008 757 2043 783 ad
2067 757 2256 783 humanitatem
2276 759 2315 782 est

1672 802 1766 834 plenus
1785 802 1869 833 gratia
1888 802 1921 827 ad
1940 801 2116 828 exhaurienda
2130 804 2250 834 peccata,
2263 801 2314 833 pie-

1672 853 1723 872 nus
1742 846 1858 872 veritatis
1886 846 1920 872 ad
1949 846 2082 878 implenda
2107 846 2237 878 promissa
2262 845 2313 871 254

1673 890 1707 916 35
1728 905 1761 909 -
1779 891 1890 916 eiectusv
1904 893 1944 916 est
1972 891 1997 916 in
2028 890 2189 922 singularem
2215 890 2314 922 gratiae

1672 935 1862 967 plenitudinem
1885 935 1937 961 605
1957 942 1983 960 v.
2004 935 2036 960 46
2056 950 2091 953 -
2109 935 2180 961 Deus
2198 942 2251 960 non
2270 934 2316 960 dat

1672 978 1775 1005 Christo
1791 979 1913 1011 spiritum
1932 979 1967 1005 ad
1986 986 2137 1005 mensuram
2151 982 2248 1005 certam
2263 979 2314 1004 288

1674 1023 1707 1049 57
1726 1037 1762 1042 -
1781 1023 1806 1049 111
1826 1024 1882 1049 5010
1901 1023 2004 1050 Christo
2032 1026 2072 1049 est
2098 1024 2183 1055 gratia
2210 1023 2315 1054 unionis

1675 1068 1717 1093 Vii
1737 1067 1771 1093 24
1791 1067 1824 1093 56
1843 1083 1879 1086 -
1898 1068 1991 1093 Anima
2016 1067 2112 1094 Christi
2132 1067 2157 1093 in
2176 1070 2244 1094 statu
2263 1068 2316 1093 via-

1674 1111 1738 1137 toris
1757 1111 2040 1137 habebat'continuam
2058 1112 2104 1137 Dei
2119 1112 2268 1138 fruitionem
2282 1112 2315 1137 Vi

1675 1155 1727 1181 225
1744 1162 1772 1181 v.
1793 1156 1826 1181 46
1845 1169 1881 1175 -
1900 1157 1926 1181 111
1945 1155 2047 1182 Christo
2061 1156 2110 1182 fuit
2122 1156 2247 1188 perfectio
2266 1156 2316 1181 vir-

1675 1200 1737 1225 tutis
1755 1207 1786 1226 ex
1805 1203 1880 1232 parte
1898 1200 1994 1226 mentis
2018 1207 2080 1226 cum
2099 1200 2202 1226 defectu
2226 1200 2317 1226 aetatis

1675 1251 1706 1269 ex
1726 1247 1802 1277 parte
1820 1244 1908 1270 carnis
1927 1244 1970 1270 Vtt
1990 1245 2025 1270 65
2044 1245 2073 1269 91

1729 1302 1764 1308 -
1784 1289 1810 1314 111
1829 1288 1932 1314 Christo
1956 1288 2003 1314 fuit
2022 1289 2134 1321 Spiritus
2153 1292 2258 1315 sanctus
2276 1296 2317 1315 se-

1675 1333 1792 1358 cundum
1811 1333 1992 1359 omnimodam
2012 1334 2200 1365 plenitudinem
2221 1334 2264 1360 Vll
2282 1334 2314 1359 83

1676 1377 1709 1403 53
1729 1391 1765 1396 —
1783 1384 1831 1410 per
1856 1378 2085 1404 mansuetudinem
2104 1379 2176 1404 venit
2194 1377 2257 1405 ibid.
2280 1392 2316 1397 —

1676 1422 1762 1453 Super
1789 1429 1930 1454 personam
1959 1422 2052 1448 Christi
2078 1423 2104 1448 in
2130 1424 2246 1449 1101113113
2272 1430 2318 1448 113-

1675 1469 1733 1492 11113
1753 1467 1866 1498 Spiritus
1885 1470 1991 1493 sanctus
2009 1467 2141 1501 requievit
2159 1467 2191 1493 97
2207 1468 2249 1494 36.
2265 1467 2315 1493 452

1676 1511 1709 1536 62
1730 1525 1764 1529 -
1784 1511 1897 1543 Spiritus
1921 1516 2028 1538 sanctus
2051 1512 2183 1546 requievit
2202 1512 2226 1538 in
2246 1512 2317 1538 Chri-

1675 1558 1714 1581 sto
1735 1555 1768 1581 Vi
1788 1556 1840 1581 260
1860 1556 1894 1581 66
1912 1570 1948 1586 ‚·-
1968 1556 2080 1588 Spiritus
2099 1561 2205 1583 sanctus
2224 1556 2273 1582 fuit
2292 1556 2316 1582 in

1675 1600 1777 1626 Christo
1796 1607 1826 1626 ex
1845 1604 1966 1632 tempore
1985 1601 2164 1633 conceptionis
2181 1600 2215 1628 ib.
2235 1601 2269 1626 67
2282 1614 2317 1620 —

1675 1645 1787 1677 Spiritus
1799 1648 1905 1671 sanctus
1917 1645 2012 1671 dicitur
2024 1653 2083 1672 esse
2095 1653 2176 1678 super
2186 1645 2316 1672 Christum

1674 1692 1803 1722 quantum
1813 1690 1848 1715 ad
1856 1690 2054 1722 conceptionem
2066 1698 2112 1723 per
2121 1691 2178 1716 eius
2184 1691 2318 1721 virtutem,

1675 1734 1717 1759 vei
1736 1737 1863 1767 quantum
1883 1734 1915 1760 ad
1935 1735 2194 1767 superexcellentiam
2219 1734 2319 1767 gratiae

1676 1778 1816 1810 singularis
1844 1779 1886 1804 Vii
1915 1778 1949 1804 97
1978 1779 2011 1804 36
2039 1792 2075 1802 ·—.
2095 1779 2121 1804 in
2150 1778 2253 1805 Christo
2280 1781 2319 1804 cst

1676 1823 1813 1855 plenitudo
1841 1823 2071 1855 supereffluentiae
2100 1823 2132 1848 Vl
2162 1823 2213 1849 538
2243 1824 2258 1848 2
2283 1836 2318 1842 -

1677 1870 1780 1899 poterat
1807 1868 1902 1893 mereri
1932 1867 2000 1893 bona
2029 1867 2182 1899 operatione
2201 1867 2227 1893 id
2246 1867 2320 1900 quod

1677 1915 1733 1937 erat
1751 1911 1871 1938 debitum
1891 1919 1939 1944 per
1958 1912 2084 1944 gratian),
2104 1912 2137 1938 de
2157 1911 2246 1938 debito
2265 1918 2319 1937 uno

1678 1955 1758 1981 modo
1778 1956 1898 1982 faciendo
1917 1955 2036 1982 debitum
2056 1956 2177 1988 pluribus
2197 1956 2247 1982 468
2268 1957 2283 1981 8

1731 2015 1765 2019 —-
1783 1999 1880 2026 1111111110
1898 2004 1938 2026 est
1956 2000 2053 2032 Spiritu
2072 2004 2161 2026 sancto
2178 2003 2206 2026 ut
2223 2000 2319 2027 media·

1679 2048 1718 2071 tor
1737 2045 1823 2077 magis
1840 2052 1922 2078 quam
1950 2045 1993 2071 aiii
2021 2045 2109 2071 Sancti
2127 2045 2170 2071 Vii
2191 2046 2207 2071 5
2232 2046 2265 2070 48
2284 2058 2320 2064 --

1678 2093 1755 2115 113105
1774 2090 1808 2115 de
1827 2090 1924 2122 Spiritu
1944 2092 2033 2115 sancto
2046 2092 2086 2115 est
2098 2093 2217 2115 sanctum
2237 2090 2271 2115 25
2285 2089 2319 2115 64

1679 2137 1826 2160 —unctus
1845 2137 1885 2160 est
1909 2134 2007 2166 Spiritu
2035 2137 2125 2159 sancto
2150 2133 2177 2159 in
2202 2135 2318 2160 humana

1679 2181 1773 2204 natura
1802 2178 1835 2203 97
1855 2179 1888 2204 36
1913 2193 1948 2196 -
1976 2177 2073 2204 dicitur
2101 2181 2194 2204 unctus
2220 2178 2318 2210 Spiritu

1678 2226 1769 2249 sancto
1788 2226 1897 2255 propter
1910 2223 2034 2248 unionem
2047 2229 2108 2248 cum
2122 2223 2212 2248 divina
2225 2226 2318 2248 natura

1679 2274 1727 2300 per
1746 2267 1873 2299 gratiam,
1892 2267 1934 2292 vei
1953 2270 2082 2299 quantum
2107 2267 2142 2293 ad
2161 2267 2320 2299 praerogati-

1679 2319 1740 2337 vam
1760 2311 1930 2337 sacerdotalis
1948 2314 1973 2336 et
1992 2311 2086 2343 regalis
2105 2311 2239 2343 dignitatis
2258 2310 2318 2338 ibid.

1679 2370 1714 2375 —
1732 2359 1772 2382 est
1790 2356 1901 2381 Sanctus
1919 2356 2075 2380 Sanctorum
2099 2359 2193 2381 unctus
2222 2355 2319 2388 Spiritu

1679 2403 1770 2426 sancto
1789 2398 1851 2426 ibid.
1869 2413 1905 2419 —
1924 2402 2020 2426 unctus
2031 2399 2127 2425 virtute
2140 2399 2252 2432 Spiritus
2265 2406 2320 2425 san-

1679 2445 1713 2471 cti
1734 2444 1784 2470 124
1805 2444 1837 2470 43

1733 2503 1768 2507 ——
1786 2488 1857 2514 solus
1876 2488 1960 2514 evasit
1979 2495 1993 2513 a
2013 2489 2183 2520 corruptione
2195 2488 2320 2520 concupi-

1679 2533 1792 2559 scentiae
1811 2533 1946 2565 originalis
1975 2533 2006 2558 Vi
2036 2533 2068 2558 63
2094 2540 2120 2558 v.
2140 2533 2173 2558 29
2192 2546 2228 2552 -
2247 2533 2319 2558 solus

1679 2577 1735 2603 sine
1753 2580 1862 2609 peccato
1874 2576 1993 2608 originali
2006 2580 2151 2609 conceptus
2164 2580 2204 2603 est
2217 2576 2251 2602 64
2264 2584 2290 2610 q.
2303 2578 2319 2602 2

1679 2636 1713 2640 -
1733 2625 1871 2653 peccatum
1891 2621 1992 2647 actuale
2020 2628 2071 2647 non
2099 2621 2159 2647 fecit
2176 2628 2225 2647 nec
2243 2621 2321 2653 origi·

1681 2666 1738 2691 nale
1762 2665 1889 2691 contraxit
1914 2666 1938 2691 in
1965 2666 2137 2697 conceptione
2166 2666 2216 2691 422
2239 2673 2266 2691 v.
2287 2666 2319 2691 42

1681 2723 1714 2727 -
1733 2709 1804 2734 50105
1823 2709 1871 2734 suit
1889 2709 1945 2735 sine
1965 2713 2073 2742 peccato
2092 2710 2188 2736 veniali
2207 2710 2235 2735 61
2254 2717 2281 2743 q.
2304 2709 2320 2734 5

1680 2768 1715 2771 -
1735 2760 1785 2778 non
1799 2753 1891 2779 habuit
1903 2757 2042 2785 peccatum
2058 2754 2099 2780 Vll
2113 2754 2147 2779 90
2162 2754 2177 2780 4
2191 2768 2224 2773 -
2239 2754 2320 2780 Nemo

1681 2800 1767 2829 potest
1779 2797 1911 2824 Christum
1926 2805 2038 2830 arguere
2052 2798 2085 2824 de
2099 2801 2207 2831 peccato
2221 2799 2254 2824 Vl
2269 2798 2321 2824 367

1682 2842 1714 2867 63
1734 2855 1770 2860 —
1784 2842 1809 2867 in
1824 2841 1926 2868 Christo
1940 2842 2002 2868 nihii
2017 2843 2149 2868 invenitur
2162 2843 2323 2875 redarguen-

1682 2886 1746 2912 dum
1767 2886 1810 2912 Vll
1833 2887 1883 2912 437
1910 2887 1942 2912 43
1962 2900 1997 2905 —
2015 2887 2122 2912 estsine
2135 2887 2247 2919 macula,
2260 2886 2320 2920 quia

1681 2930 1737 2956 eius
1752 2931 1853 2956 macula
1873 2931 1940 2956 nulia
1956 2931 2002 2956 fuit
2014 2931 2047 2956 vt
2061 2931 2112 2956 263
2133 2931 2166 2956 82
2179 2945 2214 2950 -
2227 2930 2322 2957 Christi

1681 2975 1845 3007 signaculum
1855 2982 1886 3001 ex
1897 2978 1971 3007 parte
1980 2975 2065 3001 carnis
2075 2977 2114 3001 est
2121 2975 2321 3007 peccatiimmu-

1682 3019 1758 3052 nitas,
1776 3026 1806 3045 ex
1826 3022 1900 3052 parte
1918 3019 2021 3045 animae
2033 3019 2165 3045 donorum
2180 3019 2321 3051 pluralitas,

1682 3070 1712 3089 ex
1732 3067 1806 3095 parte
1824 3063 1930 3089 divinae
1950 3066 2057 3089 naturae
2087 3061 2165 3088 Verbi
2194 3063 2322 3088 Divinitas

1682 3106 1734 3132 554
1753 3114 1780 3132 v.
1799 3107 1833 3132 33
1852 3121 1886 3126 -
1906 3113 1959 3132 11011
1983 3105 2097 3132 habebat
2116 3109 2253 3138 peccatum
2274 3113 2321 3132 nec

1682 3151 1759 3176 uliam
1778 3150 1914 3177 tenebram
1937 3150 1989 3176 445
2004 3150 2036 3176 44
2049 3164 2084 3169 -
2097 3150 2169 3176 solus
2190 3153 2229 3176 est
2247 3149 2322 3180 iiber,

1681 3194 1742 3228 quia
1761 3195 1833 3221 solus
1845 3195 1901 3221 sine
1913 3197 2022 3226 peccato
2038 3193 2086 3220 364
2102 3194 2131 3220 51
2149 3208 2184 3212 -
2197 3193 2321 3220 Munditia

1682 3238 1844 3265 innocentiae
1863 3239 1910 3265 ruit
1927 3240 2041 3271 perfecte
2054 3238 2081 3263 in
2095 3238 2150 3264 solo
2158 3237 2265 3264 'Christo
2279 3237 2321 3263 Vll

1681 3282 1733 3309 584
1753 3283 1787 3309 65
1802 3296 1835 3302 -
1848 3285 1887 3309 est
1899 3284 2030 3315 perfectus
2050 3282 2100 3308 463
2121 3282 2149 3308 41
2169 3297 2203 3301 -
2216 3289 2264 3314 pe!-
2280 3289 2323 3308 an-

1681 3327 1854 3353 tonomasiam
1874 3327 1958 3353 Iustus
1976 3327 2121 3363 appellatur
2135 3326 2167 3352 Vl
2184 3327 2233 3352 422
2248 3333 2274 3352 v.
2290 3326 2321 3351 12

1681 3385 1716 3389 -
1740 3374 1780 3397 est
1805 3371 1915 3397 Sanctus
1940 3374 1965 3397 et
1989 3371 2163 3397 sanctificator
2185 3370 2322 3396 hominum

1682 3414 1725 3440 Vll
1746 3415 1795 3440 406
1815 3414 1850 3440 ’74
