2427 3872
417 252 481 279 SYC

188 297 337 323 Sveouonus
343 310 376 315 —
384 297 450 323 sscus
461 298 530 323 fatua
541 296 724 328 interpretatur
732 295 773 322 Vll

135 340 185 367 474
204 340 221 367 7
241 355 275 361 —
294 343 333 367 est
351 341 437 374 figura
456 341 613 368 eminentiae
633 340 693 366 ndei
712 338 775 366 ibid.

187 385 320 411 511111100οΛ
341 399 375 404 --
392 389 432 411 051
456 385 530 412 10035
552 384 707 411 eruditionis
732 384 774 409 Vll

134 429 186 455 105
199 429 233 455 69
247 443 281 448 -
293 429 433 455 0131100115
451 429 616 460 communis,
634 428 681 455 ubi
700 427 775 454 multi

134 473 326 499 conveniebant
347 473 398 499 ⁴05
417 474 459 499 66.
475 474 525 499 106
544 473 579 499 70
598 486 634 492 -
652 473 678 498 13
697 478 774 504 syna·

134 524 205 550 goga
229 517 316 544 ludaei
336 516 533 543 sabbatizabant
551 517 606 543 Deo
625 516 659 541 96
685 516 719 541 32
739 529 774 535 —-

134 563 161 588 13
179 565 238 588 eam
251 561 355 588 intravit
367 561 485 588 Christus
502 561 536 587 ad
548 563 664 587 nostram
679 560 774 585 instru-

133 605 245 631 ctionem
265 604 327 632 ibid.
344 620 381 624 —
400 606 426 632 13
444 611 580 637 synagoga
599 607 655 630 erat
667 604 772 629 daemo-

133 649 225 676 niacus
240 649 394 675 immundus
412 652 518 675 curatus
530 655 545 674 a
558 647 659 674 Christo
674 647 724 673 106
738 646 772 672 70

189 958 391 984 Tinsnnicutuu
403 970 439 976 —
448 959 486 983 est
499 963 601 989 pauper
613 956 772 982 domuncula

134 1003 168 1029 Vl
190 1002 239 1028 ⁴78
258 1009 285 1028 v.
305 1002 320 1027 2

188 1060 222 1065 —
242 1046 269 1072 in
288 1045 392 1072 deserto
411 1045 459 1072 11111
478 1044 575 1071 mobile
594 1045 627 1071 Vl
648 1045 698 1070 168
718 1052 744 1070 ν.
758 1045 773 1070 8

134 1090 345 1117 —ludaeorum
373 1091 470 1116 tactum
498 1092 553 1115 erat
580 1089 615 1115 ad
642 1089 775 1122 exemplar

135 1135 253 1161 caelestis
265 1134 426 1161 tabernaculi
443 1133 506 1160 ibid.
523 1147 559 1153 —-
577 1134 603 1160 in
621 1133 725 1160 deserto
744 1133 774 1159 si-

136 1178 277 1211 gnificabat
296 1178 436 1205 Ecclesiam
455 1178 609 1204 militantem
628 1177 690 1205 ibid.

140 1248 142 1251 .
187 1223 224 1242 -·“
243 1230 304 1249 cum
323 1223 350 1248 in
367 1229 399 1249 eo
412 1222 542 1248 contentis
554 1226 593 1248 est
604 1222 689 1254 figura
701 1221 775 1248 Chri-

136 1267 169 1294 sti
188 1267 231 1294 Vll
250 1267 301 1293 596
322 1267 355 1293 34
373 1281 410 1287 -
427 1269 534 1293 3010133
552 1269 612 1293 sunt
625 1266 775 1293 mansiones

136 1312 235 1344 gloriae
254 1311 305 1337 408
326 1311 359 1337 15
377 1326 413 1330 -
433 1311 459 1337 13
483 1314 587 1337 aeterna
608 1310 774 1339 tabernacula

136 1356 202 1382 alios
219 1355 349 1388 recipiunt
373 1356 418 1389 qui
438 1356 504 1382 adeo
531 1356 640 1388 perfecti
658 1357 731 1387 sunt,
747 1357 776 1381 ut

137 1400 230 1426 merita
248 1407 341 1426 eorum
360 1400 438 1427 etiam
457 1400 513 1426 aliis
530 1400 633 1426 valeant
651 1398 714 1426 ibid.

191 1445 347 1471 Tinumum
360 1459 395 1465 —
407 1447 463 1470 erat
480 1444 618 1471 summitas
635 1444 693 1470 tecti
713 1446 775 1470 tem-

137 1489 174 1522 pli
193 1489 236 1515 Vll
256 1490 290 1515 93
311 1490 343 1515 18

192 1533 295 1559 Tacent:
313 1547 348 1552 —
367 1533 421 1559 Non
445 1536 485 1559 est
508 1539 613 1565 semper
635 1532 776 1559 tacendum

138 1577 173 1603 Vl
191 1578 220 1603 3⁴
244 1585 272 1603 V.
290 1577 307 1603 7
330 1591 366 1596 -
390 1578 475 1603 Homo
501 1577 606 1609 sapiens
635 1580 701 1604 tacet
728 1583 776 1603 suo

138 1625 258 1654 tempore
269 1620 331 1648 ibid.
339 1635 376 1641 —
388 1622 562 1648 Taciturnitas
573 1625 645 1648 recte
658 1622 777 1655 praemit-

139 1666 216 1692 tenda
231 1669 270 1692 est
282 1666 406 1692 locutioni
417 1665 478 1692 ibid.
494 1666 590 1699 1641.
609 1667 641 1692 12
659 1680 695 1686 -
713 1667 778 1693 Boni

139 1712 238 1742 tacent,
256 1717 318 1736 cum
337 1710 394 1736 aliis
412 1717 463 1736 non
479 1713 590 1743 prosunt
609 1711 653 1736 Vll
671 1711 723 1737 568
745 1711 772 1737 ⁴⁴

193 1755 294 1781 TAcrus
311 1769 347 1773 —
365 1755 469 1788 Aliquid
494 1758 581 1787 potest
605 1756 691 1788 tangi,
715 1756 777 1789 quia

140 1801 237 1825 tactum
256 1806 307 1825 non
326 1802 413 1831 potest
431 1800 566 1832 refugere,
584 1802 630 1826 aut
647 1800 710 1833 quia
729 1803 779 1826 ter-

140 1843 223 1869 minat
241 1843 384 1875 impulsum
405 1850 512 1876 manus,
525 1851 586 1870 cum
599 1844 683 1877 possit
700 1844 778 1870 etiam

141 1894 249 1913 manum
263 1890 401 1920 penetrare
413 1888 446 1913 Vl
460 1888 511 1914 5⁴8
529 1887 564 1913 65
578 1902 611 1907 —-
624 1888 717 1914 Tactui
728 1895 780 1914 ser-

140 1931 216 1958 viunt
233 1931 357 1957 luxuriosi
376 1931 427 1958 558
447 1939 473 1958 v.
494 1933 526 1958 ⁴8

195 1989 230 1995 —
248 1976 297 2001 Per
315 1978 412 2002 tactum
431 1977 579 2003 vestimenti
597 1976 691 2003 Christi
710 1977 780 2003 13101-

141 2019 230 2052 ligitur
248 2020 357 2046 imitatio
376 2020 403 2046 in
420 2020 510 2047 labore
525 2024 631 2047 sanctae
640 2028 781 2048 conversa-

142 2064 219 2090 tionis
237 2065 280 2090 Vll
299 2065 350 2090 213
371 2065 403 2090 86
423 2079 458 2085 -
477 2066 565 2092 cordis
577 2069 616 2092 est
634 2073 681 2098 per
700 2065 780 2092 iidem

142 2108 176 2134 Vl
195 2108 247 2134 509
267 2109 300 2134 26

197 2153 304 2179 Tecrum
320 2167 357 2173 —
371 2154 461 2186 templi
474 2157 530 2180 erat
541 2155 649 2187 planum
663 2157 688 2180 et
699 2154 782 2180 inser-

143 2196 233 2223 viebat
256 2197 410 2224 doctoribus
437 2201 463 2224 et
489 2198 715 2231 praedicatoribus
738 2199 781 2225 Vll

143 2241 178 2267 94
203 2242 231 2267 18
510 2239 515 2244 “

197 2300 232 2306 -
251 2290 440 2319 supertectum
454 2287 533 2314 debet
545 2284 687 2323 ascendere
706 2294 782 2320 prae-

145 2330 245 2357 dicator
264 2331 381 2357 veritatis
401 2332 443 2358 Vll
463 2331 514 2358 444
534 2331 568 2358 54
718 2365 722 2366 7

200 2375 329 2401 Tstouiuu
347 2389 383 2396 —
401 2376 496 2402 dicitur
514 2383 527 2401 a
549 2375 720 2408 vectigalibus
738 2376 781 2402 Vll

147 2419 197 2444 ⁴29
217 2419 250 2445 66

199 2463 378 2490 TEMPERANTIA
398 2478 431 2483 -—-
450 2467 526 2491 cavet
548 2466 712 2497 superfluum
731 2471 783 2495 ma-

146 2508 200 2534 lum
221 2508 253 2534 Vl
274 2509 324 2534 162
352 2516 379 2534 v.
406 2508 423 2534 7
450 2523 486 2528 —-
514 2509 561 2538 l‘cr
586 2509 783 2541 temperantiam

146 2555 217 2579 recte
239 2560 287 2578 nos
315 2552 444 2579 habemus
468 2553 502 2579 ad
527 2554 662 2585 passiones
686 2554 785 2580 mulce-

147 2595 209 2623 bres
227 2596 288 2623 ibid.

201 2641 324 2667 Τε111>ιυ11
351 2656 385 2660 -—
413 2642 460 2667 Dei
488 2645 527 2668 est
554 2642 655 2668 caelum
676 2642 709 2668 Vl
734 2642 784 2667 130

147 2693 174 2711 ν.
195 2685 227 2711 14
246 2700 282 2704 —
300 2688 340 2712 est
357 2685 442 2718 figura
461 2685 555 2713 Christi
570 2686 613 2713 Vll
633 2687 684 2713 596
705 2686 738 2712 34
750 2700 786 2706 -

147 2730 244 2756 dicitur
261 2737 359 2763 corpus
377 2730 471 2757 Christi
492 2734 600 2763 propter
624 2730 787 2757 inhabitatio·

148 2781 209 2800 nem
230 2774 376 2800 Divinitatis
399 2775 433 2801 Vl
459 2775 510 2801 276
536 2774 578 2806 34,
604 2775 647 2801 35.
672 2775 723 2801 277
744 2774 786 2801 42.

150 2820 202 2845 282
221 2819 255 2845 22

203 2876 239 2882 -
270 2863 295 2888 13
323 2863 462 2889 lerusalem
487 2863 617 2896 significat
645 2862 785 2889 Ecclesiam

150 2907 355 2939 triumphantem
375 2906 408 2932 Vl
429 2907 479 2932 ⁴68
495 2914 523 2933 v.
535 2908 551 2933 8
569 2921 605 2926 ——
621 2906 787 2940 spiritualiter

150 2951 281 2984 significat
299 2951 461 2978 consortium
479 2954 584 2978 sanctae
600 2950 728 2977 Ecclesiae
745 2950 787 2976 Vll

152 2996 186 3022 67
206 2996 257 3022 102

205 3053 241 3060 -
260 3039 394 3073 spirituale
415 3041 454 3065 est
472 3039 642 3072 quintuplex:
660 3038 787 3070 templum

153 3084 267 3116 gloriae,
279 3083 424 3115 Ecclesiae,
436 3082 520 3109 tidelis
532 3082 648 3113 animae,
660 3081 725 3107 uteri
738 3082 789 3108 vir-

154 3128 262 3160 ginalis,
287 3127 454 3155 humanitatis
478 3129 610 3152 assumtae
637 3125 671 3152 Vl
699 3125 749 3151 548
772 3127 788 3151 2

154 3185 190 3192 —-
208 3172 307 3204 gloriae
324 3174 364 3198 est
382 3169 555 3198 desiderabile
578 3168 788 3202 recordantibus,

154 3215 274 3243 mirabile
301 3213 549 3248 contemplantibus,
577 3212 728 3240 delectabile
755 3213 790 3239 in-

154 3259 285 3286 trantibus
302 3259 336 3287 ib.
356 3260 371 3286 3

209 3319 244 3323 -
262 3305 347 3331 Homo
365 3306 405 3330 est
419 3303 545 3336 templum
559 3302 605 3329 Dei
625 3302 657 3328 Vl
677 3301 729 3328 276
748 3301 791 3328 35.

157 3348 208 3375 550
228 3349 243 3374 9
263 3362 299 3368 -
316 3349 401 3375 Homo
420 3347 448 3374 nt
472 3347 599 3380 templum
618 3346 664 3372 Dei
689 3353 737 3379 per
755 3345 792 3372 di-

802 208 839 240 lN
861 206 1155 240 COMMENTARIOS
1177 208 1207 240 S.
1232 207 1457 240 SCRIPTURAE

865 308 901 315 —
920 295 945 320 13
970 300 1061 330 130353
1083 301 1236 326 synagogae
1259 294 1334 320 cibus
1360 295 1451 327 legalis

814 337 1011 365 ministrabatur
1030 338 1063 364 Vl
1083 338 1135 364 555
1153 345 1180 363 v.
1200 339 1215 363 8

865 396 901 402 —
918 385 1028 408 vocatur
1046 382 1139 407 ancilla
1158 382 1191 408 Vl
1206 382 1256 407 ⁴67
1270 389 1296 408 v.
1310 382 1326 407 5
1339 397 1374 400 —
1387 382 1451 414 ngu-

811 429 884 452 ratur
906 426 932 452 in
957 426 1069 451 ficulnea
1094 425 1253 452 infructuosa
1277 426 1320 451 Vll
1345 425 1396 451 340
1417 426 1450 451 ⁴6

810 484 847 489 —
865 469 1017 502 designatur
1036 476 1084 502 per
1102 470 1203 495 asinam
1224 469 1274 495 488
1295 469 1337 495 46.
1352 469 1398 495 491
1417 470 1450 496 52

811 527 847 534 -
865 514 943 546 ligata
962 516 1018 539 erat
1035 512 1142 539 funibus
1160 516 1329 545 peccatorum
1350 512 1400 539 489
1418 513 1451 538 46

864 572 900 577 —
917 557 1019 590 sprevit
1036 557 1167 584 Christum
1184 557 1342 589 patientem,
1354 560 1380 582 et
1392 556 1452 583 ideo

811 602 926 635 perdidit
944 602 1045 634 prolem
1065 604 1091 627 et
1109 601 1282 626 hereditatem
1295 600 1338 626 Vll
1352 600 1404 626 565
1418 600 1452 626 84

810 660 846 665 ·—
864 653 915 672 303
939 646 987 673 ruit
1006 652 1068 671 vera
1093 645 1153 671 vitis
1176 645 1208 670 Vl
1229 644 1280 671 448
1302 645 1334 670 13
1353 659 1389 664 —
1408 644 1452 671 de-

1098 795 1145 849 Τ

812 955 949 982 lectionem
969 955 1021 981 308
1045 956 1075 981 31
1107 955 1135 981 1·
1153 970 1189 975 —
1207 956 1278 982 Deus
1304 955 1404 982 habitat
1427 955 1453 982 in

812 1002 901 1026 nostra
929 1004 1017 1026 mente
1035 1002 1064 1026 ut
1091 1000 1118 1026 in
1139 1000 1237 1032 templo
1265 999 1317 1026 537
1337 1000 1353 1026 6
1373 1013 1408 1020 —
1427 1001 1453 1026 ln

812 1045 909 1077 templo
935 1045 1040 1070 animae
1070 1044 1154 1071 tidelis
1178 1044 1341 1071 interdicitur
1368 1044 1455 1070 omnis

813 1089 943 1115 idolorum
972 1089 1070 1120 cultus,
1096 1089 1123 1115 id
1147 1091 1186 1115 est
1207 1093 1376 1121 peccatorum
1404 1096 1455 1115 ser-

812 1133 883 1160 vitus
902 1133 953 1159 550
972 1133 988 1158 9
1017 1146 1052 1152 --
1079 1133 1183 1159 animae
1205 1133 1290 1160 fidelis
1317 1136 1357 1159 est
1380 1140 1455 1159 mun-

813 1178 931 1204 dandum
955 1184 1003 1210 per
1027 1177 1145 1204 dolorem
1171 1178 1357 1211 poenitentiae,
1381 1184 1454 1204 reae-

813 1222 975 1248 dificandum
1003 1229 1051 1255 per
1079 1223 1225 1254 protectum
1256 1222 1385 1254 iustitiae,
1414 1229 1455 1248 or·

813 1266 932 1293 nandum
958 1273 1007 1299 per
1029 1267 1152 1293 decorem
1172 1267 1294 1293 scientiae
1313 1265 1347 1292 ib.
1367 1266 1401 1292 ⁴0
1418 1281 1454 1285 -

814 1312 840 1337 13
860 1311 959 1344 templo
977 1311 1096 1337 internae
1113 1311 1239 1337 orationis
1257 1311 1363 1337 videtur
1384 1311 1454 1337 Deus

814 1355 866 1381 307
886 1356 919 1381 26

868 1414 902 1419 -
921 1400 948 1426 13
967 1401 1095 1432 templum
1114 1399 1244 1426 debemus
1263 1400 1454 1431 conscendere,

815 1446 844 1470 ut
861 1451 969 1470 oremus
987 1444 1032 1470 Vll
1051 1444 1102 1470 453
1123 1444 1156 1470 15
1175 1459 1211 1462 -
1229 1446 1269 1470 051
1286 1443 1383 1470 domus
1400 1451 1455 1470 ora·

815 1488 893 1514 tionis
910 1487 974 1514 ibid.

869 1547 906 1551 —
924 1533 995 1558 Deus
1013 1532 1047 1558 de
1059 1533 1158 1564 templo
1170 1532 1234 1565 exit,
1252 1539 1313 1558 cum
1327 1533 1454 1564 templum

815 1577 955 1610 polluitur,
973 1577 1102 1607 violatur,
1120 1577 1147 1602 13
1166 1577 1225 1609 ipso
1244 1577 1314 1603 lesus
1326 1577 1456 1609 lapidatur

817 1622 849 1648 Vl
869 1621 921 1648 578
947 1621 962 1647 4
985 1635 1022 1641 -
1043 1621 1182 1654 polluitur,
1210 1621 1317 1654 quando
1344 1621 1458 1647 admittit

817 1667 897 1692 homo
917 1667 1013 1692 malam
1033 1666 1244 1698 delectationem3
1264 1666 1390 1698 templum
1404 1666 1457 1691 vio-

817 1712 898 1742 latur,
910 1710 1018 1744 quando
1031 1711 1112 1736 homo
1131 1713 1264 1743 perpetrat
1280 1711 1378 1736 malam
1397 1717 1457 1743 ope-

817 1756 960 1786 rationem;
974 1755 1000 1781 in
1010 1755 1109 1787 templo
1119 1755 1190 1781 lesus
1201 1755 1340 1787 lapidatur,
1350 1755 1457 1788 quando

818 1800 898 1826 homi)
917 1800 1056 1832 impugnat
1074 1800 1261 1825 correctionem
1278 1798 1342 1826 ibid.
1354 1813 1389 1818 —
1401 1800 1458 1825 Per-

817 1851 909 1875 versa,
929 1850 998 1877 quae
1022 1843 1089 1870 flunt
1112 1844 1138 1869 in
1166 1844 1278 1876 templo,
1297 1844 1352 1869 zelo
1371 1850 1458 1869 emen—

818 1888 905 1915 danda
924 1887 976 1915 274
996 1887 1030 1914 24

871 1946 907 1951 -
925 1932 996 1958 Deus
1020 1932 1147 1964 templum
1173 1931 1305 1958 aedificari
1324 1931 1407 1957 voluit
1430 1931 1457 1956 in

819 1979 907 2003 monte
925 1979 1016 2003 sancto
1034 1976 1115 2002 Moria
1133 1976 1166 2002 Vl
1186 1976 1236 2001 ⁴68
1256 1983 1282 2002 v.
1302 1976 1316 2001 8
1337 1990 1371 1994 —
1389 1975 1458 2001 aedi-

819 2021 925 2047 ficatum
944 2023 983 2047 est
1001 2023 1102 2052 septem
1121 2020 1196 2046 annis
1214 2022 1240 2046 01
1262 2019 1456 2046 reaedificatum

819 2065 993 2098 quadraginta
1018 2071 1064 2090 sex
1089 2065 1139 2090 276
1160 2064 1193 2090 34
1212 2079 1247 2082 -
1271 2064 1297 2089 13
1319 2064 1456 2090 ierusalem

819 2112 875 2135 erat
899 2108 1034 2135 immobile
1059 2109 1109 2134 168
1129 2115 1156 2134 v,
1175 2109 1189 2134 8
1209 2122 1245 2127 —
1264 2111 1319 2134 erat
1339 2108 1367 2134 in
1391 2108 1457 2139 alto,

820 2156 846 2179 et
857 2159 905 2185 per
921 2153 1022 2185 gradus
1034 2153 1177 2179 ascendere
1190 2151 1335 2185 oportebat,
1349 2155 1377 2178 ut
1389 2159 1458 2178 00111-

821 2200 920 2230 peteret
938 2197 976 2229 ei,
994 2200 1102 2229 propter
1120 2197 1193 2230 quod
1217 2199 1273 2222 erat
1292 2197 1333 2222 Vll
1355 2196 1405 2222 453
1426 2196 1458 2222 15

820 2242 899 2267 —ln
918 2242 1017 2274 templo
1045 2242 1117 2273 large
1144 2244 1231 2267 sumto
1255 2241 1460 2274 comprehende-

820 2285 914 2312 bantur
932 2290 1045 2319 quatuor
1062 2286 1126 2312 atria
1147 2286 1179 2312 Vl
1199 2286 1251 2312 275
1272 2286 1304 2311 27

872 2345 909 2351 -
922 2331 1056 2357 manifesta
1070 2331 1279 2362 transgressione
1292 2332 1389 2356 sactum
1404 2333 1459 2356 erat

820 2376 906 2401 sorum
924 2375 956 2401 Vl
986 2375 1037 2401 273
1066 2376 1094 2401 21
1119 2389 1154 2395 -
1178 2375 1278 2407 lndigni
1302 2375 1336 2401 de
1360 2375 1459 2407 templo

820 2419 895 2446 eiecti
913 2422 974 2445 sunt
991 2418 1026 2446 ib.
1044 2420 1079 2445 22
1096 2433 1133 2439 -
1151 2419 1202 2452 Qui
1230 2419 1254 2445 in
1282 2420 1380 2451 templo
1407 2426 1459 2445 non

821 2464 943 2495 orabant,
962 2464 1009 2490 sed
1028 2463 1221 2494 mercabantur,
1233 2470 1246 2489 a
1261 2463 1373 2489 Domino
1386 2463 1459 2489 electi

821 2510 927 2535 ruerunt
945 2515 997 2534 non
1015 2508 1071 2534 sine
1094 2508 1233 2540 asperitate
1253 2507 1397 2533 verborum
1417 2507 1459 2533 Vll

823 2553 874 2579 453
894 2553 926 2580 15

875 2612 911 2616 -
929 2597 955 2623 13
974 2596 1072 2628 templo
1097 2596 1184 2622 ludaei
1208 2594 1370 2629 quaerebant
1388 2595 1461 2622 Chri·

823 2645 893 2668 stum
911 2641 946 2667 ad
965 2640 1131 2673 perdendum
1152 2640 1182 2666 Vl
1204 2640 1253 2665 409
1272 2639 1307 2665 74

874 2699 913 2706 -—
929 2685 1033 2717 Templi
1052 2684 1220 2717 pinnaculum
1237 2686 1293 2710 erat
1304 2685 1378 2710 locus
1395 2683 1462 2710 altus

824 2733 850 2756 et
867 2729 991 2761 celebris,
1010 2736 1025 2755 a
1043 2736 1097 2762 quo
1121 2729 1270 2755 sacerdotes
1292 2731 1318 2754 et
1341 2728 1462 2754 doctores

823 2773 986 2800 instruebant
1003 2772 1109 2805 plebem
1130 2773 1170 2798 Vll
1190 2773 1223 2798 93
1245 2773 1278 2798 18

876 2831 912 2838 -—
930 2817 1015 2844 Causa
1033 2817 1146 2843 maxima
1165 2816 1348 2843 destructionis
1372 2817 1461 2849 templi

824 2863 929 2889 suerunt
946 2864 1054 2894 peccata
1073 2861 1239 2887 sacerdotum
1258 2861 1302 2887 Vll
1322 2861 1372 2887 498
1391 2860 1426 2886 70

877 2906 1036 2932 'ruminus
1061 2920 1096 2924 -
1124 2905 1236 2931 Calcatio
1263 2912 1392 2938 aquarum
1423 2907 1463 2930 est

824 2943 991 2982 contemptus
1008 2950 1190 2981 temporalium
1210 2949 1243 2975 Vl
1262 2949 1314 2974 567
1333 2949 1350 2974 5

878 2994 981 3020 ‘remus
1004 3007 1040 3013 —
1064 2994 1233 3026 Septenarius
1258 2993 1387 3025 significat
1405 2991 1462 3018 uni-

825 3038 974 3065 versitatem
993 3038 1119 3070 temporis
1138 3038 1170 3063 Vl
1191 3038 1224 3063 32
1243 3044 1269 3070 q.

878 3096 915 3102 —
932 3082 1027 3109 dicitur
1050 3081 1226 3108 communiter
1252 3084 1278 3107 et
1305 3079 1411 3113 proprie
1438 3082 1463 3104 et

827 3127 913 3159 magis
930 3126 1037 3159 proprie
1050 3126 1083 3152 Vt
1102 3126 1136 3152 28
1155 3132 1182 3158 q.
1202 3126 1212 3150 ⁴
1235 3138 1271 3144 —
1289 3123 1463 3150 communiter

826 3174 965 3203 acceptum
984 3170 1047 3197 dicit
1065 3176 1214 3196 mensuram
1242 3169 1324 3194 exitus
1351 3167 1385 3193 de
1411 3174 1463 3192 non

827 3221 885 3240 esse
903 3214 936 3241 ad
948 3221 1006 3240 esse
1019 3213 1080 3241 ibid.
1093 3228 1128 3232 —
1140 3212 1314 3240 communiter
1325 3214 1462 3243 acceptum

829 3261 868 3284 est
885 3258 912 3284 in
929 3257 1053 3284 omnibus
1070 3256 1133 3284 ibid.
1151 3270 1183 3276 -
1203 3255 1310 3289 proprie
1325 3257 1462 3286 acceptum

829 3301 954 3333 importat
972 3300 1140 3327 variationem
1168 3300 1225 3326 sive
1253 3299 1280 3325 in
1306 3297 1463 3329 substantia,

829 3345 885 3371 sive
910 3344 938 3370 111
965 3344 1101 3370 affectione
1123 3342 1184 3370 ibid.
1203 3357 1236 3363 ——
1257 3342 1342 3374 magis
1360 3340 1465 3374 proprie

2062 208 2126 241 845

1775 252 1838 277 τΕΝ

1487 295 1568 320 seruit
1587 294 1666 321 fldem
1688 295 1729 321 Vll
1751 295 1801 322 ⁴75
1822 296 1855 321 10
1875 309 1909 313 -
1928 295 1988 328 qula
2009 302 2061 321 non
2081 296 2127 322 suit

1487 345 1614 365 conversa
1633 339 1667 364 ad
1687 339 1906 371 praedicationem
1924 339 2127 371 Prophetarum,

1487 382 1587 408 succisa
1607 386 1646 408 est
1664 382 1690 408 ln
1709 382 1823 408 adventu
1843 382 1936 408 Christi
1957 383 2007 408 340
2029 383 2061 407 16

1541 426 1706 452 8111130300311
1723 440 1759 446 —-
1777 426 1928 452 Secundum
1944 426 2126 458 synecdochen

1488 470 1553 495 solet
1577 470 1640 501 poni
1665 476 1726 502 pars
1745 477 1793 501 pro
1813 472 1866 495 toto
1885 470 1918 495 Vl
1939 471 1989 496 112
2009 477 2035 495 v.
2055 470 2069 496 4
2088 484 2124 489 -

1489 513 1536 539 Per
1554 513 1738 545 synecdochen
1757 513 1861 545 ponitur
1879 514 1986 546 plui-alls
2005 521 2053 546 pro
2079 514 2129 540 sin·

1489 557 1574 589 gulari
1593 557 1644 584 412
1665 558 1693 582 11

1542 602 1619 627 511311
1638 614 1673 620 -
1691 601 1786 627 dicitur
1805 600 1945 627 umbilicus
1958 604 2041 627 terrae
2055 601 2129 627 habi-

1489 643 1576 670 tabilis
1595 645 1638 670 Vll
1660 644 1693 670 44
1714 645 1730 671 4

1491 957 1628 987 acceptum
1653 957 1693 980 est
1717 961 1839 981 mensura
1864 954 1991 980 excellens
2015 953 2076 981 ibid.
2094 968 2132 975 -

1492 999 1577 1032 magis
1589 999 1696 1032 proprie
1709 1002 1847 1031 acceptum
1860 1001 1899 1024 est
1910 998 2131 1031 corruptibilium,

1491 1046 1518 1069 et
1534 1050 1587 1070 303
1605 1043 1724 1069 0133111111
1744 1042 1806 1069 ibid.

1544 1102 1580 1106 —
1599 1086 1747 1113 Substantia
1767 1087 1908 1119 spiritualis
1929 1086 2008 1113 habet
2025 1090 2131 1119 tempus

1491 1135 1619 1165 quantum
1638 1132 1673 1158 ad
1693 1132 1862 1157 mutationem
1886 1132 2024 1157 affectuum
2044 1131 2076 1157 Vl
2096 1132 2130 1158 28

1491 1183 1519 1209 q.
1534 1176 1543 1201 ⁴
1560 1190 1596 1195 ——
1609 1175 1701 1202 Omnia
1721 1175 1817 1202 habent
1836 1175 1962 1208 temporis
1978 1176 2131 1201 varietatem

1492 1219 1553 1246 ibid.

1545 1278 1580 1283 -
1599 1265 1676 1297 Quod
1695 1268 1734 1290 est
1752 1265 1779 1290 in
1799 1268 1917 1297 tempore
1934 1267 1960 1290 et
1973 1264 2051 1290 habet
2070 1267 2133 1290 tem-

1491 1315 1542 1340 pus
1561 1312 1600 1334 est
1619 1309 1756 1341 corporale
1775 1309 1807 1334 Vl
1827 1309 1860 1334 28
1880 1316 1907 1341 q.
1928 1309 1936 1333 ⁴
1956 1321 1991 1327 —
2005 1308 2081 1340 Quod
2093 1311 2133 1334 est

1492 1353 1517 1378 in
1537 1353 1594 1379 loco
1613 1356 1653 1378 est
1671 1354 1697 1378 in
1715 1356 1835 1385 tempore
1853 1352 1916 1379 ibid.

1545 1410 1581 1416 —
1599 1397 1695 1422 dicitur
1713 1400 1863 1427 aeternum,
1875 1397 1937 1430 quia
1953 1395 2032 1422 habet
2044 1396 2133 1427 finem,

1492 1441 1540 1467 sed
1559 1448 1611 1467 non
1634 1441 1660 1467 in
1686 1445 1804 1473 tempore
1824 1442 1856 1467 vt
1880 1441 1910 1466 14
1929 1448 1956 1474 q.
1975 1442 1991 1466 2
2010 1454 2045 1459 —
2064 1441 2134 1466 Deus

1492 1492 1547 1511 non
1565 1486 1653 1511 omnia
1673 1488 1792 1517 tempora
1813 1485 1871 1511 tecit
1890 1485 2066 1516 uniformiter,
2085 1484 2133 1510 sed

1493 1530 1648 1556 difformiter
1667 1530 1699 1555 58
1720 1537 1746 1555 v.
1767 1529 1800 1555 ⁴5

1547 1588 1582 1597 —
1595 1574 1712 1607 Quatuor
1725 1577 1843 1606 tempora
1857 1573 1918 1599 anni
1933 1576 2074 1599 causantur
2087 1580 2134 1605 per

1494 1621 1595 1644 motum
1614 1618 1690 1649 solis,
1709 1618 1856 1644 secundum
1881 1621 1994 1651 quatuor
2018 1617 2134 1650 quadras

1494 1662 1593 1688 zodiaci
1615 1663 1646 1688 Vl
1667 1662 1718 1688 ⁴55
1737 1669 1763 1688 v.
1784 1662 1816 1687 ⁴8

1547 1720 1583 1726 —
1610 1707 1749 1739 Temporis
1776 1706 1999 1738 opportunitatem
2028 1705 2134 1737 sapiens

1494 1752 1521 1777 in
1541 1751 1596 1777 suis
1614 1750 1740 1783 operibus
1758 1750 1906 1776 considerat
1924 1750 1956 1776 Vl
1977 1750 2010 1775 65
2030 1757 2055 1775 v.
2069 1750 2085 1775 5
2098 1764 2134 1768 —

1494 1798 1673 1828 opportunum
1693 1795 1860 1821 considerare
1873 1794 1990 1826 prosuts
2008 1793 2134 1826 operibus

1495 1839 1593 1865 bonum
1620 1842 1659 1865 est
1682 1839 1716 1864 65
1741 1846 1767 1864 v.
1792 1839 1808 1864 6
1833 1853 1868 1857 —
1890 1839 1933 1864 Est
1950 1838 2133 1870 opportunitas

1495 1883 1622 1916 temporis
1639 1883 1673 1909 ad
1698 1883 1873 1913 studendum,
1892 1882 2037 1913 orandum,
2057 1881 2134 1907 bene·

1496 1928 1642 1954 faciendum
1667 1926 1729 1954 ibid.
1754 1941 1789 1946 —
1814 1928 1930 1952 futurum
1956 1927 2132 1959 periculosum

1494 1975 1534 1998 est
1552 1971 1614 1998 ibid.
1632 1985 1668 1991 —
1688 1972 1723 1997 De
1742 1971 1906 2004 temporibus
1920 1971 2012 1997 suturis
2026 1971 2134 2003 duplici·

1495 2020 1533 2042 ter
1552 2023 1694 2049 possumus
1713 2016 1844 2049 inquirere
1862 2016 1905 2041 Vll
1924 2015 1976 2041 524
1997 2016 2029 2040 12

1547 2075 1583 2080 -
1602 2061 1702 2093 gratiae
1720 2064 1759 2086 est
1778 2060 1869 2092 triplex
1888 2063 2017 2093 quantum
2037 2059 2070 2085 ad
2089 2066 2134 2085 ne-

1494 2106 1640 2132 cessitatem
1666 2106 1894 2131 Sacramentorum
1915 2104 1947 2129 Vl
1971 2104 2017 2129 281
2043 2104 2075 2129 ⁴9
2097 2117 2134 2123 —

1496 2150 1595 2182 gratiae
1613 2153 1652 2175 est
1670 2150 1737 2175 sicut
1755 2150 1854 2175 fructus
1872 2152 1992 2180 respectu
2007 2148 2133 2180 temporis

1494 2194 1573 2226 Legis
1591 2194 1751 2226 moysaicae,
1771 2196 1876 2225 tempus
1894 2192 1992 2224 gloriae
2005 2192 2071 2218 sicut
2084 2193 2134 2217 sru-

1496 2242 1554 2265 ctus
1571 2241 1692 2271 respectu
1711 2237 1837 2270 temporis
1855 2237 1953 2269 gratiae
1973 2237 2023 2262 300
2043 2237 2075 2262 68

1549 2283 1707 2315 —inopiae
1734 2282 1828 2308 melius
1854 2284 1894 2307 est
1921 2287 2001 2314 quam
2029 2284 2134 2313 tempus

1496 2327 1673 2354 abundantiae
1692 2327 1726 2353 Vl
1744 2326 1778 2352 57
1795 2334 1821 2352 v.
1836 2327 1863 2351 11
1881 2340 1915 2344 -
1929 2324 2027 2357 gloriae
2043 2325 2134 2351 mundi

1496 2380 1548 2399 non
1566 2371 1770 2398 desiderandum
1790 2370 1841 2396 340
1859 2370 1876 2395 7

1550 2431 1584 2437 -
1603 2416 1739 2442 nationum
1757 2418 1797 2441 est
1815 2418 1920 2446 tempus
1938 2413 2015 2444 illud,
2034 2420 2087 2446 quo
2107 2413 2133 2438 fl-

1495 2462 1545 2487 lius
1569 2460 1722 2493 perditionis
1743 2458 1886 2489 Ecclesiam
1909 2456 2071 2484 conculcabit
2090 2457 2134 2483 vu

1496 2506 1547 2531 533
1568 2505 1601 2531 40

1551 2549 1687 2575 Tamais
1705 2561 1740 2567 -
1759 2546 1893 2573 Tenebras
1908 2552 2013 2578 semper
2028 2545 2133 2571 comita-

1497 2597 1540 2620 tur
1558 2594 1652 2619 horror
1671 2592 1704 2618 Vl
1724 2592 1775 2617 2⁴8
1795 2598 1822 2617 v.
1841 2590 1856 2616 4
1876 2604 1910 2609 -
1928 2591 1954 2616 ln
1969 2589 2083 2616 tenebris
2095 2593 2134 2615 est

1497 2637 1657 2670 periculum,
1676 2636 1790 2662 maxime
1813 2635 1921 2669 quando
1945 2635 2018 2661 deest
2042 2634 2135 2660 ductor

1499 2682 1550 2708 323
1564 2682 1598 2707 27
1612 2695 1646 2700 -
1660 2688 1706 2713 per
1718 2681 1807 2706 lumen
1822 2680 1985 2712 expelluntur
1998 2679 2040 2705 Vll
2053 2679 2104 2704 310
2118 2679 2134 2704 2

1552 2740 1587 2745 --
1599 2728 1762 2759 quaeruntur
1781 2731 1794 2750 a
1813 2723 1995 2757 peccatoribus
2007 2723 2040 2748 Vl
2053 2723 2104 2749 536
2119 2723 2134 2748 6

1498 2784 1534 2790 -
1552 2770 1645 2802 culpae
1664 2772 1725 2795 sunt
1747 2769 1773 2794 in
1798 2767 1994 2800 peccatoribus,
2013 2767 2135 2793 tenebrae

1499 2814 1620 2841 miseriae
1646 2813 1673 2840 13
1700 2812 1851 2839 hominibus
1879 2812 1994 2842 miseris,
2014 2811 2136 2837 tenebrae

1499 2862 1608 2884 naturae
1626 2858 1651 2883 in
1670 2857 1796 2883 creaturis
1814 2855 2005 2882 defectibilibus
2022 2854 2056 2881 ib.
2069 2855 2084 2880 ἰ
2101 2869 2135 2873 -

1499 2903 1525 2928 13
1544 2901 1659 2928 tenebris
1670 2900 1806 2926 ambulant
1819 2899 1946 2926 excaecati
1959 2906 2006 2931 per
2019 2905 2135 2924 errorem

1499 2946 1550 2972 358
1571 2946 1603 2970 ⁴8

1551 3002 1587 3008 —
1604 2991 1665 3014 suut
1682 2990 1833 3020 peccatores
1852 2986 2008 3012 infidelitatis
2021 2984 2135 3011 tenebris

1499 3032 1632 3059 obcaecati
1650 3032 1684 3057 Vl
1706 3031 1757 3057 249
1783 3031 1825 3056 ⁴3.
1850 3030 1901 3056 250
1922 3030 1954 3055 -16
1975 3030 2003 3055 2·
2021 3043 2056 3048 -
2074 3032 2134 3055 sunt

1498 3079 1649 3109 peccatores
1674 3075 1725 3100 536
1744 3075 1760 3100 6
1779 3088 1813 3093 -
1832 3073 1978 3106 spirituales
2002 3072 2136 3098 continent

1499 3123 1650 3153 peccatores
1674 3118 1737 3145 ibid.
1754 3131 1790 3138 -
1808 3122 1847 3143 est
1871 3116 2008 3143 infidelitas
2029 3115 2080 3142 249
2101 3116 2133 3141 13

1498 3178 1534 3184 -
1552 3167 1591 3189 est
1607 3162 1711 3189 stultitia
1731 3161 1764 3188 25
1783 3168 1808 3187 ν.
1829 3160 1862 3186 14

1552 3221 1588 3227 -
1600 3207 1744 3233 aeternales
1756 3208 1893 3231 servantur
1906 3202 2087 3236 peccatoribus
2100 3203 2135 3228 Vl

1500 3252 1552 3278 536
1572 3252 1587 3277 6

1551 3309 1589 3315 -
1607 3295 1633 3321 13
1653 3297 1737 3321 morte
1755 3293 1847 3320 Christi
1861 3299 1913 3319 non
1926 3294 2066 3325 potuerunt
2078 3297 2136 3316 esse

1502 3346 1548 3372 per
1566 3343 1686 3365 naturam
1705 3338 1746 3363 Vll
1766 3337 1812 3363 581
1837 3337 1870 3363 54
