2476 3921
0 460 17 481 te
31 457 122 480 chrisio.

0 778 20 799 )e
33 775 125 803 discipu-

36 803 70 824 lis.

10 1407 118 1440 'transitus

28 1438 103 1462 stagni.
117 1438 123 1440 “

0 2308 19 2329 )e
38 2308 118 2340 impetu

0 2338 118 2383 emgggtatis

0 2415 123 2442 iporlunitas

2 2443 98 2469 periculi.

716 252 909 285 COMMENT.
935 252 972 285 IN
998 251 1236 285 EVANGELlUM
1260 252 1377 285 LUCAE
1402 252 1433 284 C.
1459 253 1531 284 Vlll.

139 343 225 382 eius,
249 346 286 376 ut
309 342 426 376 scilicet
443 351 499 384 per
514 342 583 374 eius
598 340 786 383 obsequium
803 340 987 379 veheretur,
1005 340 1096 372 iuxta

139 396 215 429 illud
238 396 412 438 Sapientiae
428 395 549 428 decimo
566 395 720 436 quarto1:
749 407 765 422 «
784 393 904 435 Exiguo
928 393 1012 435 ligno
1028 402 1096 426 cre-

137 450 215 482 dunt
240 449 382 482 homines
404 448 525 481 animas
549 456 664 480 suas».
683 447 718 479 Et
734 449 824 485 nota,
841 446 924 488 quod
945 445 1096 479 Cltristus

137 502 275 535 ascendit
298 510 370 534 cum
400 500 562 542 discipulis
594 500 624 532 in
658 499 852 538 naviculam,
885 501 921 531 ut
954 498 1096 531 ostendat

138 564 170 588 se
193 555 238 588 eis
272 554 405 587 similem
441 554 471 586 in
496 556 611 586 natura
645 556 676 585 et
711 552 897 594 indigentia,
923 551 1095 584 secundum

138 608 214 641 illud
238 607 276 640 ad
300 607 455 640 Hebraeos
479 605 617 639 secundo
630 606 660 637 ²:
682 618 698 634 «
715 605 772 638 Per
789 605 894 637 omnia
908 604 1018 637 debuit
1033 604 1096 637 fra-

139 661 240 693 tribus
263 659 441 698 similari»;
466 662 498 692 et
531 659 569 691 ad
602 658 815 700 Philippenses
846 657 1001 690 secundo:
1031 670 1046 685 α
1064 657 1095 689 ln

137 712 372 746 similitudinem
398 711 562 744 hominum
588 711 688 744 factus
711 714 742 743 et
767 710 877 743 habitu
902 711 1048 743 inventus
1061 713 1097 742 ut

137 767 230 800 homo
247 780 276 798 2».
297 764 460 807 Discipuli
475 764 684 797 ascenderunt
700 773 773 797 cum
791 763 925 802 Christo,
944 766 979 795 ut
994 766 1097 795 osten-

137 820 231 853 datur
255 818 404 861 perfectio
428 818 612 856 comitatus,
637 827 701 860 quo
724 826 887 859 nunquam
912 816 1098 849 deserebant

137 873 337 915 Magistrum,
362 871 444 904 sicut
480 871 598 903 Eliseus
632 870 705 903 fecit
739 870 889 912 magistro
913 878 971 902 suo
1000 869 1096 908 Eliae‚

138 925 242 968 quarti
268 925 385 966 Regum
411 923 592 956 secundo⁸:
619 936 635 951 α
652 923 736 955 Vivit
771 922 941 961 Dominus,
965 926 996 955 et
1022 921 1097 953 vivit

137 978 241 1011 anima
264 981 332 1015 tua,
358 976 433 1018 quia
448 985 511 1009 non
527 976 744 1018 derelinquam
769 978 800 1008 te
817 989 846 1007 n.
864 975 950 1008 Unde
974 975 1005 1007 in
1026 983 1097 1016 per-

138 1041 213 1065 sona
236 1030 345 1063 talium
369 1029 492 1062 dicebat
527 1030 579 1062 lob
611 1029 760 1072 vigesimo
785 1029 894 1062 tertio:
930 1041 945 1057 «
964 1028 1098 1070 Vestigia

138 1085 207 1118 eius
230 1087 358 1117 secutus
381 1088 428 1116 est
452 1092 507 1125 pes
531 1092 638 1122 meus,
664 1083 746 1115 viam
770 1082 838 1115 eius
862 1082 1014 1115 custodivi
1040 1089 1096 1114 nec

138 1137 288 1171 declinavi
314 1146 356 1170 ex
380 1145 416 1169 ea
433 1150 463 1168 ».
488 1137 553 1169 Non
578 1140 669 1169 erant
692 1136 730 1169 de
754 1136 814 1168 illis
843 1149 857 1163 (ι
875 1135 928 1177 qui
957 1135 994 1167 ad
1020 1138 1097 1167 tem-

138 1200 197 1233 pus
225 1190 359 1223 credunt
388 1193 419 1222 et
450 1189 480 1222 in
514 1194 654 1231 tempore
682 1189 861 1222 tentationis
897 1188 1096 1227 recedunt»,

139 1250 236 1286 supra
259 1243 387 1282 eodem,
412 1246 443 1275 et
466 1242 535 1275 ideo
564 1243 602 1275 ad
634 1242 773 1275 veritatis
805 1241 986 1283 sapientiam
1016 1250 1097 1273 nun-

137 1306 232 1339 quam
256 1296 449 1338 pertingunt.

227 1349 279 1382 36.
305 1350 446 1382 Secundo
470 1357 545 1381 vero
569 1351 723 1390 quantum
754 1348 792 1380 ad
824 1347 1005 1380 transitum
1029 1351 1097 1380 sta-

136 1402 196 1444 gni
218 1401 380 1434 subditur:
407 1402 446 1433 Et
469 1401 518 1433 ait
541 1401 587 1432 ad
602 1400 689 1432 illos:
715 1399 984 1442 Transfretemus
1001 1405 1097 1432 trans

136 1458 303 1496 stagnum.
331 1455 372 1486 Et
394 1453 629 1491 ascenderunt,
654 1453 772 1486 scilicet
795 1457 830 1486 ut
857 1453 1098 1486 transfretarent

137 1509 168 1539 et
191 1507 276 1539 ultra
298 1506 414 1539 fretum
439 1507 504 1539 sive
527 1515 614 1539 mare
631 1506 730 1546 irent,
747 1507 822 1549 quia
838 1516 921 1549 aqua
937 1507 999 1546 illa,
1017 1507 1099 1540 sicut

138 1559 279 1592 habitum
316 1562 364 1592 est
398 1568 494 1601 supra
518 1559 629 1602 quinto
642 1560 665 1599 4,
690 1563 721 1593 et
755 1570 851 1593 mare
878 1564 909 1593 et
940 1564 1098 1603 stagnum

136 1613 363 1654 appellabatur.
389 1613 458 1646 Ideo
490 1616 595 1646 autem
620 1613 719 1645 voluit
743 1613 912 1653 Dominus,
938 1614 1022 1656 quod
1051 1614 1098 1646 di-

137 1665 246 1707 scipuli
272 1666 340 1699 eius
361 1666 604 1699 transfretarent
628 1675 700 1699 cum
724 1676 776 1705 eo,
802 1671 837 1699 ut
862 1667 1014 1700 miracula
1030 1667 1098 1700 eius

136 1719 181 1752 eis
204 1723 410 1761 apparerent;
437 1719 614 1752 Psalmus⁵:
644 1732 660 1748 (τ
676 1720 734 1761 Qui
752 1720 947 1753 descendunt
963 1729 1050 1753 mare
1067 1720 1096 1752 in

138 1772 287 1812 navibus,
313 1773 369 1815 ipsi
395 1772 543 1806 viderunt
559 1782 655 1815 opera
672 1773 794 1806 Domini
811 1777 842 1806 et
859 1774 1013 1806 mirabilia
1030 1774 1098 1806 eius

136 1826 168 1858 in
191 1825 347 1867 profundo
364 1839 394 1857 ».
419 1826 475 1858 Vel
506 1825 575 1858 ideo
611 1826 728 1865 voluit,
752 1828 789 1858 ut
820 1834 926 1858 secum
951 1825 1098 1858 ascende-

137 1881 223 1918 rent,
248 1882 285 1911 ut
306 1879 501 1918 ostenderet,
526 1879 610 1921 quod
635 1888 697 1912 non
722 1882 854 1921 possunt
877 1879 1043 1921 pervenire
1059 1879 1099 1911 ad

137 1935 264 1974 portum
288 1932 398 1964 salutis
421 1932 479 1964 nisi
505 1940 560 1973 per
577 1941 664 1964 mare
681 1932 893 1964 tribulationis
913 1932 1097 1974 praesentis.

140 1984 225 2018 Unde
249 1984 423 2025 Sapientiae
438 1984 559 2017 decimo
575 1988 689 2026 quarto
702 1985 732 2016 ⁶:
755 1998 770 2013 «
784 1986 996 2018 Transeuntes
1013 1993 1098 2017 mare

137 2046 192 2078 per
217 2040 316 2069 ratem
341 2037 462 2069 liberati
488 2040 562 2069 sunt
580 2049 609 2076 »3
634 2041 665 2070 et
689 2038 720 2070 in
745 2038 883 2070 Psalmo:
914 2038 1099 2070 «Transivi-

138 2098 208 2122 mus
231 2096 288 2131 per
320 2089 421 2131 ignem
454 2093 485 2122 et
508 2099 621 2132 aquam
640 2102 670 2129 »;
695 2091 785 2132 quia,
810 2091 984 2124 secundum
1014 2091 1099 2132 quod

136 2141 252 2174 dicitur
276 2142 407 2174 Actuum
432 2142 552 2174 decimo
576 2146 708 2184 quarto,
730 2157 746 2171 α
762 2153 819 2185 per
836 2144 951 2176 multas
968 2144 1097 2176 tribula-

138 2195 236 2228 tiones
259 2198 383 2237 oportet
407 2204 463 2228 nos
487 2195 606 2228 intrare
630 2196 661 2228 in
687 2206 820 2238 regnum
845 2197 898 2229 Dei
919 2210 947 2228 ».

227 2247 278 2280 37.
303 2248 404 2289 (Vers.
429 2248 506 2288 23).
533 2248 778 2290 Navigantibus
794 2253 905 2281 autem
923 2249 989 2281 illis
1002 2249 1019 2282 ⁷.
1038 2253 1096 2282 etc.

137 2300 190 2333 Hic
207 2301 344 2333 secundo
360 2300 551 2333 describitur
575 2302 716 2343 impetus
733 2301 932 2343 tempestatis
948 2311 1020 2334 cum
1037 2302 1098 2334 im-

133 2354 340 2396 portunitate
354 2353 500 2396 periculi
514 2357 546 2387 et
562 2363 634 2387 cum
650 2355 896 2397 opportunitate
907 2354 1043 2397 refugii.
1056 2373 1097 2378 -

138 2406 240 2439 Primo
271 2410 425 2448 quantum
456 2406 495 2439 ad
524 2407 808 2449 importunitatem
828 2408 974 2450 periculi
996 2417 1098 2440 emer-

138 2460 256 2502 gentis,
281 2460 405 2493 Christo
429 2461 625 2500 dormiente,
651 2461 784 2494 dicitur:
804 2462 844 2493 Et
859 2461 1099 2504 navigantibus

139 2513 223 2552 illis,
249 2513 453 2546 obdormivit.
481 2515 515 2547 Et
539 2514 606 2556 ipso
630 2514 822 2554 dormiente,
849 2515 1026 2557 periculum
1051 2516 1098 2548 in-

139 2570 311 2599 currerunt
335 2566 365 2599 in
390 2567 582 2609 navigando,
599 2566 690 2600 iuxta
705 2567 784 2600 illud
800 2568 1004 2601 Ecclesiastici
1022 2579 1099 2611 qua-

140 2620 316 2662 dragesimo
340 2621 433 2653 tertio
445 2620 476 2653 ⁸:
506 2634 521 2650 «
539 2621 598 2663 Qui
615 2621 762 2664 navigant
778 2631 864 2655 mare
881 2627 1030 2656 enarrant
1047 2633 1100 2666 pe-

134 2670 242 2707 ricula
265 2673 379 2707 eius».
404 2693 449 2698 —
472 2674 542 2708 ldeo
573 2670 720 2708 subditur
752 2676 948 2717 periculum:
979 2677 1020 2709 Et
1047 2677 1100 2710 de-

214 2842 222 2857 ¹
245 2844 319 2869 Vers.
341 2845 365 2870 5.
384 2858 420 2863 —
440 2845 566 2877 Superius
585 2853 633 2878 pro
652 2845 794 2873 naviculae
806 2847 885 2873 codd.
904 2847 1028 2874 vehiculi.

213 2886 223 2901 ²
245 2888 318 2914 Vers.
343 2889 385 2920 l7‚
405 2893 464 2921 post
482 2897 562 2923 quem
583 2890 646 2916 Phil.
666 2892 690 2922 2,
709 2891 735 2916 7.

214 2929 224 2945 ³
245 2932 317 2958 Vers.
339 2934 362 2958 6.
384 2948 417 2951 —
438 2934 496 2959 Duo
516 2941 590 2967 seqq.
611 2935 659 2960 loci
679 2938 740 2961 sunt
760 2935 804 2961 lob
824 2936 870 2975 23,
892 2936 932 2961 11.
952 2940 977 2962 et
997 2938 1057 2962 Luc.
1073 2938 1102 2970 8,

145 2975 191 3006 13,
212 2983 260 3008 pro
278 2984 332 3009 quo
352 2978 428 3003 codd.
450 2978 544 3004 Mami.
568 2977 620 3011 15,
641 2978 686 3004 ubi
710 2987 736 3005 v.
767 2980 809 3005 2l.
832 2981 945 3013 occurrit
963 2982 1102 3013 sententia,

143 3020 188 3046 sed
209 3028 259 3046 non
279 3021 370 3047 verba.
389 3035 424 3041 -
444 3022 570 3054 Superius
589 3030 637 3055 pro
655 3023 836 3051 ascenderunt
855 3025 875 3050 Η
895 3024 1044 3052 asoencluni
1058 3026 1102 3059 (ita

144 3063 221 3089 etiam
241 3064 302 3098 CD)
323 3068 348 3090 et
366 3065 479 3091 subinde
497 3065 624 3093 deserunt
643 3075 691 3099 pro
710 3067 871 3094 deserebant.

215 3108 226 3143 ⁴.
246 3109 319 3135 Vers.
350 3111 369 3135 1.
390 3117 414 3135 n.
435 3110 460 3135 3.
479 3124 513 3129 -
534 3111 661 3143 Superius
679 3119 728 3144 pro
747 3111 823 3138 ultra
841 3112 943 3146 [retum
955 3113 1009 3140 sive
1027 3121 1104 3140 mare

145 3153 164 3178 B
184 3153 259 3180 ultra
278 3156 407 3188 stagnum
425 3154 480 3181 sive
497 3155 607 3188 fretum.
724 3155 735 3170 ⁵
755 3157 848 3182 Psalm.
869 3158 933 3188 106,
954 3159 997 3183 23.
1016 3162 1041 3184 et
1060 3159 1102 3185 24.

216 3196 226 3211 ⁶
247 3198 321 3224 Vers.
341 3199 365 3229 5,
386 3202 444 3230 post
462 3206 541 3231 quem
562 3200 603 3225 Ps.
622 3200 670 3231 65,
691 3201 733 3226 ⁴12.
753 3204 778 3226 et
791 3202 845 3227 Act.
862 3201 909 3232 it,
933 3202 975 3233 2l,
990 3202 1035 3228 ubi
1056 3210 1103 3235 pro

145 3240 250 3268 intrare
269 3242 297 3268 in
320 3249 436 3276 regnum
455 3243 504 3269 Dei
521 3243 540 3269 C
552 3244 603 3269 DG
623 3244 737 3271 introire
757 3245 785 3271 in
803 3252 920 3279 regnum
938 3246 1086 3273 caetorum.

216 3283 226 3299 '¹
247 3286 284 3312 De
304 3288 352 3312 liae
372 3288 482 3313 lectione
500 3288 579 3314 codd.
598 3288 660 3314 vide
678 3296 757 3326 supra
778 3297 839 3322 pag.
863 3291 921 3321 198,
941 3294 1028 3317 notam
1049 3292 1073 3317 9.

217 3329 227 3344 ⁸
247 3331 322 3357 Vers.
343 3333 390 3364 26,
410 3332 454 3358 ubi
474 3334 495 3359 G
514 3336 540 3358 et
560 3334 670 3365 Vulgata
689 3336 818 3361 enarrent
837 3343 885 3367 pro
904 3339 1045 3363 enarrant.

217 3373 228 3388 ⁹
248 3376 321 3401 ers.
343 3376 384 3402 37.
408 3391 440 3395 —
459 3377 575 3404 Subinde
594 3379 720 3410 allegatur
739 3379 816 3405 lonae
840 3381 860 3410 l,
880 3379 903 3405 4.
922 3393 958 3399 —
977 3381 1104 3413 Superius

147 3417 230 3448 ver-,ho
250 3419 405 3453 exagitabat
426 3421 483 3447 vat.
505 3422 626 3454 praefigit
644 3422 715 3450 venit
742 3425 774 3450 et.
802 3423 910 3449 lnferius
929 3431 978 3456 pro
1003 3423 1105 3458 dispen-

2057 255 2117 286 199

1160 340 1285 372 scendit
1307 339 1451 381 procella
1475 341 1562 372 venti
1585 341 1621 373 in
1635 345 1812 384 stagnum,
1829 346 1856 374 ct
1873 342 2119 383 complebantur

1160 395 1189 424 et
1209 392 1506 434 periclitabantur,
1532 393 1561 425 id
1586 397 1646 431 est,
1672 395 1807 435 procella
1834 395 1915 427 venti
1941 395 2119 436 exagitabat

1160 448 1307 487 stagnum
1331 449 1362 478 et
1385 446 1534 487 implebat
1558 455 1667 478 navem
1692 448 1800 488 aquis,
1826 448 1916 479 iuxta
1933 447 2009 479 illud
2027 447 2120 479 Marci

1161 498 1318 540 quart09:
1349 511 1364 527 α
1382 499 1417 531 Et
1440 499 1521 531 facta
1544 502 1592 532 est
1616 500 1752 541 procella
1767 509 1879 542 magna
1901 501 1982 533 venti
2009 503 2039 532 et
2063 500 2122 532 ssu-

1160 555 1231 583 ctus
1256 551 1398 583 mittebat
1422 551 1452 583 in
1477 552 1600 590 navim,
1626 552 1668 584 ita
1699 556 1734 584 ut
1770 553 1954 594 impleretur
1987 553 2075 585 navis
2091 567 2121 585 ι».

1164 603 1197 636 Et
1222 604 1281 636 hoc
1304 603 1420 636 factum
1445 608 1492 637 est
1508 604 1612 636 divina
1635 604 1882 646 dispensatione,
1899 606 1980 637 sicut
1997 606 2035 638 de
2053 605 2124 637 lona

1162 656 1278 689 dicitur
1302 657 1391 689 Ionae
1417 657 1537 698 primo:
1567 670 1582 685 α
1602 658 1690 690 Facta
1714 661 1761 690 est
1778 661 1946 699 tempestas
1964 667 2075 700 magna
2092 658 2123 689 in

1161 709 1258 748 mari,
1283 713 1314 742 et
1338 710 1426 742 navis
1461 710 1698 751 periclitabatur
1734 711 1900 742 conteri».
1927 711 2011 743 Unde
2043 711 2125 743 sicut

1162 761 1215 794 illa
1239 762 1327 794 navis
1351 765 1480 804 propter
1518 762 1619 795 Ionam
1645 763 1815 805 fugientem
1851 773 1869 795 a
1900 763 1977 796 facie
2002 763 2123 796 Domini

1161 818 1230 848 erat
1254 815 1285 847 in
1310 815 1464 856 periculo,
1490 815 1534 848 sic
1558 820 1588 848 et
1605 816 1663 848 ista
1680 820 1809 858 propter
1827 817 2034 858 praesentiam
2052 826 2125 858 pro-

1161 868 1288 907 ditoris,
1313 868 1486 901 secundum
1504 868 1588 910 quod
1605 869 1713 902 Glossa
1727 869 1752 888 ²⁰
1775 869 1868 902 dicit:
1899 883 1914 897 α
1931 870 2040 902 Merito
2058 873 2125 902 tur-

1162 922 1255 953 batur
1279 921 1383 960 navis,
1409 921 1439 953 in
1464 931 1528 963 qua
1551 922 1693 964 proditor
1717 927 1764 955 est
1787 931 1860 955 cum
1886 922 1990 961 bonis,
2015 927 2046 955 et
2070 923 2124 965 qui

1162 975 1227 1007 suis
1251 975 1372 1007 meritis
1396 975 1478 1007 firmi
1503 975 1629 1008 fuerant
1654 976 1825 1008 turbantur
1849 976 1958 1009 alienis
1976 990 2004 1008 ι».

1252 1027 1303 1060 38.
1329 1027 1429 1069 (Vers.
1455 1028 1533 1069 24).
1559 1028 1701 1061 Secundo
1725 1032 1879 1071 quantum
1905 1029 1942 1062 ad
1968 1034 2126 1071 opportu-
2137 1038 2291 1068 opportnqnas

1161 1080 1299 1112 nitatem
1315 1080 1443 1123 refugii
1458 1063 1689 1121 succurrentiso,
1708 1082 1834 1115 Christo
1850 1082 2033 1125 evigilante,
2051 1082 2126 1115 sub-

1161 1134 1266 1166 ditur:
1293 1136 1485 1167 Accetlentes
1509 1140 1620 1167 autem
1637 1136 1885 1168 suscitaverunt
1902 1146 1992 1175 eum,
2012 1140 2046 1168 ut
2067 1136 2126 1168 sci-

1162 1187 1233 1220 licet
1257 1197 1313 1229 per
1337 1188 1405 1221 eius
1430 1188 1566 1230 vigiliam
1597 1188 1777 1221 obtinerent
1809 1189 1983 1222 remedium
2015 1189 2068 1231 qui
2094 1189 2125 1221 in

1161 1241 1350 1274 dormitione
1374 1242 1575 1274 incurrerant
1599 1242 1794 1284 periculum;
1813 1243 1954 1275 Psalmus
1968 1244 2007 1274 ¹¹:
2031 1255 2046 1270 «
2065 1242 2125 1274 Ex-

1162 1293 1276 1326 citatus
1299 1298 1346 1326 est
1372 1298 1519 1336 tanquam
1544 1294 1705 1328 dormiens
1731 1296 1924 1328 Dominus».
1950 1296 2125 1328 Suscitave-

1162 1351 1239 1379 runt
1272 1351 1379 1380 autem
1412 1357 1484 1380 eum
1519 1357 1580 1380 non
1613 1357 1654 1381 ex
1686 1349 1782 1381 animi
1815 1349 1962 1387 audacia,
1996 1349 2049 1381 sed
2081 1358 2123 1381 ex

1162 1400 1349 1442 indigentia;
1367 1400 1451 1433 unde
1467 1400 1611 1433 additur:
1639 1402 1804 1433 Dicentes:
1823 1402 2033 1443 Praeceptor,
2049 1411 2125 1443 per-

1162 1453 1269 1491 imus;
1292 1453 1322 1485 in
1348 1463 1411 1495 quo
1435 1454 1571 1496 allegant
1605 1453 1729 1486 Christi
1747 1455 1927 1497 potentiam
1960 1459 1991 1487 et
2025 1464 2125 1486 suam

1163 1506 1398 1548 indigentiam:
1426 1505 1552 1539 Christi
1571 1508 1753 1549 potentiam
1779 1508 1807 1539 in
1827 1508 1903 1546 hoc,
1921 1508 2005 1549 quod
2021 1508 2124 1540 aiunt:

1164 1560 1384 1602 Praeceptor;
1409 1560 1461 1593 lob
1486 1570 1568 1593 nono
1583 1561 1625 1592 ¹2:
1650 1574 1665 1588 «
1679 1561 1830 1603 Praecipit
1846 1561 1920 1599 soli,
1938 1564 1969 1593 et
1985 1571 2046 1593 non
2063 1561 2126 1593 ori-

1163 1617 1217 1645 tur
1228 1639 1235 1652 ,
1252 1616 1283 1646 et
1307 1614 1412 1646 stellas
1428 1614 1545 1646 claudit
1561 1614 1649 1656 quasi
1668 1614 1728 1646 sub
1744 1614 1905 1656 signaculo
1922 1626 1952 1651 »;
1970 1614 2124 1647 Psalmus:

1168 1680 1183 1695 «
1200 1668 1248 1700 Tu
1271 1667 1442 1700 dominaris
1467 1667 1611 1709 potestati
1643 1668 1754 1706 maris,
1779 1671 1898 1700 motum
1931 1672 2036 1700 autem
2066 1667 2126 1699 ssu-

1163 1725 1272 1753 ctuum
1297 1721 1365 1753 eius
1394 1724 1427 1753 tu
1453 1721 1577 1763 mitigas
1594 1733 1624 1760 »;
1649 1721 1823 1763 Sapientiae
1848 1721 1969 1754 decimo
1993 1725 2124 1763 quarto:

1168 1787 1183 1802 «
1201 1774 1317 1807 Dedisti
1342 1774 1372 1806 in
1399 1775 1476 1806 mari
1502 1775 1583 1806 viam
1616 1778 1647 1807 et
1670 1775 1700 1806 in
1726 1775 1876 1807 fluctibus
1901 1774 2042 1820 semitam
2071 1774 2126 1806 fir—

1162 1827 1334 1859 missimam
1353 1840 1383 1858 ».
1408 1846 1452 1850 -
1476 1828 1583 1860 Suam
1607 1827 1823 1869 indigentiam
1840 1828 1975 1869 allegant
1998 1827 2029 1859 in
2055 1828 2125 1866 hoc,

1163 1879 1248 1922 quod
1271 1880 1394 1912 dicunt:
1420 1880 1596 1918 Perimes,
1615 1889 1686 1912 cum
1706 1884 1807 1912 tamen
1825 1884 1860 1912 tu
1876 1879 1970 1919 nolis,
1989 1880 2125 1921 aliquem

1163 1933 1286 1974 perire;
1312 1932 1467 1965 secundae
1492 1933 1573 1965 Petri
1598 1933 1691 1965 tertio
1706 1932 1749 1964 ¹⁸:
1780 1946 1795 1960 «
1814 1933 1968 1965 Patienter
1992 1933 2056 1975 agit
2072 1942 2127 1965 no-

1164 1986 1240 2024 lens,
1254 1985 1376 2027 aliquos
1392 1985 1497 2026 perire
1514 1998 1545 2023 »,
1562 1988 1594 2018 et
1609 1985 1747 2017 maxime
1764 1985 2021 2027 praedestinatos.
2039 1985 2126 2018 Unde

1164 2038 1285 2070 Ioannis
1308 2038 1446 2070 decimo:
1476 2050 1491 2066 α
1508 2037 1589 2070 Oves
1614 2046 1701 2070 meae
1720 2046 1825 2070 vocem
1845 2047 1945 2070 meam
1973 2038 2124 2077 audiunt,

1163 2094 1194 2123 et
1218 2099 1275 2132 ego
1299 2090 1395 2122 vitam
1426 2093 1585 2123 aeternam
1618 2090 1658 2123 do
1682 2090 1744 2129 eis,
1769 2095 1800 2123 et
1825 2100 1887 2123 non
1919 2091 2069 2133 peribunt
2093 2091 2124 2124 in

1162 2147 1326 2176 aeternum
1345 2156 1375 2182 »;
1400 2146 1431 2176 et
1453 2144 1576 2176 decimo
1600 2144 1749 2186 septimo:
1781 2157 1795 2172 α
1810 2145 1872 2187 Ego
1888 2145 2042 2177 custodivi
2060 2154 2124 2184 eos,

1163 2200 1193 2229 et
1217 2205 1309 2229 nemo
1332 2205 1374 2229 ex
1397 2197 1442 2229 eis
1466 2197 1559 2238 periit
1583 2197 1641 2230 nisi
1666 2197 1751 2230 filius
1774 2198 1959 2240 perditionis
1975 2212 2005 2230 ».

1253 2249 1304 2282 39.
1331 2251 1375 2282 At
1399 2250 1450 2282 ille
1473 2260 1615 2293 surgens
1631 2251 1816 2293 increpabit
1833 2256 1974 2284 ventum.
1994 2252 2046 2285 Hic
2064 2256 2127 2285 ter-

1164 2303 1207 2336 tio
1240 2303 1430 2336 describitur
1465 2304 1575 2336 virtus
1610 2304 1820 2344 Divinitatis,
1852 2308 1887 2337 ut
1917 2306 2127 2347 praecipiens

1162 2356 1259 2389 verbo
1282 2361 1313 2389 et
1336 2360 1373 2389 ut
1400 2357 1575 2399 perficiens
1594 2356 1695 2400 facto.
1714 2377 1755 2382 —
1781 2358 1884 2391 Primo
1908 2359 2005 2401 igitur
2027 2368 2126 2401 quan-

1164 2412 1231 2442 tum
1255 2410 1293 2442 ad
1314 2414 1529 2452 praeceptum
1565 2411 1602 2448 in
1625 2411 1722 2443 verbo
1746 2411 1880 2444 dicitur:
1907 2414 1951 2444 At
1976 2411 2026 2444 ille
2049 2422 2126 2444 sur-

1161 2472 1241 2505 gens
1265 2463 1451 2505 increpavit
1473 2468 1605 2496 ventum
1629 2464 1657 2496 et
1693 2469 1913 2507 tempestatem
1937 2474 2064 2508 aquae,·
2096 2464 2127 2497 in

1164 2525 1227 2558 qua
1250 2516 1464 2558 increpatione
1487 2516 1672 2559 intelligitur
1696 2518 1866 2550 maiestatis
1888 2518 2057 2559 imperium
2075 2526 2129 2550 su-

1164 2578 1221 2612 per
1237 2573 1421 2612 utrumque.
1446 2570 1533 2603 Unde
1549 2570 1667 2603 dicitur
1683 2571 1827 2604 Matthaei
1846 2575 1957 2604 octavo
1970 2570 2014 2603 ¹⁴:
2042 2584 2057 2599 a
2071 2571 2128 2603 lm-

1165 2623 1287 2666 peravit
1310 2623 1411 2656 ventis
1435 2627 1465 2656 et
1490 2624 1588 2663 mari,
1613 2628 1643 2657 et
1667 2624 1748 2657 facta
1764 2628 1812 2657 est
1836 2624 2047 2667 tranquillitas
2065 2633 2129 2657 ma-

1165 2687 1226 2720 gna
1242 2690 1272 2716 »;
1290 2677 1382 2710 Marci
1401 2681 1516 2720 quarto
1540 2678 1673 2717 dicitur,
1691 2678 1775 2721 quod
1791 2678 1873 2711 dixit
1889 2679 1986 2711 mari:
2010 2692 2024 2707 ι(
2038 2679 2127 2717 Tace,

1166 2849 1269 2875 satione
1299 2850 1355 2874 vat.
1385 2848 1578 2882 dispositione;
1598 2850 1645 2874 cfr.
1673 2849 1738 2874 intra
1758 2856 1784 2874 n.
1805 2849 1853 2880 47,
1881 2848 1925 2875 ubi
1953 2849 2029 2874 simili
2050 2848 2129 2874 modo

1167 2892 1258 2919 divina
1277 2892 1474 2926 dispensatione
1493 2893 1616 2918 occurrit.

1239 2936 1261 2950 ¹⁰
1280 2937 1382 2963 Scilicet
1401 2936 1544 2963 ordinaria
1563 2937 1635 2969 apud
1655 2938 1786 2969 Lyranum
1801 2938 1828 2962 in
1842 2938 1896 2963 Luc
1928 2938 1958 2968 8,
1972 2938 2016 2963 23.
2031 2951 2067 2956 —
2080 2937 2128 2962 Pro

1169 2980 1265 3008 Glossa
1286 2982 1343 3008 Vat.
1363 2980 1522 3007 Anthrosius
1542 2981 1564 3014 (2
1585 2982 1669 3014 Beda,
1690 2982 1726 3007 lll.
1747 2982 1771 3007 in
1791 2982 1853 3007 Luc.
1874 2983 1904 3013 8,
1925 2982 1988 3014 25.).

1240 3024 1260 3039 ¹¹
1282 3026 1374 3051 Psalm.
1394 3025 1442 3056 77,
1463 3025 1505 3051 65.

1239 3068 1261 3084 ¹⁹
1281 3071 1355 3096 Vers.
1374 3070 1400 3095 7.
1419 3084 1454 3088 —-
1474 3071 1530 3095 Duo
1549 3077 1623 3104 seqq.
1651 3071 1701 3096 loci
1729 3074 1790 3096 sunt
1817 3071 1857 3096 Ps.
1878 3072 1924 3100 88,
1945 3072 1986 3096 10.
2015 3075 2041 3097 et
2069 3072 2130 3104 Sap.

1146 3114 1149 3115 ⁷
1170 3114 1216 3146 it,
1236 3115 1260 3139 3.
1280 3128 1316 3133 —
1335 3114 1462 3146 Superius
1483 3118 1541 3146 post
1560 3114 1705 3148 indigentia
1728 3116 1784 3140 Vat.
1812 3122 1872 3141 cum
1902 3116 2033 3141 nonnullis
2051 3116 2129 3142 codd.

1168 3158 1242 3184 addit
1258 3158 1412 3192 patrocinii.

1240 3201 1264 3216 ¹¹³
1282 3203 1356 3228 Vers.
1377 3204 1409 3235 9,
1429 3203 1473 3229 ubi
1494 3211 1542 3235 pro
1570 3203 1676 3237 aliqu-os
1702 3204 1779 3230 codd.
1799 3204 1925 3238 aliquem..
1951 3218 1987 3224 —
2012 3205 2130 3231 Subinde

1167 3248 1312 3279 allegantur
1331 3249 1400 3273 loan.
1424 3249 1468 3279 lo,
1489 3249 1531 3273 27.
1551 3251 1576 3274 et
1596 3248 1637 3279 -17,
1658 3249 1699 3274 12.
1721 3262 1755 3267 -
1775 3249 1902 3281 Superius
1927 3253 1987 3281 post
2006 3249 2132 3276 Pcrimus

1168 3292 1189 3317 ll
1209 3292 1376 3324 prosequitur
1395 3291 1450 3318 nisi
1467 3294 1496 3318 tu
1515 3291 1640 3325 adiuves,
1662 3292 1709 3326 qui
1726 3292 1860 3319 neminem
1879 3293 1919 3319 vis
1934 3293 2027 3327 perire
2045 3298 2095 3320 etc.

1241 3335 1261 3350 ¹⁴
1283 3337 1357 3362 Vers.
1378 3337 1425 3369 26,
1445 3340 1505 3368 post
1532 3344 1613 3369 quem
1642 3337 1720 3363 Marc.
1749 3337 1776 3369 t,
1805 3338 1848 3363 39.
1873 3351 1908 3356 —
1927 3338 2055 3370 Superius
2083 3345 2130 3370 pro

1164 3382 1341 3415 praecept-um
1361 3380 1388 3406 in
1407 3380 1486 3407 verbo
1506 3380 1525 3407 C
1537 3381 1557 3406 D
1568 3382 1588 3407 G
1604 3383 1781 3415 praeceptum
1794 3382 1822 3408 in
1834 3389 1966 3415 sermone,
1980 3386 2006 3408 et
2019 3381 2131 3408 subinde

1168 3430 1217 3457 pro
1237 3424 1381 3458 imperium
1400 3432 1482 3459 super
1502 3427 1650 3460 utrumque
1669 3426 1687 3452 C
1699 3426 1720 3452 D
1739 3426 1886 3460 imperium
1903 3426 1966 3461 fieri
1983 3426 2100 3460 utrique.

2172 1065 2256 1091 refugii.

2147 2260 2177 2281 De
2192 2260 2271 2282 virtute

2146 2287 2271 2308 Divinitatis

2186 2314 2228 2335 duo
2233 2330 2238 2335 .

2146 2367 2255 2395 Praecipit

2164 2395 2238 2416 vei-ho.
