2476 3921
291 255 362 306 126*

288 343 373 375 misit
396 342 427 374 in
451 340 604 374 muudum
616 366 624 379 ,
640 348 697 372 vos
712 338 832 378 dicitis,
849 338 924 381 quia
940 338 1156 380 blasphemas,
1173 337 1249 379 quia

286 396 370 428 dixi:
386 395 483 428 Filius
499 394 552 427 Dei
570 402 641 426 sum
657 396 696 425 n?
712 392 859 425 Similiter
875 391 1055 430 credebant,
1073 399 1146 424 eum
1164 390 1247 423 blas-

288 450 456 492 phemare,
480 447 606 490 quando
628 445 821 479 attribuebat
841 445 898 478 sibi
915 444 1081 486 proprium
1098 443 1172 482 Dei,
1189 443 1249 476 sci-

289 502 360 535 licet
383 504 510 543 peccata
533 500 703 533 remittere.
729 498 815 531 Unde
838 497 1007 530 subditur:
1042 496 1124 537 Quis
1145 499 1249 538 potest

284 558 423 598 peccata
446 553 632 586 remittere¹
655 551 725 584 nisi
746 551 837 584 solus
862 549 978 583 Deus?
1003 549 1038 581 Et
1062 549 1094 581 in
1119 549 1178 581 hoc
1195 557 1249 581 ve-

288 616 362 641 rum
384 607 513 644 dicunt;
539 606 633 638 Isaiae
652 604 896 648 quadragesimo
921 603 1035 636 tertio:
1058 615 1073 630 ‹1
1092 601 1153 643 Ego
1177 611 1248 634 sum

289 661 343 704 qui
367 660 455 693 deleo
478 659 659 702 iniquitates
683 662 754 691 tuas
778 660 908 700 propter
930 665 981 689 me
997 670 1028 689 ».
1054 656 1112 690 Sed
1144 659 1248 694 certe,

287 714 363 747 dum
388 713 445 755 ipsi
469 712 594 745 Christo
617 711 819 754 imponebant
842 710 1087 752 blasphemiam,
1119 710 1151 742 in
1183 708 1249 742 suis

288 766 436 799 cordibus
460 764 739 807 blasphemabant;
764 763 859 796 Isaiae
882 762 1122 805 quadragesimo
1138 765 1248 795 sexto:

293 832 309 848 α
325 819 382 852 Cui
404 818 599 852 assimilastis
626 826 677 850 me
708 821 739 850 et
770 816 968 858 adaequastis
991 820 1022 848 et
1045 814 1250 857 comparastis

289 875 320 906 et
343 871 459 904 fecistis
483 871 615 904 similem
632 873 668 903 n?

379 925 430 956 50.
456 923 556 965 (Vers.
582 924 659 963 22).
677 923 713 955 Et
729 922 878 964 quoniam
894 922 971 954 haec
988 920 1151 963 cogitando
1166 920 1249 953 blas-

122 985 275 1032 Blazphgman-
289 976 496 1019 phemabant,
513 975 582 1008 ideo
598 973 888 1016 deprehenduntur
904 978 935 1007 et
950 977 1159 1016 arguuntur,
1176 981 1248 1005 cum

151 1013 276 1059 ffgndffiffi
289 1029 459 1063 subditur:
489 1029 527 1061 Ul
551 1032 663 1061 aulem
687 1027 838 1070 coynovic
860 1028 954 1059 Iesus
970 1026 1182 1069 coyitationes
1198 1035 1249 1058 eo-

151 1067 276 1112 ?ssrff'ffm‘
288 1092 386 1121 rum,
404 1085 553 1124 tanquam
570 1081 672 1119 Deus,
693 1081 783 1122 quia,
800 1079 1003 1113 Ecclesiastici
1022 1079 1170 1121 vigesimo
1186 1081 1250 1111 ter-

290 1135 333 1168 tio
346 1135 376 1174 ²,
406 1148 421 1164 «ι
438 1134 521 1167 001111
539 1134 661 1166 Domini
678 1134 778 1166 multo
794 1133 866 1175 plus
883 1132 1051 1166 lucidiores
1074 1135 1150 1164 sunt
1166 1131 1248 1171 sole,

289 1188 577 1230 circumspicientes
600 1196 709 1220 omnes
731 1186 796 1219 vias
812 1186 977 1223 hominum
1002 1189 1033 1218 et
1057 1185 1249 1227 profundum

288 1241 392 1283 abyssi
423 1245 454 1274 et
490 1240 655 1273 hominum
678 1239 773 1272 corda
797 1239 956 1272 intuentes
972 1251 1003 1270 υ.
1028 1238 1089 1271 Νο0
1112 1238 1249 1277 1111111111,

288 1295 364 1337 quia
386 1298 434 1327 est
456 1293 595 1326 Verbum
620 1293 697 1332 Dei,
721 1293 760 1325 de
783 1301 847 1334 quo
870 1292 909 1324 ad
934 1291 1089 1324 Hebraeos
1112 1294 1248 1333 quarto:

294 1348 423 1380 «Vivus
453 1350 501 1380 est
531 1355 635 1380 sermo
666 1346 720 1379 Dei
754 1349 784 1379 et
815 1345 929 1378 efficax
961 1348 991 1377 et
1026 1344 1250 1386 penetrabilior

288 1401 372 1435 omni
409 1401 510 1443 gladio
544 1399 670 1442 ancipiti
706 1402 738 1432 et
771 1399 926 1432 discretor
957 1397 1180 1440 cogitationum
1219 1399 1251 1430 et

288 1455 497 1488 intentionum
529 1453 632 1487 cordis
648 1466 679 1485 n.
704 1472 748 1477 —
770 1453 832 1485 Nec
856 1452 958 1485 solum
981 1452 1188 1494 deprehendit
1219 1454 1251 1484 et

288 1508 454 1547 discernit,
479 1507 533 1540 sed
549 1507 642 1540 etiam
660 1506 859 1549 redarguit:
877 1505 1086 1548 Respondeas
1102 1504 1190 1538 dixit
1205 1504 1251 1537 ad

289 1561 384 1594 illos:
410 1560 498 1601 Quid
529 1559 682 1602 0091111ιὶ8-
713 1558 831 1592 mala-⁹³
856 1558 892 1591 iu
916 1558 1072 1591 cordibus
1103 1557 1250 1591 vestris?

289 1614 378 1657 quasi
402 1614 485 1646 dicat
508 1613 586 1645 illud
610 1612 704 1645 Isaiae
721 1612 844 1654 primo:
875 1625 890 1640 «
907 1611 1032 1644 Auferte
1056 1611 1175 1644 malum
1199 1619 1251 1643 co-

289 1667 475 1709 gitationum
500 1669 677 1699 vestrarum
702 1665 742 1697 ab
762 1664 863 1697 oculis
879 1663 957 1696 meis
974 1677 1003 1695 n.
1022 1663 1089 1705 lpse
1105 1663 1189 1696 enim
1205 1659 1251 1695 vi-

288 1720 381 1753 debat
397 1722 428 1752 et
443 1718 611 1761 arguebat,
635 1717 783 1750 Ieremiae
807 1719 942 1759 quarto:
972 1729 988 1744 α
1004 1716 1174 1758 Usquequo
1197 1714 1250 1748 de—

288 1772 499 1805 morabuntur
530 1771 562 1803 in
586 1773 616 1803 te
640 1770 842 1812 cogitationes
865 1769 979 1802 noxiae
996 1772 1031 1800 n?
1054 1769 1144 1802 Tales
1168 1769 1251 1802 enim

289 1828 364 1859 sunt
395 1824 597 1867 cogitationes
631 1832 817 1866 perversae,
853 1822 891 1855 de
926 1821 1044 1865 quibus
1078 1822 1252 1864 Sapientiae

288 1881 413 1923 primo:
455 1893 471 1908 a
496 1880 663 1912 perversae
699 1878 782 1911 enim
814 1878 1017 1920 cogitationes
1052 1881 1198 1920 separant
1234 1886 1252 1910 a

289 1934 353 1967 Deo
369 1947 400 1965 ι».
426 1933 496 1966 11100
524 1932 619 1965 Isaiae
651 1932 801 1974 vigesimo
824 1941 927 1964 nono:
958 1944 973 1960 a
991 1931 1070 1964 Vae!
1096 1930 1150 1973 qui
1179 1940 1252 1973 pro-

288 1987 376 2020 fundi
408 1986 483 2020 estis
510 1985 621 2025 corde,
654 1989 690 2019 ut
720 1995 739 2018 a
770 1985 903 2018 Domino
930 1984 1127 2018 abscondatis
1151 1984 1252 2017 consi-

289 2041 367 2074 lium
383 2053 414 2080 n;
439 2043 471 2074 et
493 2040 660 2082 sequitur:
690 2052 706 2068 α
724 2040 874 2072 Perverse
897 2042 944 2072 est
968 2039 1046 2072 haec
1069 2040 1176 2071 vestra
1200 2047 1252 2071 co-

288 2094 414 2137 gitatio,
437 2093 527 2136 quasi
552 2093 578 2126 si
601 2093 705 2126 lutum
729 2096 838 2126 contra
858 2092 992 2135 figulum
1009 2092 1141 2134 cogitet,
1158 2095 1190 2124 et
1205 2090 1251 2124 di-

288 2151 338 2181 cat
360 2156 441 2190 opus
463 2146 573 2180 factori
597 2155 676 2180 suo:
701 2146 767 2179 Nou
789 2154 840 2179 me
863 2145 985 2184 fecisti;
1010 2147 1041 2178 et
1064 2144 1250 2187 figmentum

288 2201 371 2234 dicat
394 2200 502 2234 factori
528 2209 606 2233 suo:
638 2200 705 2233 Non
737 2199 884 2242 intelligis
899 2212 930 2232 ι».
956 2198 1015 2232 Sed
1039 2202 1125 2232 certe
1148 2201 1252 2241 potest

288 2254 349 2287 dici
373 2254 412 2288 de
435 2254 480 2287 eis
503 2254 581 2287 illud
612 2253 786 2296 Sapientiae
818 2252 1002 2286 secundo4:
1033 2265 1048 2281 α
1064 2252 1144 2285 Haec
1168 2251 1251 2294 cogi-

289 2311 437 2341 taverunt
468 2311 499 2340 et
522 2310 728 2346 erraverunt;
753 2306 935 2339 excaecavit
958 2306 1041 2339 enim
1065 2305 1135 2338 illos
1161 2305 1251 2338 mali-

289 2361 332 2394 tia
355 2358 466 2394 eorum
482 2374 513 2393 n.

380 2415 431 2447 51.
457 2415 558 2456 (Vers.
583 2413 660 2455 23).
686 2413 872 2455 Adiungitur
895 2416 1001 2445 autem
1019 2412 1112 2445 tertio
1134 2410 1251 2454 confu-

188 2472 270 2494 Tenio-
290 2468 371 2500 tatio
401 2477 558 2500 errorum
589 2467 671 2500 male
695 2465 923 2509 cogitantium⁵
948 2466 979 2498 in
1004 2465 1063 2498 hoc
1087 2465 1171 2508 quod
1203 2473 1251 2498 80-

289 2521 420 2564 01111111;
448 2521 536 2562 Quid
558 2525 604 2553 est
626 2519 765 2563 facilius
788 2519 896 2552 dicere
919 2522 977 2552 etc.
1002 2519 1085 2552 Facit
1100 2518 1183 2551 enim
1200 2527 1251 2551 ar-

290 2578 494 2616 gumentum,
518 2573 549 2606 in
573 2582 637 2616 quo
661 2572 813 2612 ostendit,
838 2580 871 2605 se
887 2580 999 2605 verum
1018 2571 1117 2605 Deum
1135 2579 1203 2604 esse
1218 2573 1250 2603 et

361 2760 370 2775 ¹
391 2761 503 2793 Vulgata
522 2763 548 2786 et
566 2760 643 2793 pauci
663 2759 741 2786 codd.
754 2759 893 2787 dimittere.
907 2773 942 2779 —-
955 2760 1012 2786 Duo
1032 2766 1105 2793 seqq.
1125 2759 1176 2786 loci
1194 2762 1254 2785 sunt

290 2806 347 2832 lsai.
364 2805 411 2837 43,
431 2806 472 2831 25.
492 2808 518 2831 et
536 2805 584 2837 46,
604 2805 628 2830 5.

363 2848 374 2863 ²
392 2850 468 2875 Vers.
487 2850 534 2880 28,
553 2851 613 2880 post
631 2855 710 2881 quem
730 2847 809 2874 Hebr.
833 2847 862 2880 4,
884 2848 924 2873 12.

360 2892 371 2908 ⁸
391 2895 502 2926 Vulgata
522 2893 617 2919 omittit
635 2892 724 2925 mala,
747 2892 820 2926 quod
845 2895 932 2918 tamen
957 2891 1080 2918 exhibent
1103 2892 1132 2918 B.
1154 2891 1251 2918 Albert.

290 2942 316 2965 et
334 2939 464 2971 Lyranus;
484 2939 530 2964 cfr.
549 2938 637 2964 Matth.
662 2937 686 2969 9,
708 2937 737 2963 4:
756 2937 797 2971 ,Ut
819 2936 885 2971 quid
908 2936 1030 2970 cogitatis
1049 2935 1125 2963 mala
1148 2940 1197 2962 etc.
1216 2949 1253 2955 --

291 2983 441 3016 Sequuntur
455 2982 510 3008 lsai.
526 2982 553 3014 1,
569 2982 615 3014 16;
635 2982 681 3007 101.
696 2981 726 3013 4,
741 2981 787 3013 t4;
808 2981 868 3013 Sap.
886 2982 914 3012 t,
928 2981 958 3014 3;
978 2981 1033 3007 lsai.
1048 2981 1154 3012 29,15.
1169 2980 1250 3007 0116.

361 3025 372 3041 ⁴
392 3027 466 3052 Vers.
487 3026 529 3052 21.

361 3070 372 3085 ⁶
391 3071 480 3097 Plures
492 3070 586 3101 codd.,
606 3074 634 3097 ut
652 3070 671 3097 C
682 3071 744 3101 DF,
763 3069 956 3104 cogitationum
971 3070 1006 3103 (in
1026 3070 1048 3096 D
1066 3070 1184 3096 secunda
1198 3076 1250 3095 ma-

290 3122 341 3141 nus
360 3122 408 3147 pro
426 3113 498 3141 male
517 3114 650 3140 substituit
668 3113 830 3145 malarum),
849 3114 869 3138 B
888 3112 978 3140 malae
996 3112 1174 3147 cogitationis.
1201 3113 1250 3138 Pro

290 3165 419 3186 errorum
439 3159 496 3184 Vat.
510 3165 614 3185 eorum.
634 3158 771 3191 Aliquanto
785 3157 892 3183 inferius
904 3164 953 3189 pro
965 3163 1075 3189 errare,
1092 3156 1164 3190 quod
1178 3162 1251 3189 prae·

290 3203 336 3230 bet
354 3204 386 3236 B,
405 3203 448 3229 alii
465 3203 543 3229 codd.
563 3206 589 3229 et
609 3203 666 3228 Vat.
685 3209 792 3229 curare.

361 3246 373 3262 ⁶
391 3247 455 3274 Cod.
476 3248 494 3273 F
512 3248 598 3274 addit:
617 3247 664 3274 sed
681 3247 768 3274 Filius
787 3246 903 3274 hominis
918 3247 1007 3280 potest
1023 3245 1081 3273 solo
1103 3244 1183 3272 verbo
1198 3251 1250 3279 pa·

291 3291 437 3326 ralylicum
457 3291 586 3318 liberare:
611 3298 676 3325 (τι-ρο
701 3291 758 3318 solo
782 3290 862 3318 verbo
882 3292 994 3325 peccata
1017 3290 1158 3317 dimittere.
1183 3289 1248 3316 Cum

292 3337 341 3362 hac
359 3336 467 3361 lectione
486 3336 608 3361 convenit
626 3335 701 3361 lectio
720 3336 793 3366 Vat.‚
812 3342 880 3368 quae
893 3338 979 3361 tamen
999 3342 1048 3367 pro
1062 3334 1148 3361 Filius
1168 3333 1249 3361 homi-

291 3379 334 3407 πίε
354 3379 485 3406 substituit
503 3380 589 3406 Filius
609 3380 658 3407 Dei
674 3383 699 3406 et
718 3386 818 3407 curare
836 3387 885 3412 pro
905 3378 1030 3406 liberare.

364 3421 373 3438 ⁷
394 3425 468 3450 vers.
487 3425 517 3449 6:
540 3424 614 3451 Tunc
632 3424 671 3452 ait
686 3423 847 3459 paralytico.
861 3424 951 3450 Glossa
965 3423 1121 3451 ordinaria:
1144 3433 1158 3447 «ι
1171 3424 1249 3456 Ecce,

891 249 1084 282 COMMENT.
1110 249 1147 282 IN
1171 248 1410 282 EVANGELIUM
1434 247 1551 280 LUCAE
1575 247 1607 280 C.
1631 247 1667 280 V.

1311 339 1439 378 peccata
1462 344 1553 378 posse
1575 335 1751 375 dimittere,
1774 344 1811 368 ac
1834 344 1891 378 per
1915 336 1975 368 hoc
1999 335 2069 368 illos
2092 344 2210 368 errare.
2235 335 2272 368 Et
2282 333 2445 372 Argum-mm*

1312 393 1359 422 est
1381 392 1604 431 argumentum
1630 389 1712 422 tale:
1737 388 1855 428 omnis,
1873 388 1927 431 qui
1945 392 2047 431 potest
2062 389 2271 432 paralyticum
2296 368 2420 396 ‘'mm''

1313 442 1379 475 solo
1402 442 1499 475 verbo
1523 442 1673 480 liberare,
1697 444 1799 483 potest
1821 441 1889 474 solo
1911 441 2010 474 verbo
2025 445 2152 483 peccata
2167 442 2271 476 dimit-

1313 498 1379 528 tere
1392 495 1415 527 ⁶.
1440 494 1540 527 Huius
1562 497 1667 527 autem
1692 493 1822 527 rationis
1845 494 2018 536 praemittit
2040 495 2272 538 maiorispro-

1313 547 1475 589 positionis
1505 546 1740 588 probationem,
1772 545 1935 588 subiungit
1969 547 2205 580 assumtionem
2241 551 2272 581 et

1313 601 1484 643 interponit
1507 599 1758 633 conclusionem.
1789 599 1931 632 Maioris
1955 599 2177 642 propositionis
2199 610 2272 643 pro-
2291 605 2366 628 Maior·

1313 653 1470 686 bationem
1494 653 1666 696 praemittit
1689 653 1720 685 in
1744 653 1804 685 1100
1827 652 1912 695 quod
1935 652 2026 685 dicit:
2053 653 2142 694 Quid
2156 657 2202 686 est
2217 653 2272 696 fa-

1313 706 1412 739 cilius
1434 706 1561 739 dicere.-
1589 705 1810 738 Dimittuntur
1834 704 1894 738 tibi
1905 709 2063 747 peccata,
2080 715 2127 738 cm
2141 706 2271 740 dicere:

1315 759 1422 802 Surye
1444 763 1474 791 ei
1497 758 1662 792 ambula?
1692 758 1782 801 quasi
1813 758 1917 791 dicat:
1950 759 2091 801 aequalis
2117 759 2273 794 facilitatis

1313 815 1408 845 sunt:
1433 820 1509 854 ergo
1532 811 1587 854 qui
1611 815 1713 853 potest
1736 820 1836 844 unum
1860 814 1963 854 potest
1985 816 2017 845 et
2040 812 2218 855 reliquum;
2242 817 2274 847 et

1313 865 1391 898 haec
1414 868 1482 897 erat
1505 864 1677 906 propositio
1699 863 1820 896 maior.
1845 864 1931 897 Unde
1953 864 2062 898 Glossa
2077 874 2173 907 super
2197 865 2274 899 illud

1313 918 1458 950 Matthaei
1484 917 1613 950 nono⁷:
1643 930 1659 946 α
1675 917 1732 950 Ρο1
1765 917 1980 951 remissionem
2013 927 2131 960 poenae
2162 919 2274 953 remis-

1313 971 1433 1004 sionem
1457 971 1568 1013 culpae
1592 970 1730 1013 intellige
1745 984 1776 1002 ».
1801 970 1988 1013 intelligitur
2011 975 2117 1004 autem
2140 972 2200 1006 hoc
2217 981 2274 1015 per

1313 1024 1392 1056 illud
1415 1027 1564 1066 tanquam
1595 1033 1652 1065 per
1680 1023 1780 1056 simile
1803 1027 1835 1056 et
1858 1032 1914 1066 per
1937 1024 2051 1057 notius.
2077 1024 2113 1058 Et
2136 1025 2197 1059 boc
2227 1028 2275 1059 est

1313 1077 1398 1119 quod
1421 1076 1537 1110 dicitur
1561 1077 1708 1110 Ieremiae
1733 1077 1892 1119 trigesimo
1915 1077 2070 1111 secundo:
2100 1091 2116 1107 α
2132 1078 2197 1111 Non
2213 1078 2275 1112 erit

1314 1131 1369 1164 tibi
1393 1131 1519 1164 difficile
1541 1140 1634 1163 omne
1657 1130 1806 1169 verbum,
1839 1131 1894 1173 qui
1925 1131 2000 1164 facis
2027 1132 2275 1166 misericordiam

1314 1183 1346 1215 in
1378 1183 1519 1216 millibus
1533 1195 1564 1222 »3
1597 1182 1681 1216 unde
1713 1182 1887 1224 Sapientiae
1917 1183 2104 1217 undecimo:
2138 1184 2275 1217 «Parcis

1313 1239 1419 1270 autem
1443 1236 1607 1275 omnibus,
1632 1236 1780 1275 Domine,
1805 1236 1879 1278 quia
1902 1237 2007 1282 omnia
2030 1240 2118 1279 potes
2133 1251 2165 1270 n.

1404 1291 1455 1322 52.
1482 1289 1583 1331 (Vers.
1609 1289 1686 1328 ⁹24).
1706 1289 1952 1322 Conclusionem
1975 1294 2080 1324 autem
2104 1290 2275 1333 interponit
2293 1294 2412 1317 Commio·

1314 1343 1345 1375 in
1370 1343 1430 1376 hoc
1445 1342 1530 1385 quod
1546 1342 1706 1384 adiungit:
1738 1342 1776 1374 Ui
1792 1348 1902 1375 autem
1918 1339 2051 1382 sciatis,
2068 1343 2150 1387 quia
2166 1343 2274 1377 Filius

1314 1394 1459 1428 hominis
1482 1394 1577 1428 habel
1604 1398 1796 1438 potestatem
1821 1395 1856 1427 in
1880 1399 1972 1428 terra
1995 1396 2183 1429 dimittendi
2200 1406 2276 1440 pec-

1314 1454 1401 1483 cata.
1426 1449 1489 1488 Hoc
1512 1449 1595 1482 enim
1618 1452 1683 1488 est,
1708 1448 1792 1491 quod
1816 1448 1948 1481 intendit
1964 1449 2152 1483 concludere
2175 1450 2287 1491 finali-v

1314 1506 1384 1542 ter;
1417 1505 1449 1535 et
1479 1505 1526 1535 est
1558 1511 1669 1535 verum
1701 1501 1875 1534 secundum
1909 1502 2122 1535 testimonium
2154 1503 2276 1536 Ioannis

1314 1555 1461 1598 primo⁸:
1491 1569 1507 1585 «
1524 1556 1618 1595 Ecce,
1643 1556 1748 1598 Agnus
1771 1555 1844 1594 Dei;
1868 1563 1956 1593 ecce,
1983 1555 2037 1597 qui
2054 1556 2134 1589 tollit
2150 1560 2276 1598 peccata

1316 1609 1423 1642 mundi
1441 1621 1472 1649 »;
1489 1613 1520 1642 01
1536 1609 1737 1652 Apocalypsis
1753 1608 1876 1651 primo:
1898 1621 1913 1637 <t
1931 1608 2047 1642 Dilexit
2067 1619 2124 1642 1108
2147 1613 2178 1643 et
2202 1610 2276 1643 lavit

1315 1672 1372 1696 nos
1384 1663 1549 1705 apeccatis
1565 1663 1682 1695 nostris
1698 1662 1729 1695 in
1747 1662 1898 1704 sanguine
1915 1671 1973 1695 8110
1985 1675 2016 1694 n.
2034 1681 2077 1686 —
2090 1663 2277 1696 Assumiio-
2296 1667 2373 1689 umor.

1315 1725 1388 1748 uem
1420 1715 1600 1758 subiungit,
1633 1724 1706 1748 cum
1738 1714 1844 1748 addit:
1870 1715 1929 1747 Ait
1951 1714 2165 1759 paralytico:
2205 1716 2278 1749 Tibi

1315 1768 1411 1801 dico:
1430 1768 1557 1811 δαν-90,
1575 1768 1645 1802 tolle
1659 1767 1843 1812 yrabatum
1856 1767 1868 1787 ⁹
1886 1771 1980 1800 tuum
1998 1763 2056 1801 etc.
2073 1787 2118 1792 —
2134 1768 2170 1801 Et
2185 1772 2276 1810 nota,
2297 1773 2425 1796 Notandum·

1315 1822 1399 1864 quod
1432 1822 1529 1855 verba
1558 1822 1777 1864 praecedentia
1800 1825 1874 1855 suut
1897 1821 2066 1854 Salvatoris
2089 1825 2120 1855 et
2143 1830 2278 1865 sequen-

1316 1875 1379 1914 tia3
1405 1874 1459 1908 sed
1490 1876 1550 1908 1100
1582 1875 1735 1915 verbum,
1759 1875 1844 1918 quod
1867 1875 1963 1908 dicit:
1988 1875 2047 1908 Ait
2065 1875 2276 1919 paralytico,

1316 1931 1363 1961 est
1380 1928 1512 1961 verbum
1530 1928 1759 1970 Evangelistae,
1777 1928 1862 1971 quod
1878 1928 2066 1971 interponit,
2083 1928 2158 1971 quia
2174 1929 2278 1971 prima

1317 1981 1413 2014 verba
1436 1983 1527 2014 erant
1549 1981 1673 2013 Domini
1696 1981 1736 2014 ad
1759 1981 1958 2021 Pharisaeos,
1983 1982 2101 2015 scilicet
2123 1982 2277 2025 proposi·-

1299 2034 1360 2067 iio
1384 2037 1416 2067 et
1439 2033 1604 2067 conclusio
1617 2045 1629 2072 ,·
1661 2034 1715 2067 sed
1746 2035 1984 2068 assumtionem
2015 2035 2113 2075 dixit,
2145 2044 2278 2068 conver-

1316 2087 1409 2121 tendo
1433 2096 1610 2121 sermonem
1633 2087 1672 2120 ad
1695 2088 1921 2129 paralyticum,
1938 2089 1989 2122 cui
2006 2089 2140 2132 imperat
2155 2093 2276 2129 actum,

1316 2141 1371 2184 qui
1395 2150 1461 2178 non,
1481 2144 1583 2183 potest
1606 2144 1783 2183 competere
1799 2141 1858 2174 nisi
1876 2151 1971 2182 sano,
1988 2143 2106 2176 scilicet
2120 2152 2276 2186 surgere,

1316 2204 1389 2228 cum
1412 2194 1507 2228 dicit:
1534 2194 1664 2237 Surye,·
1688 2194 1769 2227 sicut
1793 2194 1904 2228 Petrus
1926 2195 2038 2228 claudo
2068 2195 2112 2229 ait
2142 2196 2276 2229 Actuum

1316 2248 1409 2282 tertio
1424 2248 1469 2281 ¹⁰:
1500 2261 1516 2277 α
1532 2248 1564 2281 ln
1588 2248 1713 2281 nomine
1730 2247 1799 2280 Iesu
1815 2247 1930 2280 Christi
1955 2244 2105 2282 Nazareni
2129 2257 2224 2291 surge
2245 2251 2276 2282 et

1315 2301 1442 2335 ambula
1458 2315 1488 2334 n.

1406 2355 1457 2388 53.
1483 2355 1635 2397 Praecipit
1659 2354 1769 2387 tollere
1792 2353 1976 2396 grabatum,
2001 2362 2072 2386 cum
2097 2354 2161 2386 ait:
2194 2353 2277 2387 Tolle
2293 2358 2438 2407 nggtgittum

1313 2409 1495 2453 yrabatum
1520 2413 1625 2441 tuum.
1655 2407 1843 2441 Grabatum
1867 2410 1973 2440 autem
1998 2410 2045 2440 est
2068 2407 2168 2440 lectus
2199 2416 2277 2450 pau·
2397 2400 2402 2406 '

1316 2471 1428 2505 perum
1452 2462 1672 2500 intirmorum,
1696 2461 1751 2494 ubi
1768 2460 1846 2493 nihil
1862 2459 2016 2493 sternitur
2032 2460 2091 2493 nisi
2108 2459 2146 2493 ad
2163 2463 2275 2503 caput;

1315 2515 1399 2549 unde
1422 2515 1539 2548 dicitur
1562 2524 1580 2548 a
1602 2514 1732 2558 yraba,
1764 2513 1849 2557 quod
1877 2518 1925 2546 est
1954 2517 2057 2555 caput.
2083 2513 2132 2546 Sic
2155 2513 2277 2547 Ioannis

1315 2569 1426 2612 quinto
1440 2569 1465 2588 1¹
1482 2568 1634 2611 praecipit
1650 2568 1694 2601 illi
1712 2567 1858 2610 languido
1875 2566 2004 2607 triginta
2018 2569 2089 2599 octo
2104 2574 2275 2599 annorum:

1317 2765 1364 2790 per
1382 2757 1565 2783 remissionem
1585 2763 1698 2789 poenae,
1718 2756 1898 2782 dimissionem
1912 2765 1925 2778 n
1947 2758 1995 2781 etc.
2015 2768 2050 2774 -
2069 2755 2118 2780 Pro
2136 2754 2277 2786 intelligen-

1317 2802 1350 2828 tia
1365 2801 1567 2834 propositionis,
1580 2808 1648 2834 quae
1662 2800 1792 2834 sequitur:
1812 2799 1975 2833 Intelliqilur
1987 2800 2078 2825 aulem
2091 2798 2141 2825 hoc
2157 2802 2204 2824 etc.
2213 2819 2219 2830 ,
2232 2805 2276 2824 no-

1317 2849 1403 2872 tentur
1422 2845 1502 2872 verba
1523 2845 1641 2876 Hieron„
1661 2846 1677 2871 l.
1691 2844 1837 2871 Comment.
1856 2845 1881 2870 in
1899 2845 1986 2870 Matth.
2002 2844 2030 2875 9,
2050 2844 2075 2870 5.
2094 2850 2163 2876 seq.:
2183 2844 2276 2869 Utrum

1316 2891 1368 2917 sint
1386 2890 1528 2923 paralytico
1548 2892 1654 2922 peccata
1674 2889 1795 2921 dimissa,
1820 2889 1890 2914 solus
1910 2891 2031 2921 noverat,
2055 2887 2100 2921 qui
2119 2886 2275 2914 dimittebat.

1317 2934 1407 2969 Surge
1425 2937 1513 2960 autem
1533 2935 1558 2961 et
1574 2932 1698 2965 ambula,
1727 2936 1779 2959 tam
1799 2933 1840 2959 ille
1863 2932 1909 2966 qui
1928 2931 2117 2964 consurgebat,
2142 2939 2223 2965 quam
2249 2931 2276 2957 hi

1316 2979 1361 3012 qui
1380 2981 1581 3011 consurgentem
1601 2976 1740 3009 videbant,
1761 2974 1911 3008 approbare
1924 2978 2052 3008 poterant.
2071 2975 2109 3001 Fit
2130 2967 2210 3007 igitur
2223 2981 2276 3001 car-

1315 3024 1373 3049 nale
1386 3023 1504 3055 signum,
1518 3026 1546 3048 ut
1560 3021 1686 3054 probetur
1702 3020 1837 3053 spirituale
1855 3022 1905 3045 etc.
1926 3033 1960 3037 —
1979 3019 2037 3045 Duo
2055 3026 2130 3052 seqq.
2149 3019 2197 3045 loci
2217 3022 2277 3045 sunt

1316 3068 1362 3093 ler.
1374 3068 1420 3099 32,
1435 3067 1473 3093 17.
1487 3074 1542 3099 800.
1557 3069 1582 3092 01
1595 3066 1656 3097 Sap.
1669 3065 1677 3090 1
1689 3066 1709 3095 1,
1724 3064 1771 3090 24:
1785 3062 1838 3090 Sed
1849 3062 1987 3089 misereris
2000 3062 2135 3095 omnium,
2149 3062 2213 3097 quia
2226 3066 2275 3089 etc.

1386 3110 1397 3125 Β
1417 3112 1492 3138 Vers.
1511 3111 1559 3142 29,
1578 3113 1638 3142 post
1656 3116 1737 3142 quem
1756 3109 1836 3141 Apoc.
1859 3108 1886 3140 1,
1906 3107 1930 3133 5.

1385 3154 1397 3170 ⁹
1415 3157 1451 3182 lta
1469 3156 1548 3181 etiam
1573 3154 1650 3181 Card.
1675 3154 1752 3185 Ilugo
1777 3156 1802 3179 et
1827 3153 1853 3178 B.
1873 3151 1983 3183 Albert.;
2009 3152 2054 3177 cfr.
2074 3152 2152 3177 Marc.
2172 3152 2200 3183 2,
2227 3152 2275 3184 11;

1316 3200 1426 3233 Vulgata
1447 3200 1551 3227 lectum.
2114 3193 2136 3210 ¹⁰
2156 3196 2230 3221 Vei-s.
2249 3196 2274 3222 6.

1385 3243 1406 3259 ¹¹
1427 3245 1502 3270 Vers.
1522 3244 1546 3269 8.
1560 3257 1595 3263 —
1608 3243 1639 3268 M.
1655 3243 1710 3268 Val.
1729 3242 1835 3268 Murtial.
1845 3262 1851 3274 ,
1864 3241 1881 3267 l.
1895 3240 2029 3273 Epigram.
2042 3239 2083 3266 94.
2098 3247 2124 3266 v.
2138 3239 2167 3271 5,
2181 3240 2275 3266 descri-

1314 3288 1379 3315 bens
1397 3288 1550 3315 Mamuriani
1569 3290 1712 3320 egestatem
1729 3286 1776 3313 ait:

1438 3351 1488 3377 Sed
1503 3351 1523 3376 si
1537 3357 1584 3376 nec
1598 3351 1671 3376 focus
1683 3352 1735 3380 est,
1749 3348 1812 3375 nudi
1826 3354 1873 3374 nec
1886 3347 1986 3380 sponda
2002 3346 2103 3379 grabati
2117 3350 2165 3373 etc.

1317 3432 1329 3447 «z
1343 3422 1406 3454 Ubi,
1426 3425 1454 3449 ut
1472 3423 1583 3448 refertur
1602 3421 1627 3447 in
1642 3420 1800 3447 Dictionario
1813 3427 1860 3446 8011
1881 3419 2016 3445 Thesauro
2029 3419 2133 3451 linguae
2152 3418 2273 3451 Latinae,
