2476 3921
12 936 13 941 ¹
31 949 61 971 De
75 947 144 970 tertia.

18 1538 141 1561 Notandum.

11 1858 114 1881 {adnudat
127 1859 149 1880 in

11 1885 102 1907 aliorum
116 1892 148 1907 sa-

11 1912 87 1934 illlum.

748 211 942 245 COMMENT.
969 212 1005 244 ΙΝ
1030 211 1269 246 EVANGELIUM
1292 212 1411 245 LUCAE
1435 213 1466 245 C.
1493 214 1564 246 xlii.

166 304 198 337 in
214 312 251 337 eo
266 302 440 336 secundum
465 301 676 344 plenissimam
693 301 846 334 rationem
872 303 904 333 et
918 303 1073 342 quantum
1091 299 1130 332 ad

165 356 388 400 perfectionem
411 359 444 389 et
466 357 622 397 quantum
638 354 678 387 ad
701 354 934 392 infirmitatem;
951 353 990 386 ad
1015 353 1130 394 Philip-

165 419 277 453 penses
293 409 431 443 secundo
445 410 471 441 1:
500 421 517 438 α
534 408 565 441 In
583 408 820 441 similitudinem
846 407 1010 440 hominum
1029 407 1131 439 factus

164 467 197 497 et
219 463 331 496 habitu
354 463 502 495 inventus
521 465 557 495 ut
581 462 676 494 homo
691 474 722 493 ιο.
741 461 777 494 Et
800 461 851 493 hic
867 459 963 493 honio
985 460 1130 492 semina-

164 517 213 550 vit
231 517 295 557 hoc
317 524 439 554 semen,
455 524 529 548 cum
548 514 723 548 doctrinam
743 513 898 556 Evangelii
923 513 1129 556 praedicavit;

165 569 310 603 Matthaei
333 569 454 602 decimo
478 568 615 601 tertio²:
646 581 661 596 «ε
678 568 783 601 Simile
807 572 855 600 est
871 576 1005 610 regnum
1029 567 1130 600 caelo-

115 613 118 616 *
165 632 237 657 rum
262 622 400 661 homini,
432 622 487 664 qui
512 621 677 655 seminavit
704 621 823 654 bonum
855 629 961 654 semen
990 621 1022 653 in
1053 630 1130 663 agro

164 686 223 710 suo
238 689 269 708 ».
294 675 371 708 Huic
396 674 513 708 homini
537 675 725 707 adversatur
747 674 802 716 qui
828 674 987 716 praedicat
1013 674 1130 707 falsita-

164 733 220 763 tes.
245 729 331 762 Unde
354 728 502 762 subditur
526 728 587 761 ibi:
618 741 634 756 «
650 728 729 760 Cum
750 731 856 760 autem
880 727 1057 760 dormirent
1073 728 1130 760 ho-

163 783 265 816 mines
281 795 312 821 ι»,
335 782 365 814 id
382 785 430 815 est
446 782 596 824 praelati,
618 794 634 810 α
650 781 736 814 venit
752 781 900 814 inimicus
916 781 1013 814 homo
1028 785 1059 814 et
1075 790 1128 814 su-

162 835 387 879 perseminavit
410 835 528 868 zizania
551 835 582 867 in
606 834 709 867 medio
733 834 827 867 tritici
845 848 861 863 »
881 837 940 867 etc.

252 889 306 922 [ιθ.
331 889 438 921 Tertio
454 891 610 931 quantum
635 888 674 920 ad
698 887 938 930 proprietatem
963 888 1072 930 ipsius
1092 888 1128 921 in

162 947 326 986 quantum
342 945 596 984 auqmentatum
621 941 742 984 subdit:
772 941 813 974 Et
835 941 937 973 erevit
953 945 983 974 et
996 939 1127 983 factum

162 999 208 1029 est
227 996 263 1028 in
286 994 441 1028 arborem
465 1004 647 1037 ma9=nam;
670 994 756 1036 quod
777 993 893 1026 dicitur
917 997 1071 1036 quantum
1088 994 1127 1027 ad

163 1048 339 1091 profectum
373 1047 444 1081 fidei
480 1048 512 1080 in
544 1048 659 1080 robore
695 1047 821 1080 virium.
854 1047 940 1080 Unde
971 1047 1126 1080 Glossass:

169 1116 184 1132 t(
199 1102 333 1140 Crescit,
357 1111 420 1135 non
444 1102 527 1134 sicut
552 1101 686 1140 herbae,
719 1109 800 1143 quae
824 1100 885 1133 cito
916 1104 1065 1133 arescunt
1096 1104 1127 1134 et

163 1159 337 1195 corruunt,
361 1155 416 1188 sed
440 1155 522 1188 sicut
544 1154 650 1193 arbor,
668 1163 750 1196 quae
774 1154 866 1196 longa
889 1154 1064 1187 annositate
1095 1158 1127 1187 et

162 1209 322 1251 inopinata
344 1208 505 1242 fertilitate
521 1208 637 1250 gaudet
649 1220 681 1246 »;
705 1207 744 1240 ad
760 1207 959 1240 colossenses
982 1207 1125 1249 prj1n04:

167 1275 182 1291 «
200 1263 233 1295 ln
256 1262 354 1295 verbo
378 1261 519 1295 veritatis
544 1261 718 1303 Evangelii,
743 1260 827 1302 quod
844 1260 989 1302 pervenit
1004 1260 1043 1307 ad
1062 1270 1126 1300 vos,

162 1317 244 1350 sicut
266 1319 297 1349 et
320 1316 351 1348 in
376 1316 526 1348 universo
549 1314 668 1347 mundo
692 1317 739 1347 est
762 1317 793 1346 et
817 1313 987 1346 fructificat
1011 1317 1042 1346 et
1058 1323 1126 1347 cre-

162 1369 238 1408 scit,
270 1368 352 1401 sicut
382 1371 414 1400 et
445 1367 477 1399 in
510 1367 646 1405 vobis»;
679 1370 710 1399 et
742 1366 836 1408 paulo
860 1369 947 1408 post:
978 1366 1127 1399 «Ambu-

162 1421 232 1455 letis
254 1421 346 1464 digne
369 1421 434 1454 Deo
458 1429 515 1462 per
539 1420 643 1453 omnia
666 1420 842 1462 placentes,
867 1420 898 1452 in
920 1420 1005 1452 omni
1031 1429 1127 1462 opere

161 1475 243 1508 bono
266 1474 492 1507 fructificantes
526 1476 558 1507 et
592 1476 770 1507 crescentes
801 1473 831 1506 in
865 1473 996 1506 scientia
1020 1473 1075 1506 Dei
1095 1487 1124 1506 n.

161 1528 240 1561 Haec
263 1531 370 1560 autem
393 1527 503 1560 notitia
527 1530 613 1560 tanto
629 1527 723 1560 altius
739 1527 853 1560 crescit
869 1536 925 1569 per
949 1527 1126 1566 veritatem,

162 1584 280 1623 quanto
304 1581 396 1613 radix
420 1580 609 1622 profundius
632 1580 792 1613 descendit
816 1589 872 1622 per
898 1575 1125 1619 humilitatem3

162 1633 246 1667 unde
269 1634 364 1667 Isaiae
388 1634 549 1676 trigesimo
573 1633 746 1675 septim0⁵:
776 1646 791 1662 «
809 1633 908 1666 Mittet
940 1633 1017 1665 illud
1042 1633 1127 1675 quod

163 1687 316 1720 salvatum
341 1687 438 1720 fuerit
460 1687 499 1720 de
523 1687 617 1719 domo
641 1686 716 1719 luda
731 1690 763 1719 et
779 1686 864 1728 quod
882 1687 1042 1729 reliquum
1059 1686 1126 1719 sue-

163 1740 223 1779 rit,
248 1740 369 1773 radices
391 1740 541 1773 deorsum
567 1744 598 1773 et
621 1731 718 1772 faciet
736 1739 878 1772 fructum
903 1748 1033 1772 sursum
1050 1752 1080 1771 ».

252 1793 304 1826 41.
331 1794 367 1826 Et
390 1793 465 1836 quia
489 1793 599 1826 notitia
621 1793 694 1826 fidei
726 1801 872 1826 crescens
895 1793 927 1825 in
952 1801 986 1825 se
1009 1792 1126 1825 redun-

162 1846 214 1879 dat
238 1846 270 1879 in
293 1846 429 1879 aliorum
464 1846 617 1885 salutem,
648 1845 719 1878 ideo
750 1845 874 1878 subdit:
900 1846 942 1878 Et
975 1845 1126 1878 volucres

163 1899 246 1932 caeli
276 1899 531 1943 requieverunt⁶
556 1899 593 1931 in
624 1898 733 1931 ramis
767 1898 848 1931 eius.
883 1898 940 1931 Per
977 1898 1126 1931 volueres

162 1952 246 1986 caeti
267 1953 488 1995 intelliguntur.
503 1952 563 1986 viri
583 1952 780 1994 spirituales;
798 1952 893 1985 Isaiae
910 1952 1123 1994 sexagesimo:

167 2019 183 2035 α
200 2006 259 2048 Qui
283 2009 357 2040 sunt
381 2005 413 2039 hi
437 2006 493 2048 qui
517 2009 554 2039 ut
576 2005 677 2039 nubes
701 2006 808 2039 volant
835 2008 867 2039 et
890 2005 981 2048 quasi
1005 2006 1126 2039 colum—

162 2059 221 2092 bae
250 2059 290 2092 ad
324 2059 478 2092 fenestras
511 2068 585 2093 suas
600 2063 637 2093 »t
659 2059 698 2092 de
730 2059 848 2102 quibus
879 2059 1124 2092 Proverbiorum

161 2112 281 2154 primo:
311 2125 327 2141 «
344 2112 474 2145 Frustra
497 2112 611 2146 iacitur
642 2115 710 2146 rete
740 2115 813 2145 ante
843 2113 951 2146 oculos
974 2115 1125 2154 pennato-

162 2174 235 2198 rum
250 2178 282 2198 ιο.
307 2165 365 2198 Per
387 2175 504 2198 ramos
531 2165 656 2199 arboris
680 2165 900 2208 intelliguntur
935 2165 1125 2198 documenta

144 2218 303 2252 -veritatis
334 2219 536 2261 procedentia
569 2228 612 2252 ex
644 2228 700 2253 ore
723 2219 889 2261 sapientis;
913 2218 997 2251 unde
1022 2218 1124 2252 Eccle-

162 2271 277 2305 siastici
302 2271 452 2314 vigesimo
476 2275 591 2315 quarto
605 2272 617 2292 ⁷
633 2272 709 2305 dicit
724 2272 898 2314 Sapientia:
920 2284 936 2300 «
954 2271 1017 2314 Ego
1033 2271 1123 2314 quasi

163 2325 362 2358 terebinthus
385 2325 513 2358 extendi
538 2334 643 2358 ramos
664 2334 770 2364 meos,
794 2328 825 2357 et
849 2324 927 2357 rami
945 2325 1006 2357 mei
1023 2325 1122 2357 hono-

161 2378 205 2411 ris
228 2381 260 2411 et
282 2378 402 2421 gratiae
414 2391 446 2411 n.
481 2377 632 2411 Volueres
655 2387 731 2421 ergo
754 2378 838 2411 caeti
859 2378 1070 2422 requiescunt
1092 2379 1124 2411 in

163 2431 261 2464 ramis
284 2431 401 2474 sinapis
417 2431 597 2470 crescentis,
614 2431 689 2474 quia
705 2431 889 2474 quietantur
906 2431 966 2464 sub
982 2431 1125 2464 doctrina
1154 2425 1158 2479 Ι

162 2479 262 2517 fidelis'
284 2484 421 2517 doctoris
444 2485 499 2527 qui
523 2484 563 2517 ad
586 2484 727 2518 notitiam
757 2485 899 2518 veritatis
923 2484 1122 2527 perveniunt.

161 2537 247 2571 Unde
270 2537 379 2571 Glossa
394 2537 425 2571 ⁸:
455 2551 471 2567 ιι
489 2538 529 2571 In
552 2538 662 2571 ramis
684 2538 776 2578 eius,
799 2538 831 2572 id
853 2541 902 2572 est
935 2539 967 2571 in
991 2538 1125 2572 diversis

161 2591 323 2624 sententiis
357 2591 416 2624 viri
453 2591 634 2634 spirituales
667 2592 890 2634 requiescunt,
922 2592 978 2634 qui
1012 2591 1122 2634 penuin

161 2643 317 2677 virtutum
341 2644 374 2678 in
397 2645 460 2678 alta
476 2645 734 2678 conscendunt».
752 2645 785 2678 In
802 2645 894 2679 cuius
910 2645 1047 2688 figuram
1064 2645 1125 2677 Da-

233 2805 242 2820 ¹
263 2807 337 2834 Vers.
356 2807 383 2833 7.
403 2821 437 2826 —
456 2808 583 2840 Superius
602 2808 662 2834 Vat.
680 2808 776 2834 omittit
793 2808 822 2835 in
840 2815 880 2835 eo.

232 2849 243 2865 ²
263 2852 339 2878 Vers.
358 2851 400 2878 24.
420 2855 446 2878 et
464 2852 526 2878 dein
545 2860 570 2878 v·.
591 2852 636 2879 25.

231 2894 242 2910 ¹
262 2896 363 2923 Scilicet
381 2896 525 2924 ordinaria
544 2897 587 2931 (ex
605 2897 685 2931 Beda)
706 2898 778 2930 apud
798 2898 946 2931 Lyranum,
966 2898 1011 2924 ubi
1031 2905 1080 2930 pro
1093 2900 1118 2925 el

162 2939 301 2974 inopinata
318 2949 380 2968 cum
400 2942 469 2968 Beda
489 2941 656 2968 substituitur
674 2945 698 2969 et
718 2942 809 2976 opima
829 2943 861 2975 (ll
880 2944 906 2970 et
924 2943 1046 2977 optima).

231 2983 243 2999 ⁴
257 2986 331 3011 vers.
349 2985 375 3012 5.
392 2993 448 3020 seq.
469 2986 529 3020 (pro
547 2986 618 3014 sicut
635 2988 660 3014 el
678 2986 707 3014 in
724 2986 852 3014 universo
872 2986 922 3013 AC
935 2988 987 3013 ΒΗ
1006 2989 1031 3014 et
1049 2994 1123 3014 nunc

161 3028 191 3055 ia
210 3028 348 3061 universo)
368 3033 395 3056 et
412 3030 526 3057 subinde
545 3039 571 3058 v.
593 3032 634 3058 ⁴0.

231 3071 243 3087 ¹
262 3073 338 3100 Vers.
356 3074 385 3100 3⁴
398 3094 405 3106 ,
425 3075 471 3101 ubi
490 3083 539 3108 pro
557 3075 663 3103 radices
681 3076 795 3109 Vulgata
812 3076 942 3103 radicem.

231 3115 243 3130 ⁶
261 3117 346 3144 codd.
366 3118 450 3145 ACD
477 3119 656 3154 requiescunt.
675 3134 711 3140 —
731 3121 787 3147 Duo
815 3128 889 3154 seqq.
919 3121 967 3146 loci
988 3124 1048 3147 sunt
1067 3121 1135 3155 lsai.¹

162 3161 210 3192 60,
230 3162 253 3187 8.
273 3164 299 3187 et
317 3162 396 3188 Prov.
416 3164 445 3194 t,
467 3163 510 3189 47.

232 3203 242 3220 ¹
262 3206 338 3232 Vere.
357 3207 403 3239 22,
424 3207 538 3240 ubi-pro
556 3208 666 3236 extendi
682 3208 701 3236 C
713 3209 733 3235 D
746 3209 873 3243 eoepamli.
886 3223 923 3230 —
936 3210 1062 3242 Superius
1075 3217 1124 3242 pro

162 3249 324 3277 documenta
342 3250 462 3278 veritatis
482 3252 540 3279 Vat.
560 3252 722 3280 documenta
740 3253 857 3281 virtutis.

236 3294 248 3311 8
265 3294 366 3321 Scilicet
384 3294 568 3323 interlinearis
588 3293 745 3331 (secundum
764 3298 874 3332 Bedam)
896 3298 921 3324 in
940 3299 1002 3325 Luc.
1023 3299 1065 3332 ⁴3,
1079 3299 1122 3324 ⁴9.

163 3351 199 3358 —
217 3338 343 3371 Superius
361 3346 410 3371 pro
429 3339 503 3374 qui...
518 3339 682 3375 perveniunt
705 3341 738 3375 (G
753 3342 889 3376 pervenit,
910 3343 1026 3370 nonnulli
1045 3343 1123 3369 codd.

163 3383 199 3409 ob
218 3382 442 3410 abbreviationem
461 3388 522 3411 sunt
539 3384 637 3412 dubiae
649 3386 777 3420 lectionis)
792 3387 850 3414 Vat.
863 3394 945 3422 qao...
954 3387 1125 3422 perveniunt.

2088 217 2150 250 347

1194 299 1284 333 nielis
1307 301 1466 342 quarto⁹:
1495 315 1510 330 «
1529 302 1615 341 Vidi,
1639 306 1670 335 et
1693 313 1781 343 ecce,
1806 306 1900 338 arbor
1925 307 1954 338 in
1972 308 2074 340 medio
2090 312 2152 340 ter-

1195 361 1249 385 rae
1261 366 1293 385 n.
1312 366 1329 381 ‹
1343 354 1426 386 Folia
1441 355 1509 387 eius
1522 355 1746 396 pulcherrima,
1760 361 1790 389 et
1804 358 1926 391 fructus
1939 360 2006 392 eius
2019 361 2134 393 nimius
2145 388 2152 399 ,

1194 409 1225 438 et
1248 415 1320 439 esca
1343 407 1566 440 universorum
1600 408 1630 440 in
1654 418 1699 441 ea.
1726 410 1840 442 Subter
1868 421 1936 443 eam
1974 413 2153 446 habitabant

1194 459 1313 492 bestiae
1337 463 1456 498 terrae,
1472 464 1504 493 et
1520 461 1551 492 in
1569 462 1666 494 ramis
1688 462 1757 494 eius
1781 465 2048 498 conversabantur
2066 468 2152 499 volu-

1194 521 1265 545 cres
1280 513 1356 545 caeli
1375 527 1403 545 ι».
1421 531 1465 537 —
1482 514 1530 546 Sic
1546 523 1622 556 ergo
1638 516 1806 556 parvulum
1822 516 1847 535 ¹⁰
1863 525 1967 550 semen
1986 520 2098 551 crescit
2122 521 2151 552 in
2171 525 2276 551 [riman-1

1193 566 1442 608 magnitudinem
1466 567 1589 599 arboris
1613 576 1669 609 per
1702 569 1885 601 continuum
1913 570 2150 605 incrementum.

1193 618 1252 660 Qui
1285 628 1361 661 ergo
1389 620 1542 661 parvulus
1577 624 1624 652 est
1649 620 1792 653 laborare
1827 623 1974 655 continue
1998 624 2090 657 debet
2122 626 2152 658 in

1193 672 1369 713 profectum
1394 673 1515 711 meriti,
1540 676 1575 705 ut
1600 673 1643 705 sic
1669 673 1765 706 arbor
1790 674 1860 713 fiat,
1886 676 1978 708 cuius
2001 686 2151 710 cacumen

1194 725 1350 768 pertingat
1373 726 1412 758 ad
1444 726 1566 758 caelum
1591 735 1647 768 per
1672 733 1758 768 spem
1784 731 1815 760 et
1838 728 2028 762 desiderium
2053 734 2153 764 aeter-

1193 788 1318 812 norum.

1282 833 1334 865 [tit.
1361 832 1460 873 (Vers.
1480 833 1556 873 ΞΟ.)
1576 833 1615 865 Et
1631 833 1753 877 iterum
1769 834 1874 866 dixit.-
1894 835 1958 867 Cui
1971 836 2078 869 simile
2094 842 2151 870 etc.
2187 843 2287 864 Doctrina

2168 871 2259 896 exempli
2274 876 2306 891 ιο-

1193 886 1359 927 Postquam
1385 886 1548 927 praemisit
1578 887 1758 929 exemplum
1792 888 1986 921 incitativum
2018 890 2056 922 ad
2081 898 2231 932 pro-cundi
2249 897 2318 927 qum

2165 926 2207 944 tres
2225 929 2320 950 proprie-

1192 938 1360 971 siciendum
1385 939 1533 972 continue
1556 939 1587 972 in
1612 940 1737 972 notitia
1754 941 1911 979 veritatis,
1938 942 1988 974 hic
2011 943 2152 986 adiungit
2203 953 2264 971 tate>-

1191 991 1376 1034 exemptum
1400 992 1611 1025 imitativum
1636 993 1682 1025 ad
1701 993 1944 1035 proficiendum
1963 996 1998 1028 in
2021 995 2152 1038 fervore

1192 1045 1365 1084 caritatis,
1390 1049 1422 1078 et
1446 1046 1504 1078 hoc
1521 1046 1581 1079 sub
1606 1047 1791 1089 metaphora
1806 1047 1960 1090 fermenti
1973 1051 2010 1088 ¹¹,
2035 1059 2076 1083 ex
2098 1060 2153 1083 cu-

1191 1098 1241 1130 ius
1265 1098 1486 1131 assimilatione
1511 1099 1619 1132 incitat
1641 1100 1680 1132 ad
1705 1101 1852 1133 continue
1876 1102 2103 1143 proficiendum
2122 1104 2151 1136 in

1191 1151 1321 1184 caritate
1344 1155 1498 1194 quantum
1523 1152 1561 1184 ad
1584 1153 1653 1185 eius
1677 1153 1961 1187 similitudinariam
1981 1157 2153 1198 proprieta-

1191 1208 1253 1237 tem
1278 1205 1451 1247 triplicem,
1483 1206 1601 1238 scilicet
1632 1215 1727 1248 quam
1765 1207 1859 1240 habet
1893 1208 2081 1241 fermentum
2111 1219 2151 1243 ex

1191 1261 1281 1299 parte
1307 1262 1450 1290 naturae
1470 1259 1651 1301 propriae,
1677 1268 1717 1292 ex
1752 1264 1839 1302 parte
1864 1261 2051 1294 industriae
2075 1262 2152 1295 alie—

1191 1320 1254 1343 nae
1277 1314 1308 1343 et
1332 1320 1373 1343 ex
1399 1316 1488 1353 parte
1513 1312 1697 1355 utriusque.

1281 1364 1385 1397 Primo
1416 1365 1513 1406 igitur
1537 1370 1691 1407 quantum
1715 1367 1754 1398 ad
1786 1368 2028 1409 proprietatem,
2058 1379 2151 1411 quani
2173 1375 2203 1396 De
2219 1376 2294 1402 prima-

1192 1417 1286 1450 habet
1310 1427 1352 1450 ex
1376 1421 1466 1459 parte
1489 1424 1635 1451 naturae
1658 1421 1835 1462 propr-iae,
1860 1430 1917 1462 per
1941 1431 2034 1463 quam
2052 1422 2151 1456 inten-

1191 1469 1236 1502 dit
1260 1479 1317 1503 nos
1341 1471 1380 1503 ad
1415 1471 1554 1504 caritatis
1589 1472 1764 1513 profectum
1797 1473 1955 1512 excitare,
1987 1474 2075 1507 dicit:
2114 1476 2153 1507 Et

1191 1524 1314 1556 iterum
1336 1524 1438 1557 dixit:
1465 1524 1529 1557 Cat
1549 1525 1657 1557 simile
1673 1526 1853 1558 aestimabo
1869 1527 1894 1545 ¹²
1911 1536 2051 1569 reynttm
2072 1528 2130 1560 Dei
2137 1528 2152 1560 i>

1193 1577 1228 1610 Et
1251 1578 1302 1610 hic
1327 1587 1383 1620 per
1408 1588 1548 1621 reyizum
1575 1579 1634 1611 Dei
1656 1583 1742 1612 recte
1766 1579 1950 1622 intelligitur
1974 1590 2062 1613 amor
2085 1581 2151 1620 Dei,

1191 1631 1267 1673 quia
1290 1632 1320 1664 in
1346 1632 1420 1665 solis
1444 1632 1505 1664 illis
1529 1636 1639 1675 regnat
1663 1633 1763 1672 Deus,
1788 1633 1842 1675 qui
1867 1633 1971 1675 ipsum
2000 1634 2151 1676 diligunt;

1190 1685 1230 1717 ad
1253 1685 1451 1719 colossenses
1475 1686 1576 1727 primo
1591 1686 1634 1718 ¹³:
1664 1700 1680 1715 «
1698 1687 1819 1729 Eripuit
1842 1696 1899 1719 nos
1930 1687 1969 1720 de
2000 1692 2151 1729 potestate

1190 1739 1395 1772 tenebrarum
1431 1742 1463 1772 et
1496 1740 1658 1773 transtulit
1689 1740 1721 1772 in
1752 1749 1886 1782 regnum
1922 1741 1977 1773 filii
2013 1742 2153 1774 caritatis

1190 1801 1266 1825 suae
1283 1804 1314 1831 »3
1339 1793 1431 1835 quia,
1456 1796 1492 1826 ut
1515 1792 1631 1826 dicitur
1654 1793 1692 1825 ad
1718 1794 1870 1827 Romanos
1892 1794 2013 1827 decimo
2029 1799 2153 1837 quarto,

1195 1858 1211 1873 α
1225 1854 1358 1887 regnum
1375 1846 1430 1878 Dei
1447 1855 1509 1878 non
1525 1850 1572 1879 est
1588 1855 1659 1879 esca
1675 1850 1706 1879 et
1722 1850 1825 1888 potus,
1839 1847 1892 1879 sed
1909 1848 2027 1880 iustitia
2044 1851 2074 1880 et
2090 1857 2153 1889 pax

1189 1901 1221 1931 et
1243 1898 1394 1940 gaudium
1418 1898 1449 1931 in
1475 1899 1594 1941 Spiritu
1618 1902 1725 1932 sancto
1742 1913 1771 1932 n.

1278 1951 1331 1984 43.
1347 1953 1448 1993 (Vers.
1463 1954 1500 1985 21
1509 1953 1540 1994 .).
1556 1953 1591 1985 Et
1603 1953 1752 1995 quoniam
1765 1953 1879 1986 caritas
1890 1957 1922 1987 et
1933 1954 2084 1996 gaudium
2097 1963 2151 1987 cor

1188 2004 1297 2037 dilatat
1321 2008 1353 2038 et
1375 2005 1515 2038 calefacit
1530 2005 1570 2038 ab
1587 2006 1747 2045 interiori,
1771 2010 1803 2039 et
1826 2007 1886 2040 hoc
1909 2011 1957 2040 est
1980 2007 2151 2041 similitudo

1188 2058 1330 2091 exterior
1345 2059 1372 2078 14
1387 2068 1460 2091 cum
1477 2058 1649 2098 sermento;
1667 2059 1736 2092 ideo
1753 2060 1876 2093 subdit:
1895 2060 2007 2093 Simile
2021 2066 2068 2093 est
2082 2060 2150 2103 fer-

1189 2115 1305 2144 mento.
1331 2130 1373 2134 ——
1398 2112 1434 2144 Et
1456 2116 1548 2151 nota,
1572 2112 1656 2155 quod
1679 2121 1736 2154 per
1759 2111 1959 2154 fermentum
1982 2114 2150 2156 aliquando
2168 2121 2291 2168 gerynn,

1188 2164 1374 2215 intelligitur
1398 2165 1560 2207 corruptio
1591 2166 1677 2207 pacis
1707 2169 1739 2199 et
1769 2167 1916 2206 unitatis,
1948 2167 2029 2200 sicut
2052 2176 2150 2210 supra
2193 2154 2303 2195 ”flul-'³¹¹'

1187 2217 1374 2251 duodecimo
1387 2218 1431 2250 ¹⁵:
1462 2231 1478 2247 <t
1494 2219 1647 2252 Attendite
1670 2228 1688 2252 a
1711 2219 1866 2252 fermento
1890 2220 2148 2260 Pharisaeorum,

1188 2271 1274 2313 quod
1297 2274 1345 2304 est
1368 2272 1544 2314 hypocrisis
1560 2285 1591 2311 »;
1616 2276 1648 2305 et
1671 2273 1730 2305 hoc
1763 2273 1837 2306 satis
1862 2277 1964 2312 recte,
1989 2274 2063 2316 quia
2086 2274 2149 2307 fer-

1188 2327 1330 2358 mentum
1354 2328 1402 2360 est
1426 2329 1514 2368 pasta
1537 2330 1628 2359 vetus
1652 2330 1683 2359 et
1706 2336 1747 2359 ex
1772 2331 1926 2360 vetustate
1953 2330 2103 2369 corrupta
2119 2332 2150 2360 et

1188 2378 1219 2411 in
1244 2378 1421 2411 acredinem
1446 2387 1551 2419 versa,
1576 2388 1658 2422 quae
1682 2380 1835 2422 reliquam
1853 2389 1986 2413 massam
2004 2389 2147 2413 corrum-

1189 2432 1235 2474 pit
1258 2435 1290 2465 et
1313 2432 1343 2464 in
1368 2432 1547 2465 acredinem
1570 2433 1674 2465 vertit.
1692 2433 1762 2466 ldeo
1778 2433 1937 2476 signanter
1953 2434 2068 2466 dicitur
2085 2434 2149 2475 pri-

1189 2493 1259 2517 mae
1283 2484 1322 2517 ad
1346 2484 1525 2517 Corinthios
1544 2485 1655 2527 quinto
1670 2485 1706 2517 ¹⁶:
1736 2498 1751 2514 α
1768 2485 1949 2528 Expurgate
1973 2490 2064 2520 vetus
2087 2487 2148 2519 fer-

1188 2541 1330 2571 mentum
1347 2551 1378 2570 ».
1405 2556 1447 2561 —
1470 2538 1643 2580 Aliquando
1667 2547 1723 2580 per
1747 2537 1946 2581 fermentum
1961 2540 2146 2582 intelligitur
2168 2546 2286 2567 Secundus-

1188 2591 1293 2624 fervor
1316 2594 1347 2624 et
1371 2591 1511 2630 dilectio,
1537 2592 1618 2624 sicut
1642 2591 1743 2631 hicn,
1776 2592 1851 2633 quia
1874 2592 2063 2625 fermentum
2095 2602 2148 2634 pa-

1188 2648 1269 2677 stam
1292 2644 1432 2677 calefacit
1448 2648 1478 2677 et
1495 2644 1652 2687 quendam
1676 2644 1831 2678 servorem
1858 2645 1977 2678 inducit
2004 2646 2093 2687 quasi
2110 2646 2149 2678 ah

1258 2806 1270 2821 ⁹
1289 2808 1365 2834 Vers.
1384 2808 1410 2833 7.
1429 2811 1455 2834 et
1473 2808 1499 2833 9.

1259 2851 1281 2866 ¹⁰
1303 2853 1359 2878 Vat.
1375 2851 1533 2886 paululum.

1260 2896 1281 2911 ¹¹
1301 2896 1352 2923 Cir.
1371 2903 1450 2928 supra
1469 2903 1494 2922 n.
1516 2896 1559 2922 36.

1259 2939 1281 2955 ¹²
1301 2941 1385 2967 Codd.
1407 2940 1488 2967 ACD
1506 2939 1681 2972 esm‘stt'mabm
1701 2941 1746 2965 cfr.
1767 2947 1847 2972 supra
1867 2947 1928 2972 pag.
1949 2940 2009 2971 366,
2030 2946 2089 2967 nota
2117 2941 2141 2966 4.

1259 2983 1281 2999 ¹³
1302 2985 1376 3011 Vers.
1395 2986 1443 3016 ⁴3,
1463 2985 1504 3011 eui
1524 2984 1692 3016 subiungitur
1711 2984 1786 3009 Rom.
1809 2984 1854 3016 ⁴4,
1878 2984 1917 3010 17.

1259 3029 1282 3044 ¹⁴
1302 3030 1360 3056 Vat.
1377 3031 1404 3056 et
1421 3028 1544 3063 calefacit
1562 3027 1690 3060 interius,
1712 3030 1737 3054 et
1754 3028 1804 3054 ltoc
1823 3027 1901 3055 lutbet
1919 3029 2091 3063 manifestam
2115 3031 2148 3057 si·

1188 3074 1379 3102 militudinem.

1259 3118 1282 3134 ²⁶
1302 3119 1376 3145 Vers.
1401 3120 1422 3144 1.
1434 3133 1470 3138 -
1483 3119 1609 3151 Superius
1628 3126 1676 3150 pro
1696 3118 1809 3145 unitatis
1829 3119 1888 3145 Vat.
1904 3118 2024 3145 veritatis
2042 3124 2068 3145 et
2086 3120 2147 3145 inse

1188 3164 1243 3189 rius
1262 3163 1303 3189 bis
1320 3169 1431 3190 acorem
1449 3170 1497 3195 pro
1515 3161 1678 3189 acredinem.

1260 3205 1282 3221 ¹⁶
1301 3207 1376 3233 Vers.
1396 3207 1422 3233 7.
1440 3206 1491 3233 Csr.
1510 3213 1591 3238 supra
1611 3213 1633 3232 c.
1656 3206 1697 3231 12.
1716 3213 1742 3231 n.
1764 3206 1789 3231 3.

1259 3249 1280 3265 ¹⁷
1300 3252 1390 3277 Glossa
1410 3250 1607 3278 imerlt'ueart's:
1627 3249 1721 3277 Simile
1748 3251 1786 3276 est
1812 3250 1961 3283 fermento,
1987 3250 2081 3275 caritas
2099 3257 2148 3282 pro

1188 3298 1305 3329 fervore,
1325 3296 1366 3322 vel
1385 3299 1473 3322 sancta
1492 3295 1617 3321 doctrina.
1647 3294 1700 3321 Ctr.
1728 3295 1848 3326 August,
1874 3295 1892 3320 1.
1914 3295 1964 3327 Qq.
1983 3295 2148 3326 Evangelior.

1187 3349 1216 3375 q.
1236 3342 1282 3366 ⁴2:
1302 3340 1460 3373 Mulierem,
1486 3340 1639 3372 sapientiam
1668 3339 1744 3371 dicit;
1763 3339 1940 3374 fermentum,
1969 3339 2148 3372 dilectionem,

1190 3386 1263 3420 quod
1283 3385 1417 3412 fervefacit
1434 3388 1460 3412 et
1478 3385 1579 3412 excitet.
