2476 3921
153 1073 262 1104 Egpositio

150 1100 272 1153 ἓῖῗέῗρῆἑὲ

139 1153 208 1180 gladio
218 1159 285 1180 appe-

174 1180 245 1201 tendo.

137 1926 196 1951 Item,
209 1926 235 1947 de
244 1925 282 1946 tri·

150 1953 201 1979 plici
211 1952 281 1979 gladio

150 1979 259 2007 fugiendo.

156 2513 285 2535 Notandum.

296 233 336 264 6⁶2

293 320 475 361 diligebant,
499 316 718 353 exsultabant;
743 314 812 347 ideo
836 313 975 346 additur:
1007 312 1047 344 Ut
1069 311 1252 344 revelentur

294 384 332 405 ezr
355 372 469 404 multis
492 369 649 403 cordibus
673 368 894 410 coyitationes
932 366 980 398 Sic
1016 368 1063 397 est
1092 365 1143 397 hic
1178 373 1251 396 con-

294 429 455 463 secutum,
486 423 560 465 quia
588 423 648 455 hoc
679 423 882 454 consecutum
923 422 970 452 est
1002 418 1039 451 ad
1075 417 1252 459 passionem

293 478 426 515 Christi,
450 476 524 518 quia
540 475 683 508 videlicet
699 473 884 506 Iudaeorum
909 471 1082 504 carnalium
1099 473 1130 503 et
1154 470 1253 511 hypo-

293 532 445 564 critarum
462 529 521 561 fuit
537 528 639 561 cordis
651 527 800 569 iniquitas
817 525 968 563 revelata3
986 524 1065 556 Osee
1082 523 1215 565 septimo
1226 523 1252 554 ¹:

299 585 403 616 «Cum
437 592 548 616 sanare
580 582 692 614 vellem
728 580 836 618 lsrael,
870 578 1006 611 revelata
1029 581 1076 610 est
1105 576 1254 618 iniquitas

296 638 440 680 Ephraim
466 641 497 669 et
520 635 677 669 Samariae
693 643 799 667 coram
816 642 866 665 me
882 644 913 670 »;
931 632 1022 674 quia,
1041 631 1122 663 sicut
1137 629 1254 662 dicitur

293 691 437 724 Matthaei
461 689 595 728 decimo,
626 700 641 716 ιι
658 687 736 719 nihil
759 688 807 719 est
829 688 993 727 opertum,
1010 683 1094 726 quod
1118 692 1180 715 non
1205 691 1255 715 re-

295 745 435 783 veletur,
467 747 498 775 et
526 741 759 778 absconditum,
788 739 872 781 quod
904 747 965 770 non
995 737 1113 770 sciatur
1130 750 1160 768 ».
1193 736 1255 768 Hoc

293 801 398 829 autem
422 796 560 828 maxime
584 795 644 828 erit
668 794 699 826 in
725 793 853 831 iudici0;
879 791 999 834 primae
1023 790 1061 822 ad
1078 789 1256 821 Corinthios

294 854 430 893 quarto:
471 849 602 881 «Nolite
633 851 705 880 ante
740 850 864 888 tempus
896 844 1052 882 iudicare,
1088 851 1255 885 quousque

296 903 399 936 veniat
422 903 591 940 Dominus,
616 900 670 942 qui
695 899 884 932 illuminabit
908 897 1088 930 abscondita
1112 895 1256 929 tenebra-

296 965 367 989 rum
392 959 423 988 et
446 954 655 987 manifestabit
679 952 806 985 consilia
831 951 972 984 cordium
991 963 1005 978 n
1027 953 1085 982 etc.

387 1009 438 1040 79.
464 1008 541 1040 Nota
563 1006 807 1048 spiritualiter,
832 1004 916 1046 quod
944 1013 985 1036 ex
1009 1001 1257 1035 consideratione

296 1061 449 1104 passionis
472 1059 586 1092 Christi
612 1059 704 1091 debet
725 1058 841 1099 triplex
859 1056 981 1099 gladius
997 1055 1169 1097 spiritualis
1192 1054 1258 1086 ani-

296 1123 379 1147 mam
403 1113 605 1155 pertransire.
630 1111 754 1143 Primus
770 1114 817 1143 est
833 1109 955 1151 gladius
979 1107 1187 1140 discretionis
1207 1116 1258 1139 re-

296 1172 366 1200 ctae
388 1167 482 1208 ficlei;
505 1165 545 1198 ad
569 1164 717 1206 Ephesios
749 1163 881 1196 sexto2:
912 1175 927 1190 «
945 1162 980 1193 Et
1004 1160 1141 1203 gladium
1166 1159 1259 1201 spiri-

298 1225 348 1253 tus
359 1247 366 1259 ‚
392 1220 475 1262 quod
492 1223 539 1252 est
556 1218 687 1251 verbum
713 1217 767 1249 Dei
785 1230 815 1248 ».
833 1235 876 1240 —
893 1214 1054 1248 Secundus
1071 1216 1118 1246 est
1138 1212 1260 1255 gladius

297 1273 516 1307 districtionis
539 1271 645 1304 severi
668 1270 788 1303 iudicii
795 1282 806 1308 ;
824 1268 1021 1312 Apocalypsis
1043 1267 1163 1309 primo:
1186 1278 1201 1294 «
1217 1266 1260 1298 De

297 1337 351 1360 ore
375 1327 442 1359 eius
466 1325 588 1368 gladius
612 1328 748 1366 utraque
781 1326 868 1365 parte
900 1325 1013 1354 acutus
1037 1320 1191 1353 exibat».
1218 1337 1261 1343 —

297 1381 421 1413 Tertius
438 1384 485 1413 est
501 1379 623 1422 gladius
639 1378 814 1411 divisionis
831 1375 974 1408 humani
989 1373 1146 1407 desiderii
1153 1385 1163 1411 ;
1185 1373 1261 1405 Mat-

297 1435 379 1467 thaei
403 1434 540 1467 decimo:
572 1446 586 1461 «
603 1433 668 1464 Non
706 1431 773 1464 veni
809 1430 933 1462 mittere
966 1437 1088 1471 pacem,
1118 1426 1172 1459 sed
1195 1426 1260 1468 gla-

297 1488 431 1520 dium».
458 1505 499 1510 --
523 1485 692 1519 Pertransit
716 1488 820 1517 autem
849 1483 969 1515 animas
994 1481 1115 1523 primus
1139 1479 1261 1522 gladius

299 1550 354 1582 per
378 1549 493 1572 vera-m
516 1538 634 1580 fidetm·
658 1538 694 1570 ad
721 1538 876 1570 Hebraeos
892 1535 1048 1578 quarto³:
1072 1533 1198 1565 «Vivus
1214 1535 1261 1564 est

299 1602 402 1626 sermo
426 1593 479 1625 Dei
504 1596 535 1625 et
559 1591 781 1633 penetrabilior
805 1589 887 1622 omni
913 1588 1058 1631 gladio».
1077 1605 1118 1610 -
1144 1586 1261 1618 Secun-

299 1647 376 1686 duS,
401 1655 457 1688 per
481 1646 627 1687 i·i90rem
659 1643 896 1686 poenitentiuc,·
931 1641 1090 1674 Psalmus:
1129 1652 1143 1667 «
1162 1638 1259 1671 Gladii

299 1700 450 1742 ancipites
474 1699 504 1731 in
528 1698 674 1730 manibus
698 1706 808 1730 eorum
823 1710 852 1727 n.
871 1714 914 1719 —
930 1694 1070 1733 Tertius,
1088 1702 1144 1735 per
1161 1693 1261 1725 arcto-

301 1764 369 1787 rem
395 1752 644 1790 beneuolentiae;
661 1751 859 1783 Canticorum
886 1749 996 1782 tertio:
1019 1761 1034 1776 «
1049 1748 1091 1780 En
1109 1747 1259 1779 lectulum

301 1807 472 1841 Salomonis
489 1821 519 1845 »,
544 1809 575 1839 et
598 1809 685 1848 post:
715 1818 730 1833 «
748 1804 865 1837 Omnes
889 1807 1030 1836 tenentes
1054 1801 1215 1844 gladios».

390 1862 441 1893 80.
467 1860 581 1892 Contra
605 1859 690 1891 huuc
714 1857 869 1900 triplicem
891 1856 1029 1898 gladium
1047 1858 1093 1888 est
1109 1854 1190 1886 alius
1206 1853 1262 1885 tri-

301 1916 396 1957 plex:
421 1914 539 1947 scilicet
561 1912 683 1955 gladius
706 1910 882 1948 rancoris,·
906 1909 999 1952 primi
1026 1909 1142 1950 Regum
1168 1907 1263 1948 trige-

301 1969 379 2001 simo
404 1968 547 2010 primo4:
577 1979 592 1994 «
610 1965 750 2007 Arripuit
774 1964 847 1996 Saul
883 1963 1021 2005 gladium
1046 1970 1140 1994 suum
1165 1963 1196 1993 et
1220 1960 1263 1992 ir-

302 2021 367 2054 ruit
389 2029 485 2063 super
509 2028 581 2052 eum
599 2032 628 2051 ».
647 2037 688 2042 —
705 2017 832 2050 Gladius
848 2016 1082 2053 detractionis;
1107 2015 1262 2048 Psalmus:

307 2087 323 2103 «
339 2074 403 2107 Filii
428 2073 610 2111 homiuum,
634 2072 743 2104 dentes
767 2079 877 2103 eorum
903 2078 992 2101 arma
1015 2072 1046 2101 et
1069 2069 1217 2110 sagittae,
1234 2071 1265 2100 et

303 2129 409 2170 lingua
432 2135 544 2160 eorum
568 2125 690 2168 gladius
713 2128 827 2157 acutus
840 2137 870 2155 ».
888 2141 931 2146 -—
955 2122 1082 2155 Gladius
1106 2121 1264 2161 haeresis,

303 2182 357 2225 qui
374 2185 422 2214 est
436 2180 547 2213 divisio
563 2179 603 2212 ab
619 2179 739 2211 unitate
758 2177 826 2210 fidei
839 2189 846 2216 ;
861 2176 1103 2209 proverbiorum
1121 2176 1231 2218 quinto
1241 2175 1265 2215 ⁵,

304 2236 363 2269 sub
386 2235 570 2276 metaphora
593 2232 787 2265 meretricis:
816 2244 831 2260 «
848 2230 1020 2263 Novissima
1043 2230 1128 2263 illius
1159 2239 1266 2263 amara

305 2288 394 2331 quasi
430 2286 644 2324 absinthium,
669 2288 699 2318 et
723 2284 830 2327 lingua
861 2284 929 2317 eius
960 2287 1052 2316 acuta
1083 2283 1172 2326 quasi
1201 2283 1266 2325 gla-

305 2342 376 2374 dius
392 2341 497 2382 biceps
514 2352 544 2379 »;
562 2342 592 2372 et
608 2339 762 2372 Psalmus:
787 2351 801 2366 «
814 2337 956 2370 Gladium
974 2337 1265 2379 evaginaverunt»,

306 2395 468 2438 sequitur:
499 2407 514 2421 «
531 2396 566 2425 ut
590 2392 748 2425 trucident
773 2395 876 2425 rectos
900 2390 994 2423 corde
1011 2405 1040 2423 ».

396 2447 518 2480 Primus
541 2446 662 2489 gladius
695 2445 867 2488 spiritualis
898 2448 945 2477 est
973 2444 1140 2483 emendus;
1166 2444 1267 2476 Lucae

306 2501 455 2543 vigesimo
479 2499 655 2532 secundoss:
686 2512 701 2526 «
717 2498 775 2540 Qui
801 2507 863 2530 non
887 2498 981 2530 habet
998 2496 1111 2529 vendat
1128 2496 1266 2528 tunicam

310 2564 399 2587 suam
424 2557 454 2586 et
478 2556 560 2585 emat
583 2552 721 2594 gladium
740 2565 770 2583 ».
798 2551 882 2584 Alius
904 2560 979 2583 vero
1003 2550 1097 2583 estin
1122 2550 1266 2592 vaginam

307 2606 531 2644 remittendus;
557 2605 677 2638 loannis
700 2605 821 2637 decimo
845 2608 972 2636 octavo:
996 2603 1113 2636 «Mitte
1129 2602 1268 2645 gladium

308 2665 398 2693 tuum
424 2660 454 2692 in
479 2660 668 2702 vaginam».
696 2659 731 2690 Et
755 2658 835 2690 ratio
860 2657 957 2690 huius
973 2660 1037 2695 est,
1055 2656 1129 2698 quia
1145 2656 1268 2698 primus

308 2714 418 2747 occidit
442 2714 538 2746 vitam
562 2713 737 2750 carnalem,
762 2711 921 2745 secundus
948 2719 1024 2743 vero
1047 2710 1150 2743 ‘vitam
1175 2709 1268 2751 spiri-

310 2768 435 2801 tualem.

900 224 1092 256 COMMENT.
1119 223 1155 254 IN
1181 220 1418 254 EVANGELIUM
1442 218 1559 251 LUCAE
1583 217 1614 249 C.
1640 217 1672 249 11.

1407 308 1459 340 81.
1487 307 1525 339 Et
1549 309 1623 338 erat
1647 307 1749 337 Aima
1768 304 1980 348 prophetissa
2010 308 2068 338 etc.
2094 305 2164 337 Post
2193 305 2278 338 testi-
2292 308 2324 339 ⁰3³
2338 309 2430 332 usum

1316 360 1456 393 monium
1481 368 1580 392 sexus
1603 359 1703 391 virilis
1719 358 1864 400 sequitur
1880 358 1932 391 hic
1949 358 2163 391 testimonium
2180 367 2278 391 sexus

1316 412 1498 445 muliebris.
1523 411 1659 444 Decebat
1682 411 1780 450 enim,
1804 411 1920 443 Christi
1944 410 2114 443 adventum
2139 411 2278 443 testimo-

1317 465 1406 498 nium
1431 465 1548 497 habere
1572 465 1612 497 ab
1635 464 1718 496 omni
1743 472 1858 506 genere
1883 472 2100 505 personarum,
2129 466 2165 496 ut
2188 463 2278 496 inex-

1318 518 1472 551 cusabiles
1495 518 1557 550 sint
1581 517 1634 559 qui
1652 526 1713 549 non
1731 517 1864 550 credunt
1886 517 2059 559 Evangelio.
2083 517 2169 550 Unde
2190 517 2279 549 Chri-

2297 341 2333 357 mo
2346 335 2424 358 Annae.
2452 348 2454 351 >

2299 520 2425 547 septiforme

2300 546 2328 568 de
2346 546 2427 569 Christo

1318 575 1386 605 stus
1410 571 1522 604 habuit
1545 571 1759 604 testimonium
1783 570 1958 613 angelicum
1983 573 2014 603 et
2038 571 2232 609 humanum,
2249 573 2280 603 et
2290 573 2438 596 testimonium-

1318 626 1434 658 iterum
1459 628 1613 667 quantum
1638 624 1677 657 ad
1694 624 1849 666 simplices
1873 627 1904 656 et
1920 624 2092 666 perfectos,
2109 627 2140 657 et
2164 624 2279 657 iterum

1319 678 1531 720 perfectorum
1555 677 1587 710 in
1611 681 1748 719 utroque
1783 686 1881 716 sexu,
1906 680 1943 709 ut
1965 677 2168 716 ostendatur,
2196 677 2281 719 quod

1319 735 1455 773 uterque
1472 740 1569 763 sexus
1585 730 1624 763 ad
1641 730 1887 772 redemptionem
1905 730 2078 772 spectabat,
2096 731 2178 763 sicut
2194 734 2281 764 uter-

1320 793 1382 827 que
1406 784 1569 817 ceciderat.
1596 784 1681 817 Unde
1705 787 1741 816 ut
1764 784 1843 816 nihil
1866 784 1946 817 desit
1970 784 2009 817 ad
2033 784 2216 816 firmitatem
2240 787 2282 817 te-

1320 838 1475 876 stimonii,
1499 838 1644 870 Christus
1680 841 1772 870 natus
1808 837 1919 869 habuit
1950 837 2164 870 testimonium
2187 837 2283 879 septi-

1320 890 1446 934 forme,
1463 891 1580 923 scilicet
1603 900 1622 923 a
1645 894 1759 923 natura
1783 890 1925 929 caelesti,
1951 890 2068 923 scilicet
2084 890 2190 928 stella;
2208 890 2283 922 Mat-

1303 950 1305 953 ’
1322 945 1404 977 thaei
1421 945 1558 978 secundo
1571 945 1601 976 ⁷:
1625 957 1640 973 «
1654 944 1795 976 Vidimus
1812 944 1932 976 stellam
1950 943 2018 976 eius
2036 943 2066 975 in
2083 943 2243 975 oriente».
2262 943 2283 975 A

1321 998 1568 1040 supercaelesti,
1594 998 1711 1030 scilicet
1727 997 1881 1039 angelica;
1899 1006 1997 1038 supra
2013 994 2136 1029 eodem:
2167 996 2285 1028 «Facta

1322 1055 1369 1084 est
1393 1061 1464 1084 cum
1489 1051 1603 1093 Angelo
1633 1050 1802 1083 multitudo
1837 1050 1978 1083 caelestis
2003 1049 2164 1082 exercitus
2180 1063 2195 1078 >³
2224 1052 2283 1082 etc.

1323 1106 1344 1137 Α
1368 1108 1483 1137 natura
1506 1104 1716 1142 subcoelesti,
1750 1104 1868 1137 scilicet
1903 1103 1997 1136 virili
2018 1103 2178 1145 simplici,
2204 1102 2288 1135 sicut

1324 1161 1481 1200 pastores;
1519 1167 1633 1199 supra:
1663 1158 1732 1189 «Et
1756 1157 1874 1190 reversi
1910 1161 1984 1190 sunt
2019 1160 2192 1199 pastores»
2226 1161 2284 1189 etc.

1332 1212 1429 1244 Virili
1442 1211 1600 1253 sapiente,
1618 1211 1699 1244 sicut
1715 1211 1811 1253 Magi;
1830 1211 1975 1244 Matthaei
1993 1211 2146 1244 secundo:
2168 1223 2184 1239 «
2198 1211 2285 1249 Ecce,

1325 1265 1402 1307 Magi
1427 1265 1466 1297 ab
1490 1264 1617 1297 Oriente
1642 1267 1824 1305 venerunt»
1854 1268 1912 1297 etc.
1939 1264 2041 1297 Senili
2057 1264 2092 1296 in
2108 1274 2191 1296 sexu
2214 1254 2288 1297 mit-⁵

1325 1318 1471 1356 scutino,
1490 1318 1572 1350 sicut
1588 1318 1728 1356 Simeon;
1753 1326 1850 1359 supra
1863 1317 1890 1349 8:
1920 1330 1935 1345 «
1949 1318 2002 1350 Hic
2019 1317 2104 1350 venit
2121 1317 2152 1349 in
2168 1317 2288 1359 Spiritu

1324 1372 1355 1404 in
1381 1372 1532 1413 templum
1551 1385 1581 1403 ».
1609 1371 1712 1404 Senili
1734 1371 1770 1403 iii
1801 1381 1883 1403 sexu
1907 1370 2066 1414 femineo,
2093 1375 2128 1403 ut
2154 1371 2221 1403 hic:
2249 1372 2288 1403 Et

1325 1429 1398 1457 erat
1423 1426 1523 1457 Anna
1536 1423 1768 1467 prophetissa,
1785 1423 1858 1466 filia
1879 1423 2029 1457 Phanuel
2044 1428 2101 1457 etc.
2120 1423 2287 1467 Infaiitili,

1326 1479 1380 1520 qui
1400 1491 1415 1506 α
1427 1487 1488 1510 non
1503 1477 1673 1520 loquendo,
1691 1477 1743 1510 sed
1761 1477 1923 1510 moriendo
1935 1478 2066 1511 confessi
2083 1482 2157 1511 sunt
2170 1490 2201 1517 »;
2214 1479 2289 1510 Mat-

1326 1531 1409 1564 thaei
1434 1531 1588 1564 secundo:
1619 1544 1634 1559 «
1652 1531 1774 1563 Mittens
1789 1531 1902 1564 occidit
1917 1540 2026 1564 omnes
2042 1540 2158 1573 pueros
2170 1545 2186 1560 »
2208 1534 2289 1570 etc.;

1326 1589 1356 1618 et
1380 1589 1454 1618 tunc
1480 1585 1643 1626 impletum
1669 1588 1716 1617 est
1738 1584 1815 1616 illud
1838 1584 1968 1617 Psalmi:
1998 1597 2013 1612 «
2035 1585 2081 1616 Ex
2105 1594 2160 1617 ore
2191 1585 2291 1618 infan-

1326 1639 1404 1671 tium
1442 1642 1472 1671 et
1508 1638 1689 1671 lactentium
1725 1638 1880 1680 perfecisti
1917 1638 2041 1671 laudem
2062 1652 2092 1670 ».
2124 1639 2159 1671 Et
2190 1639 2291 1672 omnis

1326 1697 1454 1730 natura,
1479 1691 1580 1724 omnis
1612 1700 1724 1729 sexus,
1749 1691 1850 1724 omnis
1881 1694 1966 1724 aetas
1997 1691 2122 1724 Christo
2152 1692 2291 1724 nascenti

1327 1745 1539 1778 testimonium
1566 1744 1740 1786 perhibuit,
1777 1744 1851 1786 quia
1882 1744 1949 1787 ipse
1980 1744 2112 1777 debebat
2143 1754 2292 1787 reparare

1327 1799 1441 1832 omnia.
1467 1798 1552 1831 Unde
1569 1802 1600 1831 et
1624 1798 1731 1839 pueris
1747 1798 1778 1830 in
1803 1798 1919 1839 templo
1936 1798 2144 1831 clamantibus
2167 1802 2198 1831 et
2214 1798 2292 1831 Pha·
2314 1814 2317 1818 ν

1326 1852 1437 1888 risaeis
1458 1851 1702 1884 reclamantibus
1726 1851 1844 1883 dictum
1869 1854 1916 1883 est
1936 1851 2017 1883 infra
2033 1851 2154 1884 decimo
2170 1860 2252 1884 nono
2265 1850 2291 1883 9;

1333 1919 1349 1935 «
1366 1906 1394 1939 Si
1422 1905 1577 1939 tacuerint
1600 1905 1651 1943 hi,
1676 1904 1794 1947 lapides
1818 1904 2045 1937 clamabunt».

1418 1959 1461 1991 Ad
1485 1958 1581 1991 huius
1616 1961 1721 1990 autem
1758 1957 1927 1990 testimonii
1963 1957 2055 1990 fidem
2090 1958 2293 1991 astruendam

1329 2013 1390 2046 tria
1414 2012 1670 2045 introducuntur.
1697 2011 1835 2044 Primum
1860 2014 1907 2044 est
1927 2010 2157 2054 prophetantis
2181 2015 2293 2044 aucto-

1330 2067 1425 2099 ritas.
1451 2064 1630 2098 Secundum
1647 2067 1694 2097 est
1711 2063 1916 2105 testificantis
1931 2064 2113 2103 sauctitas,
2137 2064 2180 2097 ibi
2194 2065 2235 2097 ¹⁰:
2254 2065 2296 2097 Et

1329 2120 1461 2152 vixerat
1490 2128 1567 2151 cum
1590 2118 1663 2150 viro
1694 2127 1756 2150 suo
1787 2118 1888 2150 tennis
1918 2121 2038 2159 septem
2061 2121 2119 2151 etc.
2153 2118 2295 2150 Tertium

1330 2176 1378 2207 est
1398 2171 1575 2205 testimonii
1597 2170 1785 2209 celebritas,
1802 2171 1860 2203 ibi:
1879 2172 1918 2203 Et
1933 2169 2028 2209 haec,
2046 2171 2121 2213 ipsa
2138 2169 2223 2203 liora
2238 2181 2295 2203 su-

1327 2225 1522 2268 perveniens
1550 2227 1609 2257 etc.
1637 2243 1681 2248 —
1706 2224 1901 2256 Auctoritas
1932 2228 2038 2265 autem
2066 2223 2296 2267 prophetantis

1331 2279 1489 2322 colligitur
1513 2287 1554 2311 ex
1578 2277 1721 2317 duobus,
1747 2277 1865 2310 scilicet
1888 2286 1929 2310 ex
1953 2287 2090 2310 munere
2110 2276 2298 2320 prophetali

1331 2337 1362 2367 et
1386 2332 1514 2375 oriyiue
1536 2331 1700 2364 naturali.

1421 2388 1473 2419 82.
1499 2386 1600 2428 (Vers.
1627 2385 1703 2426 36.).
1730 2385 1857 2418 Ratione
1880 2384 2022 2417 muneris
2042 2384 2236 2426 prophetalis
2251 2383 2297 2417 di-

1332 2441 1432 2475 citur:
1460 2441 1500 2472 Et
1521 2443 1595 2472 erat
1619 2439 1720 2471 Arma
1733 2436 1953 2480 prophetissa.
1967 2432 1971 2437 ⁴
1984 2450 1999 2466 α
2018 2438 2119 2470 Aitna
2143 2437 2298 2479 interpre-

1332 2498 1418 2527 tatur
1442 2493 1543 2535 gratia
1557 2494 1582 2512 ¹1
1599 2505 1630 2531 ι»,
1655 2492 1687 2524 in
1711 2501 1775 2534 quo
1798 2491 1985 2530 ostenditur,
2004 2491 2088 2533 quod
2105 2494 2189 2524 recte
2213 2490 2299 2523 dece-

1333 2548 1386 2581 bat
1416 2547 1509 2580 talem
1537 2546 1702 2578 mulierem
1735 2545 1940 2587 prophetare,
1969 2553 2050 2587 quae
2082 2547 2150 2577 erat
2178 2544 2299 2577 habita-

1333 2601 1440 2635 culum
1476 2599 1612 2642 gratiae;
1650 2598 1891 2630 Proverbiorum
1928 2597 2110 2631 undecimo:
2149 2611 2164 2626 «
2187 2597 2298 2630 Mulier

1333 2654 1468 2697 gratiosa
1493 2652 1629 2685 inveniet
1644 2651 1776 2693 gloriam
1794 2663 1827 2689 »3
1853 2651 1937 2684 unde
1960 2650 2028 2693 ipsa
2049 2654 2171 2692 poterat
2193 2650 2298 2683 dicere

1334 2707 1411 2740 illud
1435 2706 1555 2748 primae
1578 2704 1617 2737 ad
1648 2703 1826 2736 Corinthios
1849 2703 1970 2736 decimo
1998 2703 2126 2746 quinto:
2156 2716 2171 2732 «
2193 2703 2299 2735 Gratia

1334 2761 1389 2794 Dei
1414 2769 1484 2793 sum
1511 2758 1541 2791 id
1573 2757 1656 2800 quod
1681 2767 1805 2797 sum».
1841 2757 1908 2790 {deo
1940 2766 2001 2789 non
2026 2760 2073 2789 est
2104 2756 2240 2795 mirum,
2272 2756 2297 2789 si

382 2922 390 2936 ¹
412 2923 478 2948 Vers
509 2923 531 2947 t.
551 2935 585 2940 —
605 2922 662 2947 Duo
681 2928 754 2954 seqq.
778 2921 830 2953 Joci
860 2924 920 2946 sunt
949 2921 1035 2947 Mattli.
1068 2922 1112 2952 10,
1142 2922 1185 2946 26.
1204 2924 1229 2946 et
1254 2921 1271 2945 l.

311 2968 369 2993 Cor.
386 2967 413 2998 l,
428 2968 452 2993 5.
468 2967 569 2999 (paucis
582 2966 707 2995 mutatis).
721 2979 755 2984 —
770 2965 896 2997 Superius
910 2973 958 2997 pro
971 2965 1035 2999 quisi
1054 2965 1175 2992 videlicet
1193 2964 1211 2990 C
1222 2965 1240 2990 F
1251 2965 1272 2990 G

313 3011 376 3045 quia
397 3011 476 3043 uidet,
497 3010 581 3044 quod,
602 3011 623 3036 D
643 3010 706 3044 quia
728 3010 846 3042 videtur,
867 3009 951 3043 quod,
971 3011 992 3035 H
1012 3009 1132 3036 videlicet
1151 3008 1231 3043 quod.

383 3054 393 3069 ²
414 3055 489 3080 Vers.
506 3055 546 3080 i7.
566 3068 601 3074 —·
621 3055 771 3087 Sequuntur
790 3054 872 3086 Apoc.
897 3055 905 3078 1
920 3075 925 3085 ,
940 3054 981 3079 te.
1001 3057 1026 3079 et
1045 3054 1131 3079 Matth.
1162 3053 1210 3084 40,
1231 3052 1274 3077 34.

313 3113 347 3119 -
367 3100 474 3125 interius
493 3107 542 3131 pro
562 3098 735 3125 districtionis
755 3098 841 3125 severi
861 3098 922 3129 (CD
940 3097 1025 3129 saevi)
1045 3097 1139 3124 iudicii
1156 3097 1214 3123 Vat.
1235 3095 1274 3122 di-

313 3144 451 3171 scretionis
470 3143 557 3170 severi
574 3143 671 3170 iudicii.

385 3186 395 3201 Β
416 3188 489 3213 Vers.
504 3189 548 3213 12.
561 3203 591 3206 -—
602 3188 719 3214 Subinde
729 3188 873 3219 allegantur
884 3187 924 3212 Ps.
938 3186 994 3219 149,
1009 3187 1038 3218 ὃς
1049 3186 1122 3212 Cant.
1136 3186 1162 3218 3,
1171 3185 1197 3210 7.
1210 3187 1235 3210 ot
1248 3185 1273 3210 8.

385 3231 396 3246 ⁴
417 3233 491 3258 Vers.
512 3232 535 3258 Ιι.
554 3246 589 3251 -
609 3233 731 3265 Sequitur
750 3233 789 3257 Ps.
811 3233 860 3264 56,
880 3232 905 3257 5.
918 3245 953 3250 —
967 3231 1094 3263 Superius
1108 3237 1157 3262 pro
1171 3229 1273 3256 Contra

316 3277 414 3303 hurle...
435 3276 533 3303 scilicet
552 3277 674 3310 ytadi'us,
694 3277 767 3310 quod
786 3277 896 3309 praebet
914 3277 936 3301 D
956 3276 980 3301 in
1000 3283 1093 3307 marg„
1114 3275 1171 3311 Vnt.
1193 3273 1273 3300 Alius

316 3323 354 3347 est
373 3320 479 3354 {fludius
498 3321 648 3357 spiritualis
667 3321 747 3348 etiam
767 3321 876 3354 tripleoe,
890 3320 936 3347 sed
948 3319 1088 3354 pessimus.
1109 3318 1220 3345 Primus
1233 3320 1273 3345 est

317 3364 431 3397 plurilus.

388 3407 398 3422 ⁶
420 3409 491 3434 Vers.
514 3409 536 3434 li.
556 3424 590 3427 —
610 3410 666 3435 Duo
686 3416 761 3442 seqq.
779 3409 827 3434 loci
849 3408 977 3434 habentur
996 3408 1036 3433 Ps.
1056 3407 1102 3438 36,
1127 3407 1166 3432 ii.

1408 2916 1419 2931 θ
1439 2918 1513 2942 vers.
1533 2917 1581 2946 363
1606 2915 1697 2941 codd:
1728 2914 1781 2947 Qui
1809 2913 1887 2941 habet
1910 2913 2030 2940 tunicam
2057 2912 2153 2939 vendat
2171 2914 2196 2939 et
2211 2913 2296 2939 *emat

1337 2962 1469 2996 alodium.
1490 2975 1524 2980 —
1555 2961 1677 2994 Sequitur
1705 2961 1774 2986 loan.
1804 2960 1851 2991 48,
1878 2959 1925 2990 tl,
1950 2966 1998 2991 pro
2026 2965 2080 2991 quo
2106 2957 2184 2984 codd.
2211 2958 2297 2983 Matth.

1337 3007 1386 3038 26,
1406 3006 1448 3032 52.
2096 2998 2098 3000 ’
2260 2997 2264 2999 ’

1409 3049 1418 3064 ⁷
1439 3051 1513 3076 Vers.
1534 3051 1558 3075 2.
1578 3040 1613 3068 —ss
1632 3050 1697 3075 Tres
1716 3055 1789 3082 seqq.
1819 3048 1869 3074 loci
1897 3050 1957 3073 sunt
1985 3048 2046 3073 Luc.
2067 3048 2098 3078 2,
2127 3047 2168 3072 113.
2196 3049 2221 3072 et
2249 3047 2298 3077 203

1338 3096 1425 3121 Mattli.
1447 3096 1475 3127 2,
1497 3095 1520 3120 i.

1409 3137 1420 3152 ⁸
1440 3139 1513 3165 Vers.
1534 3139 1577 3164 27.
1595 3152 1632 3158 —
1651 3138 1801 3170 Sequuntur
1828 3138 1891 3162 Luc.
1917 3137 1947 3168 2,
1977 3136 2025 3167 36;
2045 3136 2132 3162 Matth.
2153 3136 2183 3166 2,
2205 3135 2245 3160 46.
2275 3138 2300 3160 et

1339 3185 1379 3210 ΡΒ.
1399 3185 1429 3215 8,
1451 3185 1474 3209 3.
1493 3197 1529 3202 —
1551 3182 1654 3208 Verba:
1674 3189 1729 3208 nou
1748 3180 1879 3215 loquendo
1904 3183 1953 3206 etc.
1978 3179 2108 3206 habentur
2133 3179 2159 3205 in
2181 3179 2299 3205 oratione

1340 3228 1394 3254 sesti
1415 3228 1608 3258 innocentium,
1628 3227 1653 3252 in
1673 3225 1767 3252 Missali
1786 3228 1812 3251 et
1831 3224 1974 3250 Breviario.
2093 3227 2095 3230 ’

1410 3271 1421 3286 ⁹
1440 3272 1515 3298 Vcrs.
1537 3272 1578 3297 to.

1411 3315 1433 3330 ¹⁰
1452 3316 1528 3342 Vers.
1548 3316 1594 3348 36;
1615 3315 1717 3340 tortium
1738 3310 1849 3339 habetur
1868 3321 1895 3339 v.
1915 3314 1956 3339 38.

1411 3361 1431 3376 ¹¹
1452 3362 1484 3387 Ut
1503 3360 1565 3387 dicit
1583 3360 1697 3390 Hieron„
1716 3359 1796 3391 Epist.
1824 3358 1866 3384 54.
1895 3358 1969 3391 (alias
1994 3358 2052 3389 40.)>.
2068 3365 2093 3382 n.
2117 3356 2156 3382 16.
2175 3369 2210 3384 -.-
2235 3355 2301 3380 Tres

1340 3413 1414 3439 seqq.
1435 3406 1483 3432 loci
1504 3408 1564 3431 sunt
1582 3405 1658 3430 Prov.
1679 3404 1706 3429 Μ
1720 3423 1726 3435 ,
1749 3404 1795 3436 163
1814 3403 1832 3429 l.
1851 3402 1910 3428 Cor.
1931 3402 1977 3433 15,
2002 3402 2040 3427 10.
2056 3402 2084 3427 et
2104 3402 2165 3433 Sap.
2184 3394 2215 3432 7‘·,
2235 3399 2279 3425 27.

2311 1961 2362 1984 Tria
2376 1960 2402 1983 de
2416 1960 2457 1983 Au-

2308 1993 2352 2037 ξῗοο.
2364 1987 2455 2010 testimo·

2315 2228 2347 2250 De
2361 2227 2451 2250 auetori-

2324 2257 2369 2277 tate
2385 2254 2451 2282 ipsius

2325 2282 2376 2304 duo.

2313 2388 2390 2410 Munus
2406 2393 2452 2415 pro-

2336 2414 2429 2442 phetalo.
