2476 3921
18 508 21 529 l
37 504 101 525 locun.

24 1113 52 1136 tio
68 1112 134 1140 expli·

16 1145 120 1188 latita?

14 1590 126 1617 {invitantis

14 1618 130 1645 dispositio.

738 219 932 253 COMMENT.
957 221 994 253 ΙΝ
1018 220 1256 254 EVANGELIUM
1280 223 1398 255 LUCAE
1421 224 1452 256 C.
1479 226 1552 257 xlv.

156 308 242 352 quod
265 309 511 351 interpretatur:
541 321 557 337 α
573 308 655 350 Quid
678 311 726 341 est
756 308 816 341 hoc
833 311 871 340 n?
895 308 971 350 quia
993 311 1118 350 oportet

156 361 331 404 intelligere
361 369 443 403 quae
474 361 661 403 suscipiunt.
691 360 778 394 Unde
801 363 833 393 et
855 361 981 393 Levitici
1018 361 1117 394 unde-

156 414 237 448 cimo
267 413 401 453 dicitur,
433 413 519 456 quod
552 414 686 453 animal,
718 414 804 456 quod
831 422 926 446 «non
958 414 1116 454 ruminat,

18 462 52 499 'tau
64 475 145 504 primus
155 467 353 501 immundum
377 470 468 500 est».
492 486 537 490 —
560 467 592 499 In
612 467 726 509 pri-mo
755 470 862 500 autem
887 467 955 499 loco
970 467 1116 500 discum-

156 520 201 554 bit
223 521 277 563 qui
300 520 370 553 aliis
392 520 572 562 praefertur
596 520 662 553 sive
685 520 716 552 in
733 519 836 553 officio
859 519 1033 562 dignitatis,
1050 521 1116 554 sive

154 574 187 607 in
209 566 381 616 privilegiis
405 573 595 612 sanctitatis,
620 573 685 606 sive
709 573 740 606 in
766 573 947 615 magisterio
964 573 1114 606 veritatis.

153 627 190 660 Et
212 627 252 660 ad
279 627 339 660 hoc
370 636 433 659 non
463 626 556 659 debet
579 626 651 668 quis
674 635 716 659 ex
740 635 774 659 se
797 627 865 668 ipso
889 627 1114 666 conscendere,

152 680 228 723 quia
250 680 366 713 dicitur
388 680 428 712 ad
452 680 608 713 Hebraeos
638 680 750 722 quinto
765 681 793 712 ¹:
824 693 840 709 α
856 680 917 713 Nec
945 681 1113 723 quisquam

153 733 251 766 sumit
274 733 332 766 sibi
357 733 510 766 honorem
521 759 529 772 ,
546 733 600 766 sed
616 733 670 775 qui
690 736 822 765 vocatur
838 742 857 765 a
872 733 947 772 Deo,
965 736 1114 775 tanquam

153 787 254 819 Aaron
271 800 301 819 ι».
328 787 363 819 Et
387 786 455 819 ideo
479 786 683 820 Ecclesiastici
708 790 813 819 sexto:
843 799 859 815 α
876 786 942 819 Non
959 789 989 819 te
1012 787 1114 820 extol-

151 840 198 873 las
221 839 253 872 in
276 839 462 882 cogitatione
485 840 607 872 animae
631 843 704 872 tuae
720 839 807 872 velut
824 844 955 879 taurus,
979 840 1114 873 nc-torte

151 892 287 926 elidatur
310 892 412 925 virtus
436 895 491 925 tua
506 905 537 932 »;
563 901 620 925 nec
643 893 737 925 etiam
762 902 878 925 coram
902 893 981 925 aliis
989 905 1001 932 ;
1030 893 1114 927 unde

152 945 357 978 Ecclesiastici
381 945 564 978 undecimo:
595 958 610 974 α
628 946 659 978 ln
683 946 800 979 vestitu
823 955 862 979 ne
885 946 1030 988 glorieris
1054 956 1113 979 un-

150 1007 246 1040 quam
269 1001 301 1031 et
323 998 355 1031 in
379 998 429 1031 die
453 998 582 1031 honoris
606 998 653 1031 tui
677 1007 716 1031 ne
739 998 903 1031 extollaris
920 1012 950 1031 n.

243 1052 294 1084 17.
319 1051 424 1084 Tertio
447 1054 553 1084 autem
577 1054 732 1094 quantum
757 1051 796 1084 ad
821 1052 985 1085 rationem
1009 1052 1112 1095 expli-

150 1108 279 1138 cantem
313 1104 550 1137 verecundiam
581 1104 701 1138 subdit:
731 1104 780 1137 Ne
802 1103 888 1148 forte
916 1104 1112 1138 honoratior

151 1161 180 1190 te
201 1158 246 1191 sit
266 1158 430 1191 invitatus
453 1157 495 1190 ab
519 1157 594 1197 illo,
618 1162 749 1200 propter
773 1159 905 1200 gratiam
925 1159 1109 1192 interiorem

149 1211 260 1244 maiori
283 1211 404 1244 honore
426 1211 558 1253 dignus;
583 1211 734 1244 Glossa2:
765 1224 781 1240 «ι
797 1211 970 1245 Gratiosior
999 1213 1111 1245 invita-

149 1264 225 1304 tori,
248 1264 306 1298 etsi
329 1264 398 1298 aliis
421 1264 462 1297 sit
484 1264 671 1304 occultus»;
696 1264 780 1297 unde
805 1265 897 1307 primi
923 1266 1040 1308 Regum
1057 1265 1111 1298 de-

149 1317 230 1351 cimo
252 1310 360 1351 sexto:
390 1330 407 1347 α
422 1318 465 1350 Ne
489 1318 638 1359 respicias
661 1318 787 1351 vultum
815 1318 884 1351 eius
916 1327 1019 1360 neque
1041 1319 1111 1351 alti-

150 1371 290 1405 tudinem
323 1374 462 1404 staturae
492 1371 579 1410 eius,
611 1370 759 1413 quoniam
791 1370 889 1403 abieci
925 1380 1017 1410 eum;
1053 1380 1111 1404 nec

147 1425 240 1458 iuxta
254 1424 404 1457 intuitum
421 1424 558 1457 hominis
581 1432 639 1466 ego
666 1423 779 1457 iudico.
804 1423 901 1456 Homo
924 1423 1008 1457 enim
1025 1424 1110 1457 videt

150 1487 187 1511 ea
209 1486 291 1520 quae
307 1480 432 1520 patent,
448 1477 600 1510 Dominus
614 1480 720 1510 autem
745 1477 888 1510 intuetur
912 1486 966 1510 cor
981 1491 1012 1509 ».

240 1531 290 1563 18.
315 1531 416 1571 (Vers.
447 1530 501 1567 9.).
534 1531 573 1563 Et
605 1530 708 1562 tit-720⁸
739 1530 871 1563 veniens
894 1530 923 1563 is
947 1531 1007 1574 qui
1030 1535 1057 1563 te
1081 1534 1110 1563 et

149 1583 243 1617 illum
273 1583 421 1623 vocavit,
446 1592 503 1625 per
534 1583 672 1616 iustitiae
698 1583 951 1625 dispositionem;
977 1584 1109 1616 Prover-

146 1637 274 1671 biorum
303 1637 425 1670 decimo
455 1640 569 1670 sexto:
599 1650 615 1665 «ι
631 1637 807 1679 Spirituum
838 1636 1028 1679 ponderator
1061 1640 1109 1670 est

147 1691 232 1724 Deus
247 1702 278 1730 »3
302 1691 394 1723 dicat
416 1690 491 1723 tibi:
517 1690 572 1723 Da·
593 1689 672 1723 huic
700 1690 828 1729 locum,
852 1693 982 1732 propter
1006 1690 1109 1733 digni-

147 1744 221 1778 tatis
255 1744 501 1786 praelationem;
525 1744 620 1786 primi
644 1744 763 1786 Regum
795 1744 916 1777 decimo
951 1744 1107 1786 quinto&

151 1810 168 1826 α
184 1797 279 1830 Scidit
301 1797 455 1830 Dominus
478 1806 612 1840 regnum
637 1801 728 1830 tuum
752 1807 771 1830 a
789 1800 817 1830 te
833 1801 864 1831 et
881 1797 1009 1830 tradidit
1030 1797 1108 1830 illud

146 1850 293 1893 proximo
327 1853 383 1883 tuo
415 1850 538 1883 meliori
570 1853 601 1883 te
616 1863 647 1883 ι).
674 1869 714 1873 -
753 1851 793 1883 E't
828 1855 907 1883 tunc
941 1850 1079 1893 incipies
1093 1851 1106 1871 ⁶

146 1913 223 1937 cum
246 1904 368 1937 rubore
390 1904 609 1937 novissimum
634 1904 742 1937 locum
767 1908 887 1943 tenere,
919 1913 977 1946 per
1009 1904 1108 1937 mani-

145 1956 255 1990 festam
280 1957 502 1996 deiectionem‚
528 1957 703 1990 secundum
725 1956 803 1990 illud
828 1957 958 1990 Psalmi:
979 1969 995 1986 α
1013 1957 1106 1990 Exal-

146 2013 231 2043 tatus
245 2013 351 2044 autem
369 2010 554 2044 humiliatus
570 2019 641 2044 sum
658 2014 689 2044 et
705 2010 913 2044 conturbatus
928 2023 959 2042 xo.
986 2010 1022 2043 Et
1037 2010 1107 2044 ideo

146 2062 351 2096 Ecclesiastici
375 2062 497 2096 decimo
514 2063 624 2096 tertio:
647 2076 663 2093 (ι
680 2063 828 2103 Attende,
844 2072 885 2096 ne
900 2063 1051 2097 seductus
1074 2064 1107 2097 in

145 2116 278 2149 stultitia
301 2116 478 2149 humilieris
490 2128 522 2155 »;
546 2116 598 2149 ille
621 2119 727 2149 autem
750 2116 924 2149 seducitur
945 2116 1106 2156 stultitia,

145 2169 200 2212 qui
225 2178 258 2203 se
281 2172 408 2212 reputat
430 2169 549 2212 aliquid
572 2178 740 2212 magnum3
764 2169 804 2202 ad
827 2169 950 2202 Galatas
970 2169 1106 2202 sexto⁶z

150 2236 166 2253 α
183 2224 213 2257 Si
237 2223 309 2266 quis
331 2223 509 2263 existimat,
534 2232 567 2256 se
589 2223 708 2266 aliquid
731 2232 815 2262 esse,
845 2232 920 2256 cum
943 2223 1023 2256 nihil
1048 2223 1105 2262 sit,

146 2362 172 2388 in
190 2363 277 2388 Matth.
296 2363 345 2394 22,
365 2363 390 2388 3.
416 2361 476 2395 (Op.
502 2362 672 2395 imperfect.):
691 2362 844 2389 Prandium
863 2361 933 2396 [sive
952 2363 1105 2388 convivium

145 2405 310 2440 nuptiarum]
324 2406 393 2432 enim
407 2410 446 2432 est
458 2406 576 2432 doctrina
590 2407 703 2432 iustitiae
715 2410 741 2432 et
753 2405 835 2432 verba
848 2406 998 2433 caelestium
1012 2409 1107 2438 myste-

144 2450 245 2476 riorum
264 2451 298 2476 de
316 2451 379 2476 Filio
396 2451 442 2476 Dei
457 2453 577 2476 venturo.
591 2451 664 2483 Quae
677 2451 764 2476 omnia
779 2451 907 2477 mandens
919 2452 1014 2482 homo,
1027 2451 1055 2476 id
1068 2454 1107 2476 est

145 2494 269 2526 audiens,
288 2495 400 2528 acquirit
417 2494 467 2521 sibi
487 2495 568 2521 vitam
587 2499 729 2521 aeternam.
747 2496 838 2522 Multas
850 2497 920 2522 enim
934 2496 1107 2528 proprietates

145 2538 225 2565 habet
236 2546 324 2565 sermo
337 2539 371 2565 ad
382 2546 478 2565 escam.
493 2540 565 2565 Sicut
577 2540 646 2565 enim
659 2540 705 2573 qui
719 2540 795 2566 mittit
808 2541 834 2566 in
847 2548 877 2566 os
890 2548 967 2566 suum
979 2542 1107 2573 fragmen-

147 2586 203 2609 tum
217 2584 319 2616 panis...
331 2584 446 2616 primum
466 2584 539 2609 molit
556 2590 618 2609 eum
631 2584 755 2610 dentibus
769 2588 795 2611 et
807 2585 841 2610 ita
854 2585 961 2611 dimittit
974 2585 999 2610 in
1013 2588 1106 2611 stoma-

146 2629 237 2660 chum,
248 2628 286 2654 sic
299 2632 394 2655 etcum
407 2628 532 2655 audimus
544 2635 624 2654 omne
636 2628 758 2660 verbum,
770 2636 878 2656 necesse
892 2633 939 2661 est,
953 2630 1040 2662 ipsum
1054 2637 1107 2656 me·

145 2671 222 2697 ditari
236 2672 263 2698 in
275 2679 321 2698 ore
334 2680 426 2699 sensus
438 2675 464 2698 et
475 2672 551 2705 quasi
564 2672 725 2706 quibusdam
738 2673 874 2704 dentibus,
895 2674 919 2699 id
940 2677 979 2700 est
998 2674 1107 2700 tractati-

145 2715 204 2749 bus,
217 2717 316 2743 molere
328 2720 354 2743 et
366 2717 466 2748 videre,
478 2717 542 2750 quid
556 2720 596 2743 est
607 2718 678 2750 quod
694 2717 764 2749 dicit,
774 2721 819 2744 aut
828 2718 900 2744 unde
909 2718 980 2750 dicit,
993 2721 1038 2744 aut
1049 2725 1107 2750 pro-

146 2764 205 2793 pter
217 2768 297 2794 quam
311 2768 367 2787 rem
381 2762 469 2788 dicit...
484 2762 548 2788 Nam
567 2765 593 2788 et
613 2768 730 2794 manna,
744 2762 815 2795 quod
829 2762 958 2789 edebatur
967 2763 994 2788 in
1003 2770 1107 2794 eremo,

145 2805 258 2837 figuram
270 2805 384 2832 habebat
394 2805 483 2838 verbi;
497 2806 556 2832 ideo
567 2805 703 2833 dicebatur
715 2813 826 2838 manna,
839 2807 912 2839 quod
926 2807 1108 2839 interpretatur

145 2848 287 2875 Ilehraice:
307 2850 372 2882 quid
390 2852 429 2875 est
448 2851 520 2876 hoc?
539 2852 579 2881 ut,
599 2850 819 2883 quotiescumque
837 2850 962 2877 audimus
979 2850 1107 2882 verbum,

147 2893 289 2919 admoneat
306 2900 354 2919 nos
373 2893 461 2925 ipsum
480 2901 578 2920 nomen
596 2894 744 2927 requirere,
763 2894 828 2927 quid
847 2898 886 2920 est
904 2895 954 2921 hoc
972 2895 1045 2928 quod
1064 2902 1107 2920 au-

145 2937 252 2963 dimus?
274 2937 305 2963 Et
322 2937 390 2963 sicut
409 2937 512 2969 cibum,
535 2941 675 2972 postquam
695 2939 934 2973 masticaverimus,
953 2939 1108 2965 dimittimus

147 2981 173 3007 in
192 2982 373 3014 stomachum,
392 2982 427 3008 ita
445 2984 471 3007 et
490 2981 630 3008 verbum...
648 2982 743 3014 Cibus,
762 2982 808 3016 qui
834 2983 860 3009 in
883 2984 1019 3010 stomacho
1043 2987 1107 3015 stat,

145 3025 188 3051 ille
200 3026 340 3058 contortat;
353 3028 379 3051 et
389 3032 477 3052 sermo
487 3047 493 3059 ,
506 3026 551 3059 qui
565 3027 590 3052 in
604 3027 730 3053 memoria
744 3030 847 3060 manet,
865 3027 907 3053 ille
924 3027 1016 3053 salvat.
1035 3027 1108 3054 Unde

146 3073 173 3096 et
190 3070 261 3102 apud
280 3070 390 3096 ludaeos
408 3071 449 3096 illa
468 3071 590 3097 animalia
609 3074 670 3097 sunt
692 3072 805 3103 munda,
830 3078 899 3105 quae
923 3075 1049 3098 revocant
1071 3072 1108 3098 ci—

146 3113 211 3146 bum
230 3117 256 3140 et
274 3114 407 3140 ruminant
424 3118 475 3141 etc.

219 3157 228 3172 ¹
249 3158 325 3183 Vers.
346 3157 369 3183 4.
389 3172 425 3178 -
443 3158 501 3184 Duo
519 3159 568 3185 loci
587 3166 661 3192 seqq.
680 3162 741 3185 sunt
758 3160 834 3186 Eccli.
854 3160 886 3191 6,
905 3160 929 3186 2.
948 3163 974 3186 et
993 3160 1040 3191 ll,
1060 3160 1085 3186 k.

217 3200 228 3216 ²
249 3202 351 3227 Scilicet
369 3201 566 3235 interlinearis,
586 3206 646 3235 post
664 3210 746 3236 quam
764 3205 782 3230 Ι.
801 3204 865 3236 neg.
887 3203 981 3236 (6,,7.

217 3244 229 3260 ³
247 3245 311 3272 Cod.
330 3246 352 3272 H
371 3249 397 3272 et
416 3247 474 3273 Vat.
488 3253 548 3273 cum
562 3247 675 3279 Vulgata
694 3248 817 3274 omittunt
835 3249 914 3280 tunc,
932 3248 1006 3282 quod
1020 3251 1107 3274 tamen

147 3289 253 3316 exhibet
270 3290 298 3315 B.
317 3289 429 3323 Albert„
448 3291 494 3324 qui
513 3290 625 3318 subinde
643 3299 704 3318 cum
724 3292 744 3318 Α
755 3292 865 3319 CDFH
884 3296 910 3319 et
928 3293 1046 3325 Gon-ano
1058 3298 1108 3324 pro

146 3334 252 3361 vocavit
262 3333 395 3360 substituit
412 3333 543 3361 invitavit.
561 3349 597 3355 —
615 3335 738 3368 Sequitur
756 3336 834 3363 Prov.
853 3336 901 3368 46,
920 3337 945 3362 2.
965 3350 998 3355 -
1017 3336 1108 3365 Glossa

147 3377 344 3405 interlinearis:
370 3377 404 3405 Et
427 3378 548 3412 veniens,
574 3386 622 3412 per
645 3380 757 3411 gratiam
781 3387 857 3407 suam
881 3384 908 3407 et
931 3384 956 3407 te
984 3383 1010 3406 et
1037 3380 1108 3406 illum

2073 233 2137 266 363

1181 310 1247 351 ipse
1271 318 1305 343 se
1328 312 1494 344 seducit».
1521 314 1557 345 Et
1592 315 1662 347 talis
1694 316 1878 350 humiliatur
1913 328 1930 351 a
1963 320 2026 352 Deo
2056 321 2138 353 iusto

1181 363 1315 402 iudicio,
1350 365 1524 398 secundum
1557 367 1634 399 illud
1667 377 1764 410 supra
1800 371 1918 411 primo:
1956 373 2138 414 «Deposuit

1168 419 1323 458 -potentes
1345 417 1384 450 de
1408 418 1480 450 sede
1516 423 1547 451 et
1578 421 1728 453 exaltavit
1752 422 1887 456 humiles
1904 438 1932 456 n.
1958 425 2002 457 De
2026 425 2137 458 huius-

1182 469 1264 501 modi
1289 469 1405 502 iudicio
1427 471 1543 504 dicitur
1568 472 1770 506 Ecclesiastici
1789 476 1996 509 undecimo⁷:
2019 491 2034 506 «
2048 479 2135 511 Multi

1180 522 1304 563 tyranni
1330 523 1480 556 sederunt
1504 524 1535 557 in
1560 525 1687 564 throno,
1709 530 1740 559 et
1757 527 1985 569 insuspicabilis
2002 532 2137 572 portavit

1178 574 1330 608 diadema.
1356 576 1442 609 Multi
1468 580 1609 618 potentes
1625 580 1766 620 oppressi
1792 585 1866 612 sunt
1890 582 1999 620 valide,
2015 587 2047 615 et
2070 584 2136 625 glo·

1178 628 1253 661 riosi
1278 629 1382 661 traditi
1399 633 1473 662 sunt
1490 630 1521 662 in
1546 639 1658 664 manus
1681 632 1856 665 alienorum
1873 647 1903 666 n.
1924 635 1958 666 Et
1975 635 2044 668 ideo
2059 636 2135 668 dici-

1179 684 1232 714 tur
1249 682 1453 716 Ecclesiastici
1470 684 1602 725 septimo
1614 684 1645 716 ⁸:
1668 697 1683 713 α
1700 685 1764 717 Noli
1783 695 1936 727 quaerere
1952 689 1992 720 ab
2011 689 2135 722 homine

1177 734 1328 768 ducatum
1363 744 1466 778 neque
1499 745 1518 769 a
1542 746 1614 779 rege
1637 738 1818 772 cathedram
1843 740 1971 773 honoris
1988 754 2017 779 ιη
2042 743 2135 784 quia,

1178 789 1420 822 proverbiorum
1452 790 1617 833 vigesimo,
1649 804 1664 820 α
1683 792 1857 832 hereditas,
1892 794 1930 826 ad
1963 804 2059 836 quam
2091 796 2135 828 se-

1177 842 1314 875 stinatur
1338 843 1370 875 in
1394 843 1565 886 principio,
1589 845 1619 877 in
1652 846 1820 879 novissimo
1843 846 2057 881 benedictione
2081 857 2133 881 ca-

1177 896 1260 929 rebit
1275 910 1306 929 a.

1269 950 1318 982 19.
1343 950 1444 991 (Vers.
1473 951 1548 990 lo).
1575 951 1637 984 Sed
1659 962 1736 984 cum
1759 957 1896 986 vocatus
1911 952 2029 995 fueris.
2048 955 2133 988 Post-

1176 1011 1272 1044 quam
1302 1003 1493 1045 vituperavit
1520 1005 1749 1046 arrogantiam,
1775 1005 1826 1038 hic
1850 1006 1986 1039 secundo
2015 1007 2134 1040 invitat

1176 1055 1222 1087 ad
1244 1056 1464 1088 reverentiam
1478 1056 1510 1094 ⁹;
1534 1057 1618 1099 quod
1651 1057 1777 1099 quidem
1807 1058 1880 1091 facit
1900 1061 2132 1101 persuadendo

1176 1107 1394 1141 humilitatem
1415 1108 1614 1152 perfectam,
1640 1111 1846 1153 assiynando
1875 1112 2049 1145 utilitatem
2073 1115 2133 1146 ad-

1175 1161 1345 1200 iunctam,
1368 1162 1599 1204 confirmando
1620 1173 1681 1205 per
1704 1165 1901 1207 aequitatem
1917 1166 2077 1199 divinam.

1264 1214 1367 1246 Primo
1379 1214 1475 1256 igitur
1486 1216 1692 1257 persuadens
1705 1215 1923 1250 humilitatem
1935 1218 2130 1261 perfectam,

1174 1265 1266 1299 dicit:
1291 1266 1355 1299 Sed
1384 1276 1459 1299 cum
1490 1273 1628 1300 vocatu-s
1658 1267 1785 1310 fueris,
1810 1270 1849 1302 ad
1880 1272 2024 1313 nuptias,
2048 1273 2132 1305 vade

1174 1319 1243 1351 et¹⁰
1271 1319 1422 1352 recumbe
1446 1320 1482 1352 in
1505 1320 1684 1353 novissimo
1716 1322 1800 1360 loco,
1826 1326 1855 1355 te
1887 1323 1989 1365 ipsum
2014 1325 2131 1358 scilicet

1174 1372 1321 1405 omnibus
1344 1373 1576 1414 postponendo,
1601 1374 1774 1407 secundum
1806 1375 1884 1408 illud
1915 1377 2060 1410 Matthaei
2084 1378 2130 1410 vi-

1174 1425 1309 1466 gesimo:
1340 1438 1355 1453 α
1372 1425 1570 1468 Quicumque
1593 1427 1729 1460 voluerit
1753 1428 1834 1460 inter
1852 1437 1907 1461 vos
1923 1429 2022 1462 maior
2046 1430 2130 1469 fieri,

1175 1477 1215 1510 sit
1238 1483 1341 1511 vester
1364 1479 1516 1512 minister.
1543 1479 1578 1511 Et
1601 1480 1654 1521 qui
1674 1480 1808 1513 voluerit
1832 1481 1913 1518 intes
1937 1491 1993 1514 vos
2008 1483 2131 1524 primus

1173 1540 1241 1564 esse
1271 1532 1332 1564 erit
1366 1536 1470 1564 vester
1505 1541 1634 1571 servus;
1659 1533 1740 1566 sicut
1774 1534 1869 1568 Filius
1898 1535 2033 1568 hominis
2066 1545 2128 1568 non

1174 1585 1257 1618 venit
1281 1585 1468 1624 ministrari,
1494 1586 1547 1619 sed
1571 1586 1749 1620 ministrare
1766 1601 1796 1619 υ.
1821 1587 1906 1621 Unde
1930 1589 1996 1630 ipse
2017 1589 2133 1622 resedit

1172 1639 1204 1671 in
1217 1638 1386 1671 novissimo
1399 1639 1483 1678 loc0;
1502 1639 1596 1673 Isaiae
1608 1640 1868 1683 quinquagesimo
1881 1642 1973 1674 tertio
1986 1644 2029 1674 11;
2052 1656 2068 1671 α
2081 1643 2132 1675 Vi-

1171 1691 1277 1724 dimus
1300 1701 1374 1724 eum
1391 1692 1595 1725 novissimum
1618 1694 1777 1733 virorum,
1804 1695 1908 1727 virum
1933 1695 2077 1728 dolorum
2101 1699 2132 1729 et

1172 1744 1320 1778 scientem
1337 1745 1569 1785 infirmitatem;
1588 1746 1659 1779 ideo
1672 1747 1873 1781 absconditus
1893 1749 2002 1781 vultus
2018 1749 2085 1782 eius
2102 1753 2132 1782 et

1171 1798 1338 1840 despectus
1354 1811 1384 1830 n.
1401 1817 1446 1822 —
1462 1799 1495 1831 ln
1514 1799 1608 1832 huius
1626 1800 1811 1833 humilitatis
1832 1801 2131 1835 commendationem

1171 1850 1260 1883 sedes
1284 1859 1491 1892 personarum
1515 1852 1776 1885 excellentiorum
1800 1854 1985 1887 remotiores
2001 1855 2131 1888 suntab

1170 1904 1279 1943 altari,
1304 1907 1335 1937 et
1360 1904 1393 1937 in
1428 1905 1681 1946 processionibus
1716 1906 1839 1947 priores
1869 1906 2019 1948 dignitate
2054 1912 2128 1940 sunt

1170 1957 1370 2000 posteriores,
1394 1957 1433 1990 ad
1457 1957 1555 2000 ipsius
1570 1958 1685 1991 Christi
1703 1958 1923 1998 imitationem,
1948 1960 2003 2002 qui
2020 1960 2130 2002 utique

1170 2011 1210 2044 ad
1232 2011 1314 2044 hanc
1349 2002 1558 2044 humilitatem
1593 2011 1760 2050 invitabat,
1785 2020 1858 2045 cum
1882 2012 2023 2045 omnium
2046 2014 2125 2055 Apo-

1171 2064 1325 2097 stolorum
1348 2064 1443 2106 pedes
1466 2064 1557 2104 lavit;
1587 2064 1708 2097 loannis
1730 2064 1850 2098 decimo
1882 2065 1973 2098 tertio
1988 2066 2032 2097 ¹²:
2061 2078 2077 2094 α
2093 2066 2124 2098 Si

1170 2126 1228 2159 ego
1251 2117 1312 2150 lavi
1336 2117 1430 2159 pedes
1453 2120 1590 2157 vestros,
1606 2117 1753 2151 dominus
1776 2121 1807 2150 et
1830 2118 1993 2160 magister,
2018 2121 2050 2151 et
2073 2127 2128 2151 vos

1170 2170 1290 2204 debetis
1320 2170 1400 2204 alter
1423 2170 1554 2204 alterius
1577 2171 1682 2204 lavare
1706 2171 1809 2213 pedes.
1835 2171 2020 2213 Exemplum
2044 2172 2126 2204 enim

1170 2223 1241 2256 dedi
1271 2223 1360 2257 vobis
1376 2237 1393 2253 »
1421 2227 1491 2263 etc.;
1528 2224 1603 2266 quia
1629 2237 1645 2253 α
1663 2233 1725 2257 non
1756 2228 1803 2257 est
1833 2224 2007 2266 discipulus
2031 2233 2127 2267 super

1171 2362 1324 2395 ostendeuS‚
1345 2362 1368 2388 is
1387 2362 1435 2396 qai
1452 2363 1476 2387 te
1495 2364 1521 2388 et
1538 2361 1617 2388 illum
1637 2362 1754 2394 vocavit,
1768 2363 1851 2394 Deus,
1864 2362 1908 2395 qui
1922 2362 2001 2388 corda
2014 2362 2129 2394 singulo-

1171 2413 1231 2432 rum
1251 2407 1337 2438 novit,
1357 2406 1429 2433 dicat
1446 2406 1507 2433 tibi:
1528 2407 1569 2432 Da
1587 2406 1648 2433 huic
1668 2406 1771 2438 Iocum,
1792 2407 1904 2438 intellige
1923 2410 1948 2432 te
1967 2407 2102 2432 minor-em.

1242 2449 1254 2465 ⁴
1273 2451 1347 2476 Vers.
1367 2451 1415 2482 28;
1434 2452 1480 2476 cfr,
1499 2450 1562 2476 ibid.
1582 2452 1631 2482 28,
1652 2451 1694 2476 ⁴7.

1242 2493 1253 2509 ⁶
1272 2496 1306 2521 lta
1326 2495 1404 2520 etiam
1424 2495 1451 2520 B.
1472 2494 1582 2525 Albert.;
1604 2495 1660 2520 Vat.
1680 2501 1739 2520 cuni
1760 2495 1872 2526 Vulgata
1890 2494 2008 2528 incipias.
2023 2508 2058 2513 —
2071 2494 2127 2520 Duo

1171 2546 1244 2572 seqq.
1264 2539 1314 2564 loci
1334 2542 1393 2564 sunt
1412 2539 1452 2564 ΡΞ.
1471 2539 1518 2569 87,
1540 2539 1579 2564 46.
1600 2542 1625 2564 et
1644 2539 1720 2564 Eccli.
1743 2538 1788 2569 13,
1810 2539 1852 2564 to.

1241 2581 1253 2597 ⁶
1272 2584 1347 2609 Vers.
1373 2584 1397 2609 3.
1422 2583 1505 2609 Codd.
1530 2584 1642 2614 allegant
1660 2584 1680 2608 I.
1700 2582 1760 2609 Cor.
1781 2581 1830 2614 to,
1857 2582 1901 2608 ubi
1928 2586 2014 2608 tamen
2033 2590 2058 2607 v.
2079 2583 2121 2607 ⁴2:

1170 2628 1221 2661 Qui
1239 2634 1268 2653 se
1285 2628 1414 2654 existimat
1432 2631 1501 2653 stare
1519 2628 1621 2659 videat,
1645 2634 1678 2653 ue
1703 2627 1786 2652 cadat.
1805 2640 1840 2645 —
1859 2626 1975 2652 Subinde.
2000 2621 2124 2657 allegatur

1170 2673 1232 2698 Luc.
1254 2673 1280 2705 l,
1301 2672 1343 2698 52.

1241 2715 1251 2730 ⁷
1271 2717 1345 2743 Vers.
1366 2717 1391 2742 5.
1409 2719 1436 2743 et
1455 2717 1486 2747 6,
1506 2716 1531 2742 in
1554 2717 1630 2742 cuius
1656 2716 1707 2741 line
1731 2722 1779 2748 pro
1804 2714 1956 2741 alienorum
1981 2714 2038 2739 Vet.
2063 2721 2124 2739 cum

1172 2761 1284 2793 Vulgata
1302 2761 1468 2792 alterorum,
1487 2762 1509 2786 Α
1528 2768 1589 2787 cum
1609 2760 1776 2792 Septuaginta
1795 2759 1921 2785 aliorum.

1241 2804 1253 2820 ⁸
1272 2806 1346 2832 vers.
1366 2805 1396 2836 4,
1415 2809 1475 2838 post
1492 2812 1571 2838 quem
1592 2805 1668 2830 Prov.
1688 2805 1734 2835 20,
1755 2805 1797 2829 21.

1242 2849 1253 2864 ⁹
1271 2850 1323 2877 Ch:
1342 2857 1423 2882 supra
1441 2857 1467 2875 n.
1489 2850 1530 2875 ⁴4.
1550 2863 1583 2868 —
1603 2850 1652 2874 Pro
1672 2848 1764 2875 tremat
1787 2848 1843 2874 Vat.
1862 2847 1962 2874 incitat.

1244 2893 1266 2910 ¹⁰
1286 2896 1343 2921 Vat.
1362 2902 1422 2921 cum
1442 2895 1553 2926 Vulgata
1573 2894 1666 2919 omittit
1684 2895 1725 2925 et,-
1744 2894 1789 2919 cir.
1803 2893 1830 2918 Β.
1844 2893 1941 2918 Albert.
1957 2906 1992 2912 —
2006 2893 2127 2926 Sequitur

1171 2940 1258 2965 Matth.
1272 2940 1305 2965 20
1315 2959 1322 2970 ,
1335 2939 1430 2969 26-28,
1451 2937 1495 2964 ubi
1509 2945 1557 2970 pro
1570 2939 1594 2964 et
1607 2937 1654 2971 qui
1666 2937 1779 2963 voluerit
1791 2936 1860 2963 &tter
1874 2943 1919 2963 vos
1933 2937 2022 2968 plures
2033 2937 2110 2963 codd.
2119 2957 2125 2967 ,

1171 2988 1200 3010 ut
1217 2983 1267 3009 AC
1279 2984 1342 3014 DF,
1361 2985 1385 3009 et
1403 2982 1564 3016 quicumque
1583 2981 1652 3007 inter
1671 2988 1717 3007 vos
1738 2980 1801 3007 uult.

1243 3026 1264 3041 ¹¹
1285 3027 1358 3053 Vei-s.
1373 3027 1398 3052 2.
1411 3030 1437 3052 et
1449 3027 1464 3051 3
1473 3045 1480 3057 ,
1493 3026 1518 3051 in
1531 3032 1585 3058 quo
1598 3032 1645 3057 pro
1659 3024 1715 3051 ideo
1731 3025 1787 3050 Vat-
1799 3031 1859 3050 cum
1876 3025 1986 3056 Vulgata
1998 3026 2024 3051 et
2035 3025 2123 3058 quasi.

1243 3070 1264 3085 ¹²
1285 3071 1359 3097 Vei-s.
1381 3070 1420 3095 44.
1440 3077 1497 3102 seq.
1515 3074 1541 3095 et
1558 3070 1619 3095 dein
1638 3069 1724 3094 Matth.
1743 3068 1791 3098 ⁴0,
1811 3068 1852 3093 24.
1868 3068 1924 3100 (etr.
1937 3068 1999 3094 Luc.
2013 3068 2044 3099 6,
2058 3068 2125 3099 40.),

1171 3123 1219 3148 pro
1238 3122 1292 3149 quo
1311 3115 1370 3141 Vat.
1396 3115 1465 3140 toan.
1489 3115 1536 3145 ⁴3,
1566 3113 1690 3140 i61Non
1718 3114 1756 3138 est
1782 3118 1876 3138 servus
1904 3111 1992 3138 maior
2017 3111 2125 3138 domino

1170 3167 1220 3187 suo
1239 3163 1288 3186 etc.
1305 3173 1342 3179 —
1358 3158 1435 3185 Card.
1455 3159 1546 3190 nugo,
1566 3158 1593 3183 in
1611 3158 1672 3183 Luc.
1694 3157 1741 3188 lt,
1759 3157 1790 3182 7:
1810 3155 1949 3182 Intendens
1968 3160 2032 3187 etc..
2045 3157 2072 3182 id
2086 3160 2125 3183 est

1171 3211 1219 3237 per
1236 3204 1381 3230 doctrinam
1400 3209 1474 3228 suam
1500 3202 1608 3234 mystice
1632 3201 1769 3227 intendens
1793 3201 1965 3233 pei-suadere,
1990 3201 2126 3233 quomodo

1171 3249 1198 3274 in
1217 3247 1328 3274 Ecclesia
1347 3245 1492 3272 debeamus
1509 3246 1586 3272 sedes
1610 3246 1716 3277 eligere.
1740 3245 1799 3271 ldeo
1824 3245 1973 3277 superiores
1998 3251 2127 3276 personae

1171 3293 1197 3318 in
1216 3290 1400 3318 humilioribus
1418 3289 1526 3316 sedibus
1544 3289 1649 3320 sedent,
1669 3289 1695 3315 id
1713 3292 1752 3315 est
1770 3288 1955 3315 remotioribus
1979 3288 2013 3314 ab
2037 3289 2125 3319 altari,

1170 3342 1240 3369 quae
1258 3338 1345 3361 tamen
1363 3341 1393 3360 ex
1413 3340 1461 3359 usu
1479 3333 1559 3359 modo
1571 3336 1724 3364 reputantur
1738 3332 1879 3365 digniores.
1892 3345 1926 3351 -
1940 3332 2065 3364 Superius
2077 3338 2126 3364 pro

1167 3377 1384 3413 processionibus
1404 3378 1461 3404 Vat.
1476 3375 1701 3411 possesstmtibus.

2161 960 2282 982 Secundum

2153 988 2281 1009 describitus

2153 1014 2273 1041 tripliciter.

2152 1226 2183 1247 De
2197 1226 2274 1253 primo.

2152 1809 2280 1831 Notandum.
