2476 3921
169 983 201 1004 De
215 982 259 1004 zelo
273 988 295 1003 a·

193 1014 261 1031 maro.

153 1777 214 1798 Finis
227 1777 306 1798 adven-

164 1806 198 1825 tua
212 1804 299 1825 Christi.

312 254 375 286 248

311 344 434 379 monte,
468 339 520 372 ubi
554 340 764 380 cognoverant
796 337 864 369 eius
895 335 1088 368 maiestatem
1121 338 1153 367 et
1187 334 1272 366 vide-

311 398 382 426 rant
407 393 487 425 Eliae
519 391 716 428 societatem;
741 394 772 422 et
796 389 864 421 ideo
892 389 1024 421 similem
1048 388 1091 420 illi
1120 387 1272 420 ultionem

311 447 455 479 volebant
486 445 602 483 facere,
636 444 726 475 iuxta
757 442 841 484 quod
872 442 988 474 dicitur
1016 441 1120 482 quarti
1154 441 1271 482 Regum

311 500 413 542 primo
427 500 448 537 ¹,
472 497 554 539 quod
578 510 593 525 α
609 496 691 529 dixit
715 496 817 528 Elias:
842 495 870 527 Si
906 495 999 527 homo
1022 494 1077 545 Dei
1102 502 1191 532 sum,
1219 493 1273 525 de-

311 552 437 586 scendat
461 551 540 593 ignis
563 550 600 582 de
624 549 709 582 caelo
733 553 764 581 et
787 549 916 581 devoret
940 551 970 580 te
993 551 1024 580 et
1045 546 1273 589 quinquaginta

313 610 384 638 tuos
401 619 429 636 n.
456 605 491 636 Et
514 604 629 636 factum
653 606 700 635 est
724 603 777 635 sic.

402 658 453 689 99.
479 657 580 697 (Vers.
607 656 683 697 55.)
709 655 852 688 Secundo
876 664 951 687 vero
975 657 1130 696 quantum
1160 652 1198 684 ad
1223 662 1273 684 re-

163 718 291 741 secandum.
309 710 556 754 prehensionem
582 708 815 741 rationabilem
839 708 870 740 in
894 707 1017 739 Domini
1042 706 1141 739 verbo
1166 705 1273 738 subdi—

314 769 382 797 tur:
411 765 447 795 Et
471 772 650 795 conversus
674 761 858 803 increpavit
878 760 950 792 illos
967 760 1095 792 dicens.-
1122 758 1272 796 Nescitis,

313 818 411 850 enias
433 816 575 858 spiritns
599 815 683 847 estis.
711 815 771 847 Hoc
791 814 882 852 dicit,
908 813 982 855 quia
1006 813 1063 854 ipsi
1089 812 1273 850 credebant,

314 880 346 904 se
371 870 488 902 moveri
512 879 530 901 a
554 869 667 910 spiritu
692 867 903 905 rectitudinis;
928 870 958 899 et
982 866 1040 908 ipsi
1066 865 1274 898 movebantur

314 924 379 957 zelo
402 922 641 960 amaritudinis,
673 921 757 963 quod
789 930 851 952 non
882 920 1054 958 debebant,
1087 919 1169 951 sicut
1199 918 1274 950 dicit

314 977 442 1009 lacobus
467 975 559 1008 tertio
573 975 599 1007 2:
626 988 641 1003 «
659 974 774 1016 Quodsi
796 974 897 1006 zelum
914 982 1056 1005 amarum
1083 971 1219 1010 habetis,
1244 974 1275 1004 et

314 1029 527 1063 contentiones
551 1027 672 1061 suntin
697 1027 845 1059 cordibus
869 1026 999 1063 vestris;
1024 1025 1119 1058 nolite
1147 1024 1274 1067 gloriari

314 1087 345 1116 et
368 1082 533 1115 mendaces
556 1090 624 1114 esse
640 1081 794 1113 adversus
818 1079 982 1112 veritatem
1001 1093 1030 1110 ».
1049 1079 1084 1111 Et
1109 1081 1276 1120 propterea

312 1136 428 1169 dicitur
452 1135 572 1177 primae
599 1134 718 1166 loannis
742 1133 896 1175 quartoss:
927 1132 1057 1164 «Nolite
1074 1131 1158 1163 omni
1183 1131 1276 1173 spiri-

312 1190 358 1223 tui
383 1189 530 1227 credere,
556 1188 610 1221 sed
634 1187 764 1229 probate
788 1186 937 1228 spiritus,
962 1186 986 1218 si
1011 1195 1053 1218 ex
1078 1186 1141 1218 Deo
1166 1185 1275 1218 sint».

314 1243 449 1284 Spiritus
473 1242 555 1274 enim
573 1241 689 1273 Christi
713 1244 760 1272 est
784 1240 915 1281 spiritus
939 1238 1204 1277 mansuetudinis,
1229 1247 1277 1270 se—

313 1296 452 1329 cundum
485 1294 563 1327 illud
596 1294 689 1327 Isaiae
721 1293 918 1335 sexagesimo
950 1292 1070 1334 primo:
1100 1305 1115 1320 α
1140 1291 1278 1333 Spiritus

313 1349 435 1382 Domini
461 1357 557 1390 super
582 1357 646 1386 me,
671 1357 707 1380 eo
732 1347 816 1389 quod
840 1346 972 1378 unxerit
996 1354 1063 1383 me,
1092 1345 1130 1377 ad
1154 1354 1278 1377 annun-

314 1402 455 1435 tiandum
484 1401 655 1434 mansuetis
680 1400 763 1433 misit
783 1409 833 1432 me
849 1412 885 1437 »3
911 1402 942 1432 et
965 1398 1206 1440 quadragesimo
1231 1406 1278 1430 se-

315 1456 434 1489 cundo:
465 1468 480 1483 «
498 1455 592 1493 Ecce,
617 1462 729 1486 servus
755 1461 862 1490 meus,
895 1452 1063 1493 suscipiam
1088 1460 1171 1483 eum.
1202 1450 1278 1482 Dedi

316 1509 462 1551 spiritum
487 1516 593 1540 meum
609 1516 705 1548 super
722 1515 805 1538 eum.
827 1505 987 1537 Calamum
1008 1507 1192 1546 quassatum
1216 1513 1279 1535 non

317 1562 492 1603 confringet
519 1565 550 1593 et
577 1560 675 1592 linum
709 1559 867 1600 fumigans
895 1567 956 1590 non
981 1557 1164 1599 exstinguet
1187 1570 1217 1588 n.
1246 1557 1280 1588 Et

319 1615 404 1647 hunc
428 1614 574 1655 spiritum
609 1613 764 1645 debebant
792 1612 841 1644 isti
874 1611 991 1643 habere
1024 1614 1172 1652 tanquam
1205 1610 1280 1642 boni

318 1667 461 1709 discipuli
486 1670 516 1699 et
540 1666 713 1698 imitatores
736 1664 883 1706 Magistri.

412 1721 483 1752 100.
509 1720 610 1760 (Vers.
647 1719 723 1758 56.).
762 1718 797 1750 Et
831 1721 998 1759 propterea
1032 1716 1134 1749 addit:
1173 1716 1280 1749 Filius

319 1774 432 1806 enim‘*
456 1772 599 1805 hominis
622 1782 689 1804 non
720 1772 806 1804 venit
837 1772 972 1803 animas
1004 1769 1175 1802 hominurn
1204 1780 1280 1812 per-

319 1827 412 1865 dere,
437 1826 493 1858 secl
516 1825 649 1857 salvare
658 1837 669 1863 ,·
693 1825 841 1866 quoniam
866 1824 916 1856 hic
940 1824 1094 1856 adventus
1119 1833 1180 1856 non
1212 1826 1281 1856 erat

319 1880 473 1918 iustitiae,
499 1879 551 1911 sed
576 1878 825 1916 misericordiae,
850 1877 1023 1911 secundum
1049 1877 1126 1910 illud
1158 1877 1280 1910 Ioannis

319 1933 454 1967 tertio⁵:
485 1946 500 1961 «
518 1933 582 1964 Non
601 1932 685 1964 misit
700 1932 784 1965 Deus
807 1932 917 1964 Filium
942 1940 1035 1964 suum
1054 1932 1085 1963 in
1109 1930 1279 1970 mundum,

914 247 1107 279 COMMENT.
1134 246 1169 278 IN
1194 244 1432 279 EVANGELIUM
1457 245 1574 278 LUCAE
1599 244 1631 277 C.
1657 245 1703 276 lX.

1336 333 1423 375 quit,
1441 333 1543 366 virtus
1568 342 1628 365 non
1647 333 1741 365 habet
1765 333 1905 366 studium
1922 332 2064 371 ultionis;
2089 328 2146 365 nec
2170 332 2235 365 ulla
2251 334 2298 365 est

1336 386 1517 425 iracundia,
1542 386 1596 419 ubi
1621 386 1760 419 caritatis
1783 389 1831 419 est
1854 386 2016 428 plenitudo
2032 400 2062 418 n.
2088 386 2158 419 Ideo
2181 385 2298 418 dicitur

1336 440 1374 472 ad
1400 440 1554 472 Romanos
1585 440 1789 472 duodecimo:
1819 452 1834 468 α
1860 440 1925 472 Non
1954 439 2161 481 vosmetipsos
2192 439 2298 472 defen-

1335 493 1462 532 dentes,
1487 493 1655 532 carissimi,
1680 493 1734 525 sed
1757 493 1828 525 date
1852 493 1955 525 locum
1980 493 2046 525 irae
2063 506 2106 546 »Ἰ
2270 531 2273 533 ,

1429 547 1501 578 101.
1527 546 1632 579 Tertio
1659 549 1812 588 quantum
1837 545 1876 578 ad
1902 544 2173 587 informationem
2198 554 2285 578 reme

1337 598 1531 631 morabilem
1562 599 1592 630 in
1618 598 1740 631 Domini
1773 598 1854 631 facto
1878 598 2043 630 subditur:
2077 599 2117 631 Et
2145 597 2299 630 abierunt

1338 651 1373 684 in
1398 651 1493 684 aliud
1517 651 1707 689 castellam,-
1723 651 1754 683 in
1779 660 1843 693 quo
1865 651 1950 684 dedit
1966 651 2098 683 formam
2122 651 2299 693 discipulis,

1338 708 1375 737 ut
1397 708 1469 737 ante
1492 705 1613 746 fugiant
1629 704 1790 743 homines,
1815 713 1911 746 quam
1935 713 2007 736 cum
2031 704 2076 736 eis
2093 704 2298 744 contendant;

1338 758 1429 790 iuxta
1452 757 1536 799 quod
1560 757 1645 790 dedit
1660 757 1793 789 formam
1819 757 1980 798 discipulis
1997 757 2063 789 suis
2086 757 2231 790 Matthaei
2247 757 2301 790 de-

1338 811 1462 844 cimo⁷:
1492 823 1507 839 «
1524 811 1600 843 Cum
1626 814 1731 843 autem
1755 813 1987 852 persequentur
2013 819 2067 842 vos
2091 810 2122 842 in
2140 820 2203 842 una
2226 810 2300 843 civi-

1338 867 1418 902 tate,
1443 863 1541 905 fugite
1564 863 1595 895 in
1620 863 1761 895 aliam».
1780 862 1966 904 Exemplum
1990 866 2096 895 autem
2121 862 2218 895 huius
2246 863 2301 895 ha—

1338 916 1450 949 bemus
1473 917 1511 949 de
1539 917 1696 949 Abraham
1720 919 1751 948 et
1782 916 1854 954 Lot,
1879 915 2006 948 Genesis
2037 915 2158 948 decimo
2190 916 2300 955 tertio,

1338 970 1392 1002 ubi
1423 970 1536 1002 «dixit
1566 970 1739 1002 Abraham:
1769 969 1826 1008 Ne,
1858 978 1989 1010 quaeso,
2022 969 2062 1001 sit
2092 969 2230 1011 iurgium
2255 969 2302 1001 in-

1339 1027 1387 1056 ter
1411 1032 1461 1056 me
1485 1027 1516 1056 et
1541 1026 1588 1061 te;
1613 1022 1728 1055 fratres
1751 1022 1834 1054 enim
1862 1031 1982 1054 sumus.
2015 1022 2045 1054 Si
2076 1022 2115 1054 ad
2143 1022 2302 1055 sinistram

1340 1077 1428 1115 ieris,
1453 1086 1510 1118 ego
1541 1076 1706 1108 dexteram
1739 1075 1897 1107 tenebo».
1931 1075 1963 1107 ln
1995 1084 2058 1117 quo
2093 1075 2199 1108 docuit
2231 1084 2302 1117 per-

1340 1129 1452 1162 fectam
1484 1128 1777 1166 mansuetudinem,
1810 1137 1891 1170 quae
1914 1127 2003 1160 decet
2035 1128 2150 1160 Christi
2175 1137 2301 1174 servos,

1341 1180 1515 1215 secundum
1539 1181 1617 1213 illud
1649 1181 1804 1214 secundae
1827 1180 1866 1212 ad
1890 1180 2089 1213 Timotheum
2120 1181 2300 1214 secundo⁸:

1347 1236 1512 1267 «Servum
1541 1238 1646 1267 autem
1679 1234 1889 1272 Domininon
1921 1238 2045 1276 oportet
2077 1234 2216 1276 litigare,
2249 1235 2302 1267 sed

1342 1292 1541 1321 mansuetum
1582 1296 1650 1320 esse
1678 1300 1716 1326 »3
1753 1287 1836 1320 unde
1876 1287 2048 1320 secundum
2085 1287 2163 1320 illud
2202 1288 2302 1321 Iacobi

1342 1341 1461 1382 primo:
1493 1354 1508 1369 «
1525 1341 1569 1373 Sit
1592 1341 1812 1376 omnishomo
1837 1340 1946 1373 tardus
1970 1341 2009 1373 ad
2033 1341 2123 1373 iram.
2149 1341 2197 1373 Ira
2220 1341 2302 1374 enim

1343 1393 1402 1425 viri
1426 1393 1577 1426 iustitiam
1595 1393 1649 1426 Dei
1674 1402 1735 1425 non
1753 1397 1946 1435 operatur».
1972 1394 2002 1426 Si
2024 1394 2107 1427 enim
2131 1394 2232 1427 noluit
2248 1395 2303 1427 Do-

1343 1446 1447 1479 minus
1472 1446 1641 1479 maiestatis
1666 1446 1757 1479 irasci
1784 1450 1885 1480 tantae
1913 1447 2152 1487 inhumanitati,
2185 1451 2304 1490 quanto

1343 1500 1448 1532 minus
1471 1509 1528 1532 nos
1551 1499 1702 1532 debemus
1726 1500 1819 1532 alictii
1843 1500 2023 1542 indignari?
2048 1501 2083 1533 Et
2107 1501 2184 1534 haec
2208 1501 2304 1543 potis-

1344 1553 1421 1585 sime
1446 1553 1654 1585 mansuetudo
1678 1553 1810 1594 reperiri
1835 1553 1927 1586 debet
1943 1554 1974 1586 in
1996 1554 2182 1596 praepositis
2202 1554 2304 1587 Eccle-

1344 1606 1421 1645 siae3
1439 1606 1522 1638 unde
1535 1606 1699 1648 Apostolus
1712 1607 1866 1639 secundae
1879 1607 1917 1639 ad
1931 1607 2128 1640 Timotheum
2146 1612 2261 1649 quarto
2274 1608 2286 1627 ⁹
2297 1620 2320 1652 ².

1349 1672 1364 1687 «
1381 1660 1498 1701 Argue,
1518 1659 1665 1698 obsecra,
1682 1659 1809 1701 increpa
1830 1660 1861 1692 in
1877 1660 1960 1692 omni
1979 1660 2127 1702 patientia
2143 1664 2174 1693 et
2190 1661 2306 1693 doctri—

1343 1721 1384 1744 na
1400 1724 1430 1751 »3
1455 1712 1603 1754 quoniam
1628 1712 1659 1744 in
1678 1712 1797 1745 Psalmo
1819 1712 1953 1745 dicitur:
1984 1726 1999 1741 «
2013 1713 2202 1755 Supervenit
2217 1723 2305 1746 man-

1344 1766 1495 1805 suetudo,
1512 1770 1543 1799 et
1559 1766 1769 1808 corripiemur
1787 1780 1816 1798 n.
1843 1766 1879 1798 Et
1903 1767 2018 1799 Seneca
2032 1767 2075 1799 ¹⁰:
2098 1779 2113 1795 α
2130 1767 2307 1801 Generosus

1343 1823 1390 1852 est
1413 1820 1537 1852 animus
1562 1819 1711 1858 hominis,
1728 1823 1758 1852 et
1782 1819 1904 1852 facilius
1928 1820 2071 1859 ducitur,
2088 1829 2184 1862 quam
2201 1821 2307 1853 traha-

1344 1876 1397 1905 tur
1414 1885 1450 1911 »;
1474 1873 1558 1906 unde
1583 1873 1648 1915 ipse
1679 1873 1771 1912 dicit,
1797 1873 1879 1915 quod
1905 1882 1965 1906 rex
1989 1883 2085 1915 apum
2117 1883 2178 1906 non
2212 1874 2307 1907 habet

1343 1927 1498 1960 aculeum.

2319 551 2420 573 Tertium.

1436 1981 1507 2012 102.
1547 1981 1689 2012 Factum
1720 1985 1767 2013 est
1798 1984 1930 2019 autem,
1963 1980 2214 2013 ambulantibus
2246 1984 2304 2014 etc.
2321 1986 2476 2034 Tfissggiiohlgffim-

1344 2034 1414 2066 Post
1437 2033 1688 2066 informationem
1713 2034 1931 2076 Apostolorum
1955 2034 1993 2066 ad
2017 2043 2160 2067 normam
2188 2035 2306 2077 praesi-
2323 2039 2474 2093 prggfflg&

1338 2085 1433 2119 >dendi
1459 2090 1613 2129 quantum
1637 2087 1674 2132 ad
1699 2087 1908 2120 humilitatem
1937 2088 2031 2120 animi
2057 2091 2088 2120 et
2111 2088 2305 2130 aequanimi·
2327 2092 2456 2114 temiudicii

319 1991 354 2020 ut
379 1987 493 2019 iudicet
526 1986 698 2024 mundum,
731 1985 784 2018 sed
816 1990 852 2017 ut
883 1985 1022 2017 salvetur
1053 1984 1203 2017 mundus.
1223 1994 1279 2026 per

318 2040 422 2081 ipsum
438 2051 474 2077 »;
498 2037 582 2070 unde
605 2038 645 2070 ab
668 2037 728 2070 isto
752 2037 814 2069 fine
838 2046 950 2069 nomen
974 2037 1111 2079 accepit,
1130 2039 1172 2069 ‘ut
1196 2036 1279 2069 dice-

320 2096 408 2124 retur
434 2092 541 2129 Iesas,
566 2090 741 2123 secundum
766 2090 843 2122 illud
867 2088 1011 2123 Matthaei
1035 2090 1156 2132 primo:
1186 2103 1201 2118 «
1220 2090 1280 2122 Vo-
2334 2119 2455 2147 tripliciter·

320 2144 404 2176 cabis
429 2152 541 2175 nomen
573 2143 641 2175 eius
674 2143 792 2181 lesum;
821 2142 887 2183 ipse
918 2143 1000 2174 enim
1033 2142 1154 2175 salvum
1188 2142 1279 2175 faciet

320 2196 472 2238 populum
496 2205 589 2228 suum
615 2205 633 2227 a
656 2195 792 2237 peccatis
814 2204 923 2228 eorum
945 2208 981 2234 »3
1006 2199 1037 2228 et
1060 2196 1206 2228 Matthaei
1233 2195 1279 2228 vi-

320 2250 455 2291 gesimo:
486 2248 612 2281 «Filius
644 2248 779 2281 hominis
810 2258 871 2280 non
895 2249 980 2281 venit
1009 2249 1200 2288 ministrari,
1225 2248 1279 2281 sed

320 2302 499 2334 ministrare
523 2304 554 2333 et
576 2300 651 2333 dare
674 2300 808 2333 animam
834 2310 923 2333 suam
948 2301 1194 2343 redemptionem
1220 2310 1279 2343 pro

321 2355 429 2387 multis
442 2368 474 2393 ,».
501 2355 536 2387 Et
559 2354 627 2387 ideo
651 2354 704 2396 qui
730 2354 876 2396 spiritum
894 2355 1008 2388 Christi
1035 2355 1129 2387 habet
1151 2364 1213 2387 non
1229 2354 1280 2387 de-

320 2408 372 2441 bet
388 2411 539 2450 expetere
563 2408 748 2446 vindictam,
765 2407 819 2440 sed
842 2408 995 2441 exhibere
1013 2409 1211 2450 patientiam,
1236 2417 1280 2441 se-

321 2462 458 2495 cundum
491 2461 568 2494 illud
591 2462 743 2495 Ambrosii
769 2461 801 2493 in
832 2461 939 2494 Glossa
955 2461 989 2493 ⁶:
1020 2475 1035 2490 «
1053 2461 1207 2501 Perfecta,
1231 2461 1278 2493 in-

392 2603 399 2617 ¹
422 2604 487 2629 Vers
522 2605 559 2629 10.
580 2618 615 2623 —
634 2605 760 2636 Superius
779 2608 837 2636 post
857 2606 882 2631 et
900 2604 957 2631 ideo
976 2604 1091 2631 similem
1113 2605 1168 2630 Vat.
1195 2612 1281 2637 prose-

321 2648 409 2680 quitur
429 2647 482 2674 illis
501 2648 623 2675 volebant
642 2648 772 2675 ultionem
791 2649 892 2683 facere,
916 2649 1023 2683 qualem
1044 2649 1118 2675 Elius
1137 2649 1230 2683 fecisse
1249 2648 1281 2675 le-

322 2692 403 2725 gitur.
424 2692 499 2718 Dz'aez't
520 2692 593 2719 Elias
612 2697 659 2718 etc.

393 2734 403 2749 ²
423 2736 497 2761 Vers.
520 2736 558 2761 14.
577 2749 612 2755 -
632 2738 692 2762 Post
709 2744 764 2763 non
783 2737 911 2763 debebant
930 2737 987 2762 Vat.
1007 2737 1080 2762 addit
1099 2737 1196 2770 facere.

394 2778 404 2793 Β
424 2780 497 2805 Vers.
520 2780 542 2805 l.
562 2794 597 2799 —
616 2781 733 2806 Subinde
752 2782 897 2813 allegantur
918 2782 973 2807 lsai.
995 2782 1042 2813 61,
1067 2783 1088 2806 Ι.
1107 2785 1132 2807 et
1151 2781 1199 2812 42,
1219 2781 1243 2806 4.
1257 2784 1283 2807 et

323 2824 352 2854 3,
372 2823 416 2849 ubi
437 2831 485 2855 pro
506 2823 592 2850 linum
612 2824 695 2850 ACD
715 2824 821 2858 lignum
841 2825 863 2857 (ἳ
878 2825 1032 2857 lychnium).

393 2867 404 2881 ⁴
425 2868 534 2899 Vulgata
554 2871 579 2893 et
605 2868 661 2893 Vat.
681 2869 802 2894 omittunt
827 2868 913 2900 enim,
939 2869 1012 2901 quod
1032 2873 1118 2895 tamen
1145 2868 1282 2894 exhibetur

322 2912 400 2937 etiam
421 2911 445 2936 in
465 2912 577 2937 translat.
597 2919 627 2937 ex
647 2913 745 2943 Syriae.
764 2915 789 2937 et
808 2920 821 2937 a
841 2914 968 2938 Gorrano.

394 2953 404 2969 ⁶
424 2956 498 2989 Vers.
520 2956 605 2981 l7.—
619 2956 675 2981 Duo
694 2963 768 2989 seqq.
787 2956 836 2982 loci
849 2960 910 2982 sunt
929 2957 1014 2982 Matth.
1036 2958 1059 2988 Ἰ,
1073 2958 1115 2982 21.
1130 2960 1155 2983 et
1174 2958 1221 2988 20,
1240 2958 1282 2983 28.

323 3000 375 3026 Csr.
391 3007 470 3032 supra
486 3007 546 3032 pag.
560 3000 602 3032 87,
616 3003 675 3025 nota
691 3000 715 3025 9.
728 3014 763 3019 -
777 3000 884 3026 inferius
898 3007 945 3032 pro
959 3000 1029 3027 unde
1042 3000 1076 3027 ab
1096 3000 1145 3027 isto
1163 3001 1216 3036 fine
1236 3002 1281 3035 (ita

323 3043 387 3074 CG;
407 3045 426 3070 A
438 3044 459 3069 D
477 3044 599 3069 omittunt
617 3043 685 3078 fine,
706 3051 753 3075 pro
767 3051 820 3077 quo
835 3044 892 3069 Vat.
911 3046 1006 3073 suum)
1026 3045 1046 3070 ll
1066 3044 1136 3071 unde
1155 3052 1172 3071 a
1185 3044 1280 3071 salute.

395 3086 406 3101 ⁶
424 3088 525 3114 Scilicet
550 3087 693 3114 ordinaria
719 3088 759 3120 (ex
785 3087 921 3120 Ambros.,
947 3089 997 3114 Vll.
1025 3089 1049 3114 in
1075 3089 1137 3115 Luc.
1162 3096 1188 3115 n.
1214 3090 1281 3122 28.),

324 3132 399 3157 cuius
417 3132 494 3158 ssnem
517 3133 573 3158 Vat.
593 3133 630 3158 sic
649 3132 765 3158 exhibet:
785 3139 833 3158 nec
852 3131 909 3158 ulla
923 3134 962 3159 esl
980 3132 1123 3159 iracundia
1143 3133 1281 3165 caritatis,

325 3175 371 3201 sed
386 3175 532 3209 plenitudo.
552 3191 586 3195 —
606 3177 729 3210 Sequitur
749 3177 823 3202 Rom.
845 3176 892 3208 42,
913 3177 955 3202 v19.

396 3217 405 3232 ⁷
426 3220 500 3245 Vers.
519 3221 563 3246 23.
581 3234 616 3239 —
635 3220 753 3247 Subinde
772 3221 898 3252 allegatur
912 3221 975 3246 Gen.
997 3221 1044 3252 ⁴3,
1065 3222 1089 3247 8.
1109 3228 1164 3255 seq.
1183 3235 1218 3241 -
1237 3222 1282 3247 Su-

326 3263 415 3295 perius
433 3271 481 3295 pro
501 3266 532 3291 ue
548 3266 610 3291 ante
631 3265 686 3290 Vat.
707 3266 737 3290 ut
752 3263 852 3298 potius.

397 3305 408 3320 ⁸
427 3307 502 3333 Vers.
522 3308 568 3340 24,
588 3309 628 3334 cui
648 3308 815 3340 subiungitur
835 3309 884 3334 lac.
904 3308 928 3339 l,
949 3309 990 3334 19.
1013 3316 1067 3342 seq.

397 3349 408 3364 ⁰
429 3352 502 3389 vers.
524 3353 553 3384 2,
573 3356 632 3384 post
650 3360 730 3385 quem
750 3353 790 3379 Ps.
811 3353 859 3385 89,
880 3353 922 3378 to.

399 3392 421 3408 ¹⁰
438 3395 491 3420 lam
511 3402 589 3427 supra
610 3403 669 3428 pag.
695 3396 757 3429 ill,
777 3400 837 3422 nota
857 3396 880 3422 5.
901 3397 1027 3428 allegatus
1047 3397 1106 3429 (pro
1130 3397 1282 3425 Generosa-1

1344 2143 1439 2172 tatem
1465 2140 1521 2172 zeli
1554 2140 1605 2173 hic
1630 2140 1722 2173 tertio
1750 2140 1817 2173 loco
1842 2140 1989 2172 informat
2005 2149 2058 2172 eos
2081 2145 2245 2183 quantu-m
2262 2141 2307 2174 ad

1342 2193 1628 2236 perspicacitatem
1649 2193 1769 2226 indicii
1782 2195 1825 2231 ¹¹;
1845 2197 1876 2226 et
1892 2193 1952 2226 hoc
1968 2202 2024 2234 per
2037 2194 2220 2236 exemplum
2238 2194 2306 2227 lesu

1343 2246 1468 2279 Christi.
1501 2246 1722 2288 perspicacitas
1753 2249 1861 2279 autem
1885 2245 1991 2278 iudicii
2024 2246 2242 2279 manifestatur
2273 2247 2304 2279 in

1343 2304 1432 2342 parte
1448 2301 1507 2333 ista
1524 2300 1706 2342 tripliciter:
1734 2300 1834 2342 primo
1850 2299 1881 2331 in
1902 2299 2088 2341 repulsione
2103 2300 2307 2342 duplicium,-

1343 2354 1499 2392 secundo,
1524 2353 1739 2386 advocatione
1761 2352 1981 2394 simplicium,
2003 2352 2045 2385 ibi
2060 2351 2103 2385 ¹²:
2122 2353 2180 2386 Ait
2195 2358 2306 2386 autem

1344 2407 1390 2440 ad
1406 2406 1550 2439 alterum
1562 2410 1636 2444 etc.;
1654 2406 1748 2438 tertio
1766 2414 1855 2444 ver0,
1872 2406 2109 2448 redargutione
2125 2406 2307 2447 mobilium,

1345 2460 1405 2493 ibi:
1433 2461 1470 2492 El
1493 2459 1577 2492 alter
1601 2459 1667 2491 ait.-
1694 2459 1824 2502 Sequar
1848 2462 1898 2497 te,
1926 2459 2061 2492 Domine
2084 2463 2142 2493 etc.

1347 2604 1460 2630 ACDH
1480 2603 1557 2628 etiam
1584 2602 1626 2628 hic
1646 2601 1810 2632 Gloriosus).
1838 2602 1907 2628 idem
1932 2603 1948 2627 1,
1974 2602 2009 2628 de
2032 2602 2187 2634 Clementia,
2214 2610 2236 2628 c.
2261 2603 2306 2629 19:

1351 2657 1362 2670 ε
1376 2649 1430 2673 nex
1450 2647 1507 2679 ipse
1522 2645 1628 2680 [apum]
1648 2646 1702 2670 sine
1716 2646 1807 2671 aculeo
1826 2649 1865 2671 est
1878 2656 1902 2671 n.
1922 2646 1974 2672 Cfr.
1988 2647 2105 2677 Aristot.,
2121 2647 2151 2672 V.
2167 2647 2200 2673 de
2212 2647 2307 2673 Histor.

1347 2692 1451 2716 animal.
1472 2698 1493 2716 c.
1509 2691 1537 2715 21
1550 2699 1556 2715 :
1579 2700 1591 2713 ιι
1605 2690 1691 2722 Reges
1704 2690 1838 2723 ducesque
1857 2690 1966 2724 [apum]
1981 2690 2079 2716 habent
2093 2690 2248 2725 [aculeum],
2261 2692 2307 2718 sed

1347 2742 1398 2760 non
1419 2738 1538 2765 utuntur;
1558 2734 1679 2767 quocirca
1700 2742 1745 2760 eos
1765 2741 1854 2760 carere
1872 2735 1963 2760 aculeo
1983 2735 2096 2761 nonnulli
2120 2736 2308 2762 existimant».

1348 2779 1444 2805 Plinius
1465 2779 1517 2808 (Xl.
1536 2779 1631 2804 Histor.
1651 2780 1758 2805 natural.
1778 2787 1801 2805 c.
1823 2779 1889 2813 i7.):
1913 2790 1925 2803 «
1940 2780 1993 2805 Non
2015 2782 2114 2805 constat
2139 2781 2203 2806 inter
2222 2783 2309 2806 aucto-

1347 2831 1402 2854 res,
1422 2831 1466 2849 rex
1481 2823 1584 2857 [apum]
1605 2824 1740 2849 nullumve
1753 2825 1824 2849 solus
1844 2823 1938 2849 habeat
1955 2825 2090 2855 aculeum,
2111 2824 2244 2850 maiestate
2258 2828 2309 2850 tan-

1348 2871 1402 2893 tum
1423 2871 1553 2898 armatus,
1574 2875 1607 2893 an
1627 2868 1728 2893 dederit
1747 2875 1808 2893 eum
1828 2868 1935 2901 quidem
1963 2872 2068 2900 natura,
2088 2868 2135 2894 sed
2155 2876 2232 2894 usum
2252 2869 2308 2895 eIus

1348 2913 1381 2937 illi
1408 2915 1506 2938 tantum
1533 2912 1675 2944 negaverit.
1703 2912 1767 2938 lllud
1793 2916 1908 2943 constat,
1934 2912 2118 2944 imperatorem
2145 2913 2235 2939 aculeo
2254 2920 2307 2939 non

1347 2958 1382 2983 uti
1398 2967 1421 2982 ι.
1442 2957 1469 2982 ln
1494 2952 1671 2988 ed.‘operum
1691 2958 1808 2982 Senecae
1830 2964 1860 2982 ex
1885 2957 2038 2982 recensione
2056 2957 2083 2982 F.
2103 2957 2163 2982 Ern.
2183 2958 2311 2989 Ruhkops

1347 3000 1492 3033 (Augustae
1512 3000 1618 3026 Taurin.
1641 3000 1719 3033 4828)
1741 3000 1881 3032 praedictis
1900 2998 1989 3025 verbis
2003 3000 2116 3025 Senecae
2136 3001 2199 3025 haec
2218 3000 2307 3026 adiun-

1347 3045 1416 3076 gitur
1435 3048 1507 3070 nota:
1532 3054 1544 3068 α
1557 3044 1677 3071 Ceterum
1692 3045 1762 3075 iure,
1775 3051 1808 3070 an
1828 3045 1891 3069 salso
1910 3044 1937 3069 id
1957 3043 2048 3069 dixerit
2068 3045 2180 3075 Seneca,
2199 3045 2232 3070 ad
2252 3051 2307 3070 rem

1346 3089 1455 3115 minime
1474 3089 1597 3121 pertinet,
1618 3096 1678 3114 nam
1698 3089 1792 3114 eadem
1811 3095 1916 3120 semper
1935 3087 2122 3120 consequentia
2141 3091 2187 3114 est.
2203 3089 2307 3115 Etiamsi

1346 3133 1415 3159 enim
1440 3135 1531 3159 aculeo
1550 3133 1641 3166 regina
1666 3141 1746 3166 apum
1767 3133 1796 3167 [a
1817 3132 1950 3158 veteribus
1972 3132 2118 3164 appellatur
2136 3139 2189 3159 rea:
2210 3133 2308 3167 apum]

1347 3177 1470 3203 instructa
1490 3178 1536 3209 sit,
1556 3178 1600 3204 ubi
1621 3179 1661 3204 ille
1680 3179 1787 3204 aculeus
1805 3184 1926 3209 pungere
1945 3183 1997 3202 non
2017 3180 2118 3210 potest,
2143 3177 2248 3203 videtur
2266 3185 2308 3204 na-

1346 3224 1403 3247 tura
1423 3222 1554 3254 noluisse,
1574 3222 1713 3254 imperanti
1734 3222 1836 3254 placere
1855 3221 1992 3247 saevitiam
2014 3221 2190 3254 ultionemque
2210 3228 2307 3253 magno

1346 3268 1522 3292 constaturam
1537 3276 1560 3291 ».
1583 3266 1649 3292 Vide
1667 3266 1746 3292 etlam
1766 3266 1887 3291 Werneri
1908 3265 2010 3291 abbatis
2025 3266 2051 3291 S.
2067 3265 2158 3296 Blasii,
2179 3266 2204 3291 ll.
2225 3265 2308 3291 Deilo-

1346 3310 1438 3335 ration.
1457 3311 1501 3336 SS.
1521 3311 1641 3342 Petrum,
1661 3310 1796 3336 Dominlca
1817 3309 1875 3335 XV.
1894 3309 1927 3335 de
1947 3309 2055 3342 Apibus.

1418 3352 1438 3367 ¹²
1459 3353 1510 3380 Csr.
1531 3361 1610 3386 supra
1630 3361 1656 3379 n.
1677 3354 1719 3380 85.

1418 3396 1440 3412 ¹⁵³
1460 3398 1532 3424 Vers.
1554 3399 1600 3430 595
1621 3398 1725 3424 tertium
1744 3397 1855 3424 habetur
1875 3405 1900 3423 v.
1920 3398 1963 3423 61.
