2476 3921
27 1321 154 1345 Notandum.

750 208 946 242 COMMENT.
971 207 1008 241 ΙΝ
1033 206 1273 243 EVANGELlUM
1296 206 1414 239 LUCAE
1439 206 1471 239 C.
1497 206 1571 240 XIX.

170 304 289 337 domus
323 300 398 334 mea
437 300 565 333 domus-
598 297 763 331 orationis
799 301 846 330 est
867 298 890 329 ¹.
924 296 986 329 Hoc
1023 299 1130 329 autem

170 356 324 398 scriptum
359 357 407 387 est
438 353 534 387 Isaiae
564 350 826 395 quinquagesimo
857 353 971 383 sexto:
1010 362 1026 378 α
1043 349 1132 381 llolo-

170 412 280 442 causta
302 416 414 441 eorum
449 409 481 439 et
520 405 665 438 victimae
700 412 811 437 eorum
849 403 1020 446 placebunt
1055 402 1132 435 mihi

171 471 268 505 super
298 460 389 494 altari
414 468 502 498 meo,
526 458 601 501 quia
624 457 737 491 domus
767 465 838 489 mea
868 456 983 489 domus
1017 455 1133 488 oratio-

171 516 220 549 nis
243 514 408 548 vocabitur
443 512 566 546 cunctis
599 511 741 554 populis,
772 510 817 543 ait
848 509 1002 543 Dominus
1030 509 1132 548 Deus,

170 569 226 612 qui
249 570 418 610 congregat
441 566 601 608 dispersos
625 564 766 598 lsrael».
798 563 885 596 Unde
909 567 940 596 et
972 562 1070 595 David
1101 562 1133 595 in

172 621 317 656 Psalm0²
347 620 438 653 dicit:
470 632 486 648 α
503 619 639 651 Domum
663 622 751 651 tuam
784 616 875 649 decet
907 615 1085 649 sanctitudo
1101 627 1132 654 »;

171 679 203 708 et
237 675 376 708 iterum:
416 685 432 702 α
451 672 588 705 lntroibo
620 671 651 703 in
687 670 819 703 domum
854 673 960 708 tuam,
995 668 1134 702 adorabo

171 728 210 761 ad
234 727 386 770 templum
422 728 566 759 sanctum
596 728 687 757 tuum
704 735 735 763 »;
767 726 799 756 et
831 723 862 755 in
899 721 1134 755 consecratione

171 780 279 823 templi
302 779 436 813 dicitur:
466 791 482 807 α
498 778 565 810 Sint
588 777 670 810 oculi
696 776 742 810 tui
766 775 866 818 aperti
892 784 988 817 super
1005 775 1133 808 domum

172 835 253 868 hanc
275 833 326 866 die
348 841 384 866 ac
416 835 526 871 nocte,
551 839 647 873 super
682 829 830 869 domum,
855 829 894 862 de
918 838 982 871 qua
1004 828 1133 861 dixisti:

172 888 238 921 Erit
260 895 375 920 nomen
405 893 512 919 meum
547 884 635 922 ibi»,
661 883 743 916 tertii
770 883 888 925 Regum
925 882 1078 921 octavo³;
1103 885 1135 915 et

172 939 300 974 secundi
325 938 585 981 Paralipomenon
621 937 771 979 septimo:
801 949 817 965 α
834 935 923 969 Oculi
950 936 1009 968 mei
1039 938 1135 968 erunt

172 993 292 1036 aperti,
314 996 346 1026 et
368 1000 463 1025 aures
486 999 574 1024 meae
598 993 720 1024 erectae
744 989 782 1022 ad
799 989 972 1022 orationem
990 989 1059 1022 eius
1075 988 1134 1031 'qui

171 1046 351 1080 adoraverit
373 1045 406 1078 in
441 1045 509 1077 loco
543 1044 612 1076 isto.
650 1043 733 1086 Elegi
764 1043 848 1076 enim
884 1046 915 1075 et
943 1041 1134 1075 sanctificavi

173 1100 277 1134 locum
301 1099 416 1138 istum,
440 1101 478 1131 ut
500 1097 541 1131 sit
564 1097 605 1130 ibi
642 1105 757 1130 nornen
782 1105 889 1129 meum
914 1096 945 1129 in
971 1095 1134 1138 sempiter-

172 1162 249 1187 num
267 1166 298 1186 n.
329 1153 365 1185 Et
398 1152 468 1185 ideo
497 1151 642 1184 dicebant
673 1149 851 1183 sacerdotes
886 1149 980 1192 primi
1013 1149 1136 1182 Macha-

172 1207 325 1240 baeorum
350 1205 526 1248 septimo⁴:
557 1216 573 1233 «
590 1204 655 1243 Tu,
681 1203 812 1236 Domine
827 1229 835 1243 ‚
859 1203 979 1245 elegisti
1004 1202 1133 1235 domum

173 1260 264 1294 istam
288 1259 327 1292 ad
350 1257 560 1291 invocandum
597 1266 711 1290 nomen
743 1260 835 1290 tuum
859 1256 890 1289 in
915 1265 969 1296 ea,
994 1260 1030 1288 ut
1054 1257 1137 1288 esset

173 1314 286 1348 domus
309 1312 459 1346 orationis
482 1315 513 1344 et
536 1310 762 1344 obsecrationis
779 1310 896 1353 populo
913 1313 967 1343 tuo
983 1323 1014 1342 ».
1034 1327 1075 1333 —
1093 1308 1135 1341 Ad

174 1368 234 1400 hoc
257 1369 363 1399 autem
388 1365 556 1408 praecipue
587 1364 732 1397 ordinata
762 1367 810 1397 est
844 1363 960 1396 domus
990 1362 1135 1396 ecclesia-

149 1463 152 1466 *
174 1420 269 1459 stica,
293 1427 375 1461 quae
398 1418 479 1451 facta
502 1421 567 1457 est,
592 1421 628 1450 ut
651 1417 714 1450 illic
737 1416 866 1459 quidem
891 1415 1060 1458 praecipue
1084 1424 1136 1448 co-

39 1853 157 1876 Enormuaa

50 1880 143 1903 sceleris.

174 1473 259 1515 latur
282 1481 339 1515 per
363 1474 468 1504 actum
504 1470 674 1510 orationis,
698 1468 731 1502 in
754 1478 819 1512 qua
852 1469 935 1502 Deus
970 1472 1081 1501 oratur
1105 1469 1137 1500 et

174 1526 342 1565 adoratur,
366 1528 398 1558 et
421 1525 573 1567 impletur
597 1523 787 1567 principium
824 1525 1066 1565 praeceptorum
1092 1521 1135 1554 le-

174 1579 308 1623 galium,
332 1588 396 1622 quo
419 1578 630 1621 praecipitur,
655 1580 692 1610 ut
713 1576 864 1610 adoretur
890 1576 991 1615 Deus,
1009 1575 1134 1609 Levitici

175 1632 325 1676 vigesimo
337 1632 350 1652 ⁶
366 1635 397 1665 et
413 1631 647 1665 Deuteronomii
665 1630 787 1673 quinto,
810 1633 842 1662 et
859 1629 1004 1662 Matthaei
1021 1632 1136 1671 quarto

175 1687 361 1730 replicatur:
392 1698 408 1715 ιι
424 1685 595 1718 Dominum
620 1685 720 1717 Deum
746 1686 837 1716 tuum
862 1682 1008 1716 adorabis
1033 1686 1064 1716 et
1092 1682 1134 1715 illi

176 1740 232 1774 soli
257 1739 420 1773 servies».

265 1794 318 1826 72.
350 1791 643 1834 Tertio.quantum
673 1789 712 1822 ad
744 1789 973 1822 enormitatem
1005 1789 1137 1822 sceleris

176 1845 354 1888 subiungit:
387 1845 448 1878 Vos
471 1849 584 1877 autem
606 1842 732 1886 fecistis·
756 1842 850 1875 illam
866 1842 1060 1885 speluncam
1089 1842 1137 1875 la-

176 1905 320 1933 tronum.
346 1898 407 1931 Hoc
430 1901 537 1930 autem
560 1895 677 1929 dicitur
700 1895 777 1938 ipsis
801 1895 1036 1935 sacerdotibus;
1053 1895 1137 1928 unde

175 1951 326 1985 Glossa⁶:
355 1963 370 1980 «
387 1950 447 1992 Qui
470 1949 510 1982 ad
533 1949 593 1982 hoc
629 1948 773 1982 residetis
808 1948 839 1982 in
863 1949 999 1991 templo,
1023 1952 1060 1981 ut
1087 1948 1137 1982 vel

175 2014 237 2038 non
262 2004 371 2037 dantes
402 2010 536 2036 munera
569 2001 804 2044 persequamini
836 2001 1063 2044 corporaliter,
1088 2001 1138 2034 vel

175 2057 286 2091 dantes
319 2055 527 2099 spiritualiter
561 2055 679 2088 necetis
695 2068 726 2094 n,
762 2054 937 2088 secundum
969 2054 1048 2087 illud
1082 2054 1135 2087 Mi-

177 2110 292 2144 chaeae
315 2108 425 2142 tertio:
455 2121 471 2137 <x
487 2108 518 2141 Si
542 2108 614 2151 quis
650 2117 711 2141 non
735 2107 856 2141 dederit
890 2107 922 2140 in
946 2116 1001 2140 ore
1024 2115 1136 2140 eorum

177 2163 338 2207 quippiam
355 2176 370 2192 ι»
398 2164 458 2195 etc.
483 2162 571 2194 Tunc
594 2164 700 2195 autem
716 2161 831 2194 domus
847 2160 901 2194 Dei
919 2160 955 2193 fit
977 2159 1137 2203 spelunca

177 2217 358 2256 latronum,
375 2214 501 2258 quando
524 2218 634 2248 contra
657 2215 851 2248 voluntatem
874 2213 989 2246 Christi
1014 2216 1138 2246 contre-

177 2274 282 2304 ctatur
306 2268 531 2312 patrimonium
546 2268 709 2301 Crucifixi.
726 2268 788 2301 Hoc
804 2268 888 2301 enim
904 2270 951 2301 est
971 2266 1090 2306 furari,
1107 2270 1139 2300 et

177 2323 376 2362 latrocinari,
400 2322 527 2366 quando
557 2322 684 2364 publice
715 2322 769 2361 fit;
794 2325 924 2364 propter
949 2320 1034 2364 quod
1058 2320 1138 2354 lere-

178 2377 261 2411 miae
283 2376 460 2420 septimo⁷:
488 2388 504 2405 α
521 2375 670 2418 Nunquid
702 2375 853 2418 spelunca
876 2370 1034 2408 latronum
1058 2374 1139 2407 facta

178 2434 226 2464 est
248 2429 361 2463 domus
383 2429 459 2469 ista,
483 2429 516 2462 in
539 2439 604 2472 qua
619 2429 805 2462 'invocatum
828 2432 876 2462 est
899 2437 1012 2461 nomen
1030 2436 1137 2461 meum

179 2484 212 2518 in
235 2483 335 2517 oculis
357 2483 471 2517 vestris
487 2486 524 2517 xx?
553 2496 569 2513 «
585 2483 628 2517 lte
651 2483 690 2517 ad
713 2483 817 2516 locum
842 2490 948 2515 meum
972 2481 1003 2514 in
1028 2481 1090 2514 Silo
1106 2484 1137 2514 et

253 2714 262 2729 ¹
282 2713 366 2741 Codd.
385 2713 496 2740 CDFll
516 2713 624 2750 legunt:
643 2712 740 2741 Dicens
760 2712 828 2745 illc's,
849 2712 913 2747 quia
932 2711 1067 2746 scriptum
1085 2713 1140 2739 est:

182 2759 285 2786 Domus
315 2765 376 2785 mea
408 2758 505 2785 domus
533 2757 665 2786 orationis
700 2756 839 2785 vocabit-ur
870 2756 1038 2789 (vocabitur,
1067 2756 1140 2790 quod

181 2803 259 2829 etiam
279 2803 301 2828 11
321 2802 412 2833 habet,
431 2802 569 2828 exhibetur
587 2802 674 2828 Matth.
695 2802 742 2833 2l,
763 2801 804 2827 ⁴3.
825 2804 851 2827 et
869 2801 947 2827 Marc.
962 2801 989 2826 ll
1002 2820 1009 2832 ,
1030 2800 1092 2834 t7.).
1108 2814 1141 2818 —

182 2845 300 2872 Subinde
318 2847 444 2878 allegatur
465 2846 520 2872 lsai.
539 2846 588 2877 56,
606 2846 633 2872 7.
651 2853 709 2879 seq.

253 2888 263 2903 ²
283 2890 378 2915 Psalm.
396 2889 444 2920 92,
463 2889 493 2921 5,
512 2893 573 2921 post
591 2896 671 2921 quem
692 2889 722 2921 5,
743 2890 768 2913 Β.

254 2933 264 2948 ³
283 2933 360 2959 Vers.
378 2933 425 2965 29;
451 2933 479 2958 ll.
506 2932 616 2964 Paralip-
639 2932 672 2963 7,
693 2933 736 2958 ⁴5.
761 2939 832 2965 seq.:
862 2930 942 2958 Oculi
959 2938 1065 2965 quoque
1089 2929 1144 2957 mei

183 2979 265 3005 crunt
283 2976 373 3011 aperti
389 2979 438 3003 etc.
457 2990 492 2995 —
511 2977 560 3002 Pro
579 2975 608 3002 in
626 2975 827 3002 consecratione
845 2974 938 3009 templi
956 2975 1015 3001 Vat.
1034 2974 1063 3001 in
1081 2981 1143 3001 con-

183 3021 330 3050 structione
349 3020 449 3055 templi.

254 3065 266 3080 ⁴
286 3067 360 3092 Vers.
379 3066 422 3092 37.

255 3110 266 3125 ⁶
286 3111 362 3137 Vers.
383 3111 414 3142 3,
434 3108 477 3136 ubi
499 3110 696 3136 immolantibus
714 3110 784 3136 idolo
803 3109 903 3135 Moloch
923 3108 1000 3135 dicit:
1019 3109 1074 3141 Ego
1097 3115 1142 3140 po·

185 3162 245 3181 nam
265 3155 357 3181 faciem
378 3161 464 3181 meam
484 3157 574 3180 contra
593 3154 692 3180 illum...
710 3161 742 3180 eo
760 3154 833 3187 quod
852 3153 981 3179 dederit...
1000 3153 1099 3179 Moloch
1117 3156 1143 3179 et

185 3200 401 3227 contaminaverit
419 3199 596 3226 sanctuarium
616 3206 705 3226 meum
725 3202 774 3225 etc.
794 3199 850 3231 (cfr.
871 3198 919 3230 ⁴9,
940 3197 969 3224 t:
983 3198 1065 3224 Nolite
1084 3205 1143 3223 cou-

185 3244 251 3271 verti
271 3244 305 3270 ad
324 3244 393 3270 idola
412 3244 482 3277 etc.).
502 3235 576 3275 Dent.
596 3243 626 3276 5,
655 3244 681 3269 6.
707 3250 781 3277 seqq.
802 3246 942 3276 praecepta
963 3242 1082 3274 decalogi
1101 3249 1142 3268 ex-

186 3291 319 3320 ponuntur
337 3287 403 3320 (cir.
424 3288 452 3318 6,
484 3288 528 3313 13ι
558 3287 639 3313 Deum
669 3290 742 3313 tuum
772 3286 876 3313 timebis
900 3286 988 3313 et.llli
1012 3286 1060 3311 soli
1088 3292 1142 3311 ser-

187 3331 243 3358 vies
262 3331 330 3364 etc.).
349 3344 385 3351 —
404 3331 527 3365 Sequitur
546 3332 634 3358 Matth.
654 3331 683 3363 4,
702 3331 745 3358 40.
764 3345 799 3351 -
819 3330 945 3363 Superius
973 3337 1023 3363 pro
1042 3329 1141 3364 princi-

183 3374 262 3408 pium
277 3376 486 3409 praeceptorum
505 3375 555 3401 BG
574 3374 695 3409 primum
712 3376 929 3409 praeceptorum.

2091 205 2155 238 499

1196 295 1316 335 videte,
1340 304 1422 338 quae
1447 295 1575 328 fecerim
1599 295 1625 328 ei
1653 298 1783 337 propter
1804 294 1954 328 malitiam
1972 294 2079 337 populi
2096 294 2156 327 mei

1196 348 1337 381 lsrael».
1363 349 1442 382 Haec
1466 352 1571 381 autem
1597 348 1715 381 malitia
1747 348 1963 390 principaliter
1987 347 2156 381 sacerdoti-

1196 402 1257 435 bus
1280 402 1474 445 imputatur;
1493 402 1561 435 ideo
1583 402 1629 435 eis
1653 402 1830 444 specialiter
1853 402 1945 435 dicit:
1977 402 2054 440 Vos,
2079 410 2157 444 quo-

1197 464 1269 488 rum
1293 459 1362 488 erat
1392 465 1460 489 eam
1493 465 1631 498 purgare
1652 459 1696 493 ,et
1732 456 1762 488 in
1799 455 1963 489 sanctitate
1987 455 2156 488 custodire.

1196 508 1283 541 Unde
1305 508 1548 550 chrysostomus
1560 508 1591 541 ⁸:
1614 522 1629 537 α
1647 509 1869 551 Unusquisque
1885 508 2083 542 Christianus
2099 517 2158 551 pro

1197 570 1255 594 suo
1279 566 1406 604 peccato
1430 562 1540 595 reddet
1563 562 1733 601 rationem,
1763 562 1941 596 sacerdotes
1964 565 2069 594 autem
2095 570 2157 594 non

1197 618 1319 647 tantum
1345 624 1402 657 pro
1426 615 1510 654 suis,
1535 615 1588 648 sed
1613 624 1671 657 pro
1694 615 1835 648 omnium
1860 615 2061 648 subditorum
2086 623 2158 656 pec-

1197 668 1283 701 catis.
1308 668 1577 709 Quemadmodum
1594 669 1693 708 enim,
1713 668 1820 702 videns
1842 668 1989 701 arborem
2014 668 2158 710 pallenti-

1198 721 1258 754 bus
1273 721 1355 754 foliis
1371 721 1556 761 marcidam,
1582 722 1742 765 intelligis,
1760 721 1845 764 quod
1868 730 1995 754 causam
2019 721 2157 764 aliquam

1199 774 1313 808 habeat
1337 775 1367 807 in
1394 775 1511 814 radice3
1536 775 1598 815 sic,
1622 784 1694 808 cum
1720 775 1836 808 videris
1860 776 2013 818 populum
2030 774 2156 808 indisci-

1199 828 1371 870 plinatum,
1396 837 1565 871 cognosce,
1589 829 1665 871 quia
1692 828 1901 862 sacerdotium
1926 829 1994 861 eius
2026 837 2086 860 non
2111 831 2159 861 est

1200 891 1312 915 sanum
1331 896 1361 914 n.
1387 882 1456 915 ldeo
1487 882 1655 915 Malachiae
1685 881 1867 915 secund0⁹:
1897 895 1913 910 α
1930 881 2023 914 Labia
2054 890 2158 914 sacer-

1200 934 1281 968 dotis
1304 935 1480 968 custodient
1515 935 1694 974 scientiam,
1726 938 1757 968 et
1793 935 1891 977 legem
1925 935 2090 977 requirent
2120 934 2159 967 de

1198 997 1254 1021 ore
1277 989 1363 1028 eius,
1388 988 1462 1031 quia
1485 988 1616 1031 angelus
1638 988 1760 1020 Domini
1784 988 1986 1021 exercituum
2011 991 2067 1021 est.
2098 987 2159 1021 Vos

1199 1045 1305 1075 autem
1330 1042 1502 1075 recessistis
1524 1041 1563 1075 de
1587 1042 1637 1074 via
1664 1045 1696 1075 et
1730 1041 1963 1075 scandalizastis
1986 1041 2157 1084 plurimos,

1200 1095 1326 1128 irritum
1351 1095 1466 1128 fecistis
1490 1098 1616 1138 pactum
1648 1095 1718 1128 Levi
1736 1108 1767 1127 ».
1798 1108 1813 1124 α
1830 1095 1960 1137 Propter
1993 1095 2075 1137 quod
2101 1103 2159 1137 ego

1199 1148 1267 1182 dedi
1294 1157 1350 1182 vos
1373 1148 1624 1191 contemptibiles
1647 1148 1794 1181 omnibus
1819 1148 1943 1191 populis
1960 1162 1990 1180 a.

1313 1263 1505 1290 Auctoritatem
1524 1262 1704 1297 magistralem
1722 1263 1873 1298 promissam
1892 1271 1919 1290 so
1937 1263 2046 1298 habore,

1548 1307 1663 1335 ostendit
1681 1316 1726 1343 per
1745 1307 1810 1335 tria.

1289 1415 1341 1448 73.
1367 1415 1468 1457 (Vers.
1493 1416 1571 1456 47.).
1598 1416 1639 1448 Et
1671 1419 1744 1448 erat
1779 1415 1897 1448 docens
1931 1416 2076 1459 quotidie
2099 1419 2158 1449 etc.

1200 1469 1366 1511 Postquam
1390 1468 1573 1511 descripsit,
1597 1468 1735 1511 qualiter
1757 1468 1904 1502 Christus
1927 1469 2008 1502 sacto
2024 1469 2159 1502 ostendit

1200 1531 1233 1555 se
1251 1522 1569 1564 regem‚·pontificem
1594 1526 1626 1555 et
1642 1522 1789 1561 iudicem,
1807 1522 1857 1555 bic
1873 1526 1989 1565 quarto
2002 1522 2028 1541 ¹⁰
2042 1522 2160 1555 descri-

1200 1577 1263 1616 bit,
1287 1576 1448 1619 quomodo
1482 1574 1634 1609 Christus
1665 1572 1872 1608 ostendit'se
1907 1576 2081 1609 doctorem.
2118 1576 2161 1608 Ad
2209 1586 2219 1599 τ

1200 1629 1291 1674 cuius
1315 1629 1557 1672 explicationem
1581 1628 1642 1661 tria
1674 1628 1941 1668 introducuntur,
1965 1629 2002 1661 in
2028 1627 2161 1662 Christo

1200 1682 1317 1716 scilicet
1345 1682 1532 1714 assiduitas
1566 1681 1722 1720 docendi,
1759 1682 1795 1714 in
1827 1680 2026 1715 Pharisaei-5
2054 1686 2160 1715 autem

1201 1735 1388 1769 assiduitas
1410 1735 1641 1778 malignandi,
1666 1735 1702 1768 in
1723 1735 1857 1778 populis
1881 1744 1957 1769 vero
1974 1736 2162 1769 assiduitas

1201 1789 1403 1822 addiscendi.
1430 1789 1476 1821 Ex
1500 1789 1618 1831 quibus
1640 1792 1786 1832 apparet,
1803 1789 1889 1831 quod
1904 1789 2050 1822 Christus
2067 1798 2162 1822 verus

1200 1845 1269 1875 erat
1279 1842 1397 1881 doc-tor,
1415 1842 1490 1884 quia
1504 1842 1646 1875 doctrina
1661 1842 1731 1876 eius
1747 1846 1815 1875 erat
1827 1841 1964 1884 publica
1980 1843 2109 1875 cunctis
2122 1843 2161 1882 ¹¹,

1199 1904 1300 1927 exosa
1321 1894 1487 1936 perversis
1510 1897 1541 1927 et
1574 1894 1729 1937 qratiosa·
1753 1894 1866 1932 boma-,-
1890 1898 1922 1927 et
1946 1895 2005 1927 hoc
2031 1898 2161 1937 propter

1200 1956 1288 1981 suam
1313 1946 1545 1985 celebritatem,
1569 1947 1784 1980 veracitatem
1807 1950 1838 1980 et
1859 1947 2114 1990 gyratio-sitalem.

1290 2000 1393 2043 Primo
1416 2000 1513 2042 igitur
1535 2004 1690 2042 quantum
1714 1999 1753 2032 ad
1776 2000 1948 2033 doctrinae
1966 1999 2092 2033 Christi
2113 2010 2162 2034 ce-

1201 2054 1401 2092 lebritatem,
1427 2063 1512 2097 quae
1527 2057 1600 2086 erat
1615 2052 1750 2096 publica
1767 2053 1906 2092 cuncus,
1924 2052 2016 2086 dicit:
2035 2055 2075 2086 E't
2089 2058 2162 2087 erat

1200 2108 1318 2141 docem
1341 2107 1486 2151 quotidie
1508 2107 1545 2140 in
1569 2106 1704 2149 templo,
1729 2107 1760 2140 in
1785 2116 1849 2149 quo
1885 2107 2065 2140 insinuatur
2089 2117 2162 2150 per-

1200 2161 1281 2194 fecta
1303 2160 1473 2203 publicatio
1496 2160 1667 2200 doctrinae,
1691 2160 1766 2203 quia
1800 2164 1869 2194 erat
1903 2160 1974 2193 sine
1997 2161 2162 2195 intermis-

1200 2214 1309 2252 sione,-
1333 2223 1405 2247 nam
1429 2214 1569 2257 quotidie
1603 2213 1744 2247 docebat.
1770 2214 1819 2247 Sic
1844 2214 1959 2247 Paulus
1982 2214 2085 2248 bonus
2107 2215 2163 2248 do—

1202 2271 1270 2300 ctor
1287 2267 1437 2307 faciebat,
1454 2267 1492 2300 de
1508 2277 1572 2310 quo
1588 2268 1722 2300 Actuum
1740 2267 1890 2310 vigesimo
1903 2268 1947 2299 ¹²:
1970 2280 1986 2296 «r
2002 2267 2067 2300 Non
2084 2267 2159 2301 sub-

1203 2320 1315 2363 terfugi
1327 2346 1335 2360 ,
1353 2320 1523 2363 quominus
1538 2320 1759 2353 annuntiarem
1782 2319 1870 2353 vobis
1886 2329 1978 2353 omne
1994 2320 2159 2354 consilium

1201 2374 1256 2408 Dei
1273 2387 1303 2406 n.
1333 2386 1349 2403 α
1367 2373 1496 2415 Propter
1519 2373 1604 2416 quod
1636 2373 1778 2415 vigilate,
1803 2373 1955 2407 memoria
1978 2373 2160 2413 retinentes,

1202 2427 1350 2469 quoniam
1366 2435 1423 2469 per
1439 2426 1609 2459 triennium
1634 2429 1725 2459 nocte
1741 2430 1772 2460 et
1787 2426 1837 2460 die
1854 2435 1916 2459 non
1938 2426 2071 2466 cessavi,
2088 2435 2161 2460 cum

1202 2480 1349 2522 lacrymis
1363 2488 1495 2513 monens
1510 2487 1771 2522 unumquemque
1788 2482 1929 2513 vestrum
1942 2493 1973 2512 ».
1990 2479 2052 2513 Hoc
2067 2480 2160 2513 etiam

1276 2709 1288 2725 ⁰
1306 2710 1409 2736 Scilicet
1428 2707 1610 2736 interlinearis
1630 2708 1671 2741 (cx
1690 2707 1775 2738 Beda,
1794 2708 1840 2740 qui
1860 2707 1978 2740 sequitur
1997 2709 2115 2740 Gregor„
2136 2709 2161 2734 ll.

1205 2755 1298 2781 llomil.
1318 2755 1344 2780 in
1364 2755 1465 2786 Evang.
1487 2753 1574 2779 homil.
1595 2752 1637 2777 39.
1657 2759 1682 2778 n.
1703 2752 1748 2785 2.),
1768 2755 1827 2783 post
1845 2758 1925 2784 quam
1945 2744 2019 2777 Mich.
2041 2753 2069 2783 3,
2090 2752 2115 2778 5.

1277 2798 1287 2813 ⁷
1308 2799 1381 2825 Vers.
1403 2799 1443 2824 tl.
1464 2801 1490 2824 et
1510 2798 1556 2828 ta,
1577 2796 1621 2822 ubi
1642 2799 1700 2828 post
1719 2795 1776 2822 Silo
1797 2796 1821 2820 in
1840 2796 1859 2821 F
1878 2796 1994 2822 secunda
2008 2803 2101 2822 manus
2119 2797 2163 2823 ad-

1204 2843 1272 2869 dldit
1295 2842 1343 2869 ubi
1360 2841 1489 2868 habitauit
1506 2848 1604 2867 nomen
1623 2847 1714 2866 meum
1733 2846 1750 2865 a
1766 2839 1902 2873 principio
1931 2840 1976 2872 (ita
1996 2840 2074 2866 etiam
2101 2841 2162 2867 Vul-

1185 2896 1187 2899 ·
1206 2887 1286 2920 gata),
1305 2890 1331 2912 et
1349 2885 1463 2911 subinde
1481 2885 1558 2911 codd.
1578 2883 1770 2918 qnid'fecerim
1790 2883 1827 2910 eis
1846 2883 2007 2910 substituunt
2027 2892 2074 2917 pro
2093 2892 2163 2919 quae

1204 2930 1313 2964 secet-im
1332 2929 1363 2956 ei.

1276 2973 1287 2988 ⁸
1306 2974 1398 3000 llomil.
1419 2974 1461 3000 38.
1481 2973 1507 2999 in
1535 2974 1622 2999 Manu.
1641 2974 1689 3004 21,
1711 2973 1751 2999 42.
1781 2972 1840 3005 (op.
1870 2973 2035 3006 imperfect).
2054 2974 2103 2999 Pro
2123 2980 2163 3000 co-

1205 3025 1302 3053 ynosce
1320 3017 1339 3044 C
1350 3018 1401 3057 Dl'l
1421 3024 1544 3052 aquosae.

1277 3061 1289 3076 ⁰
1310 3063 1383 3088 Vers.
1401 3062 1428 3088 7.
1447 3069 1502 3095 seq.
1523 3065 1548 3088 et
1566 3061 1662 3088 deinde
1683 3068 1709 3088 v.
1729 3062 1754 3087 9.

1278 3106 1301 3122 ¹⁰
1320 3106 1372 3134 Cir.
1392 3113 1471 3139 supra
1492 3113 1516 3132 n.
1538 3106 1579 3132 43.

1278 3151 1299 3167 ¹¹
1319 3152 1402 3179 Codd.
1430 3151 1449 3178 C
1465 3152 1486 3177 Η
1510 3150 1646 3182 omuibus,
1676 3151 1697 3176 D
1712 3151 1730 3176 F
1749 3150 1842 3177 ceteris
1868 3150 1956 3183 (paulo
1983 3150 2089 3176 inferius
2114 3157 2162 3183 pro

1206 3196 1309 3224 cunctis
1329 3197 1348 3221 Α
1359 3195 1378 3222 C
1390 3196 1470 3222 DFG
1481 3196 1502 3221 ΙΙ
1522 3194 1683 3221 substituunt
1701 3194 1816 3224 ceter-125).

1277 3238 1299 3255 ¹²
1318 3240 1395 3265 Vers.
1413 3239 1456 3265 27.
1474 3242 1499 3265 ct
1519 3239 1561 3265 31.
1579 3252 1614 3258 -
1633 3238 1723 3264 Glossa
1747 3237 1932 3265 interlineari}
1952 3239 1991 3271 (ex
2011 3239 2096 3269 Beda,
2116 3239 2161 3272 qui

1206 3285 1324 3318 sequitur
1343 3285 1461 3317 Gregor„
1479 3284 1528 3310 loc.
1547 3283 1614 3316 cit.):
1634 3283 1670 3310 Et
1686 3284 1745 3310 crat
1763 3283 1859 3311 docens
1878 3286 1936 3316 etc„
1955 3283 2017 3317 quia
2036 3283 2163 3320 Dominus

1206 3336 1254 3355 nec
1272 3328 1387 3360 indignis
1405 3327 1487 3353 verba
1513 3327 1713 3360 praedicationis
1739 3327 1880 3359 subtrahit,
1901 3331 1960 3359 post
1988 3327 2108 3360 vigorem
2127 3326 2163 3353 di·

1207 3373 1330 3406 sciplluae
1351 3372 1375 3398 in
1395 3372 1492 3398 electos
1510 3375 1662 3408 perseverat
1681 3372 1705 3398 in
1726 3371 1809 3404 gratia
1828 3371 1949 3398 docendi.

2179 354 2308 376 Notandum.

2181 2010 2302 2032 celebritas

2186 2038 2296 2059 doctrinae

2200 2065 2287 2086 Christi.

2179 2171 2284 2192 Pei-rectio
2291 2177 2330 2201 pu-

2194 2198 2314 2219 blioetiorm

2189 2225 2216 2245 ob
2231 2224 2243 2245 3
2258 2225 2324 2246 ratio-

2228 2256 2274 2272 nes.
