2476 3921
144 714 263 745 ‚Rectitudo

144 744 274 763 intentionis.

130 1667 275 1697 Promptitudo

160 1696 277 1724 0115000110-

151 2252 272 2279 Applieaiio

148 2280 283 2327 1

130 2306 257 2353 6001111510.

140 2411 240 2441 Transire
253 2412 281 2433 ad

170 2443 249 2465 ipsum.

293 198 333 228 ΒΞ.)
892 191 1083 223 COMMENT.
1110 191 1146 223 ΙΝ
1170 191 1408 223 EVANGELIUM
1431 191 1548 223 LUCAE
1573 191 1606 223 C.
1634 191 1666 223 11.

291 284 513 316 discesserunt
534 281 576 314 ab
601 282 646 313 eis
672 281 788 323 Anqeti
811 280 847 312 in
869 279 1016 318 caelum,
1038 283 1190 321 pastores
1207 278 1251 311 lo-

292 337 479 380 quebantur
495 335 541 367 ad
557 334 714 372 invicem,
732 333 848 366 scilicet
865 342 898 366 se
914 336 1027 365 mutuo
1040 332 1249 370 cohortando,

292 389 464 422 secundum
494 388 571 420 illud
595 388 633 420 ad
658 387 812 420 Hebraeos
836 386 977 419 tertio¹:
1005 398 1021 414 α
1038 385 1165 424 Videte,
1188 385 1251 417 tra-

292 446 374 481 tres,
398 451 437 474 00
453 441 578 483 quaudo
594 441 635 473 sit
651 440 682 473 in
706 440 812 482 aliquo
836 443 977 472 vestrum
1000 448 1053 471 cor
1070 439 1187 470 malum
1204 438 1252 470 in-

292 495 502 532 credulitatis,
535 493 588 527 sed
622 493 832 526 adhortamini
865 492 1069 533 vosmetipsos
1100 500 1156 533 per
1187 491 1251 524 sin-

292 549 382 590 gulos
397 548 462 580 dies
478 561 509 579 ».
527 547 563 579 Ε1
580 547 638 579 1100
663 549 764 584 10010,
787 546 861 587 quia
882 558 897 573 «
914 545 1035 577 ferrum
1059 544 1144 576 ferro
1165 544 1252 577 acui-

293 604 363 639 tur,
388 605 418 633 et
442 601 536 633 homo
560 599 687 632 exacuit
711 599 819 631 faciem
844 599 934 631 amici
959 598 1056 631 sui».

382 654 433 685 34.
459 654 617 694 Quantum
642 661 718 684 vero
741 651 779 684 ad
797 651 1026 683 rectitudinem
1042 650 1250 688 intentionis,

291 708 437 740 subditur
461 706 619 739 secundo:
652 706 879 737 Transeamus
901 704 1055 747 usquein
1072 703 1251 736 Bethlehem

292 765 319 792 et
344 761 515 792 uideamus
538 758 597 791 1100
629 758 784 796 verbum,
816 757 904 801 quod
932 757 1063 800 factum
1094 761 1148 789 est.
1182 757 1252 790 Ideo

292 814 437 846 volebant
461 813 614 851 transire,
638 815 675 844 ut
698 811 857 849 viderent,
882 811 964 843 sicut
987 812 1124 852 Moyses;
1154 810 1251 843 Exodi

292 867 385 899 tertio
406 867 444 898 ²:
483 879 498 894 α
522 866 638 898 Vadam
674 869 705 898 et
739 865 850 897 videbo
885 864 1035 896 visionem
1071 864 1151 896 hanc
1187 873 1252 896 ma-

291 929 383 962 gnam
401 934 430 951 n.
456 920 492 951 Et
519 919 664 951 volebant
688 919 793 950 videre
817 917 971 955 verbum,
1005 918 1093 960 quod
1122 916 1253 959 factum

292 977 355 1011 est,
381 973 410 1004 id
434 976 481 1004 est
505 981 572 1003 rem
608 971 732 1012 dignam
766 970 882 1008 verbo,
915 970 963 1001 vel
996 972 1081 1002 certe
1115 969 1253 1002 Verbum

292 1034 417 1058 caruem
431 1025 565 1062 factum,
584 1023 757 1056 secundum
775 1023 851 1054 illud
869 1022 989 1055 loannis
1005 1022 1124 1063 primo:
1149 1034 1163 1050 κ(
1177 1022 1254 1054 Ver-

291 1078 366 1110 bum
391 1087 464 1109 caro
487 1077 602 1109 factum
627 1079 674 1108 est
697 1079 728 1108 et
751 1075 902 1107 habitavit
926 1075 956 1106 in
981 1075 1092 1112 nobis;
1122 1077 1153 1106 et
1176 1074 1255 1106 vidi-

290 1140 362 1163 mus
385 1130 514 1172 gloriam
548 1129 616 1161 eius
638 1142 667 1160 n.
693 1129 854 1166 Factum,
879 1128 1025 1169 inquam,
1049 1137 1111 1160 non
1134 1127 1174 1159 ab
1198 1128 1254 1159 ho-

290 1185 391 1222 mine,
416 1184 467 1216 sed
492 1193 510 1215 a
526 1183 608 1221 Deo;
626 1182 707 1214 unde
724 1182 825 1214 addit:
845 1182 939 1222 Quod
954 1180 1033 1223 fecit
1050 1181 1211 1213 Dominus
1224 1180 1253 1219 ³,

292 1238 321 1269 id
346 1241 392 1270 est
418 1240 480 1269 tota
497 1236 650 1274 Trinitas,
670 1235 763 1268 Isaiae
781 1235 976 1276 sexagesimo
993 1238 1124 1276 quarto:
1147 1246 1162 1262 «
1175 1233 1253 1265 Cum

291 1291 401 1323 seceris
418 1290 590 1327 mirabilia,
608 1298 669 1321 non
686 1288 929 1326 sustinebimus3
947 1287 1132 1320 descendisti
1154 1287 1253 1326 enim,

291 1348 322 1376 et
345 1353 363 1375 a
386 1343 463 1375 facie
488 1346 542 1375 tua
567 1345 689 1374 montes
713 1341 966 1374 defluxerunt».
985 1341 1046 1373 Nec
1071 1343 1192 1372 tantum
1210 1339 1254 1372 fe-

292 1398 350 1436 cit,
383 1396 435 1429 sed
468 1396 561 1428 etiam
593 1394 730 1427 ostendit
763 1394 864 1426 nobis.
899 1394 960 1426 Hoc
992 1393 1102 1425 orabat
1134 1392 1252 1424 David:

296 1464 311 1478 «
329 1450 463 1483 Ostende
480 1449 586 1487 nobis,
605 1448 751 1485 Domine,
776 1447 1021 1480 misericordiam
1040 1450 1142 1484 tuam,
1159 1449 1190 1478 et
1206 1455 1254 1478 sa-

293 1505 394 1536 lutare
412 1508 502 1535 101011
519 1502 558 1535 (13
574 1502 664 1534 1101115
676 1514 707 1539 »ς
724 1505 755 1533 01
772 1501 923 1533 Dominus
936 1500 1096 1541 promisit:
1115 1512 1130 1527 «
1144 1499 1255 1532 Osten-

292 1557 362 1589 dam
388 1557 429 1588 illi
456 1557 592 1588 salutare
617 1564 723 1588 meum
742 1568 771 1586 ».

383 1610 434 1642 35.
461 1609 561 1650 (Vers.
591 1608 664 1648 lsi).
690 1608 849 1648 Quantum
873 1610 979 1639 autem
1003 1606 1041 1638 ad
1055 1606 1255 1648 promptitu-

293 1664 402 1695 dinem
426 1662 643 1694 exsecutionis
667 1660 870 1702 subiungitur
895 1660 1008 1692 tertio:
1035 1661 1074 1692 Et
1096 1662 1257 1691 venerunt

292 1716 493 1759 festinantes.
530 1715 564 1747 Et
588 1715 646 1746 hoc
682 1717 728 1746 est
760 1713 844 1755 quod
867 1713 982 1746 dicitur
1012 1713 1254 1745 Proverbiorum

293 1771 417 1802 nouo4:
449 1782 463 1797 «
480 1770 562 1801 Doce
592 1768 728 1806 iustum,
753 1771 783 1800 et
808 1767 964 1799 festinabit
988 1767 1129 1808 accipere
1146 1780 1176 1798 ».
1201 1767 1255 1798 Fe-

294 1823 440 1856 stinantia
465 1823 540 1854 haec
564 1822 688 1863 signum
713 1825 781 1853 erat
805 1820 1062 1862 promptitudinis
1079 1819 1254 1858 interioris,

294 1886 357 1919 qua
380 1876 484 1908 divino
509 1875 689 1916 conspectui
716 1874 859 1906 volebant
884 1873 1099 1915 praesentari;
1125 1874 1255 1906 Prover-

294 1930 417 1962 biorum
444 1929 591 1970 vigesimo
619 1927 776 1960 secundo:
806 1940 821 1955 «
839 1927 947 1959 Vidisti
981 1927 1085 1958 virum
1118 1926 1255 1958 velocem

294 1984 324 2015 10
346 1992 440 2024 opere
464 1991 521 2014 suo
536 1985 548 2013 ‘t
572 1981 684 2013 Coram
710 1981 837 2022 regibus
853 1980 947 2012 stabit
964 1993 993 2011 ».
1011 1980 1097 2012 Unde
1112 1979 1257 2012 dicebant

294 2037 377 2068 intra
401 2045 433 2068 se
457 2035 535 2067 illud
558 2035 596 2066 ad
620 2035 774 2067 Hebraeos
798 2037 929 2075 quarto:
959 2046 974 2061 «
992 2033 1186 2065 Festinemus
1209 2032 1257 2064 in-

295 2089 381 2131 gredi
406 2089 437 2120 in
462 2088 545 2120 illam
572 2087 730 2128 requiem,
756 2090 791 2118 ut
814 2095 853 2118 ne
869 2086 900 2117 10
918 2086 948 2117 id
965 2086 1068 2127 ipsum
1092 2085 1257 2127 (10151001-

295 2143 347 2174 dat
372 2141 599 2174 incredulitatis
623 2140 806 2181 exemplum
824 2153 853 2170 n.

386 2195 437 2227 36.
475 2195 569 2231 Nota,
605 2193 689 2235 quod
726 2192 839 2225 volenti
863 2192 1087 2234 spiritualiter
1116 2192 1257 2225 invenire

296 2249 455 2280 Christum
480 2247 557 2279 haec
582 2246 642 2278 tria
666 2249 739 2278 sunt
764 2246 955 2278 necessaria:
978 2245 1094 2278 scilicet
1119 2245 1258 2288 colloqui

296 2311 352 2344 per
370 2301 599 2333 meditationem
618 2299 872 2340 Scripturarum;
899 2298 1101 2331 Ecclesiastici
1126 2308 1208 2331 nono
1221 2299 1256 2331 ⁵:

301 2369 316 2384 «
333 2356 410 2388 Cum
429 2354 621 2396 sapientibus
638 2357 668 2385 et
684 2353 893 2394 prudentibus
909 2356 1009 2384 tracta
1023 2364 1052 2391 »3
1072 2365 1087 2380 «
1104 2352 1140 2385 Et
1156 2353 1257 2385 omnis

295 2398 453 2442 enarratio
477 2411 532 2440 tua
555 2407 594 2440 sit
618 2407 649 2439 in
667 2406 840 2448 praeceptis
856 2406 1000 2439 Altissimi
1019 2420 1048 2438 ».
1067 2426 1109 2430 —
1133 2407 1258 2438 Trans-

296 2461 345 2493 ire
377 2470 432 2502 per
464 2459 754 2501 contemplationem
787 2463 1024 2498 creaturarum;
1056 2459 1256 2491 Canticorum

297 2514 410 2546 tertio:
442 2514 605 2555 «Surgam
630 2516 660 2545 et
684 2512 825 2545 circuibo
849 2512 1026 2551 civitatem,
1052 2521 1108 2554 per
1125 2512 1210 2545 vicos
1227 2517 1258 2545 et

297 2567 414 2608 plateas
437 2575 605 2608 quaeram,
629 2575 724 2607 quem
749 2565 849 2607 diligit
865 2566 968 2597 anima
985 2574 1054 2598 mea
1070 2578 1101 2604 ¹²3
1119 2569 1150 2598 et
1166 2569 1256 2607 post:

1321 292 1337 307 «
1353 279 1518 311 Pauiulum
1535 288 1607 311 cum
1625 279 1863 321 pertransissem
1888 289 1959 319 eos,
1983 280 2087 313 inveni
2111 290 2206 323 quem
2228 281 2276 314 di—

1316 331 1382 373 tigit
1405 332 1511 364 anima
1534 341 1604 364 mea
1620 344 1650 371 »;
1683 335 1714 365 01
1737 332 2117 376 Ecclesiasticivigesimo
2138 337 2273 376 quarto:

1321 397 1336 413 ιι
1353 385 1496 417 Transite
1519 385 1558 417 ad
1583 394 1633 418 me
1656 394 1781 424 omnes,
1805 386 1860 427 qui
1877 386 2097 428 concupiscitis
2112 396 2173 426 010,
2189 397 2208 419 3
2222 396 2276 429 ge—

1316 437 1531 470 nerationibus
1562 438 1640 470 meis
1670 437 1882 480 adimplemini
1901 452 1930 470 ».
1954 455 2000 463 —-
2022 440 2195 472 Festinare
2218 449 2275 481 per
2294 448 2411 470 Festinato.

1315 489 1564 531 degustationem
1603 491 1803 532 gratiarum3
1843 491 2042 524 Canticorum
2082 492 2220 524 secundo
2235 492 2274 524 ⁶:

1320 556 1336 571 «
1354 544 1472 585 Surge,
1511 552 1665 586 propera,
1705 544 1805 577 amica
1842 553 1913 577 mea
1933 557 1968 584 »ς
2007 548 2039 577 01
2077 545 2276 578 canticorum

1316 596 1427 638 quinto
1441 608 1448 628 :
1471 609 1485 625 α
1501 597 1663 630 Pessulum
1680 597 1750 630 ostii
1766 597 1827 630 mei
1844 597 1953 639 aperui
1971 597 2084 630 dilecto
2100 607 2170 630 meo
2182 611 2198 626 n
2216 601 2275 631 etc.

1316 650 1352 682 Et
1374 650 1443 682 ideo
1466 660 1564 692 supra
1586 651 1689 692 primo
1712 650 1751 683 de
1774 650 1869 683 Maria
1892 650 2026 689 dicitur,
2055 651 2140 692 quod
2168 663 2184 679 α
2200 650 2277 683 abiit

1316 703 1347 735 in
1372 707 1521 736 montana
1544 713 1617 736 cum
1641 703 1838 736 festinatione
1855 717 1884 735 n.

1409 757 1461 789 37.
1497 758 1535 790 Et
1567 758 1770 803 invenerunt·
1793 757 1941 790 Mariam
1973 760 2031 789 etc.
2065 758 2119 790 Hic
2140 751 2278 790 secundo

1318 810 1556 844 commendatur
1580 813 1743 853 pastorum
1773 810 1932 852 diligentia
1962 820 1981 842 a
2012 810 2207 843 certitudine
2228 810 2278 843 in·
2310 816 2415 841 secundo.

1317 865 1498 902 ventionis,
1523 864 1614 897 cuius
1638 864 1708 896 laus
1731 873 1771 896 ex
1797 864 1900 896 tribus
1923 864 2099 905 colligitur:
2123 864 2198 906 quia
2220 845 2430 897 10111ξῖίῖἷῖῗὲἷῖ

1318 917 1596 950 certitudinatiter
1611 917 1843 959 comprobata,
1866 917 2010 949 celeriter
2023 917 2035 936 ⁷
2057 916 2232 959 divulyata
2247 920 2278 950 et
2293 896 2429 945 ,ssssgffiffi

1318 971 1506 1003 memoriter
1530 974 1734 1002 conservata.

1408 1024 1511 1055 Primo
1535 1023 1663 1065 quidem
1679 1023 1739 1055 fuit
1754 1023 2032 1056 certitudinatiter
2048 1023 2278 1066 comprobata,

1319 1076 1394 1118 quia
1417 1086 1473 1118 per
1497 1076 1670 1118 probabilia
1693 1077 1781 1118 signa
1797 1081 1828 1109 et
1851 1077 2026 1114 evidentia;
2050 1081 2180 1119 propter
2196 1077 2281 1119 quod
2300 1081 2441 1130 ciiigiufflssnss‘

1318 1129 1456 1162 dicitur:
1485 1131 1523 1161 Et
1545 1130 1742 1162 invenerunt
1765 1130 1916 1173 Mariam,
1937 1134 1965 1162 et
1989 1129 2104 1172 loseph
2121 1134 2150 1163 et
2165 1129 2280 1173 infan-
2322 1135 2418 1162 probata.
2435 1120 2443 1126 ⁸

1320 1186 1382 1214 tem
1410 1182 1557 1224 positum
1590 1182 1626 1214 in
1652 1183 1837 1224 praesepio.
1863 1183 1932 1215 Ideo
1960 1183 2174 1222 invenerunt,
2206 1184 2281 1226 quia

1319 1235 1450 1268 sollicite
1482 1235 1708 1277 quaesiverunt
1730 1239 1762 1267 et
1785 1236 1904 1278 absque
1928 1236 2073 1275 fictione;
2099 1237 2183 1269 unde
2206 1236 2282 1269 dici-

1319 1292 1373 1320 tur
1398 1288 1572 1330 Sapientiae
1596 1288 1698 1329 primo
1710 1288 1723 1307 8
1738 1300 1745 1320 z
1777 1302 1791 1316 α
1808 1289 1839 1320 10
1857 1289 2054 1330 simplicitate
2071 1289 2174 1322 cordis
2190 1299 2282 1332 quae-

1319 1341 1379 1373 rite
1403 1341 1512 1379 illum,
1545 1341 1692 1382 quoniam
1725 1341 1885 1374 invenitur
1913 1342 1952 1374 ab
1976 1342 2026 1375 his
2050 1342 2103 1384 qui
2128 1351 2190 1374 non
2215 1346 2283 1375 ten-

1320 1398 1387 1426 tant
1410 1395 1499 1426 illum
1516 1408 1546 1426 ».
1563 1413 1605 1417 —
1625 1395 1659 1427 Et
1682 1398 1773 1433 nota,
1798 1395 1882 1437 quod
1901 1395 2061 1428 invenitur
2078 1405 2151 1428 cum
2168 1396 2283 1429 Maria

1320 1449 1440 1490 virgine
1464 1452 1495 1480 et
1519 1447 1653 1490 Ioseph,
1679 1448 1747 1480 viro
1771 1449 1872 1487 iusto,
1896 1452 1928 1481 et
1951 1449 1983 1481 in
2004 1449 2190 1491 praesepio,
2208 1449 2283 1491 quia
2304 1452 2425 1500 amimalia

1320 1510 1392 1533 eum
1428 1501 1482 1542 q'ui
1518 1501 1586 1533 vult
1621 1501 1780 1533 Christum
1818 1501 1976 1539 invenire,
2009 1505 2133 1542 oportet
2165 1485 2427 1534 haberespmmm'

1319 1554 1523 1586 munditiam
1554 1557 1700 1595 respectu
1732 1554 1779 1586 sui
1831 1554 1995 1586 iustitiam
2031 1558 2178 1596 respectu
2210 1564 2282 1596 pro-

1321 1607 1417 1645 ximi,
1450 1605 1667 1638 humilitatem
1692 1610 1723 1639 et
1748 1607 1957 1639 reverentiam
1983 1611 2131 1648 respectu
2156 1607 2220 1639 Dei.
2247 1608 2283 1639 Et

1321 1660 1380 1692 ista
1407 1663 1481 1691 sunt
1513 1659 1574 1691 tria
1604 1668 1754 1698 munera,
1779 1669 1860 1701 quae
1884 1660 2021 1692 offerunt
2045 1668 2135 1701 reges
2159 1659 2283 1692 Christo
2294 1665 2345 1712 ‘¹'ss
2359 1670 2445 1712 magam

1322 1712 1448 1751 infanti,
1473 1715 1504 1744 et
1527 1712 1596 1745 ideo
1619 1712 1659 1744 ab
1683 1712 1728 1745 eis
1751 1712 1850 1744 voluit
1873 1712 2028 1750 inveniri,
2058 1712 2203 1745 Matthaei
2235 1721 2283 1745 se·
2308 1698 2320 1713 ⁰
2337 1697 2389 1713 ΜΠ
2406 1697 2426 1712 ε’

1321 1766 1471 1798 cundo91
1501 1779 1517 1794 «
1535 1766 1570 1797 Et
1594 1766 1747 1798 intrantes
1769 1766 1916 1804 domum,
1941 1766 2131 1798 invenerunt
2146 1774 2282 1807 puerum

1321 1829 1392 1852 cum
1426 1820 1537 1858 Maria,
1563 1823 1663 1852 matre
1687 1819 1773 1858 0105,
1798 1823 1829 1852 01
1852 1819 2049 1861 procidentes
2072 1819 2284 1851 adoraverunt

1320 1881 1411 1910 eum,
1436 1875 1467 1904 et
1490 1872 1607 1913 apertis
1639 1873 1797 1904 thesauris
1829 1872 1912 1911 suis,
1937 1872 2123 1904 obtulerunt
2154 1872 2181 1904 ei
2213 1880 2284 1904 mu-

1321 1934 1415 1963 nera,
1440 1934 1575 1963 aurum,
1600 1925 1675 1957 thus
1699 1929 1730 1957 et
1753 1925 1916 1966 myrrham
1933 1938 1964 1956 ».
1987 1944 2030 1948 —
2055 1925 2087 1956 In
2111 1925 2171 1957 hoc
2191 1924 2284 1957 etiam

1321 1978 1530 2016 instruimur,
1546 1981 1597 2015 ut,
1614 1978 1639 2009 si
1663 1978 1824 2010 Christum
1849 1979 1994 2010 volumus
2012 1978 2171 2017 invenire,
2195 1978 2285 2020 prius
2296 1983 2448 2031 Gratiadquae·

1321 2031 1359 2064 ad
1384 2031 1512 2063 Mariam
1536 2030 1706 2063 debeamus
1730 2031 1899 2069 accedere;
1924 2031 1962 2064 de
1986 2031 2054 2072 ipsa
2070 2031 2152 2063 enim
2168 2031 2284 2064 dicitur
2324 2016 2447 2058 ἶῖἕτῑῖωιῗπ

1321 2093 1419 2126 supra
1436 2084 1538 2126 primo
1553 2084 1578 2115 1.⁰
1592 2096 1599 2115 :
1622 2097 1637 2112 a
1656 2084 1799 2116 Invenisti
1818 2084 1949 2126 gratiam
1966 2085 2049 2126 apud
2066 2085 2233 2117 Dominum
2252 2098 2282 2116 ».

1322 2138 1391 2180 Ipsa
1418 2147 1493 2179 ergo
1524 2137 1642 2169 invenit
1674 2137 1804 2179 gratiam
1838 2141 1869 2169 et
1900 2138 2147 2170 misericordiam
2178 2147 2282 2170 coram

1322 2188 1456 2224 'Assuero
1475 2204 1490 2219 «
1503 2199 1599 2232 super
1612 2200 1722 2223 omnes
1736 2191 1885 2224 mulieres
1902 2205 1932 2230 »‚
1946 2191 2028 2224 sicut
2040 2191 2155 2223 dicitur
2173 2191 2284 2223 Esther

1322 2244 1468 2277 secundo.
1494 2244 1530 2277 Et
1554 2244 1622 2276 ideo
1651 2257 1666 2272 «
1683 2244 1867 2277 accedamus
1899 2253 1971 2276 cum
1996 2244 2111 2276 fiducia
2134 2244 2172 2276 ad
2197 2244 2284 2276 thro-

1322 2307 1399 2331 num
1423 2298 1559 2340 gratiae‚
1584 2301 1620 2330 ut
1645 2298 1892 2330 misericordiam
1917 2306 2149 2339 consequamur
2165 2301 2196 2330 et
2212 2307 2283 2339 gra-

1323 2352 1396 2384 tiam
1422 2352 1619 2384 inveniamus
1642 2352 1672 2383 in
1698 2351 1818 2383 auxilio
1841 2355 2020 2393 opportuno
2037 2364 2067 2382 ι).

1411 2405 1463 2437 38.
1489 2405 1590 2442 (Vers.
1619 2406 1693 2443 17.).
1719 2405 1756 2436 Et
1779 2405 1854 2446 quia
1878 2405 1937 2437 hoc
1961 2404 2086 2446 signum
2111 2404 2218 2441 datum
2236 2407 2283 2437 est

1321 2459 1361 2491 ab
1384 2459 1515 2500 Angelo,
1540 2458 1609 2491 ideo
1633 2458 1801 2490 subditur:
1834 2458 1979 2490 Videntes
2001 2462 2113 2489 autem
2129 2467 2284 2499 009110118-
2304 2462 2447 2514 ggfflfffflff

1321 2517 1402 2544 runt
1434 2512 1472 2543 de
1503 2511 1618 2549 verbo,
1651 2510 1739 2554 quod
1770 2511 1897 2543 dictum
1928 2515 2002 2542 erat
2030 2510 2096 2542 iltis
2120 2510 2158 2542 de
2179 2518 2283 2552 puero
2303 2515 2352 2542 80¹1-

1323 2564 1399 2604 lzoc,
1425 2565 1560 2603 scilicet,
1586 2564 1670 2606 quod
1694 2568 1775 2596 esset
1801 2573 1921 2596 verum.
1946 2563 2032 2596 Unde
2055 2564 2116 2595 iam
2140 2566 2284 2605 poterant

370 2785 378 2800 ¹
400 2787 473 2811 Vcrs.
494 2787 535 2811 12.
555 2793 610 2818 seq.
636 2799 672 2804 —-
697 2785 818 2817 Sequitur
843 2785 921 2810 Prov.
947 2785 996 2816 27,
1016 2785 1057 2810 17.
1076 2799 1110 2803 -
1130 2785 1257 2816 Superius

300 2838 350 2862 pro
370 2829 561 2856 cohortationis
583 2830 639 2854 Vat.
659 2828 865 2855 exhortationis.

368 2873 378 2887 ²
402 2875 473 2899 Vers.
495 2874 518 2899 3.
539 2888 571 2891 -
593 2873 709 2898 Subinde
728 2873 854 2904 allegatur
874 2874 943 2899 toan.
964 2874 992 2903 i,
1015 2874 1056 2898 tt.

370 2916 380 2931 Β
403 2919 526 2949 Vulgata,
547 2918 644 2943 omisso
668 2917 743 2951 fecit,
773 2910 851 2949 tegit:
880 2917 958 2949 Quod
984 2918 1117 2944 Dominus
1146 2917 1260 2944 ostendit

299 2962 391 2993 nobis,
412 2962 481 2987 Beda
501 2966 605 2986 autem:
627 2961 706 2992 Quod
732 2961 793 2994 fecit
821 2961 952 2987 Dominus
980 2963 1005 2988 et
1033 2961 1148 2988 ostendit
1174 2960 1258 2987 nobis.

300 3005 401 3037 Quibus
421 3004 509 3030 verbis
538 3006 601 3030 haec
629 3005 734 3030 additur
759 3005 908 3037 explicatio:
938 3006 1005 3033 Vere
1028 3006 1097 3030 enim
1119 3003 1257 3038 [pastores]

299 3050 374 3081 quasi
394 3048 534 3082 vigilantes
563 3057 613 3074 uon
642 3049 776 3075 dixerunt:
801 3050 944 3075 Videamus
973 3057 1100 3081 puerum,
1120 3050 1259 3075 videamus

300 3093 364 3124 quid
384 3093 493 3123 dicitur,
521 3093 582 3118 sed:
612 3092 753 3119 Videamus
788 3092 917 3124 Verbum,
937 3093 1009 3126 quod
1026 3093 1130 3126 factum
1148 3094 1207 3124 0111,-
1231 3091 1259 3117 in

300 3137 431 3170 principio
451 3139 509 3162 erat
533 3137 665 3169 Verbum,
685 3139 711 3163 et
734 3136 849 3163 Verbum
868 3144 933 3163 caro
952 3137 1055 3170 factum
1075 3138 1114 3163 est
1134 3136 1213 3170 [toan.
1236 3137 1259 3166 t,

302 3182 326 3205 i.
345 3185 369 3205 ct
394 3180 444 3213 14.]
482 3180 615 3212 Verbum,
635 3181 706 3214 quod
735 3188 840 3213 semper
858 3184 928 3212 erat,
952 3181 1103 3211 videamus,
1123 3179 1259 3213 quomodo

302 3231 350 3255 pro
369 3223 443 3250 nobis
461 3225 565 3258 factum
585 3227 637 3256 est,
658 3225 730 3258 quod
753 3225 814 3258 fecit
834 3224 964 3251 Dominus
989 3226 1013 3250 et
1038 3224 1152 3251 ostendit
1175 3222 1259 3249 nobis.

303 3268 418 3293 Verbum
440 3270 489 3293 hoc
508 3269 594 3301 ipsum
615 3276 644 3294 se
662 3267 736 3299 fecit}
753 3270 884 3301 siquidem
904 3270 954 3294 hoc
974 3270 1061 3299 ipsum
1076 3268 1194 3293 Verbum
1209 3269 1259 3293 Do-

303 3312 388 3336 minus
406 3318 453 3337 est.
472 3313 616 3337 Videamus
630 3313 722 3344 igitur,
734 3314 868 3345 quomodo
889 3314 937 3338 hoc
957 3313 1043 3343 ipsum
1061 3311 1189 3342 Verbum,
1210 3314 1259 3337 hoc

262 3378 264 3380 ,
302 3360 341 3381 051
361 3357 499 3387 Dominus,
519 3358 574 3388 ipse
593 3365 621 3383 sc
641 3358 728 3385 iecerit
747 3362 773 3383 et
791 3358 931 3383 ostenderit
957 3358 1031 3383 nobis
1050 3365 1154 3383 carnem
1175 3364 1258 3383 suam.

1321 2785 1398 2816 Qu'od
1416 2784 1485 2809 cuim
1500 2784 1590 2809 videre
1603 2790 1654 2808 nou
1668 2786 1833 2814 poteramus,
1846 2783 1910 2807 dum
1924 2785 1980 2807 0131
1993 2781 2125 2813 Verbum,
2145 2782 2284 2808 videamus

1322 2829 1434 2858 sactum,
1453 2828 1515 2860 quia
1535 2834 1596 2852 caro
1615 2830 1653 2852 est
1672 2830 1720 2851 etc.
1736 2841 1769 2844 —
1784 2827 1848 2852 Tres
1867 2833 1941 2859 seqq.
1962 2826 2009 2851 loci
2030 2829 2090 2852 sunt
2109 2826 2163 2852 lsai.
2185 2826 2233 2857 ot,
2254 2826 2283 2858 3;

1322 2871 1647 2902 Ρ5.84,8.0190,16.

1392 2914 1403 2929 ⁴
1425 2916 1497 2940 Vers.
1519 2916 1542 2940 9.
1564 2929 1596 2933 -
1616 2916 1767 2947 Sequuntur
1787 2915 1863 2940 Prov.
1884 2916 1932 2944 22,
1952 2916 1994 2940 29.
2015 2918 2040 2940 et
2059 2914 2137 2940 Hebr.
2159 2914 2183 2945 ὦ,
2203 2914 2245 2940 Μ.

1393 2958 1404 2972 ⁶
1424 2960 1498 2985 Vcrs.
1518 2960 1559 2984 21.
1589 2962 1614 2985 et
1638 2959 1687 2984 23:
1707 2959 1741 2985 Et
1758 2958 1846 2985 omnis
1866 2962 1915 2984 etc.
1938 2972 1974 2978 —
1993 2958 2111 2984 Subinde
2139 2959 2284 2990 allegantur

1322 3003 1396 3030 Cant.
1415 3004 1445 3033 3,
1466 3005 1489 3028 2.
1509 3003 1582 3034 et.4;
1603 3004 1678 3028 Eccli.
1698 3002 1746 3034 24,
1767 3003 1810 3028 26.

1394 3046 1405 3060 ὃ
1426 3048 1499 3073 Vers.
1521 3048 1561 3072 10.
1582 3062 1615 3066 —-—
1637 3048 1692 3073 Vat>
1713 3048 1787 3073 addit
1806 3054 1831 3073 v.
1852 3047 1900 3072 44:
1922 3046 2034 3073 Ostende
2047 3046 2115 3073 mihi
2125 3046 2221 3080 faciem
2234 3050 2284 3072 ete.

1325 3104 1356 3109 ——
1377 3092 1434 3117 Duo
1453 3098 1527 3124 seqq.
1549 3092 1597 3117 loci
1622 3095 1683 3117 sunt
1710 3091 1782 3118 Cant.
1804 3092 1833 3122 ὅ,
1854 3092 1880 3117 6.
1910 3094 1935 3116 et
1954 3092 2015 3116 Luc.
2038 3091 2066 3123 l,
2086 3090 2129 3116 39.
2148 3103 2183 3109 —
2203 3091 2283 3122 Supe-

1323 3136 1377 3160 rius
1406 3143 1453 3167 pro
1477 3143 1525 3169 per
1550 3135 1761 3169 degustationem
1789 3135 1945 3168 oratiorum
1966 3135 2024 3160 Vat.
2048 3141 2096 3168 per
2124 3134 2283 3168 oratiarum

1322 3179 1462 3205 actionem.
1705 3177 1715 3192 ⁷
1735 3179 1800 3205 Cod.
1818 3180 1839 3205 G
1859 3178 1996 3205 celebriter
2008 3179 2092 3213 tina-a
2112 3178 2190 3204 etiam
2211 3177 2283 3211 CD).

1395 3221 1405 3236 Β
1425 3224 1498 3249 Vcrs.
1520 3224 1545 3249 t.
1564 3231 1618 3257 seq.
2030 3215 2043 3221 x
2065 3226 2115 3244 *a

1394 3266 1405 3281 ¹³
1426 3269 1499 3294 Vers.
1520 3268 1560 3293 ti.
1580 3281 1615 3287 —
1634 3268 1762 3300 Superius
1779 3270 1839 3299 post
1851 3266 2013 3293 munditiam
2029 3267 2085 3292 Vat.
2099 3267 2171 3293 addit
2184 3266 2283 3293 cordis.

1395 3311 1417 3325 ¹⁰
1437 3313 1512 3338 Vers.
1531 3313 1572 3338 30.
1594 3327 1627 3330 -
1647 3313 1797 3345 Sequuntur
1823 3313 1913 3337 Esther
1932 3312 1962 3343 2,
1983 3311 2026 3337 17.
2045 3315 2069 3336 et
2088 3310 2168 3336 Hebr.
2189 3310 2220 3341 4,
2240 3311 2281 3336 16.

1324 3357 1375 3383 Ct'r.
1396 3364 1476 3388 supra
1497 3364 1556 3389 pag.
1577 3357 1624 3388 27,
1645 3360 1704 3382 nota
1724 3357 1749 3382 6.
