2476 3921
3 552 135 576 conditiones

0 587 1 599 ι
11 578 122 602 circumad-

20 607 112 628 iacentes

0 639 2 675 4
20 634 115 660 quatuor.

14 870 130 898 Sapei-seri-

1 898 44 925 ptio
50 895 135 919 iudiciii.

0 1508 124 1531 Notandum.

0 1986 74 2009 l'itulus
87 1988 125 2009 tri-

28 2014 75 2041 plex
79 2029 85 2035 .

0 2303 122 2327 Notandum.

725 242 919 276 COMMENT.
945 243 982 276 IN
1007 243 1246 277 EVANGELIUM
1269 245 1388 278 LUCAE
1412 246 1443 279 C.
1468 247 1568 279 XXlll.

150 342 169 366 a
192 332 341 372 sinistris,
357 332 451 365 radix
467 332 622 365 virtutum
647 332 809 365 humilitas
825 332 856 364 in
874 332 1048 374 profundo;
1066 332 1116 365 his

150 386 260 419 ditavit
283 389 447 428 tropaeum
472 385 577 418 crucis
605 385 833 418 consummatio
854 384 1028 418 dominicae
1044 394 1115 428 pas-

150 439 246 472 sionis
261 452 292 471 ».

238 492 292 524 46.
325 489 428 533 (Vers.
461 491 539 533 38.).
572 492 658 524 Erat
693 494 804 524 autem
818 492 829 510 ¹
865 495 896 524 et
925 491 1114 534 superscri-

144 544 215 587 ptio
238 547 297 577 etc.
322 545 489 587 Postquam
513 544 679 587 descripsit
706 544 909 587 aggravantia
937 545 1113 587 passionem

149 597 283 637 Christi,
309 597 361 632 hic
382 597 533 632 describit
563 597 888 631 circumadiacentia
901 598 923 630 ⁹.
954 598 1034 631 Haec
1057 607 1114 631 au-

149 654 212 684 tem
235 651 366 684 fuerunt
389 655 547 694 quatuor,
578 651 696 685 scilicet
718 652 960 694 superscriptio
978 652 1113 691 iudicis,

149 702 354 747 blasphemia
377 704 538 744 latronis,
563 704 726 748 confessio
746 705 942 748 poenitentis
966 709 997 739 et
1021 706 1115 739 mise-

148 757 301 790 ricordia
326 757 522 791 Salvatoris.

236 811 340 844 Primo
364 811 461 854 igitur
484 815 640 855 quantum
665 812 703 845 ad
719 813 1035 856 superscriptionem
1060 813 1113 845 iu-

147 865 232 898 dicis
254 865 347 898 dicit:
384 866 471 899 Erat
504 870 615 899 autem
647 870 676 899 et
705 866 948 909 superscriptio
983 867 1112 909 scripta

145 928 249 961 super
271 919 373 952 eum⁸
397 919 516 953 litteris
544 919 683 953 Graecis
713 923 742 952 et
767 920 896 953 Latinis
918 924 948 961 et
970 919 1112 953 Hebrai-

146 972 209 1005 cis:
234 972 297 1005 Hic
320 976 369 1005 est
390 982 451 1005 rex
477 973 691 1006 Iudaeorum.
710 973 793 1005 l-lanc
809 972 1110 1015 superscriptionem

145 1024 252 1066 posuit
271 1024 391 1058 Pilatus
415 1033 472 1066 per
495 1024 624 1057 modum
650 1024 751 1063 tituli,
776 1024 807 1057 in
830 1034 896 1068 quo
930 1025 1112 1059 intendebat

145 1077 319 1110 inscribere
343 1086 468 1110 causam
494 1086 570 1110 suae
601 1077 772 1119 passionis;
809 1078 893 1111 unde
928 1079 1020 1112 Marci
1058 1079 1112 1113 de-

146 1130 227 1163 cimo
250 1130 405 1172 quint04:
434 1143 451 1159 «ι
467 1130 503 1163 Et
526 1133 594 1163 erat
618 1130 731 1164 titulus
754 1140 868 1164 causae
884 1131 983 1174 ipsius
1000 1132 1112 1166 inscri-

145 1186 236 1226 ptus:
261 1183 327 1216 Rex
359 1183 547 1216 ludaeorum
564 1195 596 1223 »;
621 1183 653 1216 in
689 1193 753 1226 quo
784 1185 961 1218 ostenditur
997 1195 1110 1226 causa,

145 1245 245 1279 quare
267 1236 444 1269 crucifixus
467 1240 515 1269 est
538 1237 712 1270 secundum
739 1237 918 1278 veritatem,
936 1239 990 1272 sed
1007 1239 1110 1273 ludaei

145 1299 206 1323 non
230 1289 449 1332 acceptabant3
474 1290 559 1323 unde
583 1291 706 1324 loannis
721 1291 843 1325 decimo
859 1302 959 1325 nono:
991 1306 1006 1322 «ι
1022 1294 1110 1326 Hunc

144 1341 272 1375 titulum
297 1342 388 1375 multi
414 1343 601 1376 ludaeorum
626 1344 781 1386 legerunt,
798 1349 829 1378 et
845 1345 990 1378 dicebant
1015 1346 1110 1379 Pilato

144 1395 307 1437 pontifices
331 1395 536 1429 ludaeorum:
560 1397 627 1430 Noli
652 1398 807 1431 scribere:
826 1399 892 1431 Rex
910 1399 1109 1438 ludaeorum,

144 1448 213 1481 sed:
237 1448 317 1490 Quia
340 1448 407 1491 ipse
430 1449 529 1482 dixit:
554 1450 621 1483 Rex
638 1460 709 1484 sum
727 1451 923 1484 ludaeorum.
942 1452 1110 1494 Respondit

144 1501 276 1535 Pilatus:
299 1502 389 1544 Quod
413 1503 523 1545 scripsi
549 1504 704 1546 scripsi».
725 1505 769 1537 Ex
787 1514 851 1547 quo
867 1509 1008 1547 apparet,
1025 1505 1110 1548 quod

143 1554 248 1587 divino
271 1550 353 1588 nutu
378 1555 491 1589 titulus
519 1557 658 1599 scriptus
688 1561 753 1596 est;
777 1557 862 1591 unde
886 1558 992 1591 Beda5
1016 1558 1108 1591 dicit:

148 1607 250 1641 «Ideo
274 1608 434 1642 immolato
470 1609 583 1642 titulus
619 1610 839 1652 superpositus
874 1614 938 1650 est,
971 1615 1007 1644 ut
1032 1620 1110 1644 cun-

143 1661 201 1694 ctis
223 1661 327 1704 legere
350 1665 381 1695 et
416 1662 546 1696 credere
584 1663 761 1696 volentibus
797 1667 918 1705 pateat,
943 1664 1028 1706 quod
1053 1673 1109 1706 per

142 1723 270 1748 crucem
294 1724 356 1748 non
380 1716 532 1758 perdidit,
552 1716 611 1749 *sed
647 1716 867 1749 corroboravit
889 1717 1107 1759 imperium»,

142 1768 315 1802 secundum
339 1769 416 1802 illud
440 1769 536 1802 Isaiae
560 1769 683 1802 nonoss:
713 1782 728 1798 ιι
745 1770 857 1803 Factus
880 1773 927 1803 est
951 1770 1109 1812 principa-

142 1825 195 1854 tus
217 1815 314 1864 snper
338 1822 509 1855 humerum
546 1822 615 1854 eius
631 1833 662 1861 »;
687 1825 718 1855 et
741 1822 771 1855 in
797 1823 936 1855 Psalmo:
971 1836 986 1852 «
1003 1823 1109 1856 Domi-

141 1883 203 1907 nus
226 1874 369 1916 regnavit
385 1888 401 1904 »
429 1884 448 1907 3
471 1874 564 1917 ligno.

231 1927 284 1959 47.
311 1927 363 1960 Est
385 1930 491 1960 autem
516 1927 629 1961 titulus
664 1928 800 1971 triplex,
825 1928 953 1971 quidam
991 1929 1109 1963 scilicet

142 1979 366 2019 memorialis,
391 1979 446 2022 qui
470 1980 622 2013 scribitur
654 1981 685 2013 in
721 1981 854 2015 tumulis
886 1985 1106 2022 mortuorum3

139 2032 386 2075 praeconialis,
410 2033 465 2075 qui
490 2033 522 2066 in
547 2033 647 2076 portis
671 2034 853 2074 civitatum;
870 2038 901 2068 et
918 2034 1108 2078 triumpha-—

143 2084 201 2125 lis,
233 2085 289 2128 qui
317 2086 457 2120 continet
491 2095 618 2120 causam
651 2090 682 2120 et
717 2087 860 2121 ordinem
892 2088 1047 2130 triumphi
1077 2092 1108 2121 et

142 2139 306 2172 consuevit
328 2139 423 2173 scribi
448 2140 480 2172 in
503 2140 662 2180 arcubus,
686 2144 718 2174 et
741 2141 811 2174 talis
834 2141 894 2174 fuit
909 2141 968 2175 iste
984 2142 1107 2182 titulus,

142 2191 181 2225 de
204 2201 268 2235 quo
292 2192 387 2226 Isaiae
418 2193 540 2226 decimo
576 2203 658 2226 nono
673 2194 701 2226 ⁷:
732 2207 748 2223 α
765 2193 830 2226 Erit
861 2194 960 2227 altare
983 2194 1105 2227 Domini

142 2245 174 2278 in
198 2245 301 2278 medio
324 2246 472 2288 Aegypti,
507 2250 539 2279 et
571 2246 682 2279 titulus
712 2246 836 2279 Domini
872 2246 964 2279 iuxta
998 2248 1106 2280 termi-

141 2307 220 2331 num
244 2299 358 2332 eius».
383 2299 437 2332 Hic
472 2299 610 2341 scriptus
639 2302 686 2332 est
721 2299 825 2332 tribus
857 2299 987 2341 linguis,
1012 2300 1105 2342 quia,

140 2350 214 2384 licet
236 2354 341 2384 essent
363 2352 560 2394 septuaginta
583 2352 681 2391 duae,
699 2356 764 2385 tres
780 2355 884 2384 tamen
911 2355 1003 2385 erant
1029 2353 1105 2385 emi-

141 2407 268 2444 nentes;
293 2404 377 2437 unde
393 2404 501 2437 Glossa
513 2405 544 2437 ⁸:
567 2418 582 2434 «ι
595 2405 656 2438 Hae
672 2409 737 2438 tres
758 2404 883 2447 linguae
899 2414 974 2447 prae
991 2405 1104 2438 ceteris

211 2562 221 2578 ¹
241 2563 324 2590 Codd.
344 2563 363 2590 C
375 2564 458 2590 DGH
478 2565 521 2591 hic
540 2567 566 2591 et
584 2566 663 2597 paulo
677 2565 784 2592 inferius
797 2567 921 2593 omittunt
934 2568 1042 2600 autem,·
1056 2569 1102 2594 cfr.

140 2614 221 2640 supra
241 2615 302 2640 pag.
321 2608 382 2639 575,
402 2611 462 2634 nota
482 2610 506 2634 2.

211 2649 222 2666 ²
242 2652 310 2678 Vide
328 2659 408 2685 supra
428 2660 455 2678 n.
475 2653 517 2678 37.

212 2696 223 2711 '³
241 2696 324 2724 Codd.
343 2697 362 2724 C
374 2698 427 2723 DG
446 2705 506 2724 cum
527 2698 597 2724 Beda
624 2705 707 2732 super
736 2698 832 2732 illum,
852 2700 873 2725 Η
892 2707 977 2734 super
995 2699 1103 2734 ipsum,-

140 2741 254 2768 subinde
273 2745 333 2774 post
351 2741 400 2769 Hic
419 2743 460 2769 est
476 2743 497 2768 A
508 2742 527 2769 C
538 2744 559 2768 G
570 2744 590 2769 Η
611 2742 644 2777 (D
663 2743 795 2777 primitus)
816 2744 917 2770 addunt
935 2746 1018 2772 Iesus.

211 2785 223 2800 ⁴
241 2786 319 2812 Vers.
337 2787 385 2819 26,
406 2786 451 2812 ubi
471 2790 531 2819 post
550 2786 696 2821 inscriptus
716 2789 735 2814 A
746 2787 765 2814 C
776 2788 829 2813 DG
848 2789 938 2821 legunt
957 2790 1032 2816 lesus
1050 2789 1104 2816 Nu-

141 2837 275 2862 zarenus,
293 2837 346 2857 rex
366 2830 529 2857 ludaeorum
558 2831 639 2865 (loan.
670 2832 717 2863 19,
747 2833 809 2865 19.).
828 2847 862 2852 -
883 2833 1007 2866 Sequitur
1032 2835 1101 2860 loan.

141 2874 187 2907 -19,
207 2874 297 2900 20-22.

211 2917 222 2932 ⁶
240 2917 311 2944 Libr.
330 2919 372 2945 Vl.
392 2919 418 2945 in
438 2920 499 2945 Luc.
519 2920 566 2951 23,
585 2921 628 2946 38.
649 2921 781 2947 Sententia
800 2921 882 2953 ipsius
895 2921 1032 2948 exhibetur
1045 2929 1102 2948 ver-

140 2960 182 2988 bis
195 2962 306 2988 Glossae
324 2962 489 2990 ordinariae.

211 3004 223 3019 ⁶
242 3005 317 3032 Vers.
336 3006 366 3039 6,
386 3007 428 3032 cui
447 3007 617 3040 subiungitur
635 3008 675 3034 Ps.
695 3008 744 3041 95,
765 3009 807 3034 lo.

212 3048 222 3064 ⁷
242 3050 316 3076 Vers.
339 3051 380 3076 19.
399 3065 436 3070 -
454 3052 492 3077 De
510 3052 603 3084 triplici
624 3053 696 3079 titulo
714 3055 761 3079 cir.
782 3054 944 3080 Breviarium
959 3054 984 3080 in
998 3055 1037 3081 Ρ5.
1060 3055 1101 3086 15,

142 3094 166 3118 1.
186 3093 263 3126 (inter
282 3100 362 3126 opera
381 3095 498 3129 Hieron.)
518 3099 544 3122 et
562 3099 625 3122 tom.
647 3096 688 3122 Vl.
709 3104 771 3130 pag.
791 3097 851 3131 496,
870 3102 932 3124 nota
955 3098 981 3124 7.
1001 3112 1036 3118 —-
1056 3099 1101 3124 Su-

141 3137 230 3170 perius
249 3144 298 3169 pro
316 3137 438 3165 arcubus
458 3139 491 3171 (H
510 3140 584 3166 addit
603 3140 827 3175 triumphalibus)
844 3143 903 3169 Vnt.
918 3142 947 3169 in
961 3143 1020 3170 aris
1035 3143 1102 3177 (Hie-

140 3188 206 3212 run.,
225 3181 274 3207 loc.
294 3182 350 3208 cit.:
370 3182 460 3209 tertius
479 3183 507 3209 in
524 3184 634 3210 victoria
652 3185 742 3218 regis).

211 3223 222 3239 ⁸
242 3225 345 3252 Scilicet
363 3225 505 3253 ordinaria
525 3227 566 3260 (ex
588 3228 673 3260 Beda,
692 3229 739 3262 qui
757 3230 845 3262 quoad
865 3231 980 3262 primam
1000 3235 1102 3258 senten-

141 3269 193 3295 tiae
211 3272 312 3302 partem
331 3270 450 3303 sequitur
477 3271 597 3305 August,
622 3272 648 3298 in
677 3272 747 3298 loan.
766 3274 866 3306 Evang.
885 3278 916 3301 tr.
937 3275 998 3301 117.
1016 3283 1041 3301 n.
1063 3276 1099 3309 4.)

141 3313 165 3339 in
185 3313 247 3339 Luc.
268 3314 316 3346 23,
335 3314 379 3340 38.
400 3313 451 3341 Cir.
471 3317 525 3341 tom
545 3315 587 3341 Vl.
607 3323 670 3348 pag.
690 3316 755 3351 496,
775 3321 833 3344 nota
855 3319 897 3347 11.
912 3319 960 3345 Pro
981 3320 1100 3347 Graecos

140 3356 272 3391 sapientes
291 3358 362 3384 Beda
381 3358 502 3392 centium
519 3359 667 3393 sapientes,
687 3361 746 3387 Vnt.
765 3368 826 3387 cum
847 3363 937 3388 Glossa
957 3363 1099 3396 =uentilium

140 3401 301 3436 sapientiam
321 3402 377 3436 (cir.
396 3403 413 3429 1.
433 3403 491 3430 Cor.
512 3404 541 3435 1,
561 3405 624 3435 22.).
644 3405 732 3431 Glossa
752 3404 935 3433 interlinearis
949 3407 990 3440 (ex
1004 3407 1100 3440 Beda):

2075 254 2141 286 579

1179 334 1375 367 eminebant:
1400 335 1539 369 Hebraea
1563 341 1692 380 propter
1719 339 1847 373 ludaeos
1864 340 1894 373 in
1913 341 1990 383 Lege
2007 341 2142 383 glorian—

1179 390 1243 427 tes,
1269 387 1386 421 Graeca
1410 393 1538 431 propter
1570 391 1705 424 Graecos
1740 393 1914 435 sapientes,
1940 395 2046 427 Latina
2070 404 2141 436 pro-

1180 444 1249 482 pter
1274 441 1427 475 Romanos
1452 442 1652 484 imperantes.
1679 445 1769 487 Ergo,
1788 447 1884 479 velint
1902 448 2001 480 nolint
2026 448 2140 487 Iudaei,

1178 503 1270 527 omne
1305 503 1437 537 regnum
1476 497 1603 537 mundi,
1639 499 1741 531 omnis
1777 500 1928 541 sapientia
1965 502 2139 540 mundana,

1178 547 1283 580 omnia
1305 547 1429 582 divinae
1454 549 1530 592 legis
1553 555 1749 584 sacramenta
1781 556 1954 593 testantur,
1987 555 2070 597 quod
2097 555 2139 588 le-

1178 609 1233 633 sus
1257 605 1304 634 est
1328 601 1499 644 imperator
1523 604 1718 637 credentium
1743 609 1773 638 et
1797 606 2012 640 confitentium
2032 622 2061 640 n.
2086 609 2138 641 Vel
2161 617 2220 638 Anae
2235 617 2299 638 nuo-

1178 651 1247 686 ideo
1271 654 1391 693 tribuS‚
1417 659 1546 698 propter
1571 657 1630 689 hoc
1655 658 1739 699 quod
1764 658 1840 691 istae
1865 663 1929 692 tres
1954 661 2076 702 linguae
2094 662 2139 694 in—
2201 649 2246 665 ¹¹⁸⁵*

1177 710 1282 739 nuunt
1305 708 1492 749 mysterium
1528 710 1698 743 Trinitatis.
1736 711 1865 744 Videtur
1889 713 1981 745 etiam
2011 713 2138 747 firmum

1178 760 1390 793 testimonium
1416 762 1574 802 veritatis;
1611 763 1695 796 unde
1727 765 1963 807 Augustinus⁹z
1993 780 2007 793 a
2026 767 2139 800 Tribus

1177 812 1292 854 linguis
1316 814 1406 856 quasi
1432 815 1534 848 tribus
1559 817 1691 850 testibus
1715 817 1827 851 titulus
1850 823 1897 851 est
1928 820 2138 861 approbatus,

1176 865 1252 907 quia
1275 866 1306 898 in
1331 877 1387 899 ore
1410 868 1558 902 duorum
1574 870 1623 902 vel
1646 871 1749 903 trium
1766 876 1831 904 stat
1848 882 1941 905 omne
1959 873 2093 906 verbum
2108 889 2136 905 n.

1267 920 1319 953 48.
1345 921 1446 962 (Vers.
1473 922 1549 963 39.).
1575 924 1718 957 Secundo
1742 929 1895 967 quantuni
1922 927 1959 959 ad
1992 926 2137 969 blusplze-
2159 935 2295 966 Btawhemia

1175 973 1283 1006 miarn
1300 974 1441 1008 latronis
1464 976 1585 1009 subdit:
1609 977 1700 1010 Unus
1724 983 1834 1011 autem
1858 980 1896 1012 cle
1913 978 1964 1012 lats
1988 981 2047 1023 qui
2058 991 2137 1022 pen·
2180 963 2276 983 mmm..

1176 1026 1296 1059 (lebant
1319 1027 1524 1068 latronibus,
1547 1029 1793 1072 blasphemabat
1809 1042 1884 1064 eum
1900 1033 2028 1066 dicens:
2048 1034 2085 1066 Si
2101 1039 2136 1067 tu

1175 1089 1208 1112 cs
1234 1079 1403 1120 Christus,
1423 1081 1555 1115 salvum
1571 1082 1630 1125 fac
1654 1085 1856 1127 tfflnetipsum
1873 1091 1901 1118 et
1918 1096 1985 1118 nos.
2012 1106 2053 1110 —
2079 1088 2135 1121 Sed
2150 1095 2301 1117 Contraria-⁸-

1175 1133 1370 1167 contrarium
1389 1135 1484 1168 huius
1504 1136 1629 1169 videtur
1646 1136 1705 1170 dici
1722 1138 1814 1170 Marci
1833 1138 1952 1172 decimo
1969 1140 2079 1182 quinto
2094 1142 2134 1181 ¹⁰,

1174 1186 1229 1219 ubi
1254 1187 1298 1219 sic
1322 1187 1382 1220 ait:
1412 1201 1428 1216 «
1446 1188 1480 1221 Et
1504 1189 1558 1231 qui
1583 1198 1655 1222 cum
1681 1199 1717 1223 eo
1741 1191 1886 1224 crucifixi
1912 1198 2001 1226 erant
2030 1195 2135 1227 eonvi—

1175 1239 1340 1273 ciabantur
1364 1241 1390 1273 ei
1405 1253 1440 1280 »;
1468 1246 1499 1274 et
1523 1242 1666 1276 similiter
1690 1244 1833 1278 Matthaei
1868 1246 2016 1288 vigesimo
2042 1249 2135 1290 septi-

1174 1302 1235 1325 mo.
1260 1293 1318 1326 Sed
1343 1294 1420 1327 haec
1444 1296 1650 1329 contrarietas
1665 1297 1847 1331 dissolvitur
1869 1299 2054 1342 dupliciter:
2071 1311 2135 1335 uno
2155 1308 2235 1329 So1uti0
2250 1309 2288 1330 du-

1174 1345 1284 1385 modo,
1310 1347 1394 1388 quod
1426 1348 1558 1381 verbum
1584 1349 1728 1383 Matthaei
1761 1355 1792 1383 et
1816 1352 1909 1385 Marci
1943 1353 2134 1396 intelligatur
2193 1336 2249 1362 ΡΜ

1174 1407 1230 1440 per
1248 1399 1479 1440 synecdochen,
1505 1405 1540 1433 ut
1564 1402 1649 1444 quod
1665 1405 1712 1435 est
1729 1403 1826 1444 partis
1850 1405 2044 1438 attribuatur
2062 1408 2134 1446 toti3

1174 1452 1237 1491 vel,
1262 1452 1347 1494 quod
1362 1453 1455 1486 ambo
1480 1454 1510 1486 in
1528 1455 1682 1497 principio
1706 1462 1878 1498 coeperunt
1903 1458 2135 1501 blasphemare,

1174 1505 1227 1538 sed
1240 1506 1319 1538 alter
1333 1510 1455 1539 tantum
1473 1509 1609 1550 perstitit
1623 1510 1665 1548 ¹¹;
1683 1513 1714 1542 et
1728 1510 1778 1543 hic
1795 1511 2045 1553 blasphemabat,
2062 1515 2136 1556 quia

1174 1568 1236 1591 non
1261 1560 1416 1592 veraciter
1440 1561 1565 1602 petebat
1590 1562 1722 1602 salvari,
1747 1563 1801 1596 sed
1834 1564 1983 1599 irrisorie.
2010 1566 2045 1599 Et
2077 1567 2134 1600 hoc

1173 1614 1242 1644 erat
1265 1612 1452 1654 pessimum,
1477 1614 1561 1656 quod
1586 1615 1681 1648 miser
1706 1620 1736 1648 et
1752 1626 1873 1659 pauper
1898 1618 2043 1652 irrideret
2060 1629 2137 1661 pau-

1173 1674 1281 1707 perem
1306 1666 1476 1706 afflictum3
1510 1671 1639 1709 propter
1664 1669 1748 1711 quod
1781 1670 2023 1704 proverbiorum
2055 1673 2136 1715 vige—

1173 1718 1252 1750 simo
1275 1722 1385 1752 octavo
1399 1720 1439 1751 ¹2:
1470 1733 1486 1749 <r
1502 1720 1557 1753 Vir
1573 1730 1694 1763 pauper
1711 1723 1905 1757 calumnians
1926 1734 2080 1767 pauperes
2097 1727 2136 1759 si-

1172 1771 1255 1804 milis
1279 1775 1326 1804 est
1350 1772 1443 1805 imbri
1470 1774 1662 1813 vehementi,
1688 1775 1719 1807 in
1743 1785 1807 1818 quo
1831 1780 1962 1818 paratur
1987 1778 2083 1812 sames
2105 1793 2134 1811 ».

1173 1823 1231 1857 Sed
1255 1824 1409 1858 Dominus
1433 1826 1507 1859 huic
1532 1836 1592 1859 non
1618 1829 1800 1870 respondet,
1825 1834 1860 1862 ut
1884 1830 2016 1864 formam
2048 1832 2137 1866 daret
2157 1840 2231 1861 Forma
2246 1846 2282 1866 ra-

1172 1877 1354 1919 patientiae;
1379 1879 1462 1912 unde
1479 1880 1599 1922 primae
1614 1881 1697 1914 Petri
1714 1883 1851 1916 secundo
1866 1884 1908 1915 ¹³:
1938 1897 1954 1913 α
1971 1885 2048 1918 Cum
2071 1895 2136 1918 ma-
2169 1869 2264 1888 ‘mnae‘

1172 1930 1377 1971 lediceretur,
1410 1941 1471 1965 non
1501 1933 1705 1967 maledicebat
1715 1947 1722 1974 ;
1755 1944 1826 1968 cum
1861 1941 2040 1978 pateretur,
2073 1948 2135 1972 non

1173 1984 1424 2018 comminabatur
1444 1998 1479 2025 »;
1516 1990 1552 2019 ut
1587 1987 1680 2020 etiam
1716 1988 1842 2022 doceret
1877 1991 2022 2032 exemplo
2058 1992 2135 2024 illud

1166 2038 1308 2079 Apostoli
1333 2038 1371 2071 ad
1397 2039 1549 2072 Romanos
1572 2040 1771 2074 duodecimo:
1802 2056 1818 2070 a
1834 2043 2007 2076 Benedicite
2040 2045 2135 2077 male-

1171 2090 1349 2124 dicentibus
1381 2092 1486 2131 vobis,
1510 2092 1683 2126 benedicite
1712 2098 1742 2127 et
1773 2095 1868 2128 nolite
1901 2096 2086 2130 maledicere
2103 2111 2132 2129 ».

1172 2143 1233 2176 Hoc
1257 2144 1340 2176 enim
1358 2144 1535 2178 virtuosum
1553 2149 1614 2185 est;
1632 2147 1715 2180 unde
1732 2148 1973 2190 Chrysostomus
1988 2150 2027 2181 ¹4:
2050 2163 2065 2179 α
2079 2151 2133 2183 Mi-

1171 2196 1303 2229 rabilius
1327 2200 1391 2235 est,
1417 2197 1575 2233 hominem
1601 2200 1740 2233 convicia
1765 2210 1890 2243 passum
1916 2211 1977 2235 non
1995 2204 2133 2242 moveri,

1170 2258 1266 2290 quam
1293 2249 1452 2282 hominem
1485 2251 1687 2285 vulneratum
1718 2258 1749 2286 et
1773 2263 1959 2296 percussum
1991 2265 2052 2288 non
2085 2265 2134 2289 ca-

1170 2301 1245 2334 dere
1261 2315 1292 2333 ».

1259 2354 1312 2386 49.
1338 2355 1439 2395 (Vers.
1472 2356 1524 2388 40.
1557 2357 1634 2398 lit).
1667 2359 1772 2391 Tertio
1804 2364 1957 2401 quantuni
1989 2361 2028 2393 ad
2059 2371 2133 2394 con-
2162 2370 2271 2400 noussen,

1169 2405 1347 2448 sessionem
1367 2408 1563 2450 poenitentis
1587 2410 1750 2453 adiungit:
1784 2412 1991 2454 Respondens
2023 2419 2132 2447 autenZ
2149 2400 2284 2423 Manem„

1169 2569 1237 2596 Erat
1255 2571 1347 2596 autem
1366 2572 1391 2597 et
1408 2570 1602 2604 superscriptio
1621 2574 1679 2604 etc„
1699 2575 1726 2598 ut
1754 2572 1840 2598 omnis
1859 2573 1948 2605 lingua
1968 2575 2130 2600 confiteatur:

1167 2614 1228 2647 quia
1249 2614 1378 2640 Dominus
1398 2615 1468 2641 lesus
1487 2614 1605 2641 Christus
1626 2616 1649 2641 in
1671 2617 1753 2648 gloria
1779 2621 1817 2642 est
1839 2618 1882 2643 Dei
1903 2618 1984 2644 Patris
2003 2618 2082 2653 [Phil.
2101 2621 2131 2650 2,

1171 2658 1232 2693 11.].
1252 2659 1288 2685 De
1307 2659 1341 2684 72
1360 2659 1457 2691 linguis
1476 2661 1523 2685 cfr.
1542 2667 1623 2693 supra
1644 2668 1706 2693 pag.
1726 2661 1792 2692 253,
1812 2666 1872 2687 uota
1895 2663 1916 2688 1.

1239 2702 1250 2717 ⁹
1269 2705 1385 2730 Enarrat.
1405 2705 1431 2729 in
1451 2705 1490 2730 Ps.
1511 2705 1553 2731 55.
1582 2712 1608 2731 n.
1639 2707 1664 2731 2.
1693 2707 1825 2738 Allegatur
1851 2707 1925 2733 Deut.
1952 2708 1995 2739 19,
2020 2708 2064 2739 ¹5;
2085 2710 2129 2734 cfr.

1168 2749 1254 2774 Matth.
1276 2750 1323 2781 18,
1344 2750 1385 2775 16.
1556 2748 1578 2764 ¹⁰
1598 2751 1671 2776 Vers.
1691 2751 1733 2776 32.
1754 2754 1779 2776 et
1798 2751 1893 2777 deinde
1914 2753 2000 2778 Matth.
2020 2753 2068 2783 27,
2090 2753 2131 2779 44.

1238 2791 1260 2807 ¹¹
1280 2793 1398 2824 Hieron„
1420 2794 1459 2818 lV.
1479 2793 1626 2820 Comnient.
1652 2795 1677 2820 in
1697 2795 1783 2820 Manli.
1805 2796 1850 2824 27.
1873 2796 1918 2827 44,
1935 2800 2072 2830 utramque
2092 2805 2131 2823 so-

1167 2837 1292 2862 lutionem
1311 2837 1437 2863 insinuat:
1467 2838 1514 2863 Hic
1537 2845 1584 2870 per
1605 2842 1724 2870 tropum,
1748 2839 1793 2871 qui
1819 2840 1963 2871 appellatur
1993 2840 2129 2873 σύλληψις,

1166 2887 1215 2912 pro
1236 2882 1296 2906 uno'
1313 2881 1411 2906 latrone
1434 2885 1545 2914 uterque
1571 2882 1702 2908 inducitur
1727 2882 1933 2914 blasphemasse.
1957 2885 2041 2909 Lucas
2066 2892 2129 2910 vero

1166 2925 1271 2955 asserit,
1291 2925 1378 2957 quod,
1403 2925 1483 2950 altero
1508 2925 1717 2957 blasphemante,
1741 2927 1805 2952 alter
1824 2929 1958 2953 consessus
1982 2928 2049 2953 sit...
2073 2929 2128 2953 Non

1166 2968 1239 3002 quod
1258 2968 1408 3000 discrepent
1427 2969 1578 3000 Evangelia,
1598 2969 1644 2994 sed
1658 2970 1730 3001 quod
1750 2970 1865 3001 primum
1880 2974 1990 3003 uterque
2010 2971 2127 3002 blasphe-

1166 3012 1292 3043 maverit,
1312 3012 1423 3042 dehinc,
1443 3008 1498 3037 'sole
1518 3012 1658 3043 fugiente...
1678 3020 1745 3038 unus
1769 3014 1909 3039 crediderit
1929 3015 1954 3039 in
1975 3015 2057 3039 lesum
2078 3020 2126 3040 etc.

1167 3056 1280 3082 Primam
1300 3055 1456 3081 solutionem
1477 3055 1580 3080 exhibet
1599 3056 1722 3087 August,
1742 3056 1778 3082 lll.
1799 3057 1832 3082 de
1852 3056 1985 3082 Consensu
2011 3058 2041 3082 Ex
2050 3065 2126 3089 ange-

1167 3101 1215 3127 list.
1235 3108 1258 3126 c.
1279 3100 1320 3125 16.
1340 3107 1364 3125 n.
1386 3099 1432 3130 53;
1457 3099 1561 3130 lsidor.,
1581 3099 1596 3124 l.
1617 3100 1763 3131 Etmolog.
1785 3107 1805 3125 c.
1827 3101 1868 3125 36.
1891 3101 1962 3132 (alias
1982 3101 2034 3132 35.)
2056 3109 2080 3126 n.
2101 3103 2125 3127 6.

1164 3147 1190 3171 et
1215 3145 1300 3176 Beda,
1320 3144 1362 3169 Vl.
1382 3143 1406 3168 in
1426 3143 1489 3168 Luc.
1509 3143 1556 3173 23,
1577 3143 1623 3175 4ος
1643 3143 1785 3168 secundam
1805 3145 1916 3175 praefert
1939 3144 2071 3175 Ambros,
2092 3146 2125 3170 X.

1165 3188 1190 3213 in
1209 3189 1271 3213 Luc.
1291 3194 1314 3213 c.
1336 3187 1377 3212 23.
1398 3193 1423 3211 n.
1444 3186 1502 3211 122.

1237 3231 1258 3246 ¹³
1279 3232 1353 3257 vers.
1370 3231 1395 3256 3.
1415 3231 1463 3256 Pro
1479 3237 1615 3263 pauperes
1634 3230 1652 3256 C
1664 3231 1684 3255 D
1695 3231 1716 3256 H
1728 3238 1886 3264 pauperem.

1237 3275 1259 3290 ¹³
1279 3276 1353 3301 Vers.
1379 3275 1421 3300 23.
1441 3288 1475 3293 -
1494 3273 1610 3300 Subinde
1635 3275 1761 3307 allegatur
1780 3276 1855 3301 Rom.
1880 3277 1922 3308 12,
1946 3276 1989 3307 ¹4,
2010 3276 2056 3302 ubi
2075 3284 2122 3308 pro

1163 3318 1381 3346 maledicentibus
1400 3317 1473 3344 vobis
1493 3318 1549 3351 (cir.
1570 3319 1631 3344 Luc.
1651 3319 1680 3350 6,
1701 3319 1754 3352 28.)
1776 3320 1831 3345 vat.
1852 3327 1912 3345 cum
1935 3320 2045 3352 Vulgata
2061 3328 2122 3353 per—

1163 3362 1333 3397 sequentibus
1354 3369 1409 3388 vos.

1236 3407 1257 3421 ¹⁴
1276 3406 1370 3432 Homil.
1390 3406 1432 3431 87.
1453 3405 1526 3438 (alias
1545 3406 1598 3438 88.)
1620 3406 1643 3432 in
1663 3407 1748 3432 Manli.
1770 3414 1795 3432 n.
1815 3408 1838 3433 3.
