2476 3921
759 206 953 239 COMMENT.
979 206 1015 240 ΙΝ
1040 206 1279 240 EVANGELlUM
1304 207 1421 241 LUCAE
1446 208 1477 240 C.
1502 209 1589 241 XVII.

185 297 318 339 abyssus
342 305 450 329 vocem
474 304 565 329 suam
581 308 617 334 n,
641 295 671 328 id
696 298 744 328 est
767 298 929 337 peccator;
954 294 1028 327 facit
1051 294 1145 327 etiam

180 356 289 394 petere
310 350 505 388 sanitatem,
522 357 579 391 per
594 347 758 391 fiduciam
773 347 953 386 orationiS,
970 347 1146 380 secundum

184 403 261 436 illud
279 402 406 436 Psalmi:
428 415 444 431 α
462 402 524 444 Ego
539 401 621 434 dixi:
645 401 792 440 Domine,
809 400 961 434 miserere
977 400 1053 439 mei,
1070 409 1145 432 sana

185 456 320 490 animam
345 464 446 488 meam
467 468 496 487 u.

274 510 326 542 28.
351 509 453 551 (Vers.
482 508 556 548 tlt).
577 508 683 541 Tertio
706 511 861 550 quantum
885 506 923 539 ad
947 506 1146 549 facilitatem

23 571 120 604 rgenitan
130 577 172 602 πιρ-
183 563 275 596 modi
297 561 446 595 curandi
468 561 645 603 subiungit:
665 561 754 602 Quo-s·
777 564 813 592 at
828 560 928 599 vidit,
953 560 1057 592 dixit:
1083 560 1145 599 Ite,

32 599 55 620 ‘¹¹
68 598 164 620 ‘'mm''
184 616 339 649 ostendite
360 625 419 647 vos
440 614 680 647 sacerdotibus.
705 614 748 646 Ad
772 613 950 647 sacerdotes
973 613 1057 646 enim
1075 622 1146 655 spe—

183 672 248 703 ctat
270 669 376 711 leprae
392 668 558 707 iudicium,
582 667 758 700 secundum
775 666 851 699 illud
876 666 1004 699 Levitici
1024 666 1146 699 decimo

184 726 299 766 quarto
313 724 339 755 ¹:
362 735 378 751 α
395 722 565 763 Leprosus,
589 720 716 763 quando
739 720 941 753 mundandus
965 724 1027 759 est,
1051 719 1147 752 addu-

183 780 274 810 cetur
296 776 335 808 ad
359 774 551 808 sacerdotem
565 788 581 803 ι»
602 777 676 813 etc.,
703 783 759 816 per
783 777 883 806 totum
904 773 1088 815 capitulum.
1104 791 1145 797 -

185 831 226 863 Et
247 828 377 872 factam
401 832 462 867 est,
486 828 569 860 dam
592 827 694 867 irent,
718 827 876 859 mandati
896 831 994 865 sant,
1027 827 1147 860 scilicet

183 890 241 924 per
263 881 405 914 divinum
430 880 615 922 imperium,
640 880 690 913 cui
713 880 772 913 hoc
796 883 844 912 est
859 880 967 912 dicere
991 879 1075 922 quod
1091 878 1146 922 fa-

182 924 273 973 cere,-
297 934 500 967 Ecclesiastae
527 934 681 966 octaV0²:
712 946 727 962 ι(
744 934 853 966 Sermo
884 933 969 966 illius
993 936 1146 975 potestate

183 988 296 1031 plenus
318 991 366 1020 est
382 1000 418 1026 »;
443 991 474 1020 et
503 1000 518 1016 α
533 996 642 1026 omne,
666 986 751 1029 quod
775 987 928 1026 voluerit,
953 986 1091 1020 faciet».

273 1042 325 1074 29.
353 1040 581 1083 Spiritualiter
605 1043 712 1073 autem
736 1040 922 1082 intelligitur
951 1040 1002 1073 hic
1033 1041 1147 1074 modus

22 1095 314 1131 curatione-curandi
346 1104 365 1127 a
396 1094 489 1136 lepra
519 1093 711 1135 spirituali,
744 1093 887 1127 videlicet
918 1103 974 1136 per
1005 1094 1147 1127 ministe-

38 1132 152 1175 „afflu-
184 1148 267 1181 rium
293 1147 477 1185 sacerdotis;
502 1150 533 1179 et
561 1147 620 1179 hoc
644 1146 783 1179 insinuat
806 1147 836 1179 in
860 1147 919 1180 hoc
943 1147 1027 1190 quod
1055 1148 1145 1181 dicit:

186 1200 349 1234 Ostendite
368 1209 425 1232 vos
444 1199 689 1237 sacerdotibus:
710 1200 836 1233 Levitici
853 1200 974 1233 decimo
993 1201 1145 1243 quarto³:

186 1267 204 1283 α
220 1254 273 1286 Hic
296 1256 343 1286 est
366 1252 447 1285 ritus
470 1252 603 1295 leprosi,
627 1253 682 1295 qui
707 1253 907 1287 mundandus
923 1258 987 1286 est:
1011 1254 1146 1287 adduce-

183 1311 237 1341 tur
260 1307 299 1340 ad
323 1306 516 1340 sacerdotem
533 1320 564 1338 ».
591 1306 660 1339 ideo
678 1307 881 1353 Ecclesiastici
907 1308 1057 1349 septimo:
1081 1321 1096 1336 «
1113 1308 1145 1340 ln

181 1363 247 1393 tota
269 1360 374 1393 anima
397 1363 452 1392 tua
477 1360 551 1392 time
574 1359 674 1392 Deum
691 1363 723 1392 et
746 1359 925 1393 sacerdotes
940 1360 1009 1393 eius
1032 1361 1146 1393 sancti—

182 1413 242 1446 fica
258 1427 288 1446 ».
318 1413 474 1445 «Honora
497 1413 598 1446 Deum
623 1421 664 1445 ex
689 1416 754 1445 tota
776 1412 882 1445 anima
907 1416 961 1445 tua
992 1416 1023 1445 et
1047 1412 1146 1445 hono-

182 1467 272 1500 rifica
295 1467 473 1500 sacerdotes
496 1470 528 1499 et
551 1476 713 1509 propurga
738 1470 767 1499 te
788 1475 860 1499 cum
885 1466 1023 1499 brachiis
1040 1480 1069 1498 n.
1088 1466 1145 1498 Ho-

51 1525 164 1574 5233?
182 1520 379 1553 norificentia
400 1523 506 1553 autem
532 1520 591 1552 ista
614 1522 662 1552 est
686 1528 742 1561 per
766 1519 815 1552 sui
848 1519 948 1561 ipsius
972 1519 1146 1551 accusatio-

157 1568 270 1612 ‘ne1n,
295 1573 470 1606 secundum
496 1572 574 1605 illud
598 1573 687 1605 losue
709 1572 888 1614 septimo⁴:
918 1585 934 1600 «
950 1572 1023 1611 Fili,
1048 1572 1145 1604 confi-

181 1630 249 1660 tere
272 1629 303 1660 et
326 1626 366 1659 da
396 1626 528 1669 gloriam
553 1626 618 1659 Deo
639 1640 668 1658 ιι.
694 1625 764 1658 ldeo
796 1619 999 1658 Ecclesiastici
1023 1625 1145 1658 decimo

180 1680 330 1722 septimo:
359 1692 374 1723 ς
392 1679 550 1721 Cognosce
574 1678 709 1711 iustitias
725 1681 756 1711 et
779 1678 895 1710 iudicia
919 1678 972 1710 Dei
994 1681 1026 1711 et
1049 1682 1097 1711 sta
1113 1678 1145 1711 in

180 1736 266 1766 sorte
289 1732 512 1775 propositionis
533 1735 565 1765 et
587 1731 738 1764 orationis
760 1731 903 1764 altissimi
925 1731 998 1770 Dei;
1023 1732 1055 1764 in
1073 1741 1145 1774 par-

181 1790 228 1819 tes
251 1786 329 1819 vade
352 1786 468 1819 saeculi
505 1785 601 1818 sancti
636 1794 707 1818 cum
734 1784 812 1817 vivis
839 1788 870 1817 et
893 1785 1042 1818 dantibus
1070 1794 1144 1818 con-

179 1839 345 1873 fessionem
368 1839 433 1872 Deo
450 1852 478 1871 ι».
505 1838 575 1871 Ideo
594 1837 685 1870 dicit:
713 1837 876 1870 ostendite
891 1840 968 1876 etc.;
995 1837 1145 1871 Ecclesia-

179 1893 248 1926 stici
264 1893 385 1926 decimo
401 1895 528 1925 octavo:
558 1904 573 1920 a
591 1891 624 1923 In
641 1894 783 1933 tempore
807 1890 1000 1924 infirmitatis
1016 1891 1145 1925 ostende

32 1949 160 1973 Notandum·
179 1946 448 1980 conversationem
462 1959 491 1977 ».
508 1963 554 1968 —-
569 1944 628 1986 Qui
649 1944 693 1977 sic
710 1944 778 1977 vult
798 1944 940 1977 confiteri
956 1944 1017 1977 iam
1036 1945 1145 1987 incipit

179 2000 212 2032 in
239 1999 401 2032 voluntate
429 1998 612 2037 rectificari;
646 2001 678 2031 et
708 1998 777 2031 ideo
804 1998 896 2031 dicit:
921 1999 1010 2031 Dant
1037 1998 1143 2038 irent,

179 2052 336 2085 mandati
353 2056 451 2090 sant,
469 2051 642 2084 secundum
661 2051 736 2085 illud
756 2052 868 2085 Psalmi
882 2052 912 2084 ⁵:
931 2065 946 2080 α
960 2052 1052 2084 Dixi:
1068 2052 1145 2085 Con-

179 2105 293 2138 fitebor
317 2104 484 2137 adversum
502 2113 552 2137 me
575 2104 760 2137 iniustitiam
780 2114 881 2138 meam
899 2105 1031 2138 Domino
1048 2119 1063 2134 »
1083 2109 1142 2138 etc.

167 2158 228 2191 *Ex
252 2158 312 2191 hoc
335 2157 498 2190 manifeste
521 2161 653 2199 apparet
676 2158 826 2202 efficacia
847 2157 1064 2200 consessionis
1087 2167 1143 2190 cu-

179 2212 280 2245 rantis
309 2220 433 2244 omnem
467 2211 614 2244 morbum
648 2215 745 2254 atque
777 2212 970 2254 languorem.
1007 2212 1143 2253 Apparet

179 2265 273 2298 etiam
297 2264 445 2307 diynitas
467 2265 706 2304 sacerdotalis,
730 2274 826 2307 quam
850 2264 904 2306 qui
930 2264 1101 2297 contemnit
1124 2273 1142 2296 a

178 2317 311 2351 Domino
334 2317 436 2350 sanari
462 2327 524 2351 non
549 2321 660 2360 potest.
685 2318 771 2351 Unde
788 2318 840 2350 lob
861 2317 1021 2359 trigesimo
1045 2326 1141 2359 quar-

179 2371 254 2404 to⁸:
283 2383 299 2399 α
316 2371 464 2414 Nunquid
488 2371 543 2413 qui
568 2381 631 2404 non
658 2375 741 2404 amat
765 2371 915 2404 iudicium
945 2370 1048 2403 sanari
1072 2373 1141 2411 pot-

177 2427 227 2458 est
243 2427 288 2457 u?
311 2424 446 2467 Apparet
469 2425 564 2457 etiam
588 2424 669 2457 mira
694 2423 753 2456 Dei
771 2423 898 2465 pictas,
924 2431 1004 2464 quae
1032 2431 1141 2455 omnes

178 2481 382 2511 occurrentes
412 2481 521 2517 curat,
546 2477 720 2510 secundum
752 2476 829 2508 illud
854 2475 974 2508 loannis
998 2479 1089 2508 sexto
1106 2475 1140 2507 ⁷:

183 2543 199 2560 α
215 2530 341 2570 Omnis,
366 2531 420 2573 qui
446 2530 531 2564 venit
554 2530 593 2563 ad
616 2539 684 2568 me,
701 2538 763 2562 non
779 2529 901 2562 eiiciam
926 2528 1010 2562 foras
1027 2542 1056 2561 n.
1080 2530 1139 2571 Ap-

250 2703 259 2718 ¹
281 2704 355 2730 Vers.
376 2705 400 2729 2.

250 2747 261 2762 ²
282 2749 355 2773 Vers.
374 2747 399 2773 4.
418 2752 443 2773 et
463 2748 487 2773 3.
507 2747 558 2773 Cl‘r.
578 2755 658 2780 supra
678 2755 739 2780 pag.
760 2749 825 2780 120,
845 2752 905 2775 nota
925 2751 949 2775 2.

250 2791 260 2806 ⁸
280 2792 355 2818 Vers.
372 2793 403 2823 2,
422 2791 468 2817 ubi
493 2799 542 2824 pro
566 2791 717 2819 adducetur
743 2794 821 2819 codd.
847 2795 916 2820 male
943 2794 1087 2822 adducere.
1105 2810 1140 2815 —

179 2835 297 2862 Subinde
323 2836 468 2867 allegantur
493 2836 569 2861 Eccli.
596 2836 627 2868 7,
657 2837 699 2862 31.
728 2837 819 2870 (quem
846 2839 904 2865 Vat.
923 2840 1033 2872 omittit)
1054 2844 1079 2866 et
1096 2841 1140 2866 33.

177 2878 269 2903 Glossa
282 2877 478 2905 interlinearis:
493 2878 627 2906 Ostendite
646 2887 692 2907 vos
705 2881 903 2915 sacerdotibus,
921 2884 967 2917 qui
980 2887 1041 2909 sunt
1055 2885 1139 2916 figura

177 2922 315 2948 sacerdotii
335 2923 415 2948 futuri
434 2923 458 2948 in
479 2924 591 2950 Ecclesia
612 2927 652 2958 (ex
666 2926 751 2958 Beda,
770 2928 817 2960 qui
836 2929 954 2961 sequitur
973 2929 1097 2961 August,
1111 2930 1140 2954 ΙΙ.

179 2966 228 2998 Qq.
247 2966 411 2997 Evangelior.
431 2974 457 3000 q.
479 2967 520 2993 40.
540 2975 565 2994 n.
585 2969 631 3002 3.).

250 3009 261 3023 ⁴
282 3010 357 3036 Vers.
377 3012 419 3037 19.
437 3025 473 3031 -
493 3013 644 3046 Sequuntur
663 3015 738 3041 Eccli.
760 3016 801 3048 47,
821 3016 863 3041 24.
883 3023 939 3049 seq.
958 3019 983 3042 et
1003 3017 1049 3048 ⁴8,
1069 3017 1110 3041 21.

250 3051 261 3067 ⁶
280 3054 372 3080 psalm.
392 3056 439 3088 31,
458 3056 482 3082 5.
502 3056 553 3083 Ctr.
579 3065 659 3091 supra
684 3066 745 3092 pag.
767 3060 832 3093 121,
852 3063 912 3086 nota
939 3061 964 3086 1.
987 3059 1069 3085 verba
1090 3060 1137 3084 An-

179 3097 263 3123 selmi.

249 3141 267 3166 ³.
282 3143 355 3169 Vers.
375 3145 422 3177 17,
447 3153 527 3178 quem
547 3147 605 3173 Vat.
623 3148 727 3173 omittit.
746 3161 782 3167 —
801 3148 927 3180 Superius
947 3150 1006 3179 post
1024 3146 1138 3180 lanquo-

178 3193 237 3212 rcm
256 3187 275 3212 B
294 3188 380 3214 addlt:
400 3191 521 3223 Apparet
531 3191 613 3217 etiam
626 3188 765 3218 humilitas
782 3191 947 3225 peccatoris.
968 3190 1032 3225 quia
1044 3190 1137 3217 statim

179 3229 225 3256 isti
241 3229 364 3265 iver-anu
384 3234 461 3260 losuc
481 3233 509 3266 7,
530 3233 581 3261 49.-
607 3235 652 3260 Fili
678 3235 728 3267 mi,
753 3235 786 3261 da
813 3236 924 3267 gloriam
949 3235 1062 3260 Domino
1088 3238 1136 3260 etc.

180 3273 298 3301 Subinde
317 3283 365 3308 pro
384 3284 438 3303 non
455 3279 541 3311 potest
561 3279 617 3304 Vnt.
637 3286 775 3311 perperam
792 3280 886 3312 potest.

251 3318 261 3333 ⁷
281 3319 355 3346 Vei-s.
375 3321 424 3352 37,
444 3322 490 3347 ct‘r.
508 3328 587 3353 supra
607 3329 669 3354 pag.
688 3323 753 3353 210,
772 3326 833 3348 nota
854 3323 926 3348 t.—
939 3322 1002 3349 Cod.
1022 3323 1041 3347 B
1061 3323 1136 3354 legit:

179 3362 299 3396 Apparet
317 3363 398 3390 etiam
411 3364 483 3390 mira
502 3364 551 3391 Dei
559 3366 691 3398 potestas,
715 3372 783 3399 quae
795 3368 966 3393 occurrentes
980 3367 1073 3398 curat,
1091 3361 1138 3400 qui

2104 213 2168 246 435

1210 299 1300 337 paret
1322 296 1415 328 etiam
1437 305 1478 329 ex
1503 297 1577 336 hoc,
1595 307 1713 339 quanta
1736 299 1828 332 debet
1845 308 1912 332 esse
1935 301 2040 342 pietas
2058 301 2092 333 in
2108 302 2169 333 mi-

1208 347 1326 380 nistris
1353 349 1411 381 Dei
1433 349 1472 381 ad
1489 350 1615 382 infirma
1644 352 1786 384 membra
1819 352 1953 391 Christi;
1979 354 2097 395 primae
2129 355 2166 387 ad

1209 402 1503 436 Thessalonicenses
1534 404 1645 436 ultimo
1661 405 1692 436 ⁸:
1723 418 1738 433 α
1756 406 1910 448 Rogamus
1943 416 2013 446 vos,
2038 408 2169 446 tratres,

1209 454 1411 487 consolamini
1429 455 1657 497 pusillanimes,
1676 458 1824 499 suscipite
1845 458 2001 498 infirmos,
2019 462 2170 501 patientes

1208 510 1307 540 estote
1330 507 1368 539 ad
1392 517 1510 540 omnes.
1530 508 1652 547 Videte,
1676 518 1714 542 ne
1738 511 1809 552 quis
1834 512 1950 543 malum
1969 526 1983 540 n
2013 516 2070 545 etc.
2098 513 2169 545 Pro-

1210 563 1279 602 pter
1303 560 1363 593 boc
1390 561 1496 593 divina
1511 561 1673 603 dispositio
1697 567 1791 604 caput
1815 565 2031 605 Apostolorum
2060 566 2170 598 cadere

1209 613 1370 655 permisit,
1396 617 1432 646 ut
1456 614 1486 647 in
1510 623 1569 647 suo
1592 624 1667 648 casu
1690 616 1842 655 disceret,
1867 618 2002 659 qualiter
2025 618 2094 651 aliis
2117 619 2171 651 mi-

1210 666 1309 700 sereri
1333 667 1494 700 debuisset
1507 668 1529 700 ⁹.

1300 720 1352 753 30.
1377 721 1480 761 (Vers.
1509 722 1584 762 151).
1614 722 1707 754 Unas
1731 727 1841 755 autem
1866 733 1904 755 ex
1928 724 1994 756 illis
2018 728 2075 757 etc.
2101 725 2171 757 Post
2190 731 2295 755 Secundo.
2310 731 2336 752 de

2197 758 2329 787 cemmenda-

1210 774 1405 807 curationem
1432 774 1616 808 incurabilis
1640 776 1740 808 morbi
1764 776 1810 809 vel
1834 777 2039 819 aegritudinis
2055 778 2170 810 deseri·
2204 788 2324 814 nonesta-

1210 827 1298 860 bitur
1316 827 1368 860 hic
1385 828 1523 860 secundo
1538 829 1563 848 ¹⁰
1587 829 1827 862 commendatio
1843 830 2071 872 approbabilis
2093 841 2171 873 yra-
2213 812 2311 858 unffi„

1210 880 1384 919 titudinis,
1420 882 1505 914 circa
1535 891 1630 924 quam
1663 882 1909 915 introducuntur
1946 884 2022 922 tria,
2054 884 2171 917 scilicet

1208 934 1405 980 gratiaram
1430 935 1532 974 aetio,
1557 935 1816 977 inyratitudinis
1847 937 1982 978 argatio
2015 940 2045 969 et
2067 938 2172 980 qrati-

1210 987 1339 1020 tadinis
1362 988 1571 1031 approbatio.

1301 1041 1404 1074 Primo
1427 1041 1525 1084 igitur
1549 1046 1703 1084 quantum
1727 1042 1765 1074 ad
1779 1042 1977 1083 qratiaram
2008 1044 2169 1077 actionem
2189 1050 2310 1072 Gratiarum

1210 1095 1441 1137 praemittitur:
1472 1095 1564 1128 Una-3
1588 1100 1698 1128 aute-m
1723 1105 1762 1128 ea·
1787 1096 1871 1135 illis,
1895 1102 1931 1128 ut
1963 1097 2063 1136 vidit,
2088 1099 2170 1141 qaia
2216 1080 2281 1098 πω

1208 1148 1393 1181 mandatas
1416 1153 1480 1187 est,
1507 1158 1563 1191 per
1591 1149 1834 1191 recognitionem
1867 1150 1985 1183 scilicet
2009 1151 2168 1189 beneficii;

1209 1202 1247 1234 ad
1266 1202 1418 1234 Romanos
1435 1202 1600 1234 undecimo
1613 1203 1657 1234 ¹¹:
1688 1215 1703 1230 α
1721 1202 1795 1235 Vide
1812 1211 1887 1245 ergo
1904 1203 1934 1236 in
1953 1208 1982 1236 te
1998 1204 2166 1238 bonitatem

1210 1255 1282 1294 Dei,
1307 1255 1332 1287 si
1357 1255 1569 1296 permanseris
1586 1255 1615 1287 in
1640 1255 1777 1288 bonitate
1795 1270 1824 1288 n.
1844 1275 1884 1280 —
1903 1258 2083 1300 Reqressas
2107 1264 2168 1297 est,

1209 1318 1285 1341 cum
1309 1317 1435 1350 mayna
1459 1317 1533 1340 voce
1564 1308 1788 1351 magnificans
1813 1310 1936 1349 Deam,
1963 1320 2018 1352 per
2051 1312 2168 1353 glorifi-

1209 1360 1363 1393 cationem
1387 1360 1612 1399 benefactoris,
1645 1362 1818 1394 secundum
1843 1362 1920 1395 illud
1954 1363 2067 1396 Tobiae
2091 1364 2168 1397 duo-

1209 1413 1330 1446 decimo
1344 1413 1389 1445 ¹²:
1412 1426 1426 1441 «
1445 1413 1620 1447 Benedicite
1637 1414 1736 1447 Deum
1755 1416 1831 1448 caeli
1849 1419 1880 1448 et
1896 1425 1999 1449 coram
2024 1418 2170 1450 omnibus

1209 1466 1388 1499 viventibus
1411 1466 1602 1499 confitemini
1627 1467 1685 1506 illi,
1710 1468 1785 1510 quia
1800 1468 1872 1501 ferit
1896 1469 2057 1502 vobiscum
2083 1471 2170 1503 mise-

1209 1519 1376 1552 ricordiam
1401 1528 1490 1552 suam
1507 1532 1543 1559 »;
1568 1524 1599 1553 et
1632 1521 1788 1554 Psalnius:
1820 1535 1835 1550 «
1852 1522 1989 1555 Cantabo
2021 1523 2169 1562 Domino,

1209 1573 1264 1615 qui
1289 1573 1372 1606 bona
1395 1573 1508 1606 tribuit
1532 1574 1606 1606 mihi
1626 1588 1641 1603 ι)
1662 1578 1720 1607 etc.
1841 1568 1843 1570 ¹

1299 1627 1351 1660 31.
1378 1627 1479 1669 (Vers.
1509 1629 1583 1668 16.).
1612 1629 1649 1661 Et
1672 1629 1787 1661 cecidit
1811 1629 1846 1662 in
1869 1628 1992 1672 faeiem
2016 1635 2091 1664 ante
2114 1641 2170 1673 pe·
2190 1636 2242 1657 Cum
2258 1641 2316 1665 τω·

1209 1681 1265 1714 des
1288 1681 1379 1719 eius,
1401 1681 1536 1724 qratias
1560 1692 1662 1724 ayens
1685 1683 1766 1721 ci¹³,
1792 1683 1908 1716 scilicet
1930 1693 1985 1725 per
2002 1685 2170 1718 exhibitio·
2209 1666 2284 1684 ’ΘΗΜ

1208 1745 1280 1768 nem
1298 1736 1494 1769 reverentiae
1510 1739 1541 1768 et
1557 1736 1699 1775 honoris;
1719 1736 1886 1770 Ezechielis
1903 1738 2054 1771 secundo:
2074 1753 2089 1767 a
2102 1739 2168 1772 Vidi

1209 1792 1241 1822 et
1267 1789 1363 1822 cecidi
1388 1789 1420 1821 in
1447 1789 1556 1822 faciem
1582 1798 1681 1822 meam
1707 1802 1742 1827 »ς
1768 1794 1799 1822 et
1822 1791 2020 1833 Apocalypsis
2049 1792 2167 1833 primo:

1214 1855 1229 1871 «ι
1246 1842 1325 1875 Cum
1350 1841 1495 1875 vidissem
1518 1851 1610 1880 eum,
1635 1842 1730 1875 cecidi
1755 1843 1793 1874 ad
1811 1843 1904 1884 pedes
1927 1844 1995 1876 eius
2020 1848 2167 1886 tanquam

1208 1898 1356 1928 mortuus
1371 1908 1402 1926 n.
1419 1913 1463 1918 —-
1483 1895 1521 1926 Et
1544 1893 1596 1926 hie
1619 1899 1692 1927 erat
1709 1895 1965 1935 Samaritanus,
1981 1897 2020 1929 ad
2037 1906 2167 1939 expres·
2188 1902 2334 1933 Huiusflieni-

1209 1948 1328 1981 sionem
1352 1948 1473 1990 figurae
1495 1951 1526 1979 et
1550 1947 1793 1989 significationis.
1821 1949 1879 1981 lste
1899 1949 2000 1988 enim,
2025 1951 2099 1992 quia
2115 1952 2167 1983 Sa-
2215 1932 2291 1949 mano.

1208 2002 1382 2034 maritanus
1398 2005 1428 2034 et
1452 2000 1641 2042 alienigena,
1658 2001 1812 2043 significat
1835 2002 1965 2044 gentiles
1989 2004 2026 2036 ad
2043 2005 2165 2038 cultum

1207 2054 1322 2087 Christi
1338 2053 1515 2092 redeuntes,
1532 2053 1613 2086 sicut
1625 2057 1656 2086 et
1670 2053 1721 2086 illa
1734 2054 1847 2087 mulier
1864 2055 2068 2096 Samaritana,
2085 2058 2167 2090 loan-

1207 2107 1256 2140 nis
1279 2110 1393 2148 quarto
1407 2107 1443 2138 ¹⁴.
1469 2106 1616 2148 Designat
1639 2110 1760 2145 autem,
1778 2116 1839 2140 non
1856 2108 1957 2141 solum
1975 2110 2049 2151 quia
2063 2111 2166 2152 yentz'-

1207 2160 1263 2198 lis,
1289 2168 1400 2192 verum
1425 2159 1518 2191 etiam
1535 2159 1609 2201 quia
1630 2170 1736 2198 unas;
1761 2160 1791 2193 in
1809 2170 1872 2203 quo
1897 2161 2080 2204 intelligitur
2097 2164 2166 2196 uui-

1207 2216 1254 2245 tas
1269 2212 1488 2245 ecclesiastica.
1505 2213 1591 2245 Unde
1607 2212 1731 2246 Glossa:
1754 2227 1768 2242 α
1784 2215 1869 2247 Unus
1886 2224 2048 2257 regressus
2072 2217 2166 2259 signi-

1206 2265 1278 2298 ficat
1301 2265 1397 2298 unius
1422 2265 1574 2298 Ecclesiae
1597 2266 1740 2299 devotam
1761 2267 1885 2300 Christo
1910 2269 2116 2302 humilitatem
2134 2284 2164 2302 ».

1206 2319 1239 2351 ln
1270 2318 1361 2350 cuius
1391 2317 1636 2360 designationem
1661 2319 1860 2353 Canticorum
1884 2322 2034 2354 sexto¹⁵.·
2064 2336 2078 2350 «ι
2100 2323 2163 2356 Una

1205 2375 1252 2405 est
1275 2371 1421 2404 columba
1444 2380 1561 2411 meam
1586 2376 1618 2405 et
1649 2373 1768 2414 primae
1797 2374 1835 2406 ad
1864 2374 2040 2408 Corinthios
2064 2386 2162 2408 nono:

1210 2423 1358 2457 «Omnes
1393 2424 1520 2467 quidem
1556 2429 1709 2465 currunt,
1741 2426 1794 2459 sed
1831 2436 1914 2459 unus
1949 2428 2062 2470 accipit
2093 2428 2163 2461 bra-

1206 2478 1292 2511 vium
1309 2491 1340 2510 ».
1366 2479 1496 2521 Propter
1525 2479 1583 2512 hoc
1616 2489 1699 2512 unus
1723 2480 1934 2513 introducitur
1967 2481 2017 2514 liic
2043 2491 2163 2523 regres-

1205 2539 1276 2569 sus,
1301 2530 1384 2563 sicut
1408 2531 1438 2563 in
1463 2531 1515 2564 illa
1539 2532 1740 2565 multitudine
1765 2542 1848 2565 unus
1871 2537 2017 2571 sanatur;
2044 2534 2163 2566 loannis

1204 2714 1334 2734 occursus
1354 2709 1394 2734 est
1403 2715 1452 2741 per
1463 2706 1665 2741 poenitentiam,
1685 2714 1754 2740 quae
1771 2706 1867 2740 fiwiem
1880 2713 2005 2732 aversam
2023 2706 2089 2739 facit
2102 2712 2162 2732 con·

1204 2751 1287 2784 cm-ti,·
1308 2753 1359 2778 lcr.
1377 2750 1425 2783 31,
1447 2750 1496 2778 ts.—
1515 2751 1644 2777 Converte
1664 2758 1718 2781 me,
1738 2751 1847 2776 Domine
1865 2755 1913 2776 etc.

1275 2795 1285 2810 ⁸
1308 2797 1379 2822 Vers.
1405 2796 1443 2822 14.
1462 2799 1487 2821 et
1508 2796 1550 2822 15.

1275 2839 1286 2854 ⁰
1306 2840 1456 2866 Secundum
1475 2844 1609 2865 auctorem
1630 2839 1712 2864 Serm.
1731 2838 1773 2863 79.
1795 2838 1867 2871 (alias
1890 2838 1946 2863 121.
1967 2838 1999 2863 de
2017 2838 2158 2870 Tempore)

1204 2885 1229 2910 in
1249 2885 1369 2916 Append.
1389 2885 1498 2915 August.
1517 2890 1542 2908 n.
1563 2884 1595 2913 25
1620 2878 1667 2908 cfr?
1685 2883 1747 2907 infra
1767 2889 1790 2907 c.
1815 2883 1863 2912 22,
1883 2882 1925 2908 59.
1944 2890 1997 2915 seq.
2019 2890 2042 2908 n.
2063 2883 2105 2908 70.
2125 2897 2160 2903 —

1204 2929 1262 2954 Vat.
1281 2927 1405 2954 misereri
1418 2928 1510 2960 posset
1527 2928 1607 2960 atque
1622 2926 1733 2952 deberet.

1275 2971 1297 2986 ¹⁰
1316 2971 1368 2997 Csr.
1387 2977 1466 3001 supra
1486 2976 1509 2995 n.
1531 2971 1579 3000 22,
1600 2968 1644 2994 ubi
1662 2970 1767 2994 *melius
1792 2969 1842 2994 sic:
1868 2969 2026 3003 approbata)
2049 2971 2161 3004 yratitn-

1203 3015 1272 3042 dinis·
1292 3013 1517 3041 commendabilis.
1538 3027 1572 3031 —
1591 3014 1698 3039 Inferius
1718 3021 1766 3045 pro
1785 3013 1894 3046 aryntio
1919 3014 1976 3039 Vat.
1994 3015 2159 3049 increpata),-

1203 3060 1273 3085 idem
1293 3058 1402 3084 recurrit
1422 3058 1484 3083 intra
1506 3065 1530 3083 n.
1549 3058 1591 3083 32.
1981 3059 1999 3073 11
2024 3061 2096 3085 γρΙ-ς,
2117 3062 2159 3086 :22¹

1274 3102 1295 3116 ¹²
1316 3102 1391 3127 Vers.
1413 3102 1442 3132 6,
1462 3105 1519 3133 post
1541 3109 1619 3134 quem
1640 3101 1679 3127 rs.
1704 3102 1746 3133 12,
1767 3102 1790 3126 6.

1274 3145 1295 3160 ¹⁵
1317 3137 1426 3177 Vulgata
1452 3149 1477 3171 et
1501 3146 1520 3170 ll
1546 3146 1667 3171 omittunt
1691 3144 1731 3176 ei,
1751 3146 1822 3178 quod
1849 3150 1936 3172 tamen
1956 3147 2059 3172 exhibet
2077 3151 2160 3173 textus

1201 3191 1316 3216 Graecus
1336 3186 1510 3225 (εὐχαριστῶν
1530 3186 1621 3222 alardi).
1640 3202 1676 3208 —
1695 3190 1750 3215 Duo
1773 3197 1846 3223 seqq.
1872 3191 1920 3216 loci
1940 3195 1999 3216 sunt
2019 3192 2107 3217 ezel-li.
2129 3193 2158 3222 2,

1203 3234 1226 3258 Ἰ.
1245 3237 1270 3259 et
1289 3234 1370 3265 Apoc.
1393 3235 1415 3264 l,
1437 3233 1480 3265 ¹7,
1500 3234 1525 3258 in
1546 3240 1599 3265 quo
1618 3233 1695 3259 codd.
1715 3234 1837 3260 omittunt
1857 3241 1927 3260 euin.

1274 3277 1295 3291 ¹⁴
1316 3278 1389 3303 Vers.
1403 3277 1427 3302 7.
1442 3284 1516 3310 seqq.
1528 3290 1564 3296 —
1577 3277 1666 3303 Glossa
1680 3285 1735 3310 seq.
1755 3282 1793 3303 est
1807 3277 1949 3304 ordinaria
1963 3280 2003 3312 (ex
2023 3279 2112 3312 neda).
2124 3293 2158 3298 -

1203 3321 1258 3347 Vat.
1279 3322 1373 3347 omittit
1392 3320 1519 3354 Desiynat
1538 3323 1655 3347 autem...
1677 3321 1765 3348 unitas
1785 3321 1970 3349 eccles-lustau.

1273 3365 1295 3380 ¹⁶
1316 3365 1388 3391 Vers.
1409 3366 1438 3396 8,
1458 3365 1499 3391 cui
1518 3365 1686 3397 subiungitur
1705 3367 1721 3392 l.
1741 3366 1801 3392 Cor.
1821 3367 1849 3398 9,
1869 3366 1911 3392 26.
