2476 3921
143 688 174 709 De
185 687 293 709 membris.

144 1224 175 1246 De
189 1223 291 1245 articulis.

143 1950 223 1972 Divisio
231 1956 294 1976 gene-

157 1977 207 1998 ralis
222 1977 244 1998 iu
259 1978 271 1998 2

178 2006 257 2031 partes.

155 2198 237 2220 Primae
248 2204 294 2225 par-

146 2226 173 2246 tis
188 2225 263 2246 divisio
274 2225 295 2245 iu

146 2252 188 2272 duo
194 2251 295 2272 membra.

308 301 372 332 610

307 388 354 416 sed
376 387 495 416 tristitia
516 386 613 425 vestra
634 386 762 415 vertetur
783 386 811 414 in
832 385 967 421 gaudium
982 395 1010 419 »ς
1031 383 1176 412 Ezechiel:
1197 394 1211 408 α
1225 383 1264 411 Si·

305 445 362 472 gna
385 436 457 464 thau
477 444 562 471 snper
579 435 701 464 frontem
722 435 846 463 virorum
868 433 1040 470 gementium
1061 433 1090 461 et
1110 431 1264 461 dolentium

307 493 391 520 super
405 484 514 513 cunctis
528 483 799 516 abominationibus,
814 491 885 518 quae
907 481 982 510 fiunt
1001 482 1030 509 in
1052 481 1141 509 medio
1162 481 1221 508 eius
1235 490 1264 513 »3

306 533 335 562 et
354 533 444 561 infra:
471 544 485 557 (ι
500 531 616 561 0111110111
637 532 748 565 autem,
770 540 856 567 super
876 539 957 566 quem
972 529 1103 558 videbitis
1125 529 1214 564 thau,
1229 536 1264 556 ne

306 578 480 611 occidatis».

387 631 434 659 15.
456 630 587 666 Amplius
600 629 832 658 considerandum
842 650 849 663 ,
864 628 937 664 quod
951 627 1019 656 dicit
1033 626 1134 655 Glossa
1146 625 1167 660 ¹,
1188 637 1202 651 α
1212 625 1264 653 La-

306 680 493 709 mentationes
512 680 646 708 Ieremiae
667 679 791 707 membro
822 677 902 713 patet
927 676 1063 706 orationis
1083 675 1202 703 maxime
1223 674 1265 702 di-

307 730 429 766 stingui,
451 729 496 757 vel
526 728 664 757 dissoluto
694 727 856 756 colorari».
877 725 1015 754 Membra
1041 724 1136 752 autem
1163 722 1264 751 Latine

308 778 410 806 Graece
430 777 562 805 dicuntur
583 776 662 811 cola,
684 776 729 804 vel
750 776 911 809 commata,
932 774 999 809 quia
1013 773 1158 800 commata
1171 771 1264 799 dicun-

308 827 356 854 tur
376 826 570 854 distinctiones
590 825 724 858 maiores,
746 832 816 859 quas
847 823 957 851 Tullius
969 820 980 836 ²
1002 821 1115 857 proprie
1134 820 1265 848 membra

308 875 450 911 appellat,
462 874 540 903 verbi
549 873 644 909 gratia
653 870 678 901 ¹¹2
699 884 713 898 α
724 870 941 907 Dereliquerunt
955 870 1121 903 Dominum,
1135 868 1265 904 blasphe-

308 923 458 952 maverunt
487 922 616 951 sanctum
647 921 754 954 Israel,
785 919 938 948 abalienati
966 918 1034 946 sunt
1062 917 1217 946 retrorsum
1236 927 1264 943 »-

307 972 495 1000 Membrorum
515 979 581 999 vero
601 978 689 998 unum
709 969 745 997 ab
765 969 821 997 alio
842 967 936 1003 excipi
955 967 1073 1000 dicitur⁷
1088 965 1201 1001 quando
1215 973 1265 1000 per

309 1028 426 1056 sequens
463 1019 536 1055 quod
567 1017 721 1054 praecessit
751 1016 908 1052 explicatur
939 1016 983 1044 vel
1014 1014 1185 1049 ampliatum
1217 1014 1266 1049 qui

308 1069 440 1101 ornatus,
461 1067 589 1103 quamvis
610 1066 739 1095 constare
760 1065 852 1100 possit
872 1073 905 1092 ex
919 1064 1027 1092 duobus
1041 1062 1191 1096 membris,
1206 1070 1265 1090 suc-

307 1118 410 1145 cessive
431 1116 525 1144 tamen
546 1115 658 1144 constat
679 1123 712 1142 ex
732 1113 840 1147 tribus⁷
862 1113 896 1141 ut
916 1112 984 1141 dicit
1005 1112 1115 1140 Tullius
1129 1127 1169 1131 —-
1183 1110 1212 1139 et
1226 1111 1266 1139 sic

307 1165 350 1193 est
363 1165 434 1193 liber
447 1164 492 1192 hic
506 1163 664 1198 descriptus
675 1178 715 1182 —
725 1163 773 1198 qui
784 1162 813 1190 et
825 1161 967 1191 articulos
982 1160 1064 1189 vocat
1078 1160 1152 1196 quod
1167 1159 1266 1188 Graeci

306 1214 386 1248 cola‚·
406 1213 534 1249 quamvis
554 1212 638 1240 colon
658 1211 813 1239 membrum
842 1210 895 1244 sit,
918 1209 1063 1238 articulus
1088 1208 1184 1237 autem
1205 1208 1264 1243 est,

1021 294 1217 328 EXPOSlTlO
1240 292 1473 327 THRENORUM
1497 292 1529 324 C.
1555 291 1576 324 1.

1328 381 1439 417 quando
1460 380 1574 416 singula
1595 379 1681 407 verba
1702 379 1823 415 singulis
1843 378 2004 408 intervallis
2018 379 2243 417 distinguuntur,
2258 380 2292 409 ut

1327 430 1387 458 hic:
1415 440 1429 454 α
1443 429 1614 462 Ammonia,
1629 436 1705 462 voce,
1719 428 1803 457 vultu
1817 428 1995 457 adversarios
2009 429 2226 464 perterruisti».
2241 429 2292 458 Ta-

1327 478 1402 507 libus
1423 478 1512 513 igitur
1532 477 1686 505 maioribus
1708 477 1858 505 sententiis
1877 477 1949 505 liber
1969 477 2024 505 iste
2045 477 2201 512 deducitur,
2216 486 2292 507 nunc

1327 526 1520 556 coniunctione
1541 526 1688 559 connexis,
1710 534 1786 554 nunc
1816 533 1883 555 vero
1913 526 2089 562 frequentius
2110 527 2170 555 sine
2190 527 2292 563 copula

1327 575 1418 604 media
1439 575 1492 603 sibi
1512 574 1684 608 coniunctis;
1705 574 1780 610 quod
1800 574 1973 611 intelligitur
2003 575 2033 603 in
2060 575 2152 604 colore
2173 575 2291 604 dissolu-

1327 624 1412 652 tionis
1421 645 1428 657 ,
1450 624 1532 659 quia,
1547 622 1581 651 ut
1594 622 1662 651 dicit
1675 623 1786 651 Tullius
1800 624 1830 651 in
1844 623 1945 652 ultimo
1965 623 2132 652 Rhetoricae
2141 624 2161 658 ‚'
2174 635 2189 649 α
2203 624 2292 653 disso-

1329 672 1401 701 lutio
1422 672 1482 705 est,
1504 680 1591 707 quae,
1612 672 1856 701 coniunctionibus
1883 672 2034 701 verborum
2054 681 2069 701 e
2089 673 2179 702 medio
2200 673 2293 701 subla-

1328 721 1382 754 tis,
1404 720 1546 756 separatis
1567 720 1698 756 partibus
1718 720 1840 749 efficitur
1853 733 1883 749 a.

1409 768 1457 797 16.
1478 769 1552 797 Huic
1571 769 1667 797 autem
1688 770 1767 805 operi
1784 769 1854 798 haec
1866 768 1966 798 littera
1979 770 2009 798 in
2023 769 2192 805 quibusdam
2211 769 2294 798 libris

1327 817 1489 854 anteposita
1509 818 1671 852 invenitur,
1693 827 1764 854 quae
1786 818 1882 847 tamen
1902 827 1960 847 non
1980 818 2024 847 est
2044 819 2078 847 de
2097 818 2218 848 veritate
2237 818 2294 848 tex-

1328 867 1390 895 tus:
1412 867 1457 895 Et
1475 865 1588 900 factum
1607 868 1666 903 est,
1681 868 1843 903 postquam
1872 867 1906 895 in
1936 867 2135 903 captivitatem
2155 868 2292 897 redactus

1327 917 1371 944 est
1391 915 1504 951 Israel,
1519 917 1547 944 et
1566 915 1731 944 Ierusalem
1752 916 1865 944 deserta
1885 917 1943 952 est,
1963 916 2039 944 sedit
2058 916 2201 945 Ieremias
2221 916 2294 952 flens

1328 965 1356 993 et
1369 964 1493 1000 planxit
1514 964 1722 993 lamentatione
1742 965 1798 993 hac
1817 965 1852 993 in
1872 964 2037 994 Ierusalem
2060 966 2089 993 et
2115 963 2212 993 dixit⁴
2239 965 2293 994 etc.

1327 1030 1369 1034 -—
1388 1013 1536 1042 Reductus
1557 1014 1600 1042 est
1629 1013 1745 1050 Israel,
1776 1014 1915 1050 quantum
1946 1014 1983 1042 ad
2009 1014 2102 1043 decem
2133 1014 2243 1049 tribus;
2266 1015 2295 1043 et

1328 1062 1492 1090 Ierusalem
1512 1062 1625 1090 deserta
1645 1063 1703 1098 est,
1724 1063 1864 1098 quantum
1884 1063 1920 1091 ad
1941 1063 2012 1092 duas
2032 1063 2142 1098 tribus;
2156 1064 2232 1093 sedit
2245 1063 2294 1092 Ie-

1328 1111 1436 1139 remias
1458 1111 1530 1145 flens
1539 1133 1547 1147 ‚
1568 1111 1598 1139 in
1618 1111 1745 1140 sessione
1759 1109 1863 1142 doloris
1876 1112 2055 1141 vehementia
2068 1112 2097 1141 et
2111 1112 2292 1147 continuitas,

1330 1160 1403 1188 sicut
1424 1160 1476 1188 Iob
1497 1160 1596 1188 sedens
1616 1160 1647 1188 in
1669 1160 1856 1196 sterquilinio.
1875 1161 1920 1189 Et
1940 1161 2066 1197 planxit
2086 1161 2293 1190 lamentatione

1330 1209 1386 1237 hac
1406 1209 1440 1237 in
1460 1207 1626 1237 Ierusalem
1646 1210 1674 1236 et
1692 1209 1802 1238 eiulans
1823 1209 1899 1238 dixit
1919 1209 1972 1238 etc.

844 1481 1061 1554 INCIPIT,
1080 1480 1367 1530 EXPOSITIO
1400 1480 1757 1529 THRENORUM.

1196 1765 1364 1794 0111101011
1384 1765 1410 1794 Ι.

387 1895 415 1924 1.
436 1896 536 1924 Modus
558 1895 653 1924 autem
685 1894 851 1931 procedendi
879 1894 908 1923 et
939 1895 1038 1923 divisio
1066 1894 1151 1923 huius
1172 1895 1265 1930 operis

307 1945 387 1981 patet
407 1946 455 1973 sic.
487 1944 604 1980 Plangit
632 1944 705 1972 0111111
732 1944 762 1972 111
793 1943 902 1972 duobus
924 1944 1022 1979 primis
1048 1943 1209 1979 alphabetis
1230 1943 1266 1971 ad

306 1994 432 2022 litteram
446 1993 592 2028 dispendia
613 2001 773 2029 synagogae
793 1992 822 2020 et
843 1992 960 2028 mystice
981 1992 1121 2029 Ecclesiae
1141 1993 1173 2020 in
1185 2000 1266 2028 qene-

306 2042 383 2077 rali;
404 2042 538 2075 secundo,
561 2049 746 2077 personarum
767 2041 904 2069 maiorum
924 2041 958 2069 in
987 2040 1110 2076 speciali
1130 2041 1160 2069 in
1181 2040 1266 2069 tertio

308 2092 336 2120 et
357 2092 459 2127 quarto
474 2090 574 2126 capite.

388 2141 423 2169 In
444 2141 542 2176 primis
573 2140 668 2168 autem
699 2140 807 2169 duobus
835 2139 996 2168 differenter
1028 2138 1162 2174 procedit.
1190 2138 1269 2167 Sicut

308 2190 381 2218 enim
402 2190 431 2217 in
446 2190 565 2225 peccato
586 2189 640 2217 (1110
661 2188 743 2217 sunt:
766 2189 913 2217 conversio
934 2188 970 2217 ad
990 2188 1096 2217 bonum
1116 2188 1268 2217 commuta-

310 2238 364 2266 bile
386 2238 414 2266 et
434 2238 546 2266 aversio
568 2246 584 2265 a
615 2237 687 2266 bono
718 2237 957 2271 incommutabili3
978 2237 1020 2265 ita
1041 2246 1055 2266 e
1076 2237 1219 2266 contrario
1238 2237 1269 2265 in

306 2295 403 2322 poena
433 2288 487 2315 duo
518 2288 586 2315 sunt
616 2286 661 2314 his
688 2286 951 2322 correspondenffia,
984 2286 1090 2314 scilicet
1118 2285 1269 2322 flayellum

309 2335 444 2365 sensibile
463 2335 561 2364 contra
582 2336 789 2363 conversionem
816 2335 845 2363 et
874 2335 990 2370 cratiae
1014 2335 1176 2363 subtractio
1207 2342 1269 2362 con-

311 2385 357 2412 tra
378 2385 560 2412 aversionem.
582 2383 708 2411 Primum
729 2383 859 2418 deplorat
880 2384 908 2411 in
930 2384 1021 2418 primo
1041 2382 1211 2419 alphabeto,
1227 2391 1270 2410 se-

311 2433 429 2461 cundum
451 2433 481 2460 in
502 2431 621 2460 secundo
648 2431 788 2466 capitulo,
809 2431 862 2459 ibi:
889 2431 1037 2468 Quomodo
1055 2431 1171 2461 ,obtexit
1198 2431 1271 2459 cali-

148 2489 207 2513 nem,
223 2489 299 2510 divisio
309 2482 385 2518 yinc.
405 2497 445 2502 --
465 2481 597 2516 Amplius
619 2481 812 2516 privilegiatae
834 2489 968 2516 personae
990 2481 1034 2509 vel
1056 2480 1124 2509 sunt
1144 2481 1270 2516 insignes

172 2516 277 2569 afflare
312 2531 420 2559 ratione
441 2530 622 2564 sanctitatis,
645 2529 689 2557 vel
710 2529 819 2557 ratione
840 2529 993 2565 diynitatis
1008 2538 1057 2558 seu
1070 2529 1269 2564 aucton'tatis3

165 2775 257 2795 Primum
273 2776 301 2796 al-

176 2802 290 2828 phabeturn

162 2828 297 2858 quintuplici-

153 2856 186 2874 ter
200 2855 309 2875 diffiditur.

313 2579 523 2607 tribulationem
544 2579 668 2606 virorum
688 2579 855 2606 sanctorum
875 2578 1050 2607 lamentatur
1071 2579 1100 2607 in
1122 2578 1207 2607 tertio
1228 2578 1271 2606 al-

315 2628 449 2663 phabeto,
482 2627 692 2655 tribulationem
723 2628 882 2662 maiorum,
914 2628 1013 2663 utpote
1041 2628 1219 2661 clericorum,
1241 2628 1271 2656 in

315 2675 431 2711 quarto,
454 2676 504 2703 ibi:
531 2675 675 2711 Quomodo
698 2676 881 2704 obscuratum
902 2677 945 2704 est
965 2685 1082 2704 aurum.

396 2725 431 2753 In
452 2725 541 2759 primo
562 2724 713 2759 alphabeto
734 2724 802 2752 sunt
822 2726 943 2760 quinque
965 2725 1072 2760 partes.
1087 2725 1183 2753 Primo
1198 2726 1271 2753 enim

317 2773 449 2808 deplorat
476 2780 641 2808 synayoyae
672 2774 699 2800 et
729 2773 878 2801 Ecclesiae
903 2773 1125 2807 clesolationem;
1153 2770 1272 2801 secundo

315 2821 411 2849 subdit
432 2820 618 2848 desolationis
643 2822 801 2856 rationem,
823 2822 874 2849 ibi:
900 2822 1060 2849 Peccatum
1076 2822 1209 2856 peccavit
1229 2821 1272 2849 Ie-

316 2869 460 2903 rusalem,·
480 2869 564 2897 tertio
596 2869 734 2904 implorat
748 2870 888 2905 pietatem
908 2879 1080 2906 supernam,
1102 2870 1156 2898 ibi:
1185 2869 1271 2905 Vide,

317 2918 457 2952 Domine,
481 2918 667 2952 afflictionem
681 2927 790 2952 meam;
805 2920 906 2954 quarto
922 2920 1029 2947 excitat
1043 2919 1273 2954 compassionem

316 2974 488 3001 supernam,
510 2966 562 2994 ibi:
591 2965 614 2994 Ο
634 2974 683 2994 vos
704 2975 817 3002 omncs;
838 2967 936 3003 quinto
964 2970 1067 2996 contra
1088 2967 1272 2996 adversarios
1302 2955 1306 2993 Ι

1329 1894 1437 1923 excitat
1457 1894 1515 1922 Dei
1535 1893 1783 1930 indiynationem,
1805 1893 1857 1922 ibi:
1886 1893 1972 1929 Vide,
1994 1893 2138 1929 Domine,
2153 1893 2295 1929 quoniam

1331 1943 1469 1972 tribulor.

1411 1992 1447 2020 In
1468 1992 1560 2027 prima
1582 1991 1664 2027 parte
1686 1992 1776 2028 primo
1799 1992 1980 2020 lamentatur
2010 1991 2137 2020 civitatis
2168 1992 2296 2027 depopu-

1332 2041 1488 2075 lationem;
1508 2040 1643 2074 secundo,
1660 2041 1841 2069 Iudaeorum
1860 2041 2152 2077 transmiqrationem
2166 2041 2194 2069 et
2206 2040 2296 2075 capti-

1330 2090 1474 2117 vationem
1486 2088 1515 2117 ⁵:
1536 2089 1685 2125 Miqravit
1704 2089 1808 2118 Iudas.
1829 2105 1870 2111 —
1890 2089 1926 2118 In
1947 2089 2127 2118 describendo
2141 2089 2297 2124 depopula-

1333 2139 1455 2174 tionem,
1477 2138 1523 2166 vel
1544 2138 1725 2167 deiectionem
1746 2139 1837 2174 primo
1858 2138 1992 2167 describit
2007 2138 2148 2167 damnum
2171 2138 2297 2167 civitatis

1332 2188 1361 2216 et
1383 2187 1557 2222 laesionem;
1578 2187 1676 2216 deinde
1697 2187 1912 2223 consequentem
1927 2187 2150 2216 desolationem:
2164 2187 2297 2216 Plorans

1328 2236 1470 2272 ploravit.
1491 2253 1532 2257 —
1552 2236 1753 2272 Depopulatio
1774 2236 1870 2264 autem
1891 2237 1950 2265 eius
1971 2236 2000 2265 et
2020 2236 2135 2265 deiectio
2164 2236 2244 2272 patet
2264 2245 2298 2265 ex

1333 2285 1441 2313 tribus:
1462 2294 1495 2313 ex
1516 2285 1628 2320 perdita
1648 2285 1852 2321 multitudine,
1876 2293 1927 2320 pro
1949 2293 2005 2321 qua
2034 2285 2116 2313 dicit:
2149 2284 2297 2322 Quomodo

1333 2334 1428 2368 sedet;
1449 2342 1482 2362 ex
1514 2333 1625 2369 perdita
1652 2332 1839 2368 fortitudine,
1866 2341 1918 2368 pro
1939 2341 1995 2369 qua
2015 2333 2097 2361 dicit:
2126 2334 2225 2361 Facta
2256 2334 2298 2361 est

1334 2382 1438 2417 quasi‚·
1458 2382 1526 2410 item
1548 2390 1581 2410 ex
1602 2381 1713 2417 perdita
1735 2381 1891 2409 altitudine
1919 2381 1964 2409 vel
1995 2381 2148 2417 dignitate,
2169 2390 2221 2417 pro
2241 2390 2298 2417 qua

1334 2430 1416 2459 dicit:
1438 2431 1584 2466 Princeps
1599 2430 1834 2466 provinciarum.

1415 2480 1443 2507 2.
1466 2479 1560 2516 (Vers.
1588 2478 1639 2515 1.).
1671 2479 1780 2507 ALEPH.
1810 2478 1885 2507 Dicit
1911 2487 1993 2515 ergo:
2027 2478 2184 2515 Quomodo.
2216 2478 2296 2518 Quod

1334 2528 1430 2556 autem
1451 2527 1646 2563 praemittitur
1667 2528 1696 2555 in
1718 2527 1885 2562 quibusdam
1916 2527 2012 2555 libris:
2035 2527 2079 2555 Et
2105 2526 2217 2561 faetwm
2237 2529 2294 2563 est,

1330 2577 1491 2612 postquam
1512 2576 1544 2604 in
1564 2576 1762 2611 captivitatem
1776 2575 1910 2604 redactus
1925 2577 1968 2604 est
1981 2575 2079 2604 Israel
2093 2575 2160 2609 010,
2175 2583 2232 2604 11011
2253 2575 2297 2604 est

1335 2626 1368 2654 de
1383 2626 1478 2659 textu,
1493 2625 1527 2654 ut
1541 2626 1646 2654 dictum
1661 2625 1721 2658 est,
1743 2626 1772 2653 in
1793 2625 1919 2661 antiquis
1940 2625 2036 2659 libris,
2059 2625 2092 2653 ut
2105 2625 2135 2653 in
2149 2624 2295 2661 glossatis.

1335 2675 1409 2703 Huic
1419 2683 1486 2710 ergo
1497 2675 1591 2702 versui
1606 2674 1801 2709 praemittitur
1814 2674 1913 2702 littera
1928 2673 2026 2709 Aleph
2038 2672 2058 2708 ⁶,
2074 2682 2145 2709 quae
2159 2673 2296 2709 interpre-

1336 2723 1416 2751 tatur
1430 2723 1581 2757 doctrina‚·
1596 2723 1669 2758 quod
1683 2723 1832 2758 dupliciter
1847 2722 1883 2751 ad
1898 2722 2044 2758 sequentia
2065 2722 2163 2750 referri
2184 2722 2294 2757 potest:

1336 2773 1401 2807 quia
1422 2771 1548 2805 defectus
1576 2772 1725 2799 doctrinae
1756 2780 1841 2799 causa
1873 2771 1927 2799 fuit
1960 2771 2150 2799 subversionis
2182 2771 2295 2807 populi;

1337 2820 1453 2855 propter
1474 2820 1548 2856 quod
1579 2820 1738 2856 praemittit
1766 2820 1879 2856 Aleph‚
1910 2820 2029 2848 hortans
2049 2820 2176 2848 homines
2203 2819 2294 2848 atten-

1336 2869 1400 2896 dere
1432 2869 1555 2904 pericula
1583 2878 1635 2897 sua
1666 2869 1848 2905 multiplicia,
1881 2877 1916 2896 ne
1947 2868 2102 2902 fallantur3
2131 2868 2204 2896 unde
2236 2869 2295 2897 Isa-

1336 2917 1379 2945 ias
1392 2916 1417 2944 ⁷:
1452 2928 1465 2941 «
1480 2917 1635 2952 Propterea
1671 2917 1802 2953 captivus
1838 2917 1939 2945 ductus
1971 2917 2015 2945 est
2046 2917 2168 2952 populus
2199 2925 2293 2950 meus,

1336 2974 1367 2995 00
1389 2966 1461 3001 quod
1486 2974 1541 2994 non
1566 2966 1667 2995 habuit
1689 2967 1834 2995 scientiam
1850 2978 1879 2994 ».
1904 2965 1993 2999 Item,
2023 2966 2088 3002 quia
2116 2974 2228 2995 errores
2256 2967 2296 2994 eis

390 3138 396 3152 ¹
418 3139 477 3164 Seil.
496 3138 656 3170 Opusculum
677 3140 781 3165 Gilberti
803 3141 858 3170 (csr.
877 3149 957 3173 supra
978 3149 1037 3174 pag.
1059 3143 1123 3173 609,
1144 3145 1202 3167 nota
1225 3142 1269 3174 6.).

318 3188 351 3191 —
374 3175 436 3198 inu-a
457 3177 515 3204 post
534 3174 651 3200 membro
673 3175 730 3200 Vat.
750 3176 843 3201 omittit
858 3179 940 3209 patet.

389 3208 398 3222 ²
419 3209 464 3234 llic
483 3212 508 3233 ct
527 3209 579 3234 duo
600 3210 661 3234 iutra
681 3218 755 3242 seqq.
780 3212 828 3236 loci
855 3212 932 3237 Tullii
958 3212 1085 3239 habentur
1104 3213 1145 3238 lV.
1165 3213 1271 3238 Rhetor.

318 3244 350 3269 ad
371 3244 463 3269 lieren.
483 3252 505 3269 c.
529 3245 567 3274 19,
588 3244 630 3269 ubi
651 3248 676 3270 et
695 3246 789 3271 verba:
808 3247 958 3272 Acrimoniu
978 3252 1026 3273 etc.

390 3278 399 3292 ³
420 3279 474 3304 lsai.
498 3280 520 3309 1,
542 3279 569 3311 4,
591 3280 634 3305 ubi
657 3281 711 3306 Vat.
731 3282 825 3307 omittit
845 3282 938 3308 lsrael.

382 3314 399 3352 *⁴
419 3315 467 3339 l'ro
487 3313 557 3352 diarii
574 3317 620 3341 etc.
649 3316 669 3340 Α
694 3315 762 3341 dirzt
781 3318 804 3342 et
822 3317 910 3350 sactus
929 3320 982 3349 est,
999 3320 1145 3352 postquam
1173 3317 1270 3345 ductus

319 3351 357 3375 est
376 3356 403 3374 tn
423 3349 601 3382 cuptivzcatem
621 3351 722 3383 lsrael,·
742 3352 760 3376 B
779 3351 862 3378 dizit:
884 3354 986 3379 Ductus
1006 3355 1046 3379 est
1064 3353 1157 3380 lsrael.

357 3420 361 3424 .
389 3384 437 3424 ‘⁵‘ss
456 3384 642 3418 captivitatem.
664 3400 698 3405 -—
718 3387 782 3412 infra
804 3388 859 3413 Vat.
878 3388 920 3414 vet
939 3388 1143 3415 deserlotionem
1162 3396 1210 3421 pro
1230 3388 1271 3415 vel

319 3419 495 3451 detectionem,
516 3421 574 3445 dein
594 3420 760 3454 dispendium
781 3422 893 3449 civitatis
913 3431 960 3455 pro
980 3424 1112 3450 claranum
1141 3424 1269 3456 civitati-3,

319 3456 432 3488 denique
451 3458 475 3482 et
492 3455 607 3483 disiectio
627 3464 675 3488 pro
694 3459 718 3483 et
736 3457 849 3485 deiectio.
1069 3458 1073 3462 '

1406 3140 1417 3155 ‘³
1437 3141 1614 3172 luterprclatio
1629 3141 1707 3165 liuius
1717 3140 1816 3165 litterae
1829 3143 1854 3165 et
1867 3143 2013 3165 ceterarum
2028 3139 2158 3171 alphabeti
2174 3138 2294 3164 Hebraici

1337 3176 1446 3201 liabetur
1465 3176 1534 3207 apud
1557 3175 1692 3201 {labanum
1712 3179 1737 3200 et
1764 3175 1930 3200 paschasium
1961 3175 1985 3200 in
2014 3174 2067 3200 citt.
2096 3175 2295 3200 Commentariis

1335 3212 1463 3244 aliosque,
1476 3212 1635 3243 ,praesertim
1657 3211 1681 3236 in
1701 3211 1798 3236 Glossis
1817 3209 2051 3241 interlinearibus‚
2074 3213 2100 3235 et
2119 3213 2221 3235 sumtae
2235 3213 2295 3235 sunt

1335 3254 1364 3272 cx
1384 3248 1512 3279 opusculo
1533 3247 1691 3277 Hieronymo
1711 3245 1824 3276 tributo,
1843 3246 1877 3271 de
1903 3245 2001 3278 quibus
2030 3246 2076 3270 etr.
2106 3246 2292 3277 Prolegomena

1336 3282 1427 3307 nostra*
1442 3289 1464 3308 c.
1483 3283 1509 3307 2.
1528 3283 1543 3313 g
1564 3282 1587 3306 4.
1606 3295 1642 3300 —
1661 3281 1788 3312 Superius
1809 3281 1867 3306 vat.
1886 3287 1941 3306 non
1960 3282 1999 3306 est
2022 3280 2049 3306 in
2069 3279 2196 3314 ylossotis
2216 3279 2292 3306 libris

1334 3324 1382 3343 nec
1401 3319 1440 3343 est
1458 3317 1489 3343 de
1508 3319 1584 3343 teuta
1603 3316 1630 3342 in
1650 3316 1782 3349 antiquis,
1803 3318 1832 3342 ut
1851 3317 1953 3342 tactum
1972 3317 2019 3342 est.
2049 3316 2139 3341 Nostra
2161 3316 2234 3341 lectio
2254 3319 2294 3341 est

1335 3354 1361 3378 in
1381 3354 1410 3383 Β,
1431 3353 1471 3378 cui
1491 3360 1521 3378 ex
1541 3355 1615 3384 parte
1634 3352 1792 3383 suflragetur
1812 3352 1841 3376 A.
1964 3375 1967 3377 ,

1406 3387 1415 3402 ⁷
1429 3388 1491 3420 Cap.
1511 3389 1541 3420 5,
1567 3388 1605 3413 13.
1625 3387 1747 3419 Sequitur
1768 3387 1813 3412 ler.
1834 3387 1881 3418 23,
1905 3386 1948 3419 15,
1962 3386 2003 3412 cui
2017 3385 2179 3412 subnectitur
2194 3386 2292 3411 Threu.

1339 3424 1365 3453 1,
1388 3424 1430 3448 19.

2320 770 2351 792 De
2364 771 2433 802 y'erbis

2306 799 2375 819 lenm
2387 801 2442 821 anlo-

2308 824 2439 847 cedentibus.

2312 1022 2436 1051 Explicatio.

2315 2001 2399 2024 Primae
2413 2007 2458 2030 par⁴>
2466 2011 2476 2027 1.

2310 2029 2338 2050 us
2353 2029 2374 2050 1.
2388 2029 2476 2056 alphaaer

2331 2055 2377 2077 heti
2390 2058 2434 2077 tres
2465 2062 2476 2075 ν·

2323 2082 2448 2104 subdivisio-

2359 2114 2408 2131 nes.

2335 2491 2417 2516 Primo,
2433 2489 2463 2520 (10·

2314 2517 2392 2539 damno
2410 2515 2476 2540 civi-l:

2314 2544 2365 2566 tatis
2392 2542 2476 2571 tripli-ff

2315 2571 2377 2593 citer.
2474 2577 2476 2583 ·

2315 2682 2346 2704 De
2359 2681 2431 2704 littera

2334 2709 2412 2736 Aleph.
