2476 3921
156 799 240 825 Figura.

94 1012 153 1036 Item,
161 1011 187 1033 ab
193 1011 244 1033 adu-

125 1039 211 1060 latione.

269 278 330 309 112
866 275 1058 308 COMMENT.
1084 276 1120 308 ΙΝ
1144 276 1382 309 EVANGELIUM
1406 277 1522 309 LUCAE
1548 277 1578 309 C.
1606 278 1639 309 V.

266 368 358 401 tertio
373 369 400 399 ¹:
423 380 437 395 «
456 366 558 398 Inveni
585 374 678 407 quem
703 364 803 406 diligit
823 365 926 397 anima
943 373 1028 396 mea:
1046 364 1131 396 tenui
1149 373 1221 397 eum

265 430 321 453 nec
345 421 496 453 dimittam
515 432 531 448 »
559 422 616 451 etc.
635 418 695 451 Nec
712 418 828 450 mirum
840 444 847 456 ,
872 418 961 460 quia,
980 417 1221 449 proverbiorum

264 475 374 513 tertio,
404 487 418 502 «
443 473 561 515 lignum
594 472 675 504 vitae
710 474 758 504 est
786 471 835 503 his
866 471 921 512 qui
956 470 1222 512 apprehenderint

264 537 346 566 eam;
370 530 401 559 et
424 527 477 568 qui
503 525 640 558 tenuerit
662 533 748 563 eam,
774 524 885 557 beatus
901 538 931 556 ».
958 523 1043 556 Unde
1078 526 1223 565 poterant

263 581 366 613 «licere
389 579 464 611 illud
489 579 610 611 animae
635 580 759 611 sanctae
777 577 806 609 in
832 577 969 609 Psalmo:
1000 589 1014 604 «
1029 576 1070 609 Ne
1086 576 1221 609 derelin—

263 642 341 676 quas
365 642 431 670 me,
457 632 599 669 Domine;
617 631 701 664 Deus
718 639 816 669 meus,
834 640 873 663 ne
888 630 1070 663 discesseris
1093 639 1110 661 a
1126 638 1176 662 me
1188 643 1219 662 ».

263 687 293 718 ln
318 695 381 728 quo
405 684 598 723 ostenditur,
623 684 707 726 quod
731 683 876 716 Christus
899 692 957 716 neo
984 683 1141 716 ambiebat
1165 684 1220 715 ho-

261 748 389 777 norem,
413 741 581 780 antequam
606 737 773 775 offerrent‚
798 746 855 769 nec
879 737 972 769 etiam
989 737 1050 769 iam
1068 737 1220 775 oblatum,

261 793 335 835 quia
347 792 435 834 quasi
450 791 601 824 violenter
617 790 826 823 detinebatur.
842 809 883 814 —
897 790 995 823 Huius
1012 790 1114 832 figura
1132 799 1220 832 prae-

261 846 352 878 cessit
376 844 503 877 Genesis
520 843 680 885 trigesimo
696 843 833 876 secundo
847 843 874 875 ²:
897 858 910 871 α
926 843 1051 876 Dimitte
1068 853 1129 882 me,
1146 844 1222 886 quia

260 908 376 931 aurora
398 901 492 936 est»,
517 897 601 939 quod
624 897 705 929 dixit
729 896 863 938 Angelus
886 896 924 929 ad
950 897 1046 929 [acob.

350 953 401 984 96.
435 951 543 992 (vers,
561 950 638 990 43).
664 950 769 982 Tertio
804 949 987 982 excluditur
1011 950 1165 983 adulatio
1189 951 1219 983 iu

260 1008 318 1040 hoc
342 1006 425 1049 quod
450 1005 589 1037 additur:
616 1003 744 1045 Quibus
767 1003 819 1035 ille
842 1003 909 1035 ait:
937 1003 1050 1043 Quia-‘³
1074 1003 1152 1036 aliis
1176 1003 1221 1036 ci-

261 1059 416 1092 uitatibus
440 1061 564 1100 oportet
587 1067 637 1089 me
661 1055 894 1098 evanyettzare
909 1065 1051 1098 reynam
1067 1056 1136 1088 Dei.
1154 1057 1219 1089 Non

259 1113 304 1145 eis
328 1111 505 1149 blanditur,
530 1110 583 1142 sed
607 1109 760 1147 ostendit,
785 1117 818 1141 se
842 1108 1015 1150 aequaliter
1045 1117 1159 1141 curare
1182 1109 1221 1142 de

258 1165 421 1202 omnibus;
446 1163 529 1196 unde
554 1166 675 1205 poterat
698 1162 802 1194 dicere
825 1161 902 1194 illud
926 1161 1047 1203 primae
1062 1161 1099 1194 ad
1124 1163 1221 1195 Thes—

257 1217 465 1250 salonicenses
500 1215 654 1248 secundo:
692 1214 830 1256 «Neque
866 1214 985 1246 fuimus
1013 1215 1044 1246 in
1075 1223 1220 1247 sermone

257 1269 459 1307 adulationis,
484 1277 586 1310 neque
610 1271 799 1310 quaerentes
823 1267 863 1299 ab
880 1267 1061 1300 hominibus
1076 1267 1219 1309 gloriam,

256 1332 359 1365 neque
383 1332 401 1355 a
425 1322 513 1354 vobis
538 1330 639 1363 neque
663 1321 702 1353 ab
726 1321 794 1353 aliis
810 1334 841 1352 ι).
867 1321 931 1353 Non
949 1321 1030 1353 enim
1048 1321 1220 1363 quaerebat

258 1376 437 1409 hominibus
461 1376 602 1417 placere,
634 1374 687 1407 sed
713 1374 794 1413 De0;
819 1379 850 1407 et
876 1374 945 1407 ideo
968 1374 1059 1407 dicit:
1088 1374 1221 1417 Oportet

256 1440 305 1462 me
339 1429 586 1472 evanyelizare,
623 1429 697 1470 quia
733 1429 809 1461 haec
839 1432 887 1461 est
922 1428 1066 1461 voluntas
1102 1428 1218 1468 Patris3

256 1484 339 1516 unde
363 1483 486 1515 subdit:
514 1482 602 1523 Quia
626 1482 697 1514 ideo
729 1482 853 1514 missus
877 1491 976 1520 .s‘um;
1010 1481 1103 1514 Isaiae
1128 1490 1220 1514 sexa-

256 1536 373 1576 gesimo
390 1536 492 1577 primo
505 1536 533 1567 ⁴¹:
552 1549 567 1563 «
582 1535 801 1577 Evangelizare
817 1535 1011 1576 pauperibus
1024 1534 1108 1566 misit
1125 1544 1174 1567 me
1187 1548 1217 1565 ».

258 1590 291 1622 Et
317 1590 385 1622 ideo
409 1589 595 1631 oportebat,
620 1588 695 1630 quia
720 1588 840 1620 loannis
859 1588 980 1620 decimo
1007 1591 1121 1629 quarto
1144 1588 1219 1620 dici-

258 1646 324 1675 tur:
355 1656 369 1669 «
387 1643 473 1674 Sicut
509 1641 690 1673 mandatum
726 1641 810 1673 dedit
848 1640 923 1672 mihi
961 1641 1063 1679 Pater,
1099 1641 1144 1673 sic
1175 1641 1219 1673 sa-

257 1696 304 1728 eio
318 1710 347 1727 ι».
374 1696 485 1727 Missus
508 1698 612 1727 autem
635 1694 739 1726 fuerat
762 1693 976 1735 evangelizare
992 1693 1218 1735 pauperibus,

257 1749 430 1782 secundum
456 1747 539 1790 quod
571 1747 687 1780 dicitur
711 1747 742 1779 in
767 1747 953 1779 auctoritate
984 1746 1157 1787 praemissa
1188 1746 1219 1779 in

258 1802 342 1835 [saia.
369 1802 480 1834 Missus
512 1801 604 1834 etiam
637 1801 695 1833 suit
720 1800 934 1842 evangelizare
967 1809 1108 1841 reynum
1143 1800 1218 1839 Dei,

256 1856 338 1888 sicut
361 1855 477 1887 dicitur
502 1854 561 1887 hic.
582 1853 616 1886 Et
637 1854 706 1886 ideo
722 1853 895 1895 colligitur,
920 1852 1003 1895 quod
1020 1852 1136 1886 missus
1152 1853 1219 1886 fue-

257 1912 305 1940 rat
329 1908 543 1949 evangelizare
567 1906 762 1949 pauperibus
786 1916 919 1948 regnum
944 1907 1008 1940 Dei.
1035 1907 1120 1940 Unde
1144 1908 1219 1939 Mat-

256 1962 338 1995 thaei
372 1961 529 2003 quinto-⁶:
560 1974 575 1989 «
595 1961 675 1994 Beati
710 1969 866 2003 pauperes
901 1961 1033 2002 spiritu,
1069 1961 1217 2003 quoniam

255 2016 396 2057 ipsorum
421 2019 468 2048 est
492 2024 625 2056 regnum
658 2014 816 2047 caelorum
835 2026 865 2053 »;
890 2017 920 2046 et
944 2023 1018 2047 vere
1048 2014 1217 2056 ipsoram,

255 2070 343 2112 quia,
367 2069 488 2102 decimo
517 2078 613 2107 nono,
644 2067 802 2101 «difficile
834 2068 887 2110 qui
922 2068 1070 2110 pecunias
1102 2067 1219 2101 habent

256 2122 430 2155 introibunt
455 2122 484 2154 in
511 2131 643 2164 regnum
662 2121 820 2154 caelorum
842 2135 872 2153 ».
899 2121 978 2163 Quia
1002 2130 1093 2154 nemo
1117 2124 1218 2163 potest

255 2176 371 2208 habere
396 2175 471 2208 illud
505 2184 656 2217 regnum,
681 2175 738 2207 nisi
771 2178 950 2208 contemnat
974 2178 1155 2213 terrenum;
1188 2178 1218 2207 et

1285 364 1411 397 difficile
1435 365 1586 406 pecuniae
1609 365 1649 398 ab
1673 365 1862 398 habentibus
1885 369 2149 399 contemnuntur:
2179 367 2247 400 ideo

1285 417 1411 450 difficile
1434 418 1604 460 acquirunt
1628 418 1712 460 quod
1737 418 1929 460 pauperibus
1953 423 2000 452 est
2024 420 2224 461 promissum.

1377 471 1427 502 97.
1453 471 1554 512 (Vers.
1579 471 1657 511 ἰώ).
1683 471 1802 512 Quarto
1826 480 1901 504 vero
1933 472 2115 504 excluditur
2135 482 2247 514 perso·
2264 480 2324 505 nem,
2339 486 2412 508 aper-

2271 512 2370 528 sonarum
2378 513 2411 528 ac·

1285 532 1411 555 narum
1429 524 1572 565 acceptio
1590 524 1620 556 in
1645 524 1705 556 hoc
1721 524 1805 565 quod
1830 524 1989 566 sequitur:
2009 525 2048 557 Et
2063 529 2135 557 erat
2147 535 2247 567 prae-
2271 534 2400 559 certatione.

1285 575 1403 608 dicans
1427 576 1462 608 in
1485 577 1668 620 synayoyis
1696 577 1879 616 Galilaeae,
1898 577 2015 619 scilicet
2038 578 2185 611 omnibus
2201 579 2245 611 in-

1284 628 1484 662 differenter:
1509 630 1654 663 Matthaei
1680 630 1802 663 nono⁶:
1827 630 2014 663 «Circuibat
2031 631 2116 663 lesus
2139 640 2247 664 omnes

1285 683 1426 716 civitates
1446 687 1477 716 et
1493 684 1634 723 castella,
1650 684 1765 717 docens
1782 684 1811 716 in
1830 684 1994 726 synagogis
2014 693 2125 717 eorum
2138 698 2168 716 ».
2186 685 2248 718 Hoc

1284 735 1373 769 decet
1397 736 1500 769 facere
1532 736 1649 769 bonum
1674 737 1941 779 praedicatorem,
1973 731 2146 770 secundum
2170 737 2247 770 illud

1286 789 1528 822 Proverbiorum
1558 790 1685 831 quinto:
1716 790 1934 823 «Deriventur
1961 790 2062 823 fontes
2087 790 2132 823 tui
2149 790 2246 829 foras,

1285 846 1316 875 et
1339 842 1370 875 in
1396 843 1505 884 plateis
1529 852 1627 885 aquas
1644 846 1714 876 tuas
1737 843 1840 876 divide
1856 856 1892 882 »3
1917 847 1947 876 et
1968 843 2063 876 Isaiae
2087 843 2247 885 trigesimo

1285 896 1436 928 secundo:
1461 909 1476 924 «
1494 896 1590 935 Beati,
1615 897 1669 939 qui
1687 897 1847 930 seminatis
1864 905 1959 938 super
1980 905 2089 929 omnes
2104 905 2246 938 aquas-n.

1291 962 1305 977 «
1323 949 1438 981 Semen
1461 953 1567 982 autem
1583 953 1630 982 est
1654 950 1787 982 verbum
1805 950 1858 982 Dei
1876 963 1907 989 n,
1922 950 2002 982 infra
2025 953 2144 982 octavo.
2162 949 2248 982 Unde

1285 1002 1386 1035 bonus
1410 1002 1616 1044 praedicator,
1641 1003 1778 1035 imitator
1802 1003 1936 1042 Christi,
1957 1003 2049 1036 debet
2072 1012 2140 1036 esse
2164 1011 2248 1035 com-

1285 1055 1389 1087 munis
1413 1064 1566 1097 persona,
1591 1056 1673 1088 sicut
1705 1056 1818 1089 Paulus
1849 1056 1887 1089 ad
1912 1057 2065 1089 Romanos
2093 1057 2195 1098 primo
2216 1056 2246 1088 ⁷:

1291 1121 1306 1136 «
1317 1107 1443 1140 Graecis
1459 1112 1490 1141 et
1502 1108 1660 1147 barbaris,
1678 1109 1871 1151 sapientibus
1887 1113 1918 1142 et
1935 1109 2153 1151 insipientibus
2165 1109 2248 1141 debi-

1286 1165 1335 1193 tor
1351 1170 1437 1200 sum,
1455 1161 1497 1194 ita
1513 1162 1597 1203 quod
1615 1162 1645 1194 in
1670 1172 1720 1195 sne
1736 1166 1918 1204 promptum
1935 1166 1982 1196 est
2006 1167 2037 1196 et
2061 1163 2167 1202 vobis,
2192 1162 2247 1204 qui

1286 1214 1398 1247 Romae
1414 1214 1502 1254 estis,
1520 1215 1733 1257 evangelizare
1750 1230 1780 1248 ».
1796 1235 1836 1239 —
1850 1216 1939 1257 Quod
1956 1216 2166 1258 significatum
2189 1216 2248 1249 fuit

1285 1268 1453 1301 Zachariae
1477 1272 1568 1301 sexto
1585 1269 1616 1301 in
1633 1270 1723 1311 equis
1746 1269 1960 1302 deferentibus
1983 1269 2187 1311 quadrigam,
2217 1269 2247 1302 id

1284 1325 1331 1354 est
1355 1322 1453 1364 legem
1478 1322 1705 1364 evangelicam,
1729 1323 1782 1355 ubi
1808 1323 1938 1361 dicitur,
1963 1322 2048 1365 quod
2080 1322 2128 1355 isti
2155 1326 2245 1361 sunt,

1284 1384 1364 1417 quos
1380 1375 1465 1407 misit
1481 1375 1651 1414 Dominus,
1667 1380 1701 1408 ut
1718 1389 1734 1404 «
1747 1376 1967 1418 perambulent
1985 1380 2101 1408 terram
2115 1388 2145 1415 »;
2163 1375 2247 1408 unde

1284 1429 1314 1461 in
1332 1429 1394 1461 fine
1411 1429 1556 1462 Matthaei
1570 1429 1582 1448 ⁸
1599 1429 1714 1462 dicitur
1732 1429 2015 1471 praedicatoribus:
2037 1443 2051 1458 «
2066 1430 2122 1469 lte,
2139 1429 2247 1463 docete

1283 1491 1392 1515 omnes
1415 1486 1523 1524 gentes
1540 1495 1570 1522 »;
1600 1487 1631 1516 et
1655 1483 1685 1515 in
1711 1483 1772 1516 fine
1796 1483 1908 1515 Marci:
1936 1496 1951 1511 «
1970 1483 2011 1515 lte
2035 1483 2066 1515 in
2092 1482 2246 1516 mundum

1284 1536 1488 1574 universum,
1513 1536 1690 1577 praedicate
1715 1536 1914 1578 Evangelium
1933 1536 2017 1568 omni
2034 1540 2199 1569 creaturae
2214 1549 2245 1568 n.

1374 1589 1425 1620 98.
1452 1589 1496 1620 Ex
1530 1589 1697 1630 praedictis
1729 1589 1900 1631 colligitur,
1934 1589 2019 1631 quod
2050 1589 2247 1631 praedicator

1283 1641 1400 1679 bonus,
1425 1641 1449 1673 si
1474 1645 1521 1674 est
1545 1645 1692 1683 acceptus
1716 1642 1912 1681 hominibus,
1936 1643 1974 1674 ad
2008 1642 2067 1674 hoc
2091 1641 2174 1684 quod
2207 1642 2247 1674 sit

1283 1697 1431 1735 acceptus
1454 1694 1518 1726 Deo
1541 1697 1572 1726 et
1589 1694 1710 1735 Angelis
1733 1694 1816 1733 eius,
1840 1694 1933 1727 debet
1949 1703 2016 1727 esse
2041 1694 2192 1727 immunis
2207 1694 2247 1727 ab

1283 1747 1494 1779 ostentatione
1518 1747 1553 1779 in
1575 1747 1689 1790 siyno,
1714 1748 1753 1780 ab
1777 1747 1954 1779 ambitione
1979 1748 2015 1779 in
2039 1747 2175 1786 animo,
2207 1747 2247 1779 ab

1284 1800 1476 1832 adulatione
1492 1800 1527 1833 in
1543 1800 1656 1839 verbo,
1674 1810 1692 1832 a
1704 1810 1930 1842 personarum
1945 1800 2129 1842 acceptione
2143 1800 2178 1832 in
2193 1798 2247 1842 fa-

1285 1858 1334 1886 cto
1351 1854 1416 1886 sive
1431 1854 1593 1887 exercitio.
1612 1854 1648 1886 Et
1664 1854 1741 1886 haec
1758 1857 1895 1896 quatuer
1908 1854 2007 1896 tangit
2023 1854 2187 1895 Apostolus
2200 1862 2248 1887 se-

1284 1907 1404 1940 cundae
1421 1907 1458 1939 ad
1475 1907 1653 1940 Corinthios
1670 1907 1807 1940 secundo
1821 1907 1849 1938 ⁹:
1871 1920 1885 1935 «
1904 1907 1980 1945 Non,
1994 1907 2106 1949 inquit,
2124 1915 2246 1946 sumus,

1283 1961 1364 1994 sicut
1389 1960 1538 2002 plurimi,
1570 1960 1784 1993 adulterantes
1813 1960 1946 1993 verbum
1970 1960 2024 1993 Dei
2043 1972 2079 1999 ”3
2104 1959 2188 2002 quod
2212 1960 2248 1992 fit

1283 2018 1421 2057 quatuor
1439 2013 1540 2047 modis
1555 2014 1737 2056 praedictis;
1767 2027 1783 2042 «
1800 2014 1853 2047 sed
1871 2023 1910 2047 ex
1933 2014 2112 2047 sinceritate
2125 2028 2156 2053 »‚
2181 2014 2247 2046 sine

1284 2076 1490 2109 personarum
1508 2067 1701 2109 acceptione,
1732 2067 1841 2100 «sicut
1861 2076 1901 2100 ex
1926 2067 2034 2106 Deo»,
2059 2067 2125 2100 sine
2149 2066 2247 2099 ambi-

1284 2121 1384 2160 tione,
1416 2134 1430 2149 «
1447 2130 1552 2154 coram
1577 2121 1640 2153 Deo
1658 2134 1672 2149 n
1685 2147 1692 2160 ‚
1710 2121 1776 2153 sine
1792 2121 2013 2160 ostentatione,
2035 2134 2051 2149 «
2068 2121 2099 2153 in
2123 2120 2247 2153 Christo

1284 2174 1445 2217 loquimur
1458 2187 1490 2214 »‚
1507 2174 1574 2208 sine
1590 2174 1782 2214 adulatione;
1799 2183 1871 2207 nam
1888 2174 2033 2207 Christus
2049 2177 2097 2207 est
2120 2173 2245 2207 veritas.

1131 2286 1316 2320 CApiwmu
1342 2287 1375 2319 V.

411 2379 548 2432 secundo
571 2395 807 2431 determinatur
831 2396 1054 2441 discipulorum

590 2449 709 2484 vocatio
733 2459 788 2494 per
811 2449 880 2485 duo.

350 2559 374 2590 l.
400 2558 541 2590 Factam
566 2561 627 2596 est,
664 2567 741 2589 cam
765 2557 882 2590 turbae
905 2560 962 2590 etc.
989 2558 1090 2600 Supra
1105 2558 1131 2577 ¹⁰
1155 2558 1217 2600 egit

255 2610 449 2653 Evangelista
472 2610 510 2644 de
541 2610 701 2643 doctrinae
729 2610 844 2643 Christi
869 2611 1153 2650 authenticatione,
1185 2611 1216 2643 in

255 2665 313 2697 hac
337 2668 426 2706 parte
450 2664 513 2706 agit
536 2663 574 2696 de
598 2663 841 2706 discipulorum
858 2663 1035 2696 vocatione.
1062 2663 1097 2696 Et
1122 2664 1217 2696 habet

255 2726 328 2759 pars
352 2717 410 2750 ista
433 2717 526 2756 duas,
552 2716 582 2749 in
601 2725 737 2759 quarum
764 2716 865 2758 prima
881 2716 1071 2749 describitur
1096 2716 1216 2749 vocatio

326 2882 334 2896 ¹
357 2883 430 2908 Vers.
461 2883 484 2908 4.
508 2896 543 2902 —-
562 2884 715 2916 Sequuntur
734 2883 811 2909 Prov.
832 2884 860 2914 3,
883 2883 923 2908 18.
943 2886 968 2909 et
988 2884 1028 2909 Ps.
1049 2883 1096 2915 37,
1117 2885 1159 2909 22.

325 2924 336 2940 ²
356 2926 429 2952 Vers.
451 2927 493 2951 26.

325 2969 336 2983 ⁵³
356 2971 466 3002 Vulgata
489 2970 558 3002 Quia
583 2972 624 3002 et,
650 2970 683 2996 ita
709 2971 787 2997 etiam
807 2972 837 2996 H.
859 2985 894 2991 —
917 2971 1035 2997 Subinde
1054 2972 1180 3004 allegatur
1200 2972 1216 2997 1.

256 3015 347 3041 Thess.
368 3016 397 3047 2,
420 3016 445 3040 5.
465 3022 520 3048 seq.

326 3058 337 3073 ⁴
358 3060 430 3085 Vers.
458 3060 480 3085 t.
500 3059 552 3085 Cfr.
572 3067 652 3092 supra
674 3067 733 3092 pag.
758 3061 807 3091 98,
826 3064 886 3086 nota
912 3062 930 3086 l.
950 3075 985 3080 —
1005 3061 1127 3094 Sequitur
1148 3062 1216 3087 loan.

259 3105 301 3136 ii,
321 3105 363 3129 32.

325 3147 336 3163 ⁵
357 3149 430 3175 Vers.
450 3150 478 3181 3,
499 3153 558 3181 post
576 3156 656 3182 quem
677 3149 763 3175 Matth.
793 3150 836 3181 19,
856 3151 904 3176 23:
924 3150 990 3183 Quia
1015 3150 1090 3176 dives
1110 3150 1215 3176 difficile

255 3193 358 3220 intrabit
379 3194 402 3219 in
423 3198 487 3225 etc.;
507 3195 553 3220 cfr.
573 3194 649 3220 Marc.
671 3194 716 3227 l0,
736 3195 785 3220 23:
804 3195 889 3227 Quam
909 3195 1012 3221 difficile
1025 3195 1071 3228 qui
1090 3194 1217 3226 pecunias

255 3237 351 3263 habent
370 3238 395 3263 in
415 3246 527 3270 regnum
548 3239 594 3264 Dei
615 3238 770 3264 introibunt!
792 3239 858 3264 Vide
877 3240 955 3265 etiam
976 3240 1039 3265 Luc.
1060 3239 1106 3270 ¹18,
1126 3239 1168 3264 24.

325 3279 336 3295 ⁶
356 3282 431 3307 Vers.
451 3283 493 3308 35.
508 3296 541 3300 —
561 3283 625 3308 Tres
644 3289 718 3315 seqq.
736 3283 785 3308 loci
805 3286 866 3309 sunt
884 3284 961 3309 Prov.
975 3285 1005 3315 5,
1020 3284 1067 3315 l6;
1088 3283 1144 3309 lsai.
1167 3283 1215 3315 32,

254 3327 296 3351 20.
315 3329 340 3351 et
353 3326 415 3352 Luc.
436 3327 450 3349 8
460 3347 466 3357 ,
489 3327 513 3351 ll
526 3348 533 3358 ‚
553 3334 668 3360 proquo
687 3327 765 3353 codd.
779 3328 891 3359 allegant
903 3327 999 3355 Mami.
1014 3326 1066 3360 13,
1080 3327 1125 3353 ubi
1140 3334 1216 3360 para-

254 3369 311 3395 bola
332 3371 366 3395 ‹le
390 3371 534 3396 seminante
552 3371 701 3401 exhibetur,
727 3373 791 3397 haec
810 3375 898 3397 tamen
922 3371 1003 3397 verba
1024 3371 1143 3404 explicite
1163 3378 1215 3397 non

254 3417 402 3439 occurrunt.

324 3455 335 3470 ⁷
354 3457 429 3482 Vers.
451 3457 493 3482 Μ.
511 3465 566 3490 seq.
586 3471 621 3477 —
641 3458 759 3483 Subinde
778 3459 904 3490 a'legatur
923 3460 1029 3485 Zachar.
1050 3460 1080 3491 6,
1103 3461 1124 3485 l.
1145 3461 1169 3485 2.
1190 3460 1214 3485 3.

1282 2398 1508 2441 discipulorum
1526 2398 1564 2432 de
1587 2402 1677 2432 statu
1695 2398 1858 2437 iustitiae;
1882 2398 1913 2431 in
1930 2398 2084 2438 secunda,
2102 2398 2140 2432 de
2155 2402 2245 2431 statu

1282 2451 1399 2493 culpae
1413 2453 1458 2484 ¹¹:
1484 2452 1563 2484 Post
1587 2451 1666 2485 haec
1690 2452 1769 2485 exiit
1792 2456 1822 2485 et
1844 2452 1928 2485 vidit
1951 2456 2009 2486 etc.

1353 2565 1454 2600 Primo,
1475 2566 1593 2601 quomodo
1611 2567 1737 2594 vocentur
1756 2566 1880 2602 discipuli
1899 2566 1929 2593 de
1948 2567 2024 2594 statu
2042 2565 2174 2593 iustitiae.

1371 2664 1474 2696 Prima
1497 2673 1571 2706 pars
1607 2664 1701 2698 habet
1734 2665 1822 2698 duas.
1853 2665 1884 2697 ln
1920 2665 2024 2707 prima
2058 2663 2245 2707 proponitur

1281 2717 1408 2749 vocatio
1432 2717 1694 2760 discipulorum
1719 2719 1750 2752 in
1775 2718 1912 2752 secunda
1936 2727 2026 2757 vero,
2050 2721 2244 2750 vocatorum

1284 2886 1308 2909 et
1326 2883 1352 2909 7.
1371 2883 1422 2910 Cir.
1448 2884 1568 2916 Hieron,
1588 2885 1615 2910 in
1635 2886 1704 2911 hunc
1725 2886 1788 2911 loc.:
1807 2884 1870 2916 Legi
1892 2884 1917 2909 in
1937 2884 2076 2910 cuiusdam
2095 2884 2242 2916 volumine,

1282 2931 1396 2961 quatuor
1415 2928 1577 2963 quadrigas,
1597 2930 1621 2955 in
1641 2930 1740 2963 quibus
1759 2932 1819 2956 sunt
1838 2929 1900 2962 equi
1914 2929 1962 2955 rufl
1978 2932 2003 2954 ct
2016 2929 2110 2961 nigri...
2131 2932 2244 2963 quatuor

1282 2972 1421 3004 Evangelia
1442 2972 1622 3005 intelligenda,
1635 2978 1661 2999 et
1680 2980 1761 3008 equos
1775 2974 1929 3006 Apostolos,
1949 2980 1997 3005 per
2010 2973 2188 2999 diversitatem
2203 2980 2243 3000 co-

1282 3017 1366 3042 lorum
1386 3017 1505 3044 diversas
1521 3019 1619 3050 gratias
1632 3019 1824 3051 possidentes...
1837 3018 1891 3043 Hae
1901 3018 2047 3051 quadrigae
2061 3021 2174 3051 quatuor
2187 3019 2244 3045 sive

1281 3068 1375 3087 currus
1394 3062 1465 3088 missi
1485 3066 1544 3088 sunt
1569 3063 1593 3088 in
1613 3066 1727 3096 quatuor
1746 3065 1839 3088 ventos
1857 3062 1935 3093 caeli,
1955 3062 1982 3088 id
2002 3066 2041 3089 est
2065 3063 2099 3088 ad
2123 3062 2244 3088 cardines

1282 3106 1373 3131 mundi
1392 3110 1417 3132 et
1437 3107 1589 3134 universum
1609 3107 1701 3133 orbem
1715 3111 1859 3138 terrarum,
1879 3110 1907 3133 ut
1923 3108 2057 3140 explerent
2076 3107 2180 3133 Domini
2199 3114 2244 3132 vo·

1281 3150 1405 3176 luntatem
1415 3171 1421 3182 ,
1439 3151 1537 3184 quibus
1556 3156 1647 3184 postea
1661 3151 1702 3186 [v.
1723 3151 1760 3185 7.]
1775 3151 1883 3178 infertur
1903 3151 1936 3177 ab
1949 3153 2065 3184 Angelo:
2086 3152 2135 3183 lte,
2150 3152 2176 3177 et
2183 3157 2243 3183 per-

1280 3193 1418 3221 ambulate
1445 3197 1548 3222 terram
1576 3199 1602 3222 et
1627 3196 1652 3222 in
1677 3196 1779 3222 cunctis
1799 3198 1927 3222 terrarum
1947 3195 2044 3221 finibus
2070 3193 2242 3225 Evangelium

1281 3239 1414 3265 seminate.

1352 3282 1362 3297 ⁸
1381 3283 1444 3316 Cap.
1464 3285 1513 3316 28,
1534 3285 1574 3310 19.
1596 3299 1629 3303 -
1650 3285 1773 3318 Sequitur
1792 3285 1869 3311 Marc.
1891 3285 1932 3316 16,
1954 3285 1995 3309 45.

1351 3326 1362 3342 ⁹
1382 3329 1455 3355 Vers.
1477 3330 1517 3355 ⁴7.
1537 3343 1572 3349 —
1592 3330 1619 3355 ln
1645 3330 1696 3355 sine
1720 3330 1859 3362 respicitur
1886 3330 1957 3355 loun.
1977 3326 2023 3359 ⁴4,
2049 3326 2079 3350 6:
2105 3325 2159 3356 Ego
2182 3331 2241 3349 sum

1280 3372 1322 3398 via
1341 3376 1367 3398 et
1385 3374 1482 3399 veritas
1501 3376 1550 3400 etc.
1946 3369 1968 3385 ¹⁰
1987 3369 2050 3401 Cnp-
2072 3368 2099 3400 ⁴,
2124 3368 2146 3392 ⁴·
2166 3374 2240 3400 seqq·

1352 3416 1371 3431 ¹¹
1395 3419 1468 3444 vers.
1487 3418 1534 3444 27:
1554 3418 1588 3445 Et
1603 3418 1744 3452 posthaec
1758 3421 1806 3444 etc.
1822 3431 1855 3436 —
1871 3415 1995 3448 Superius
2011 3420 2059 3445 1)Γο
2078 3411 2241 3439 aulhfflliffl·

1280 3459 1350 3487 tione
1369 3461 1426 3487 Vat.
1447 3455 1660 3495 confirmatione.

2266 1223 2351 1250 Figura.

2271 1596 2351 1618 Eadem
2365 1601 2399 1618 re·

2261 1623 2374 1649 quii-untur
2390 1623 2412 1644 iu

2279 1649 2389 1676 praedica-

2304 1678 2358 1697 tore.
