2476 3921
151 841 278 863 Notandum.

217 1211 285 1232 Ratio.

158 1741 285 1763 Notandum.

298 318 361 350 548

301 419 316 435 «
332 407 393 439 Nec
416 405 554 447 primum
579 405 801 436 testamentum
826 401 892 434 sine
909 401 1060 443 sanguine
1077 400 1255 433 dedicatum

297 462 344 493 est
361 471 391 499 »3
414 458 498 492 unde
523 457 620 489 Exodi
645 455 795 498 vigesimo
819 458 951 497 quarto:
983 468 998 483 ε(
1014 455 1160 487 Sumtum
1185 462 1256 486 san-

297 513 423 556 guinem
449 510 599 553 respersit
614 510 645 542 in
662 509 830 552 populum,
854 508 977 541 dicens:
996 508 1049 540 Hic
1065 510 1113 540 est
1128 507 1257 549 sanguis

300 565 493 604 testamenti,
517 563 601 607 quod
632 562 792 595 mandavit
823 562 861 594 ad
884 571 941 594 vos
965 562 1049 593 Deus
1065 574 1096 592 ».
1122 560 1180 593 Sed
1204 560 1257 592 ille

298 619 357 652 suit
380 618 508 660 sanguis
531 617 728 655 animalium,
753 615 807 658 qui
832 625 893 648 non
918 615 1019 656 potuit
1043 614 1169 646 auferre
1185 621 1257 654 pec-

300 676 385 711 cata,
417 671 591 705 secundum
621 669 699 702 illud
723 669 762 702 ad
793 669 947 702 Hebraeos
971 667 1091 700 decimo
1107 668 1135 699 1:
1166 680 1181 695 «
1198 667 1259 698 Im-

300 725 446 768 possibile
469 725 550 758 enim
576 728 641 762 est,
665 723 817 765 sanguine
841 726 1007 754 taurorum
1040 724 1071 753 et
1094 720 1258 752 hircorum

299 779 417 812 auferri
441 782 567 820 peccata
584 789 614 816 ¹³3
638 780 669 810 et
693 776 762 809 ideo
786 778 1007 808 testamentum
1033 773 1111 806 illud
1134 773 1193 806 fuit
1209 782 1259 805 ve-

301 837 353 865 tus
376 835 407 865 et
430 831 617 873 temporale.
642 849 687 854 —-
710 830 943 862 Testamentum
968 837 1043 869 ergo
1059 836 1182 859 novum
1206 826 1261 858 de-

300 886 394 919 dicari
420 895 481 918 non
506 884 608 926 potuit
629 892 686 916 nec
702 882 811 916 debuit
827 882 884 914 nisi
904 882 933 913 in
952 881 1104 923 sanguine
1121 879 1258 919 Christi3

302 940 369 972 ideo
391 939 429 971 ad
454 938 609 970 Hebraeos
633 936 759 969 nono2:
790 948 805 963 «
822 935 982 972 Christus,
1011 934 1159 966 assistens
1183 941 1260 974 pon-

302 993 378 1025 tifex
401 993 584 1024 futurorum
609 990 780 1027 bonorum,
804 997 860 1030 per
885 987 1020 1029 amplius
1043 990 1074 1019 et
1090 986 1261 1028 perfectius

302 1045 543 1087 tabernaculum¹
570 1052 633 1075 non
664 1041 897 1079 manufactum,
930 1049 1032 1082 neque
1056 1048 1112 1081 per
1135 1038 1262 1080 sangui-

301 1108 372 1131 nem
396 1098 558 1130 hircorum
582 1099 637 1128 aut
660 1095 847 1132 vitulorum,
865 1093 919 1126 sed
936 1102 992 1134 per
1009 1093 1173 1134 proprium
1191 1101 1261 1124 san-

301 1152 427 1195 guinem
458 1149 599 1182 introivit
631 1148 726 1181 semel
758 1148 788 1179 in
815 1150 968 1180 sancta».
999 1159 1014 1174 (ι
1032 1146 1067 1178 Et
1092 1146 1161 1178 ideo
1189 1145 1261 1178 novi

303 1203 479 1237 testamenti
505 1202 656 1234 mediator
675 1205 768 1233 est».
796 1201 831 1232 Et
866 1199 946 1232 ratio
978 1199 1074 1232 huius
1097 1202 1163 1238 est,
1187 1198 1263 1240 quia

303 1257 454 1299 sanguine
484 1255 600 1288 Christi
633 1254 831 1296 redemptum
862 1257 910 1286 est
944 1261 1044 1295 genus
1070 1253 1260 1290 humanum;

302 1312 371 1344 ideo
393 1310 432 1343 ad
455 1310 610 1342 Hebraeos
634 1308 757 1340 H0ss03:
787 1320 803 1336 «
821 1307 892 1339 Sine
924 1306 1085 1348 sanguinis
1109 1305 1262 1338 effusione

302 1374 364 1397 non
390 1364 424 1397 fit
455 1363 628 1396 remissio»
666 1365 884 1404 peccatorum,
920 1369 981 1392 non
1014 1359 1262 1400 cuiuscumque,

302 1418 356 1451 sed
379 1417 433 1450 Dei
458 1416 532 1458 Agni
557 1420 587 1449 et
609 1415 718 1457 Sponsi
736 1415 803 1447 Iesu
820 1414 945 1446 Christi.
963 1413 1049 1446 Unde
1065 1411 1263 1454 Apocalypsis

303 1471 430 1513 quinto:
461 1483 476 1498 α
493 1468 659 1502 Redemisti
684 1477 740 1500 nos
769 1468 832 1500 Deo
862 1466 894 1499 in
919 1467 1071 1508 sanguine
1105 1469 1160 1498 tuo
1176 1477 1207 1504 »3
1232 1469 1263 1498 et

303 1522 501 1565 Apocalypsis
521 1522 637 1563 primo:
667 1534 683 1549 «
701 1520 816 1553 Dilexit
840 1529 896 1552 nos
920 1523 950 1552 et
975 1519 1049 1551 lavit
1073 1527 1130 1551 nos
1153 1528 1171 1550 a
1192 1527 1263 1560 pec-

306 1576 382 1609 catis
405 1576 521 1609 nostris
544 1575 574 1607 in
592 1574 743 1617 sanguine
767 1583 825 1607 suo
842 1587 871 1605 ».
899 1574 933 1605 Et
957 1573 1032 1615 quia
1054 1582 1111 1614 per
1137 1572 1263 1614 sangui-

305 1638 374 1662 nem
399 1629 503 1661 crucis
527 1637 602 1660 suae
626 1627 800 1669 pacificavit
828 1635 938 1668 «quae
955 1627 985 1659 in
1004 1626 1098 1659 terris
1126 1629 1157 1658 et
1182 1634 1264 1667 quae

305 1684 337 1715 in
361 1682 455 1715 caelis
478 1684 552 1714 sunt
568 1695 599 1720 »,
625 1681 706 1713 sicut
719 1680 837 1713 dicitur
852 1680 891 1712 ad
907 1680 1104 1712 Colossenses
1120 1679 1223 1720 primo
1235 1678 1263 1717 43

305 1736 374 1769 ideo
398 1735 558 1777 sanguinis
582 1734 769 1767 sacrificium
802 1733 894 1766 debet
925 1742 993 1766 esse
1016 1732 1206 1774 placativum
1234 1735 1265 1764 et

306 1789 399 1822 debet
434 1797 501 1821 esse
537 1789 772 1827 Sacramentum
809 1786 1011 1825 refectivum3
1043 1795 1138 1827 quem
1171 1785 1265 1817 etiam

308 1841 459 1874 lambunt
478 1840 566 1882 pulli
580 1839 732 1883 aquilae,
750 1838 922 1871 secundum
940 1838 1018 1870 illud
1035 1838 1087 1870 lob
1104 1837 1266 1879 trigesimo

308 1894 436 1927 nono⁵z
466 1906 481 1922 «
499 1893 577 1926 Pulli
607 1892 731 1934 aquilae
766 1892 909 1924 lambunt
940 1891 1123 1933 sanguinem
1147 1903 1177 1930 »;
1202 1895 1267 1933 quo

309 1947 519 1980 inebriantur
543 1946 647 1979 amici
667 1945 800 1988 sponsi,
825 1945 997 1978 secundum
1023 1944 1101 1977 illud
1125 1944 1265 1977 Cantico-

309 2010 381 2033 rum
405 2000 533 2042 quinto:
563 2012 579 2028 «
594 1999 693 2032 Bibite
708 2002 739 2031 et
755 1998 968 2036 inebriamini,
985 1997 1139 2030 carissimi
1151 2009 1183 2037 »3
1202 2006 1266 2039 quo

309 2048 493 2086 incitantur
527 2053 574 2085 ad
601 2052 768 2094 proelium
797 2052 866 2084 viri
896 2050 1051 2090 athletae,
1089 2051 1266 2083 secundum

298 2106 387 2139 villud
422 2106 513 2148 primi
551 2105 811 2138 Machabaeorum
847 2104 980 2137 sext0⁶z
1020 2103 1267 2136 «Ostenderunt

309 2159 483 2201 elephantis
506 2158 689 2201 sangninem
714 2167 795 2190 uvae
818 2161 849 2190 et
873 2158 951 2190 mori
977 2157 1015 2190 ad
1039 2157 1197 2190 acuendos
1214 2165 1268 2189 eos

310 2213 341 2245 in
358 2212 513 2254 proelium
530 2223 562 2249 »ς
579 2214 610 2244 et
625 2210 823 2253 Apocalypsis
838 2210 1040 2242 duodecimo:
1072 2222 1088 2238 «
1105 2209 1164 2251 lpsi
1186 2209 1268 2242 vice-

310 2269 388 2298 runt·
401 2274 474 2298 eum
491 2268 620 2306 propter
645 2264 828 2306 sanguinem
853 2263 927 2305 Agni
945 2276 975 2295 ».
1002 2263 1037 2295 Et
1061 2263 1177 2295 talibus
1192 2263 1269 2296 dici-

311 2322 364 2351 tur
380 2318 419 2351 ad
435 2318 589 2351 Hebraeos
605 2317 807 2350 duodecimo:
831 2330 847 2346 «
862 2317 1006 2349 Nondum
1023 2325 1126 2358 usque
1142 2316 1181 2349 ad
1197 2325 1268 2349 san-

310 2372 437 2414 guinem
461 2371 636 2409 restitistis,
652 2370 804 2403 adversus
820 2373 983 2412 peccatum
1008 2373 1220 2412 repugnantes
1237 2384 1267 2402 n.

348 2442 350 2445 v
401 2425 454 2458 30.
479 2425 579 2463 (Vers.
605 2425 682 2464 21.).
716 2424 947 2456 Verumtamen
962 2433 1043 2462 ecee,
1060 2433 1185 2456 manus
1209 2426 1267 2456 etc.

160 2479 382 2532 Argutjoggoepost
404 2478 594 2519 descriptam
627 2476 896 2509 manducationem
929 2477 1025 2518 phase
1048 2480 1080 2509 et
1104 2485 1268 2510 consecra-

170 2511 245 2531 ditoris
286 2523 291 2527 -

183 2538 283 2567 scribitur

174 2565 295 2590 tripliciter.

311 2532 426 2564 tionem
452 2530 660 2563 eucharistiae
681 2529 733 2562 hic
757 2529 873 2562 terti0⁷
895 2530 1043 2562 describit
1059 2530 1269 2572 aryutionem

310 2583 493 2626 proditoris
517 2582 645 2619 Iudae:
669 2582 752 2615 circa
775 2590 870 2624 quam
903 2582 1139 2615 describendam
1170 2583 1269 2615 intro-

315 2636 475 2669 ducuntur
511 2636 585 2675 tria,
617 2635 733 2668 scilicet
761 2636 966 2677 perversitas
997 2636 1184 2678 proditoris
1218 2637 1268 2669 in—

386 2854 395 2868 ¹
417 2855 492 2883 Vers.
512 2854 535 2879 t.
709 2870 717 2875 ν

385 2898 395 2913 ²
416 2899 489 2924 Vers.
515 2899 551 2924 11.
572 2906 625 2931 seq.
646 2901 671 2924 et
691 2899 733 2925 15.

386 2942 395 2955 ³
416 2942 491 2968 Vers.
510 2942 552 2967 23.
573 2956 606 2960 —
625 2942 681 2968 Duo
701 2949 775 2975 seqq.
795 2942 843 2967 loci
864 2946 924 2967 sunt
943 2943 1023 2974 Apoc.
1044 2943 1074 2973 5,
1096 2943 1120 2967 9.
1142 2943 1199 2974 (pro
1218 2943 1271 2968 Deo

315 2986 363 3013 AC
375 2987 395 3012 D
414 2986 526 3013 Domine
545 2987 628 3014 Deus)
647 2990 673 3012 et
694 2987 716 3019 l,
737 2987 766 3017 5,
797 2986 842 3012 ubi
861 2986 942 3012 ACD
961 2987 1084 3012 omittunt
1112 2994 1130 3012 α
1154 2986 1272 3020 peccatis

315 3030 424 3057 nostris.

386 3074 395 3089 ⁴
417 3076 491 3100 Vers.
512 3076 553 3100 20,
573 3089 608 3094 -
627 3076 734 3100 Inferius
762 3082 810 3107 pro
830 3074 901 3101 debet
920 3082 976 3102 esse
992 3075 1186 3108 placativum...
1205 3074 1272 3108 rese-

315 3119 415 3149 clivum
436 3119 493 3144 Vat.
513 3118 587 3145 debet
603 3126 659 3145 esse
678 3112 888 3146 Sacramentum
907 3119 1097 3154 restilutz‘vum.

387 3162 397 3177 ⁵
417 3164 492 3188 Yers.
515 3163 565 3194 3ος
595 3164 642 3189 cfr.
670 3170 749 3195 supra
778 3170 839 3195 pag.
869 3164 934 3194 357,
964 3167 1023 3189 nota
1050 3164 1076 3189 7.
1095 3177 1130 3182 —
1149 3163 1273 3196 Sequitur

316 3207 388 3234 Cant.
408 3208 438 3238 5,
459 3208 482 3233 1,

387 3251 397 3266 ⁰
418 3252 492 3278 Vcrs.
522 3251 565 3277 34.
585 3266 618 3270 -
639 3252 694 3278 Duo
722 3259 796 3285 seqq.
824 3253 874 3278 loci
903 3255 964 3278 sunt
990 3253 1071 3284 Apoc.
1102 3253 1149 3285 12,
1179 3252 1220 3277 11.
1249 3255 1274 3278 et

316 3297 394 3322 llebr.
416 3298 463 3329 12,
485 3297 507 3322 4.

387 3339 396 3354 ⁷
417 3341 468 3367 Csr.
487 3349 566 3374 supra
586 3349 610 3367 n.
636 3342 674 3367 19.

388 3384 398 3399 ²³
419 3386 476 3411 Vnt.
496 3385 630 3412 notabilis.

388 3428 398 3443 ²³
418 3430 493 3455 Vei-s.
513 3431 557 3461 23,

389 3473 411 3488 ¹⁰
431 3474 504 3500 Vers.
525 3474 567 3500 44.
580 3488 615 3493 -
628 3475 756 3501 Sententia
777 3475 914 3506 Augustini
928 3474 1038 3500 habetur
1051 3475 1130 3507 Epist.
1145 3474 1187 3500 43.
1202 3474 1274 3508 (alias

876 312 1069 345 COMMENT.
1095 312 1132 345 IN
1155 311 1395 344 EVANGELlUM
1418 311 1537 344 LUCAE
1561 310 1593 342 C.
1617 309 1706 342 XXll.

1317 399 1429 441 ¹orati,
1451 397 1672 441 profunditas
1695 398 1901 431 iudiciorum
1918 397 1979 430 Dei
1992 400 2024 431 et
2038 397 2181 441 puritas¹
2193 399 2282 440 Apo-

1319 445 1480 485 stolorum
1506 451 1640 485 Christi.

1411 506 1513 539 Primo
1537 506 1635 548 igitur
1657 508 1814 548 quantum
1836 505 1876 538 ad
1896 505 2146 547 perversitatem
2167 504 2283 548 prodi-

1322 559 1403 592 torzsss
1435 559 1565 601 inyrati
1595 558 1729 591 dicitur:
1772 559 2005 590 Verumtamen
2036 566 2124 596 ecce,
2158 567 2283 590 manus

1322 611 1484 644 tradentis
1506 621 1557 644 me
1579 620 1707 644 mecum
1730 615 1778 644 est
1800 611 1836 643 z'n
1858 619 1983 643 mensa.
2001 610 2063 643 Hoc
2079 609 2206 652 quidem
2223 610 2284 644 acl-

1322 665 1484 698 versatlve
1514 664 1606 703 dicit,
1636 664 1711 706 quia
1738 663 1931 706 ingratitudo
1962 663 2132 705 proditoris
2162 662 2284 696 directe

1323 718 1487 760 impugnat
1520 717 1655 759 gratiam
1680 720 1743 750 tam
1766 716 1906 750 nobilis⁸
1930 716 2133 749 Sacramenti.
2166 716 2200 749 In
2223 716 2284 749 hoc

1323 774 1429 803 autem
1452 773 1585 812 apparet
1606 770 1688 803 mira
1713 768 1838 802 Christi
1860 769 2063 812 bemmatis,
2087 769 2163 811 quia
2185 769 2285 811 pessi-

1323 833 1411 856 mum
1437 823 1630 865 proditorem
1655 832 1749 856 suum
1774 822 1814 855 ad
1836 832 1987 855 mensam
2010 830 2119 855 secum
2135 821 2286 864 suscipie-

1324 876 1394 915 bat;
1419 885 1477 909 nec
1500 879 1624 909 tantum
1646 876 1686 909 ad
1710 885 1869 915 mensam,
1894 876 1992 908 immo
2015 875 2101 917 quod
2125 875 2197 917 plus
2219 879 2284 914 est,

1324 930 1363 962 ad
1386 929 1516 963 eandem
1539 930 1726 968 scutellam,
1750 929 1924 963 secundum
1956 928 2034 962 illud
2065 928 2211 961 Matthaei
2240 928 2286 961 vi-

1325 984 1444 1026 gesimo
1479 983 1615 1016 sext0⁹:
1655 984 1748 1025 «Qui
1778 983 1905 1026 intingit
1938 992 2062 1016 mecum
2095 991 2225 1015 manum
2253 981 2286 1014 in

1326 1037 1506 1079 paropside,
1531 1037 1582 1069 hic
1614 1046 1665 1070 me
1700 1037 1848 1070 tradet».
1875 1037 1907 1069 ln
1932 1046 1995 1079 quo
2019 1035 2104 1069 dedit
2134 1035 2287 1068 Dominus

1325 1091 1458 1123 sormam
1489 1091 1529 1123 ad
1563 1090 1769 1133 diligendum
1800 1090 1973 1129 inimicos,
2003 1089 2178 1123 secundum
2208 1088 2287 1121 illud

1326 1145 1471 1177 Matthaei
1495 1145 1607 1187 quinto
1620 1145 1660 1177 1⁰:
1690 1157 1706 1173 «
1723 1144 1847 1187 Diligite
1871 1144 2013 1177 inimicos
2033 1146 2156 1176 vestros
2169 1154 2199 1182 »3
2223 1142 2287 1175 for-

1326 1207 1410 1231 mam
1433 1198 1517 1231 dedit
1540 1198 1580 1231 ad
1600 1198 1814 1231 tolerandum
1836 1197 1963 1236 malos,
1987 1197 2082 1236 unde,
2107 1196 2189 1229 sicut
2212 1195 2287 1229 dicit

1326 1252 1533 1294 Augustinus,
1558 1261 1675 1294 corpus
1698 1255 1730 1285 et
1753 1251 1937 1294 sanguinem
1961 1259 2056 1284 suum
2086 1249 2179 1283 Iudae
2202 1258 2287 1282 com-

1326 1305 1515 1343 municavit;
1540 1313 1597 1337 nec
1620 1313 1693 1337 eum
1722 1304 1792 1337 aliis
1821 1303 1964 1342 detexit;
2001 1302 2086 1336 unde
2120 1300 2286 1335 Glossa¹1:

1332 1371 1348 1387 «x
1364 1358 1429 1391 Non
1453 1358 1595 1400 designat
1618 1367 1660 1391 ex
1683 1357 1826 1397 nomine,
1856 1366 1895 1390 ne
1927 1356 2091 1389 manifeste
2121 1359 2288 1397 correptus

1326 1411 1539 1454 impudentior
1551 1411 1619 1444 -fiat
1635 1425 1665 1443 n.
1690 1411 1790 1453 Ipsius
1825 1410 1919 1443 etiam
1955 1409 2048 1442 ludae
2083 1409 2179 1451 pedes
2213 1408 2289 1441 lavit

1327 1465 1410 1498 sicut
1443 1464 1672 1507 discipulorum
1706 1464 1860 1503 aliorum,
1896 1463 2014 1496 scilicet
2049 1462 2287 1504 Apostolorum,

1327 1518 1502 1551 secundum
1518 1517 1604 1559 quod
1619 1517 1736 1550 dicitur
1752 1517 1874 1549 loannis
1889 1516 2011 1549 decimo
2027 1516 2121 1549 tertio
2135 1516 2176 1548 1²:
2199 1528 2215 1544 <x
2227 1515 2289 1548 Vos

1327 1571 1436 1604 mundi
1461 1571 1550 1610 estis,
1575 1571 1629 1604 sed
1653 1579 1715 1603 non
1737 1579 1856 1603 omnes.
1882 1569 2004 1602 Sciebat
2020 1569 2120 1608 enim,
2136 1569 2209 1611 quis
2225 1571 2289 1601 tra—

1327 1625 1417 1658 deret
1440 1633 1556 1657 eum».
1583 1642 1624 1648 —
1650 1624 1686 1656 Et
1709 1627 1838 1663 econtra
1868 1626 2000 1666 apparet
2035 1632 2077 1656 ex
2113 1623 2173 1655 hoc
2208 1622 2289 1655 mira

1325 1678 1512 1721 proditoris
1535 1677 1764 1720 ingratitudo,
1789 1677 1844 1719 qui
1860 1685 1918 1709 nec
1935 1679 2022 1709 tanta
2039 1676 2217 1709 humilitate
2231 1684 2289 1708 nec

1329 1735 1415 1765 tanta
1438 1731 1567 1764 caritate
1591 1740 1649 1764 nec
1679 1734 1767 1763 tanta
1798 1730 2009 1763 familiaritate
2032 1729 2152 1775 destitit
2175 1738 2193 1762 a
2216 1738 2290 1771 pro-

1328 1785 1454 1818 ditione.
1491 1784 1562 1817 Ideo
1600 1783 1808 1826 conqueritur
1843 1783 1996 1816 Dominus
2030 1783 2063 1815 in
2098 1783 2219 1815 Psalmo
2239 1782 2289 1814 1³:

1328 1852 1350 1867 -a
1368 1839 1462 1870 Homo
1486 1837 1571 1879 pacis
1593 1846 1696 1875 meae,
1720 1837 1751 1869 in
1776 1846 1840 1879 quo
1864 1836 2006 1879 speravi,
2031 1836 2085 1879 qui
2109 1836 2221 1869 edebat
2237 1845 2291 1877 pa-

1330 1901 1386 1925 nes
1408 1900 1509 1930 meos,
1534 1889 1744 1932 magnificavit
1766 1899 1863 1932 super
1886 1899 1936 1923 me
1960 1889 2246 1932 supplantationem
2258 1901 2290 1928 »;

1330 1949 1361 1979 et
1384 1945 1518 1978 iterum:
1548 1944 1609 1976 «Si
1638 1943 1785 1977 inimicus
1819 1952 1910 1976 meus
1945 1943 2160 1976 maledixisset
2195 1943 2292 1982 mihi,

1330 1998 1550 2032 sustinuissem
1576 1997 1729 2040 utique».
1760 1998 1839 2030 «Tu
1867 2006 1961 2036 vero,
1997 1997 2092 2029 homo
2115 1996 2290 2035 unanimis,

1330 2052 1398 2085 dux
1421 2049 1512 2085 meus
1535 2055 1566 2085 et
1589 2054 1683 2084 notus
1706 2060 1811 2090 meus,
1836 2050 1891 2093 qui
1916 2051 2010 2084 simul
2034 2059 2159 2083 mecum
2183 2050 2292 2083 dulces

2302 512 2428 535 Pei-versitas

2309 539 2427 567 proditoris.

2300 726 2380 748 Christi
2387 727 2442 749 beni·

2443 426 2476 451 l?

2444 471 2476 483 ¹.

2330 753 2404 780 guitas.
2446 760 2448 766 ·

2306 1047 2424 1069 instructio.
2449 1075 2450 1078 Ἴ

2317 1633 2434 1655 Proditoris

2305 1659 2441 1687 ingratitudo.
2473 1675 2474 1678 ,

1331 2105 1477 2147 capiebas
1492 2105 1578 2137 cibos
1595 2118 1625 2136 ».
1640 2123 1681 2127 -
1695 2103 1772 2137 Huic
1788 2103 1942 2146 proditori
1958 2103 2076 2137 similes
2092 2106 2167 2137 sunt
2181 2102 2235 2146 qui
2252 2102 2292 2135 ad
2304 2114 2345 2141 Qui
2355 2113 2451 2135 christia-

2315 2141 2337 2162 ni
2347 2141 2389 2162 sint
2398 2140 2452 2161 simi·

1331 2166 1471 2190 mensam
1495 2157 1629 2196 Christi,
1654 2156 1773 2190 scilicet
1794 2157 1904 2196 altare,
1928 2166 2002 2190 cum
2026 2165 2176 2199 perverso
2197 2155 2292 2189 corde

1331 2210 1494 2243 accedunt.
1511 2209 1597 2242 Unde
1613 2209 1721 2242 Glossa
1734 2210 1775 2242 1⁴:
1798 2223 1814 2238 ιι
1831 2210 1982 2252 Exemplo
1999 2209 2092 2243 Iudae
2107 2210 2218 2247 Filium
2236 2209 2292 2242 bo-

1332 2263 1425 2296 minis
1448 2263 1544 2296 tradit
1567 2263 1622 2305 qui
1645 2263 1730 2296 istud
1753 2263 1931 2297 inviolabile
1963 2264 2202 2296 Sacramentum
2227 2262 2292 2295 vio-

1332 2317 1398 2349 lare
1421 2316 1642 2358 praesumit».
1668 2316 1850 2350 Huiusmodi
1875 2319 1949 2350 sunt
1970 2317 2025 2359 qui
2042 2319 2112 2358 post
2128 2319 2292 2358 acceptum

1332 2370 1568 2403 Sacramentum
1592 2369 1726 2402 redeunt
1749 2369 1788 2402 ad
1811 2373 1992 2412 peccatum,
2009 2370 2092 2403 sicut
2119 2382 2135 2399 ιι
2152 2370 2238 2403 canis
2254 2369 2292 2402 ad

1332 2424 1484 2456 vomitum
1498 2423 1569 2462 ¹⁵»,
1593 2423 1632 2456 de
1655 2423 1774 2465 quibus
1801 2423 1841 2456 ad
1864 2423 2020 2456 Hebraeos
2036 2423 2173 2456 decimo:
2203 2423 2293 2456 «Vo-

1332 2477 1469 2510 luntarie
1492 2476 1695 2518 peccantibus
1730 2476 1820 2509 nobis
1854 2479 1926 2518 post
1958 2480 2118 2518 acceptam
2147 2476 2290 2509 notitiam

1332 2530 1475 2563 veritatis
1498 2530 1558 2562 iam
1583 2539 1644 2562 non
1670 2529 1863 2572 relinquitur
1894 2529 1997 2562 hostia
2031 2539 2091 2572 pro
2113 2533 2242 2572 peccato
2258 2542 2290 2568 »3

1333 2584 1417 2617 unde
1441 2584 1471 2616 in
1497 2583 1631 2616 Psalmo:
1661 2595 1677 2612 «
1695 2583 1730 2616 Et
1753 2586 1930 2625 posuerunt
1952 2583 2122 2617 adversum
2145 2592 2196 2616 me
2213 2583 2294 2616 mala

1333 2646 1392 2679 pro
1415 2637 1506 2670 bonis
1529 2640 1560 2669 et
1582 2636 1689 2669 odium
1714 2645 1773 2678 pro
1795 2636 1961 2670 dilectione
1978 2645 2056 2674 ¹mea
2072 2645 2102 2669 ».’

1337 2856 1406 2888 162.)
1428 2863 1449 2880 c.
1470 2856 1495 2881 8.
1514 2863 1540 2880 n.
1559 2856 1609 2881 23:
1630 2856 1735 2881 'l'olerat
1753 2855 1810 2887 ipse
1829 2855 1955 2881 Dominus
1973 2855 2080 2887 ludam,
2093 2855 2243 2885 diabolum,
2259 2857 2294 2880 su-

1334 2906 1390 2925 rem
1410 2902 1435 2925 ot
1453 2900 1618 2925 venditorem
1638 2906 1716 2925 suum
1727 2898 1739 2931 ς’
1754 2899 1814 2926 sinit
1832 2900 1953 2932 accipere
1972 2900 2038 2925 inter
2057 2900 2206 2925 innocentes
2220 2900 2294 2925 disci-

1336 2945 1412 2975 pulos
1431 2944 1503 2976 quod
1522 2944 1612 2969 fideles
1640 2947 1771 2970 noverunt
1799 2945 1913 2976 pretium
1942 2947 2071 2970 nostrum.
2099 2944 2150 2970 Cir.
2168 2947 2231 2971 tom.
2251 2945 2292 2970 lv,

1337 2995 1399 3020 pag.
1419 2988 1478 3020 211,
1499 2991 1558 3013 nota
1579 2988 1603 3013 9.
1623 2991 1649 3014 et
1668 2995 1730 3020 pag.
1752 2988 1820 3020 267,
1838 2991 1900 3014 nota
1920 2989 1949 3021 2,
1964 2987 2010 3014 ubi
2023 2988 2088 3014 alios
2101 2988 2172 3014 locos
2184 2989 2295 3020 August.

1335 3032 1518 3063 allegavimus.

1408 3075 1428 3090 ¹¹
1450 3076 1551 3102 S'cilicet
1569 3076 1711 3103 ordinaria
1731 3076 1772 3110 (ex
1791 3077 1876 3110 Beda,
1904 3077 1951 3110 qui
1970 3077 2088 3110 sequitur
2112 3077 2232 3109 Hieron.‚
2253 3077 2294 3102 lv.

1337 3119 1483 3146 Comment.
1502 3121 1527 3145 in
1547 3121 1633 3146 Matth.
1653 3120 1702 3151 26,
1722 3121 1776 3154 21.)
1797 3121 1822 3146 in
1841 3122 1903 3147 Luc.
1924 3119 1973 3152 22,
1993 3121 2035 3146 21.

1408 3163 1429 3178 ¹⁹
1449 3162 1523 3190 Vers.
1544 3165 1585 3190 10.
1604 3168 1630 3190 et
1651 3165 1692 3190 11.

1408 3208 1430 3223 ¹³
1450 3209 1542 3234 psalm.
1563 3209 1611 3241 40,
1631 3210 1671 3234 10.
1688 3212 1714 3235 et
1732 3210 1828 3236 deinde
1846 3209 1893 3243 54,
1914 3210 1956 3235 13.
1976 3212 2001 3236 et
2022 3209 2064 3235 14.
2083 3216 2138 3243 seq.
2158 3223 2192 3228 —-
2211 3211 2295 3243 Supe-

1335 3253 1392 3278 rius
1411 3260 1459 3284 pro
1478 3252 1526 3286 qui
1543 3259 1590 3279 nec
1609 3252 1660 3279 CD
1672 3254 1693 3278 11
1713 3260 1781 3287 quae
1799 3260 1856 3280 neo.

1338 3292 1340 3294 ’
1366 3311 1370 3313 -
1409 3296 1430 3311 ¹⁴
1451 3297 1553 3323 Scilicet
1571 3296 1714 3324 ordinaria
1734 3298 1775 3331 (ex
1793 3297 1875 3331 Beda)
1902 3297 1928 3322 in
1947 3298 2009 3323 Luc.
2031 3298 2079 3330 22,
2100 3299 2143 3324 21.
2160 3312 2196 3317 -
2215 3299 2294 3330 Supe-

1337 3342 1392 3367 rius
1411 3348 1459 3373 pro
1478 3340 1546 3368 Huic
1565 3341 1623 3367 Vnt.
1643 3341 1690 3373 Hi,
1710 3345 1735 3367 et
1753 3342 1812 3367 voci
1831 3341 1920 3368 altare
1938 3342 1960 3367 G
1979 3342 2101 3374 praefigit
2118 3342 2162 3369 acl.

1409 3384 1431 3399 ¹⁶
1451 3386 1527 3411 Prov.
1547 3386 1595 3417 26,
1618 3386 1657 3412 11.
1677 3389 1703 3411 et
1721 3387 1748 3412 11.
1769 3386 1835 3415 Petr.
1851 3386 1881 3417 2,
1895 3386 1938 3412 22.
1953 3400 1986 3405 —-
2000 3386 2056 3413 Duo
2074 3394 2148 3420 seqq.
2168 3387 2217 3413 loci
2235 3390 2295 3413 sunt

1338 3429 1417 3455 Ilebr.
1438 3430 1485 3462 10,
1505 3431 1548 3456 26,
1567 3433 1592 3456 et
1610 3431 1651 3456 Ps.
1677 3431 1738 3463 108,
1758 3430 1783 3456 5.
1885 3431 1887 3433 ’

2315 2168 2346 2190 les
2360 2167 2432 2189 Iudae.
