2476 3921
20 581 141 613 Sublimitas

0 639 1 643 Ἰ
33 615 129 638 praemii.

8 1382 133 1406 Notandum.

49 1757 133 1785 Figura.

0 2077 24 2100 De
37 2077 100 2100 Petro
114 2079 136 2100 et

26 2104 100 2127 Paulo.

749 214 943 248 COMMENT.
967 215 1005 249 IN
1031 214 1270 248 EVANGELIUM
1294 215 1411 249 LUCAE
1436 216 1467 249 C.
1493 217 1567 251 xlx.

160 307 369 349 voluptatum.
402 305 534 347 Propter
558 303 644 347 quod
666 306 698 337 et
721 303 825 337 ludaei
848 303 1001 336 dicuntur
1025 303 1126 336 vocati

159 361 198 394 de
217 369 341 403 prope,
365 358 498 402 gentiles
520 367 597 391 vero
624 357 664 390 de
696 357 808 400 lon9e;
834 356 873 389 ad
898 356 1049 399 Ephesios
1078 365 1126 389 se-

159 413 263 447 cundo
275 414 310 446 ¹:
341 425 357 442 ιι
373 411 603 454 Evangelizavit
619 419 728 454 pacem
747 411 796 444 his
816 410 872 453 qui
890 419 1007 453 prope,
1024 414 1056 443 et
1073 419 1127 452 pa-

160 476 227 501 cem
251 467 302 500 1115
325 466 380 509 (1111
406 466 497 508 longe
513 478 544 498 ».

249 520 302 554 30.
327 520 430 562 (Vers.
458 519 534 560 19).
559 518 703 552 Secundo
734 520 891 560 quantum
919 517 959 550 ad
976 517 1128 559 praemii

157 573 394 608 sublimitatem
417 572 544 606 subdit:
571 573 611 604 Et
634 570 713 604 haic
736 572 808 604 ait.-
835 571 875 604 E't
891 575 927 603 tu
942 575 1009 603 esto
1024 580 1126 613 super

158 618 302 672 quinque
325 626 492 665 civitates,
516 625 546 658 id
571 628 633 665 est,
657 625 789 667 gloriam
809 624 926 657 habeas
941 623 980 657 de
996 623 1125 657 univer-

158 682 249 715 sitate
272 680 412 715 fidelium
436 684 675 713 conversorum.
698 678 784 711 Unde
799 677 908 710 Glossa
921 678 955 710 ²:
977 690 994 706 «
1010 678 1125 720 Respe-

157 738 211 768 ctu
240 742 351 767 earum
383 732 583 772 animarum,
615 740 695 774 quas
726 730 866 764 imbuisti
896 730 958 763 fide
988 733 1020 763 et
1051 739 1125 764 con-

157 787 351 826 versatione,
375 794 510 828 magnus
534 789 574 818 et*
588 785 733 818 sublimis
756 788 842 824 esto,
866 788 898 818 et
921 793 984 817 non
1003 788 1124 817 tantum

156 841 195 875 de
211 841 292 880 tuis,
309 840 364 874 sed
379 843 411 873 et
426 840 465 873 de
480 839 665 873 auditorum
689 838 885 881 profectibus
908 838 1076 872 honoreris
1093 852 1123 871 n.

156 895 200 928 De
225 894 275 927 his
297 893 445 937 gentibus
470 893 602 933 Paulus,
624 892 839 925 nobilissimus
855 892 1070 934 praedicator,
1087 891 1123 924 li—

156 951 205 982 cet
227 947 395 980 minimum
427 955 460 980 se
491 946 611 980 diceret
643 949 674 979 et
702 945 834 979 sentiret
858 945 1122 987 Apostolorum³‚

153 1001 328 1034 maximam
351 999 587 1033 multitudinem
612 999 747 1033 adduxit
763 998 802 1032 ad
818 999 900 1032 ovile
916 998 1122 1038 dominicum,

154 1063 245 1094 cum,
269 1053 445 1087 secundum
469 1052 548 1086 illud
571 1053 668 1086 Isaiae
692 1052 908 1095 sexagesimo,
938 1065 954 1081 α
972 1052 1123 1086 minimus

154 1107 215 1140 erit
245 1106 277 1139 in
308 1106 412 1146 mille,
443 1110 475 1139 et
507 1106 569 1139 erit
600 1105 756 1148 parvulus
779 1105 810 1138 in
835 1108 960 1148 gentem
988 1105 1122 1138 fortissi-

153 1169 237 1193 mam
255 1174 285 1192 ».
318 1159 403 1193 Unde
431 1163 463 1192 et
493 1159 562 1202 ipse
589 1159 714 1192 dicebat
744 1158 783 1191 ad
813 1159 938 1192 Galatas
960 1158 1121 1192 secundo:

159 1227 175 1242 «
190 1213 250 1256 Qui
273 1216 423 1255 operatus
455 1216 503 1246 est
527 1213 618 1245 Petro
650 1211 681 1244 in
712 1212 922 1254 apostolatum
955 1211 1122 1244 circumci—

154 1266 267 1306 sionis,
291 1269 442 1308 operatus
465 1269 513 1299 est
536 1268 567 1298 et
590 1264 667 1298 mihi
693 1264 776 1298 inter
799 1268 908 1307 gentes
925 1278 955 1297 ι).

245 1319 297 1352 31.
323 1319 360 1352 Et
384 1318 575 1358 notandum,
604 1318 688 1361 quod
713 1318 785 1351 licet
808 1317 916 1351 decem
942 1327 1051 1351 servos
1074 1317 1121 1350 di-

153 1372 239 1406 xerit
260 1374 387 1405 vocatos
410 1374 542 1414 propter
565 1371 803 1404 universitatem
818 1371 832 1390 ⁴
855 1370 1121 1412 praedicatorum,

153 1435 215 1459 non
240 1421 374 1460 resumit
398 1425 456 1458 nisi
482 1425 522 1458 de
546 1420 668 1464 tribus,
692 1424 817 1457 duobus
842 1424 960 1457 scilicet
983 1424 1074 1456 bonis
1090 1427 1121 1456 et

153 1489 218 1513 uno
241 1479 342 1518 malo,
366 1479 405 1512 ad
430 1478 673 1517 insinuandum,
690 1477 775 1520 quod
791 1477 893 1510 omnis
911 1477 1121 1520 praedicatio

153 1533 316 1574 bonorum
340 1536 388 1566 est
411 1532 562 1575 bipartita
585 1531 760 1565 secundum
785 1531 943 1574 duplicem
957 1531 1119 1573 populum

152 1590 184 1620 et
205 1586 362 1628 duplicem
391 1585 573 1628 parietem,
605 1585 727 1618 ratione
758 1585 850 1618 cuius
881 1581 974 1618 etiam
999 1584 1120 1627 duplex

152 1639 377 1674 sacerdotium
403 1639 463 1672 fuit
487 1642 518 1672 et
542 1639 665 1682 duplex
682 1642 934 1677 testamentum;
950 1641 982 1672 et
998 1638 1121 1681 duplex

152 1693 270 1727 dicitur
301 1702 370 1726 esse
398 1692 481 1725 ordo
510 1692 786 1736 praedicantia-m
815 1692 978 1725 honoram
1009 1701 1121 1726 secun-

153 1746 229 1780 dum
253 1746 412 1789 duplicem
440 1745 649 1778 differentiam
681 1745 788 1779 ovium
821 1745 1063 1788 pascendarum.
1089 1745 1121 1777 ln

154 1800 246 1834 cuius
269 1800 407 1842 figuram
430 1799 559 1832 Genesis
583 1799 745 1841 trigesimo
768 1798 955 1832 secundo⁶:
985 1812 1000 1828 «
1018 1799 1049 1831 ln
1068 1799 1121 1832 ba-

154 1854 226 1887 culo
257 1849 327 1887 me'o
359 1853 490 1888 transivi
524 1852 685 1886 Iordanem
717 1852 833 1892 istum,
865 1856 896 1886 et
928 1861 1013 1885 nunc
1048 1861 1120 1886 cum

153 1906 279 1940 duabus
295 1906 410 1945 turmis
426 1906 590 1949 regredior
607 1917 637 1945 »ς
662 1908 693 1938 61
710 1905 833 1938 loannis
848 1905 987 1938 decimo:
1010 1918 1026 1934 (ι
1041 1904 1122 1946 Alias

154 1969 229 1994 oves
251 1960 370 1999 habeo,
395 1969 478 2003 quae
502 1968 565 1992 non
596 1962 671 1992 sunt
700 1967 742 1991 ex
775 1959 833 1992 hoc
864 1958 938 1992 ovili
956 1970 987 1998 ”;
1020 1961 1051 1991 et
1082 1956 1121 1990 ad

154 2013 305 2057 Ephesios
336 2009 496 2047 secundo:
527 2025 542 2042 «ι
559 2012 598 2045 Ut
619 2012 701 2045 duos
724 2012 837 2045 condat
860 2012 892 2045 in
917 2011 1121 2053 semetipsum

155 2067 185 2100 in
209 2076 310 2100 unum
334 2075 452 2101 novum
476 2066 654 2105 hominem,
671 2065 788 2099 faciens
804 2074 912 2108 pacem
931 2078 960 2097 ».
979 2065 1011 2097 ln
1028 2064 1121 2097 cuius

153 2120 247 2154 etiam
270 2119 517 2163 designationem
540 2119 621 2152 duos
641 2118 800 2161 principes
816 2118 1035 2160 Apostolorum
1052 2121 1120 2150 tan-

154 2183 254 2218 quam·
273 2173 354 2207 duos
376 2173 611 2216 praedicatores
638 2172 826 2215 praecipuos
849 2174 881 2204 et
901 2171 999 2204 duces
1027 2179 1119 2213 prae-

153 2227 325 2261 dicantium
342 2227 496 2268 Dominus
512 2226 693 2270 praemisit,
714 2226 843 2259 Petrum
860 2225 979 2258 scilicet
993 2228 1025 2258 et
1042 2225 1120 2257 Pau-

154 2280 238 2321 lum,
262 2281 341 2314 dans
365 2281 456 2314 Petro
479 2279 683 2324 praecipuam
709 2282 895 2322 potestatem
913 2277 1044 2311 faciendi
1062 2277 1119 2310 mi-

155 2334 281 2374 racula,
306 2334 401 2368 Paulo
425 2343 501 2368 vero
523 2333 799 2377 profundissimam
817 2331 1000 2375 sapientiam
1017 2331 1056 2364 ad
1072 2331 1120 2364 in-

157 2387 324 2430 telligenda
346 2388 517 2430 mysteria3
547 2387 637 2431 quia,
669 2387 752 2421 sicut
782 2386 898 2420 dicitur
930 2385 1049 2428 primae
1080 2384 1120 2417 ad

155 2441 335 2474 Corinthios
358 2441 504 2484 primo⁶‚
534 2454 550 2470 <r
567 2440 670 2474 Iudaei
695 2440 784 2483 signa
807 2436 938 2483 petunt,
962 2442 994 2472 et
1009 2438 1117 2472 Graeci

155 2494 337 2537 sapientiam
351 2498 510 2537 quaerunt
524 2509 553 2528 υ.
568 2513 609 2519 -
620 2495 820 2537 Quicumque
834 2494 929 2537 igitur
943 2493 1014 2526 boni
1028 2501 1118 2536 prae-

228 2687 237 2702 ¹
260 2688 332 2714 Vers.
357 2687 395 2713 17.

227 2731 237 2747 ²
258 2732 360 2759 Scilicet
379 2731 562 2759 interlinearis·
582 2732 623 2765 (ex
642 2732 740 2765 Beda),
759 2733 786 2759 in
799 2740 852 2766 qua
866 2740 915 2766 pro
930 2733 1057 2767 Respecta
1077 2740 1121 2766 po-

156 2777 225 2803 nitur
245 2777 289 2804 Ez
307 2781 333 2804 et
351 2784 400 2810 pro
419 2779 444 2804 et
460 2784 516 2803 non
535 2778 642 2804 tantum
655 2777 727 2809 apud
741 2778 873 2810 Lyranum
893 2779 923 2804 ut
936 2784 991 2804 non
1004 2779 1120 2804 tantum.

227 2819 238 2835 ²³
256 2822 337 2854 Epist.
357 2822 375 2847 l.
388 2821 452 2848 Cor.
478 2821 521 2854 15,
541 2822 575 2847 9:
599 2822 654 2853 Ego
673 2821 743 2847 enim
764 2828 822 2847 sum
844 2821 969 2847 minimus
988 2822 1121 2853 Apostolo-

156 2873 215 2892 rum
235 2869 284 2892 etc.
302 2880 338 2885 —
357 2866 414 2892 Duo
433 2873 508 2899 seqq.
529 2866 579 2892 loci
598 2869 658 2892 sunt
677 2866 735 2892 lsai.
754 2866 802 2897 60,
822 2866 865 2892 22.
885 2869 910 2891 61
929 2866 985 2892 Gal.
1005 2866 1035 2896 2,
1055 2866 1079 2891 8.

231 2909 242 2924 ‘
261 2910 321 2936 Vat.
339 2909 529 2937 humilitatem.

228 2953 239 2968 ⁶
258 2954 333 2980 Vers.
355 2954 400 2985 lo,
429 2953 474 2980 ubi
500 2954 591 2980 Glossa
620 2953 764 2980 ordinaria
791 2954 831 2987 (ex
850 2954 951 2987 Beda):
971 2954 1019 2979 Ρ61·
1038 2953 1122 2985 bapti-

156 3005 244 3024 smum
273 2998 429 3024 coniunctus
457 3001 497 3025 est
526 2999 612 3031 paries
631 2999 664 3025 ‹le
684 2998 809 3031 gentibus
836 2999 860 3025 ci
886 2998 931 3032 qui
951 3005 981 3024 ex
1001 2998 1120 3028 ludaeis;

157 3042 307 3074 primitivae
325 3045 412 3068 tumen
431 3042 560 3069 Ecclesiae
579 3050 631 3069 non
644 3043 725 3069 -deest
749 3043 828 3069 timor
855 3043 1028 3074 ludaeorum,
1048 3042 1120 3075 quod

157 3086 287 3119 significat
305 3087 381 3112 Esau.
402 3100 437 3106 —
456 3086 574 3113 Subinde
592 3087 736 3120 allegantur
749 3088 817 3114 loun.
839 3088 886 3119 10,
908 3088 949 3113 16.
968 3090 993 3112 et
1011 3087 1077 3119 Eph.
1091 3087 1120 3118 2,

160 3130 207 3161 15,
226 3129 261 3155 (16
279 3137 333 3163 quo
345 3130 408 3156 vide
425 3137 506 3163 supra
526 3138 589 3163 pag.
607 3131 674 3165 345,
693 3135 781 3158 notam
802 3130 853 3162 -14;
872 3131 950 3157 codd.
971 3130 1013 3156 1116
1030 3131 1122 3162 legunt

158 3172 187 3200 in
204 3173 378 3208 semetipsum
396 3181 483 3201 unum
503 3181 605 3202 novum
622 3179 673 3201 etc.

230 3216 241 3232 ⁰
261 3218 335 3244 Vers.
360 3219 403 3244 22.
422 3232 458 3238 —
476 3218 604 3251 Superius
623 3227 671 3252 pro
690 3219 904 3254 designationem
930 3220 988 3246 Vat.
1007 3218 1120 3253 dissipa-

158 3260 257 3288 tionem
269 3262 307 3295 (l).

230 3304 240 3320 ⁷
259 3305 311 3332 Csr.
330 3313 410 3339 supra
429 3313 491 3339 pag.
512 3307 560 3339 47,
579 3311 639 3334 nota
661 3308 693 3340 43
713 3316 775 3341 pag.
795 3308 860 3342 345,
880 3313 939 3335 nota
964 3309 1003 3335 13.
1020 3312 1045 3334 et
1058 3315 1119 3340 pag.

159 3350 219 3382 361,
238 3353 297 3376 nota
322 3350 361 3376 13.
734 3350 739 3355 ‘

230 3393 240 3408 ⁸
259 3393 321 3427 cap.
334 3395 376 3428 ⁴25,
392 3394 431 3421 15.
441 3402 514 3429 seqq.
526 3410 560 3414 —
570 3396 679 3422 lnserius
690 3404 738 3429 pro
749 3396 797 3424 illa
810 3404 871 3424 uero
882 3396 901 3424 C
911 3397 932 3423 D
943 3397 961 3423 Γ
971 3397 992 3423 G
1003 3395 1040 3423 ibi
1047 3403 1085 3423 vei
1113 3416 1119 3422 .

2084 222 2150 255 483

1190 303 1346 337 dicatores
1374 309 1465 344 sunt,
1496 305 1671 339 imitatores
1702 311 1776 340 sunt
1806 308 1921 341 horum
1953 309 2089 342 duorum
2122 314 2152 344 et

1190 356 1352 390 adducunt
1382 358 1421 390 ad
1453 367 1604 401 praesepe
1635 359 1825 394 dominicum
1862 362 1909 394 vel
1941 362 2070 402 bovem,
2104 364 2151 396 vel

1190 409 1359 450 asinum⁷‚
1389 410 1419 443 id
1443 415 1491 444 est
1514 411 1621 444 decem
1647 422 1752 452 mnas,
1777 414 1826 447 vel
1850 415 2009 457 qumque,
2042 425 2152 449 secun—

1188 462 1265 495 dum
1282 463 1398 496 horum
1415 463 1623 497 differentiam
1640 466 1841 507 populorum.
1856 486 1897 491 —
1913 469 1948 501 Et
1965 478 2004 501 ex
2024 470 2082 502 hoc
2099 479 2153 511 ap·
2167 478 2315 500 Corollarium.

1190 519 1280 558 paret
1295 516 1473 550 differentia
1488 517 1570 551 inter
1587 519 1766 560 parabolam
1778 546 1786 559 ,
1803 529 1897 562 quam
1916 523 2062 564 proponit
2079 524 2152 556 Mat-

1190 570 1329 603 thaeus⁸
1352 570 1391 603 de
1416 571 1558 611 talentis,
1581 575 1613 605 et
1636 582 1730 615 quam
1756 574 1807 606 hic
1831 575 1917 616 ponit
1942 576 2056 615 Lucas;
2079 577 2153 618 quia

1189 622 1248 656 ista
1271 623 1481 657 differentiam
1506 625 1635 667 respicit
1651 626 1903 668 praedicatorum
1928 633 2072 670 respectu
2090 640 2151 662 (ιιι-

1189 676 1368 717 (ἰίεηιίανη,
1386 678 1439 710 1113
1454 687 1530 711 vero
1547 682 1693 721 respectu
1706 680 1928 722 propriorum
1946 683 2151 715 meritorum.

1190 730 1260 763 ldeo
1293 730 1345 764 1116
1372 731 1508 771 dicitur,
1541 732 1626 775 quod
1656 733 1839 767 tantundem
1870 735 2016 768 omnibus
2047 735 2151 775 dedit;

1167 820 1170 824 .
1190 783 1231 817 ibi
1256 793 1348 824 vero,
1371 785 1457 828 quod
1482 786 1536 819 uni
1561 787 1650 829 plus,
1675 787 1726 819 alii
1751 787 1865 821 minus.
1891 788 1977 821 Unde
1998 793 2029 821 et
2052 789 2105 822 illa
2122 790 2151 821 in

1190 838 1359 872 ierusalem
1392 839 1554 882 proposita
1584 839 1660 879 fuit,
1693 841 1770 874 haec
1802 845 1907 874 autem
1937 842 1967 874 in
1992 842 2089 881 via-‘³3
2123 843 2152 875 in

1189 894 1326 934 utraque
1357 895 1460 925 tamen
1494 892 1634 926 fidelium
1665 893 1917 936 praedicatorum
1943 896 2083 929 studiosa
2106 905 2153 930 se-

1187 944 1303 978 dulitas
1326 946 1540 988 approbatur,
1562 952 1592 980 et
1609 948 1798 990 negligentia
1821 949 2029 991 reprobatur;
2047 951 2076 983 in
2095 951 2152 984 1136

1187 998 1364 1041 specialiter
1388 999 1574 1033 Iudaeorum
1605 1001 1772 1034 rebellium
1804 1002 1936 1044 perfidia
1966 1004 2152 1037 condemna-

1187 1055 1258 1092 tur,
1276 1061 1349 1085 cum
1367 1052 1398 1085 in
1415 1053 1477 1086 fine
1493 1053 1661 1095 parabolae
1674 1055 1701 1074 ¹⁰
1717 1054 1866 1088 subditur
1881 1055 1920 1089 de
1936 1056 2152 1089 intersectione

1186 1105 1405 1145 inimicorum,
1430 1106 1490 1139 hoc
1513 1109 1560 1139 est
1584 1107 1750 1140 rebellium
1775 1108 1971 1142 ludaeorum.

1276 1158 1329 1194 32.
1355 1159 1457 1200 (Vers.
1483 1161 1561 1201 520).
1593 1161 1633 1193 Et
1655 1161 1811 1194 ιενιίτιεῑ1
1835 1163 1921 1195 venit
1949 1163 2060 1196 dicens
2091 1167 2148 1197 etc.
2165 1168 2315 1198 navemn&

1187 1212 1354 1254 Postquam
1377 1212 1545 1254 descripsit
1569 1213 1675 1246 iudicii
1692 1214 1827 1247 sormam
1846 1220 1991 1258 respectu
2008 1217 2148 1250 omnium
2163 1195 2314 1242 ⁸23¹:5f¹i²ffli{³ii

1185 1267 1216 1297 et
1230 1260 1387 1306 'respectu
1411 1265 1569 1305 fidelium,
1595 1266 1645 1299 hic
1669 1266 1819 1300 describit
1844 1277 1912 1300 eam
1931 1273 2079 1310 respecta
2095 1279 2149 1302 ne·
2161 1248 2312 1302 ρῖῗιῗῖἆέἶῖιῖῗ-

1183 1317 1400 1360 migentiani,
1425 1318 1479 1360 qui
1503 1327 1612 1351 omnes
1636 1319 1666 1351 in
1692 1328 1827 1361 persona
1851 1320 1941 1354 istius
1965 1322 2047 1354 servi
2066 1322 2148 1355 tertii

1184 1370 1390 1413 designantur
1404 1371 1441 1403 ¹².
1466 1371 1556 1405 Circa
1579 1372 1639 1405 hoc
1669 1375 1775 1405 autem
1801 1373 2048 1406 introducuntur
2071 1384 2148 1417 qua-

1185 1427 1258 1457 tuor
1281 1424 1321 1457 ab
1345 1424 1558 1467 Evangelista‚
1583 1425 1701 1458 56111661
1733 1426 1814 1458 servi
1849 1427 1929 1469 pigri
1955 1427 2146 1467 absconsio,

1184 1487 1328 1521 nequam
1343 1478 1515 1510 excusatio
1531 1481 1563 1511 et
1580 1482 1670 1511 recca
1687 1479 1885 1522 redargutio
1902 1484 1932 1513 et
1949 1480 2147 1513 condemna-

1184 1531 1229 1563 tio
1253 1530 1353 1563 iusta.

1273 1584 1377 1617 Primo
1401 1584 1499 1627 igitur
1522 1588 1676 1627 quantum
1701 1585 1740 1618 ad
1771 1585 1871 1628 ipsius
1898 1587 1989 1619 servi
2011 1587 2148 1620 abscon·
2168 1592 2270 1614 Primum-

1183 1638 1307 1671 sionem
1328 1638 1468 1681 piyram
1491 1638 1618 1671 subdit:
1644 1639 1683 1671 Et
1699 1639 1817 1672 tercius
1835 1640 1920 1672 venit
1935 1640 2065 1673 dicens.-
2086 1642 2148 1674 Do-

1184 1692 1291 1731 mine,
1316 1701 1404 1730 eece,
1437 1701 1518 1724 mna
1542 1695 1621 1730 tua,
1646 1701 1748 1736 qaam
1773 1691 1878 1726 habai
1900 1694 2081 1736 repositam
2113 1695 2149 1728 in

1184 1744 1351 1783 sadai-im
1382 1744 1549 1778 Glossa¹³z
1579 1745 1738 1778 «Tertius
1769 1754 1882 1779 servus
1913 1751 1988 1780 sunt
2018 1747 2061 1780 illi
2094 1749 2148 1790 qui

1185 1802 1255 1841 post
1278 1798 1426 1831 collectos
1454 1798 1584 1831 ludaeos
1607 1802 1638 1831 et
1661 1802 1771 1841 gentes
1794 1800 1988 1842 negligenter
2011 1805 2149 1834 utuntur

1185 1852 1351 1886 commisso
1381 1852 1622 1894 praedicationis
1649 1852 1752 1885 officio
1770 1867 1799 1885 n.
1825 1853 1869 1886 De
1892 1854 2010 1896 quibus
2032 1854 2149 1888 dicitur

1186 1905 1332 1939 Ieremiae
1355 1904 1596 1947 quadragesimo
1618 1908 1750 1938 octavo:
1779 1919 1794 1935 α
1811 1906 1993 1940 Maledictus
2021 1908 2075 1949 qui
2103 1908 2148 1940 fa-

1184 1958 1227 1992 cit
1257 1966 1338 2000 opus
1372 1958 1427 1990 Dei
1458 1958 1653 2000 negligenter
1684 1962 1715 1991 et
1747 1959 1801 2001 qui
1834 1959 1981 2001 prohibet
2007 1960 2146 2002 gladium

1184 2020 1279 2045 suum
1303 2020 1321 2043 a
1352 2010 1551 2052 sanguine».
1585 2011 1673 2044 Tunc
1704 2011 1904 2054 neyliqenter
1935 2013 1987 2051 fit,
2021 2013 2147 2055 quando

1183 2065 1302 2098 donum
1334 2064 1504 2106 sapientiae
1539 2063 1743 2097 absconditur
1775 2068 1806 2098 et
1841 2065 2040 2105 occultatur;
2077 2066 2146 2100 ideo

1183 2117 1275 2157 dicit,
1307 2117 1488 2160 repositam
1511 2126 1579 2149 esse
1602 2117 1638 2150 in
1666 2117 1809 2151 sudario
1817 2130 1830 2156 ‚·
1853 2118 1891 2151 de
1915 2128 1978 2161 quo
2003 2119 2083 2152 Beda
2097 2120 2144 2152 ¹⁴:

1190 2184 1205 2200 «
1223 2170 1254 2203 ln
1277 2169 1406 2203 sudario
1429 2170 1594 2212 pecuniam
1616 2170 1739 2212 reponit
1759 2170 1829 2212 qui,
1846 2170 1885 2203 ad
1901 2171 2145 2213 praedicandum

1182 2223 1332 2262 idoneus,
1363 2222 1502 2256 officium
1531 2222 1730 2265 praedicandi
1754 2223 1804 2256 vel
1828 2224 1989 2266 suscipere
2020 2225 2144 2264 renuit,

1183 2277 1232 2311 vel
1252 2279 1435 2319 susceptum
1467 2285 1530 2309 non
1562 2276 1642 2309 bene
1672 2276 1775 2319 gerit;
1807 2276 1862 2309 sed
1886 2281 2034 2320 percepta
2064 2277 2145 2310 dona

1183 2331 1243 2365 sub
1265 2330 1329 2363 otio
1353 2330 1491 2373 torporis
1514 2329 1676 2363 abscondit
1699 2330 1823 2363 dicens:
1842 2330 1963 2364 Sufficit
1985 2331 2082 2370 mihi,
2107 2335 2144 2364 ut

1183 2383 1221 2417 de
1243 2392 1294 2416 me
1317 2382 1471 2416 rationem
1495 2382 1632 2416 reddam.
1657 2383 1721 2416 Cur
1744 2383 1813 2416 aliis
1829 2383 2023 2425 praedicem,
2041 2383 2088 2416 vel
2106 2383 2144 2417 de

1182 2437 1252 2471 aliis
1274 2446 1368 2479 cogar
1391 2436 1524 2470 reddere
1547 2436 1698 2470 rationem
1718 2440 1754 2469 n?
1777 2437 1859 2470 Talis
1879 2441 1926 2470 est
1943 2437 2056 2470 merito
2078 2446 2143 2469 ma-

1184 2491 1382 2531 ledicendus,
1414 2491 1506 2533 quia,
1537 2491 1778 2524 Proverbiorum
1803 2491 2026 2530 111111661111015,
2057 2505 2071 2520 <1
2089 2491 2143 2534 qui

1248 2685 1267 2715 .⁹
1285 2686 1339 2713 Cir.
1357 2693 1380 2713 c.
1403 2686 1447 2717 18,
1467 2686 1511 2711 31.
1529 2685 1621 2716 6119,
1645 2685 1684 2710 ll.
1704 2685 1747 2710 28.

1256 2730 1279 2746 ¹⁰
1298 2731 1373 2757 Vers.
1393 2730 1436 2756 27.
1532 2751 1535 2753 .
1675 2728 1683 2740 '

1257 2775 1277 2790 ¹¹
1298 2774 1348 2802 Csr.
1368 2781 1448 2807 supra
1468 2781 1529 2806 pag.
1551 2773 1616 2805 480,
1637 2776 1696 2799 nota
1718 2773 1742 2799 7.
1762 2792 1771 2798 ,

1257 2818 1279 2834 ¹⁹
1300 2819 1365 2846 Vide
1385 2826 1464 2851 supra
1484 2826 1509 2844 n.
1531 2819 1574 2844 22.

1257 2863 1280 2879 ¹⁵
1298 2864 1400 2889 Scilicet
1420 2862 1602 2889 interlinearis
1623 2862 1679 2894 (clr.
1699 2861 1781 2887 verba
1795 2862 1881 2887 Bedae
1895 2863 1973 2894 paulo
1988 2862 2094 2888 inferius
2113 2863 2145 2888 al-

1185 2910 1268 2941 legata
1281 2917 1287 2941 ;
1306 2909 1400 2934 eadem
1419 2907 1546 2934 sententia
1565 2910 1604 2933 est
1617 2907 1741 2938 August,
1756 2907 1784 2932 ll.
1797 2907 1846 2940 Qq.
1861 2907 2025 2939 Evangeliur.
2039 2915 2064 2940 q.
2081 2907 2145 2937 46.).

1184 2967 1219 2973 -
1238 2953 1361 2985 Sequitur
1381 2954 1428 2978 ler.
1449 2952 1496 2984 48,
1520 2952 1562 2984 to,
1583 2950 1627 2977 ubi
1642 2958 1691 2983 pro
1705 2950 1870 2984 neyliqenter
1885 2951 1942 2977 Van.
1957 2958 2019 2977 cum
2032 2951 2144 2983 Vulgata

1184 2996 1393 3031 fraudulerae1·;
1414 2997 1459 3021 cfr.
1478 3002 1558 3027 supra
1577 3002 1639 3027 pag.
1661 2995 1726 3025 458,
1746 2999 1806 3021 nota
1829 2995 1868 3020 10.

1256 3041 1277 3055 ¹⁴
1297 3040 1367 3067 Libr.
1387 3040 1418 3066 V.
1439 3040 1464 3065 in
1478 3041 1541 3066 Luc.
1558 3040 1603 3070 19,
1624 3039 1674 3070 2ος
1694 3039 1819 3065 sententia
1834 3039 1920 3065 Bedae
1933 3039 2069 3065 exhibetur
2088 3047 2144 3065 ver-

1185 3086 1226 3112 bis
1244 3086 1350 3112 Glossae
1373 3083 1543 3116 ordinariae,
1565 3084 1589 3109 in
1608 3090 1659 3116 qua
1681 3090 1729 3116 pro
1748 3085 1903 3117 susceptum
1921 3090 1975 3110 non
1996 3083 2058 3110 bene
2076 3084 2145 3117 oeric

1186 3131 1230 3164 (ita
1250 3137 1311 3156 cum
1330 3130 1420 3155 Glossa
1449 3130 1468 3154 G
1481 3129 1502 3154 ll
1521 3133 1546 3154 61
1566 3129 1586 3154 D
1606 3135 1619 3154 a
1639 3128 1755 3154 secunda
1784 3128 1873 3160 manu)
1904 3128 1962 3154 Vnt.
1990 3130 2145 3162 susceptum

1184 3173 1298 3202 verbum
1316 3173 1481 3208 negligenter·
1501 3172 1583 3206 oei-il,
1603 3179 1672 3206 quae
1685 3173 1762 3198 eliam
1783 3171 1896 3198 subinde
1916 3179 1964 3204 pro
1983 3172 2035 3199 otio
2055 3174 2144 3206 torpo-

1184 3218 1223 3245 ris
1242 3218 1287 3251 (itu
1306 3218 1325 3243 B
1344 3221 1370 3243 et
1388 3217 1409 3243 D
1427 3224 1442 3242 a
1461 3216 1576 3243 secunda
1606 3223 1684 3242 manu
1695 3226 1701 3248 ;
1731 3216 1818 3242 Beda:
1848 3216 1901 3243 otio
1924 3215 1989 3242 lenti
2007 3217 2126 3250 torporis
2134 3226 2143 3247 ,-

1184 3263 1274 3290 Glossa
1292 3260 1345 3287 otio
1364 3260 1504 3294 temporis)
1524 3260 1657 3286 substituit
1675 3266 1735 3285 cum
1755 3260 1811 3286 111115
1830 3259 1908 3286 codd.
1928 3261 2037 3294 torpore
2050 3266 2144 3294 corpo·

1183 3306 1237 3339 ris,
1256 3309 1282 3332 61
1301 3312 1350 3338 pro
1362 3304 1405 3331 vel
1417 3304 1448 3331 de
1460 3304 1522 3331 alitis
1537 3304 1580 3338 (ita
1594 3304 1672 3330 etiam
1686 3304 1785 3337 Glossa)
1801 3305 1874 3336 ponit
1886 3305 1917 3330 ul
1929 3303 1960 3330 de
1972 3303 2034 3331 aliis
2049 3305 2143 3337 moda:

1186 3349 1257 3383 Quid
1270 3356 1338 3384 opus
1351 3351 1391 3376 est
1407 3348 1469 3376 αἱὶιζς
1479 3348 1656 3383 praedicare,
1669 3350 1701 3375 ut
1712 3348 1792 3375 etiam
1805 3348 1837 3375 de
1849 3348 1913 3382 ipsis
1928 3348 2060 3376 rationem
2074 3350 2144 3381 etc.).

1256 3393 1278 3409 ¹⁵
1297 3394 1372 3420 Vers.
1391 3394 1434 3419 26.
1453 3407 1488 3413 -
1509 3393 1625 3419 Subinde
1644 3393 1770 3425 allegatur
1789 3393 1865 3419 Eccli.
1885 3393 1933 3425 29,
1956 3394 1995 3419 13.
