2476 3921
6 381 28 418 lla
40 393 146 417 curatione

5 420 144 449 thaeman-rho·

5 453 57 477 uma
64 447 150 468 demon-

8 476 94 498 :ti-antur
102 473 151 494 tria.

5 502 6 511 1

25 711 102 736 Primo,
117 710 144 731 de

3 735 5 744 ‘
17 738 144 767 benignitate

14 766 144 794 praenuntiae

24 793 137 841 offitiis.

22 1242 51 1264 De
65 1241 141 1270 primo.

1 2358 30 2381 oe
40 2359 140 2382 secundo.

745 240 938 273 COMMENT.
965 241 1000 272 lN
1027 240 1264 273 EVANGELIUM
1289 240 1406 273 LUCAE
1430 240 1462 272 C.
1487 241 1560 272 Vlll.

253 332 328 364 Nam
354 331 457 373 primo
480 330 715 363 demonstratur
739 329 770 361 in
794 332 882 371 parte
903 329 962 361 ista
979 328 1124 371 beniyni-

164 390 216 419 tas
236 383 445 428 praesentiae
470 382 594 416 Christi
616 382 863 420 desiderabilem
879 382 1017 414 secundo
1035 390 1124 420 vero,

162 438 350 472 sublimitas
371 437 534 479 potentiae
557 435 828 473 inaestimabilis,
847 435 929 468 ibi1:
950 436 988 467 Et
1005 435 1124 468 mulier

163 492 329 537 quaedam
351 495 423 523 erat
447 491 483 523 in
505 489 603 531 fluxu
625 488 805 532 sanyuinis
828 492 905 526 etc.;
924 489 1030 528 tertio,
1045 498 1124 531 pro-

163 544 318 587 funditas
346 543 530 586 sapientiae
562 541 758 584 ineffabilis,
791 541 851 574 ibi:
881 542 918 573 Et
941 541 991 574 ait
1015 542 1123 574 lesus:

166 598 248 639 Quis
271 601 317 629 est
340 597 399 640 qui
421 606 471 628 me
495 596 599 638 tetigit
621 599 679 629 etc.

255 650 448 692 Beniynitas
472 653 576 682 autem
599 648 807 691 praesentiae
840 647 965 681 Christi
987 648 1124 681 ostendi-

164 707 217 736 tur
240 702 469 735 desiderabilis
492 711 532 734 ex
554 701 644 744 plebe
667 701 863 743 suscipiente
885 711 960 733 cum
986 701 1122 740 laetitia,

163 766 203 790 ex
225 756 379 798 principe
401 755 608 798 supplicante
639 764 715 787 eum
738 754 883 794 fiducia,
908 763 948 787 ex
975 754 1123 787 multitu-

163 810 238 843 dine
262 809 497 842 concomitante
521 818 598 841 cum
622 808 848 841 benevolentia.
867 808 1006 840 Primum
1026 808 1123 850 respi-

163 864 205 897 cit
228 863 342 895 Christi
367 862 554 900 adventum,
572 862 622 894 cui
641 861 728 903 plebs
745 861 893 893 occurrit
901 873 912 898 ;
936 861 1122 900 secundum,

162 916 276 949 Christi
301 919 435 954 statum,
453 915 491 948 ad
508 924 601 957 quem
626 915 772 956 princeps
787 914 952 952 recurrit,-
977 914 1121 953 tertium,

162 970 276 1003 Christi
301 978 523 1011 progressum,
548 968 586 1001 ad
618 977 713 1010 quem
748 968 918 1000 multitudo
941 968 1121 1000 concurrit.

163 1023 208 1055 Ex
232 1032 368 1056 occursu
402 1031 477 1064 ergo
508 1025 539 1055 et
562 1030 695 1055 recursu
726 1025 757 1054 et
792 1030 950 1054 concursu
982 1021 1123 1054 multitu-

161 1076 242 1109 dinis
274 1076 488 1118 multipliciter
511 1075 688 1108 ostenditur
713 1075 889 1117 praesentia
916 1079 947 1108 et
969 1075 1124 1108 adventus

161 1130 276 1163 Christi
300 1129 523 1163 desiderabilis.

251 1183 302 1216 73.
328 1183 429 1223 (Vers.
455 1183 532 1221 list).
559 1182 662 1215 Primo
685 1183 782 1225 igitur
810 1186 963 1225 quantum
1000 1182 1039 1215 ad
1067 1192 1123 1215 su-

161 1236 356 1279 sceptionem
380 1236 522 1269 laetitiae
537 1234 666 1278 factam
683 1245 705 1268 a
718 1235 807 1278 plebe
823 1236 955 1268 dicitnr:
981 1237 1123 1268 Factum

162 1295 208 1323 est
231 1295 362 1328 autem,
387 1299 463 1322 cum
487 1290 636 1322 rediisset
663 1290 770 1329 lesus,
796 1294 883 1322 trans
906 1290 1022 1322 fretum
1041 1290 1122 1322 scili—

162 1347 211 1377 cet
233 1344 264 1376 in
289 1343 473 1382 GaliIaeam,
498 1343 547 1376 cui
573 1343 611 1375 ad
637 1346 761 1384 tempus
784 1343 979 1384 corporalem
997 1343 1122 1375 subtra-

162 1401 253 1431 xerat
269 1397 477 1439 praesentiam
494 1396 717 1434 desideratam:
736 1396 827 1429 iuxta
843 1396 927 1438 quod
951 1396 1122 1438 figuratum

161 1454 208 1484 est
231 1450 314 1483 tertii
332 1451 450 1492 Regum
466 1449 586 1482 decimo
600 1449 611 1467 ²
636 1450 666 1482 in
684 1450 861 1482 Salomone:
891 1463 906 1478 α
924 1449 959 1481 Et
975 1449 1124 1482 universa

161 1508 247 1537 terra
270 1503 467 1536 desiderabat
489 1503 595 1535 videre
620 1503 743 1535 vultum
760 1503 951 1541 Salomonis,
976 1506 1012 1535 ut
1035 1502 1123 1535 audi-

161 1561 210 1590 ret
233 1557 415 1599 sapientiam
440 1557 526 1595 eius,
551 1566 645 1598 quam
678 1556 807 1589 dederat
841 1557 867 1589 ei
904 1556 988 1589 Deus
1005 1570 1035 1588 n.
1067 1557 1123 1589 Per

160 1611 255 1644 istum
283 1610 490 1643 Salomonem
514 1610 717 1652 intelligimus
744 1610 916 1649 Christum,
940 1610 979 1642 de
1003 1619 1067 1652 quo
1091 1609 1122 1642 in

161 1664 299 1697 Psalmo:
329 1677 344 1692 r<
361 1663 526 1706 Speciosus
549 1663 649 1696 forma
667 1673 741 1705 prae
757 1663 829 1696 filiis
847 1663 1010 1696 hominum
1027 1677 1042 1692 »
1063 1666 1121 1695 etc.

160 1736 204 1741 —-
220 1718 255 1750 Et
268 1717 337 1750 ideo
349 1717 514 1750 subditur:
533 1717 668 1759 Excepit
683 1717 777 1749 illum
794 1716 894 1748 turba
909 1716 1017 1749 multa
1028 1716 1051 1754 ⁸,
1068 1716 1124 1749 sci-

161 1772 233 1805 licet
257 1781 329 1805 cnm
357 1772 472 1804 laetitia
496 1775 527 1804 et
550 1771 682 1813 gaudio,
707 1774 743 1803 ut
767 1771 811 1803 sic
834 1770 1021 1812 impleretur
1045 1769 1123 1802 illud

160 1825 255 1858 Isaiae
278 1825 429 1867 vigesimo
453 1834 552 1857 nono:
582 1837 597 1852 «
615 1825 771 1866 pauperes
795 1824 937 1856 homines
961 1823 991 1855 in
1016 1827 1123 1856 sancto

160 1879 260 1919 Israel,
287 1878 540 1911 exsultabunt».
575 1896 616 1900 —
644 1877 678 1909 Et
713 1877 782 1909 ideo
815 1876 977 1909 subditur:
1018 1877 1124 1908 Erant

160 1932 247 1965 enim
270 1941 381 1964 omnes
404 1935 625 1973 exspectantes
648 1940 742 1969 eum,
767 1930 884 1963 scilicet
905 1939 977 1963 cum
1002 1930 1122 1963 deside-

160 1985 222 2024 rio,
247 1984 339 2027 quia,
364 1985 564 2017 Threnorum
590 1984 682 2016 tertio
695 1986 719 2022 4,
748 1984 895 2016 «bonum
912 1987 959 2016 est
983 1987 1122 2025 praesto-

160 2039 218 2071 lari
243 2048 315 2071 cum
348 2038 470 2071 silentio
505 2038 643 2071 salutare
674 2037 728 2071 Dei
746 2051 776 2069 n.
801 2038 876 2070 Nam
909 2051 923 2066 «
942 2038 1043 2070 bonus
1066 2037 1123 2069 Do-

159 2092 264 2125 minus
281 2092 480 2134 sperantibus
497 2091 528 2124 in
545 2100 618 2124 euni
630 2118 637 2130 ‚
655 2091 776 2124 animae
800 2091 963 2133 quaerenti
988 2091 1076 2123 illum
1090 2103 1121 2130 »ς

164 2146 263 2188 «ipse
286 2146 369 2179 enim
392 2145 453 2178 erit
477 2145 670 2187 exspectatio
694 2145 880 2187 gentium»,
902 2144 1030 2178 Genesis
1047 2154 1122 2186 pen-

158 2200 286 2238 ultimo;
313 2200 468 2232 Psalmus:
500 2213 515 2227 «
533 2199 684 2241 Exspecta
709 2199 806 2241 igitur
829 2199 998 2231 Dominum
1022 2202 1053 2231 et
1077 2198 1122 2230 vi-

159 2253 260 2286 riliter
285 2262 371 2295 age»
399 2256 458 2285 etc.

249 2307 301 2338 74.
326 2306 427 2348 (Vers.
453 2306 530 2343 tr).
567 2305 709 2338 Secundo
740 2309 893 2347 quantum
926 2305 965 2337 ad
994 2305 1122 2347 suppli-

160 2360 321 2393 cationem
345 2359 490 2400 fiduciae
511 2358 642 2401 factam
665 2369 688 2391 a
714 2359 868 2401 principe
891 2359 1056 2392 subditur:
1084 2359 1123 2390 Et

160 2422 247 2450 ecce,
271 2413 357 2445 venit
381 2413 452 2451 vir,
482 2413 539 2444 cui
568 2422 686 2444 nomen
722 2412 857 2450 Jairus;
888 2412 980 2445 cuius
1008 2421 1121 2444 nomen

159 2465 329 2507 exprimit,
353 2474 390 2498 eo
414 2465 498 2508 quod
522 2474 656 2508 persona
679 2468 748 2498 erat
772 2466 917 2499 notabilis
941 2474 982 2498 ex
1006 2465 1122 2507 princi-

159 2523 253 2561 patu,
278 2519 369 2552 iuxta
393 2519 477 2561 quod
501 2519 616 2552 dicitur
641 2519 769 2552 secundi
802 2520 919 2561 Regum
946 2519 1121 2561 septimo⁵:

164 2586 179 2601 «
196 2573 262 2606 Feci
289 2572 345 2605 tibi
371 2582 483 2605 nomen
508 2573 626 2615 grande
658 2573 749 2605 iuxta
777 2582 890 2605 nomen
916 2581 1121 2614 magnorum,

159 2626 214 2669 qui
238 2629 312 2659 sunt
336 2626 367 2658 in
393 2630 478 2659 terra
495 2639 524 2665 »;
551 2627 599 2659 vel
623 2626 733 2664 etiam,
757 2626 831 2668 quia
856 2635 969 2658 nomen
993 2635 1124 2667 respon-

159 2679 252 2712 debat
275 2679 378 2712 officio
401 2684 432 2712 et
456 2680 608 2722 dignitati.
634 2680 733 2713 lairus
749 2680 832 2712 enim
849 2679 1059 2712 illuminatus
1077 2679 1123 2711 in-

159 2736 371 2774 terpretatur,
384 2737 415 2766 et
429 2733 498 2766 talis
516 2734 544 2766 in
564 2733 653 2775 plebe
669 2733 762 2766 debet
779 2733 958 2775 principari.
976 2751 1020 2755 ——
1036 2732 1122 2765 Unde

2084 240 2147 271 ⁶209

1189 327 1353 360 subditur:
1381 328 1419 359 Et
1443 328 1512 370 ipse
1532 329 1688 369 princeps
1716 338 1907 371 synagogae
1930 332 2022 366 erat;
2048 328 2150 360 Eccle-

1189 380 1303 413 siastici
1329 380 1570 422 quadragesimo
1586 381 1697 422 quinto
1709 381 1736 412 ⁶:
1760 394 1775 409 α
1792 381 1907 413 Statuit
1923 381 1965 413 illi
1984 384 2150 413 testamen-

1190 437 1257 466 tum
1282 433 1367 475 pacis
1390 437 1421 466 et
1446 433 1618 475 principem
1643 437 1822 466 sanctorum
1848 438 1879 466 et
1902 434 2003 476 gentis
2027 443 2102 467 suae
2119 448 2148 466 ».

1190 486 1242 519 Hic
1265 490 1372 519 autem
1397 486 1560 528 princeps,
1587 487 1658 519 licet
1688 491 1770 519 esset
1794 487 1953 520 exaltatus
1978 487 2008 519 in
2033 488 2150 529 gloria,

1189 540 1231 572 ita
1255 544 1290 572 ut
1313 540 1340 572 ei
1374 542 1479 581 posset
1512 543 1690 581 competere
1724 540 1801 572 illud
1840 541 1930 582 primi
1955 542 2071 583 Regum
2103 551 2151 574 se-

1189 593 1331 626 cundo⁷:
1361 606 1376 621 ι(
1394 593 1432 626 Ut
1455 593 1561 626 sedeat
1584 602 1656 625 cum
1682 593 1878 635 principibus
1901 598 1932 627 et
1948 595 2060 627 solium
2086 595 2151 636 glo-

1190 646 1254 679 riae
1279 650 1382 679 teneat
1397 659 1430 685 1>;
1454 656 1515 679 non
1541 646 1612 679 inde
1636 650 1683 679 est
1699 647 1800 679 elatus
1816 656 1872 688 per
1888 648 2079 689 superbiam,
2097 648 2151 681 sed

1189 699 1375 732 humiliatus
1399 709 1456 741 per
1477 700 1711 738 reverentiam,
1728 700 1891 733 attendens
1908 700 1983 733 illud
2002 701 2150 733 Ecclesia-

1188 752 1256 785 stici
1281 752 1443 794 trigesimo
1477 752 1632 785 secundo:
1663 766 1678 781 «1
1696 753 1857 785 Rectorem
1892 756 1922 786 te
1953 757 2150 795 posuerunt?

1188 806 1253 838 Noli
1278 806 1435 838 extolli».
1462 823 1503 829 —
1529 805 1598 838 Ideo
1622 806 1788 839 subditur:
1808 807 1847 838 Et
1862 806 1978 839 cecidit
1994 806 2040 838 ad
2053 807 2150 849 pedes

1189 859 1283 898 Iesu,
1308 859 1409 892 sciens
1432 860 1585 900 scriptum
1597 885 1604 897 ,
1630 859 1724 892 isaiae
1740 859 1982 902 quadragesimo
1998 860 2109 902 quinto
2122 860 2149 892 ⁸:

1193 925 1209 941 <r
1225 912 1297 944 Mihi
1323 912 1510 945 curvabitur
1533 921 1626 946 omne
1650 922 1748 955 genu,
1772 918 1803 946 et
1826 913 1945 946 iurabit
1967 914 2068 946 omnis
2094 914 2150 947 lin-

1187 975 1249 1008 gua
1265 978 1296 1004 »;
1321 970 1352 998 et
1376 966 1406 998 in
1444 964 1584 999 Psalmo:
1615 979 1630 994 «
1647 966 1771 1005 Venite,
1804 967 1974 1000 adoremus
1998 971 2029 1000 et
2053 968 2151 1009 proci-

1187 1019 1299 1052 damus
1315 1023 1387 1052 ante
1404 1020 1570 1052 Dominum
1590 1033 1618 1052 n.
1638 1020 1708 1053 Ideo
1724 1023 1829 1053 antem
1848 1020 1990 1062 procidit,
2008 1024 2044 1053 ut
2060 1021 2150 1054 Chri-

1188 1073 1226 1106 sti
1252 1072 1444 1106 maiestatem
1470 1074 1603 1106 honoret
1635 1082 1692 1106 sua
1724 1074 1919 1112 reverentia;
1946 1074 2149 1107 Ecclesiastici

1188 1126 1323 1159 tertiofl:
1353 1139 1368 1155 «ι
1386 1127 1485 1168 Quam
1518 1135 1630 1169 magna
1666 1127 1802 1168 potentia
1834 1127 1887 1159 Dei
1920 1127 2032 1166 solius,
2057 1132 2087 1160 et
2111 1127 2150 1160 ab

1189 1180 1363 1212 humilibus
1386 1180 1561 1212 honoratur
1578 1192 1608 1219 »ς
1626 1183 1657 1213 et
1674 1184 1708 1212 ut
1724 1180 1817 1213 etiam
1843 1180 1988 1222 imploret
2004 1181 2150 1222 pietatem

1187 1242 1259 1266 cum
1283 1233 1407 1266 fiducia.
1433 1253 1476 1257 —
1500 1234 1586 1267 Unde
1617 1237 1648 1266 et
1676 1234 1799 1266 subdit:
1825 1235 1959 1276 Royans
1973 1235 2010 1272 ¹⁰,
2041 1239 2076 1266 ut
2100 1235 2150 1267 in-

1187 1291 1293 1319 traret
1316 1287 1352 1319 in
1376 1288 1512 1319 domum
1536 1287 1617 1320 eius.
1635 1287 1696 1320 Hoc
1713 1288 1844 1320 faciebat
1869 1297 1940 1320 cum
1965 1288 2148 1326 instantia,

1188 1344 1223 1373 ut
1247 1344 1351 1383 posset
1385 1341 1490 1374 dicere
1526 1341 1602 1373 illud
1637 1341 1836 1374 Canticorum
1874 1341 1986 1374 tertio:
2016 1341 2148 1374 «Tenui

1187 1403 1260 1427 eum
1286 1403 1343 1427 nec
1366 1394 1538 1433 dimittam,
1570 1395 1668 1427 donec
1700 1394 1897 1427 introducam
1922 1395 2010 1427 illum
2036 1395 2066 1427 in
2096 1395 2151 1428 do-

1188 1456 1274 1479 mum
1300 1448 1410 1480 matris
1435 1456 1521 1480 meae
1538 1461 1568 1480 n.

1278 1502 1329 1532 75.
1356 1501 1456 1542 (Vers.
1482 1501 1559 1542 42).
1578 1501 1620 1534 Ad
1645 1501 1734 1534 istam
1760 1505 1866 1534 autem
1882 1502 2062 1534 instantiam
2079 1511 2151 1544 pro-
2164 1505 2315 1536 Ratiqupfi-

1188 1554 1323 1596 pellebat
1339 1554 1541 1597 indigentia,
1559 1564 1654 1597 quam
1671 1555 1840 1597 exprimit,
1857 1564 1930 1588 cum
1946 1555 2037 1588 dicit:
2062 1555 2151 1597 Quia

1188 1608 1291 1640 unica
1321 1607 1395 1649 filia
1423 1612 1496 1641 erat
1520 1609 1570 1648 ei,
1595 1612 1626 1641 et
1651 1609 1693 1641 ita
1716 1609 1852 1641 multum
1877 1609 2030 1642 amabilis.
2057 1610 2149 1648 Nam,

1188 1661 1316 1694 secundi
1335 1662 1451 1704 Regum
1470 1662 1571 1704 primo
1586 1663 1628 1701 ¹¹,
1658 1676 1674 1691 «
1691 1663 1773 1695 sicut
1796 1666 1897 1695 mater
1921 1663 2050 1695 unicum
2068 1667 2151 1695 amat

1188 1714 1288 1747 tilium
1313 1724 1426 1754 suum,
1451 1715 1494 1747 ita
1513 1719 1555 1748 .te
1586 1715 1751 1757 diligebam
1769 1730 1800 1755 n,
1832 1715 1914 1748 dixit
1944 1716 2052 1749 David.
2085 1717 2149 1749 Non

1187 1768 1290 1800 solum
1313 1772 1419 1801 autem
1445 1772 1513 1801 erat
1537 1769 1697 1808 amabilis,
1722 1769 1797 1811 quia
1828 1769 1951 1807 unica,
1976 1769 2029 1802 sed
2057 1769 2150 1802 etiam

1187 1821 1262 1863 quia
1285 1821 1487 1859 iuvencula:
1510 1825 1542 1854 et
1566 1822 1634 1855 ideo
1657 1822 1764 1854 addit:
1783 1823 1865 1855 Fere
1881 1832 2052 1855 annorum
2069 1823 2151 1856 duo-

1186 1874 1316 1912 decim‚·
1339 1878 1370 1907 et
1393 1875 1468 1917 quia
1493 1878 1614 1914 tenera,
1639 1875 1708 1908 ideo
1737 1879 1845 1908 tenero
1868 1885 1976 1909 amore
1999 1876 2150 1916 amanda,

1186 1928 1361 1960 secundum
1385 1928 1463 1961 illud
1479 1928 1607 1961 Genesis
1631 1929 1791 1971 trigesimo
1807 1929 1940 1971 septimo
1954 1930 2000 1961 ¹2:
2025 1943 2040 1958 α
2057 1930 2149 1962 lsrael

1186 1984 1292 2014 autem
1316 1981 1466 2023 diligebat
1489 1982 1598 2024 loseph
1623 1991 1719 2024 super
1743 1991 1851 2015 omnes
1884 1982 1964 2015 filios
1995 1991 2088 2021 suos,
2113 1992 2150 2016 eo

1186 2034 1270 2077 quod
1296 2034 1327 2067 in
1352 2038 1514 2068 senectute
1537 2035 1697 2077 genuisset
1720 2044 1792 2068 eum
1810 2049 1839 2067 ».
1859 2035 1894 2067 Et
1910 2036 1986 2077 quia
2003 2035 2065 2068 vita
2082 2040 2148 2068 erat

1187 2088 1323 2121 multum
1348 2088 1509 2127 amabilis,
1534 2089 1603 2121 ideo
1628 2097 1713 2121 mors
1736 2093 1803 2121 erat
1821 2089 1957 2121 multum
1975 2088 2147 2121 tristabilis.

1188 2160 1229 2165 —
1255 2142 1385 2183 Propter
1409 2142 1493 2183 quod
1517 2142 1641 2174 subdit:
1667 2143 1704 2174 Et
1720 2141 1799 2174 ltaec
1816 2141 2040 2179 moriebatur,-
2064 2142 2148 2184 quod

1187 2204 1248 2227 non
1274 2198 1396 2236 poterat
1419 2204 1487 2228 esse
1512 2195 1578 2228 sine
1602 2204 1714 2237 magno
1735 2189 1862 2234 dolore,⁴
1877 2195 1931 2237 qni
1949 2199 1996 2228 est
2012 2195 2042 2227 in
2061 2195 2148 2228 luctu

1187 2248 1319 2287 unicae3
1338 2248 1485 2281 Ieremiae
1502 2253 1593 2281 sexto
1608 2249 1633 2268 ¹⁸
1648 2261 1654 2280 :
1678 2262 1693 2277 «
1710 2249 1842 2281 Luctum
1859 2249 2011 2290 unigeniti
2029 2248 2075 2281 sac
2093 2249 2147 2281 tibi

1187 2301 1347 2343 planctum
1372 2311 1516 2334 amarum
1535 2315 1565 2333 1).
1592 2302 1660 2335 ldeo
1683 2302 1806 2335 dicebat
1830 2302 1919 2335 Iacob
1935 2302 1973 2334 de
1990 2303 2148 2335 Beniamin

1186 2354 1314 2387 Genesis
1337 2355 1578 2397 quadragesimo
1602 2355 1761 2388 secundo:
1784 2369 1799 2384 «ι
1816 2356 1881 2388 Non
1905 2356 2089 2395 descendet,
2106 2358 2150 2389 in-

1186 2408 1274 2450 quit,
1298 2408 1383 2441 filius
1406 2417 1497 2441 meus
1520 2408 1704 2447 vobiscum:
1730 2409 1827 2442 frater
1851 2410 1932 2442 enim
1959 2419 2037 2442 suus
2065 2420 2148 2443 mor-

1187 2466 1262 2495 tuus
1285 2465 1350 2501 est,
1369 2465 1406 2494 >et
1429 2462 1496 2504 ipse
1520 2462 1606 2495 solus
1623 2462 1782 2495 remansit.
1808 2462 1837 2494 Si
1862 2462 1939 2504 quid
1959 2463 2081 2495 adversi
2100 2472 2150 2496 ac-

1187 2515 1298 2548 ciderit
1322 2516 1354 2548 in
1378 2515 1445 2554 via,
1469 2515 1630 2548 deducetis
1654 2525 1748 2548 canos
1772 2524 1858 2549 meos
1882 2525 1955 2549 cum
1980 2516 2087 2549 dolore
2111 2516 2148 2548 ad

1187 2569 1304 2602 inferos
1321 2582 1350 2600 ».
1376 2569 1425 2601 Sic
1449 2573 1480 2601 et
1505 2569 1554 2601 hic
1578 2569 1683 2601 dicere
1709 2572 1830 2610 poterat
1854 2569 1892 2602 de
1918 2569 2010 2601 unica
2035 2569 2107 2601 filia.

2183 1535 2282 1554 cationis.

1277 2623 1329 2654 76.
1348 2622 1501 2664 Quoniam
1515 2623 1611 2664 igitur
1628 2622 1743 2655 Christi
1761 2622 1968 2664 praesentiam
1986 2623 2061 2655 adiit
2078 2626 2229 2656 cumeram
2244 2631 2305 2646 ⁰¹³⁰·

1187 2676 1383 2714 reverentia,
1408 2676 1528 2718 rogavit
1552 2685 1593 2709 ex
1617 2676 1822 2714 confidentia,
1839 2676 2028 2709 desideravit
2045 2672 2085 2709 ex
2104 2677 2149 2709 in-

1187 2729 1344 2771 digentia;
1370 2729 1438 2762 ideo
1462 2729 1562 2762 oratio
1586 2729 1654 2762 eius
1685 2729 1745 2761 suit
1775 2729 1941 2767 exaudita,
1975 2729 2148 2762 secundnm

231 2888 240 2903 ¹
261 2890 335 2915 Vers.
357 2890 404 2921 43;
424 2890 529 2915 tertium
550 2889 661 2916 habetur
681 2898 707 2915 v.
728 2889 769 2915 45.
791 2905 823 2908 —
845 2891 892 2915 Pro
902 2889 1038 2923 potentiae
1052 2889 1121 2915 inae-

160 2933 302 2960 stimabilis
322 2938 347 2960 et
365 2933 512 2968 sapientiae
531 2933 672 2968 ineffabilis
693 2934 750 2960 Vat.
766 2934 900 2967 potentiae
913 2932 1082 2960 admirabilis
1096 2937 1122 2959 et

159 2978 306 3012 sapientiae
324 2978 491 3012 infallibilis.
511 2985 580 3011 quae
599 2979 674 3004 lectio
693 2978 807 3004 occurrit
826 2978 891 3004 infra
905 2985 929 3003 n.
944 2978 987 3003 78.
1000 2982 1026 3003 et
1039 2986 1064 3003 n.
1078 2979 1120 3003 82.

230 3021 241 3037 ¹
263 3024 336 3049 vers.
355 3023 403 3054 24;
424 3025 482 3050 cfr..
499 3024 525 3049 ΙΙ.
552 3023 661 3055 Paralip.
682 3024 711 3054 9,
731 3024 772 3048 23.
792 3037 828 3043 -
850 3022 968 3049 Subinde
995 3023 1122 3054 allegatur

161 3069 200 3093 Ps.
221 3067 263 3098 44,
282 3068 307 3093 3.
320 3082 356 3087 -—
375 3068 502 3100 Superius
516 3075 564 3100 pro
583 3067 629 3094 cui
639 3067 676 3093 ad
690 3069 794 3101 tempus
810 3068 867 3093 Vat.
882 3074 945 3094 cum
957 3066 994 3093 ad
1006 3069 1120 3101 tempus.

231 3110 242 3125 ³
261 3112 289 3137 B.
309 3112 421 3138 Albert.:
437 3112 549 3146 Eaecepit
560 3111 640 3138 illum
659 3111 739 3138 turba
758 3112 861 3144 multa,·
881 3113 928 3138 etr.
948 3112 1025 3137 Marc.
1039 3112 1064 3142 5,
1079 3113 1121 3144 21,

161 3156 206 3182 ubi
226 3156 334 3182 dicitur:
348 3157 382 3183 Et
394 3163 457 3183 cum
470 3156 677 3183 transcendisset
691 3157 792 3183 lesus...
806 3156 928 3183 convenit
941 3155 1022 3182 turba
1036 3156 1122 3183 malla

161 3200 198 3226 ad
215 3207 277 3226 eum
296 3205 345 3226 etc.
363 3215 400 3220 —
418 3201 541 3234 Sequitur
561 3201 617 3226 lsai.
638 3201 684 3231 29,
708 3201 747 3226 ¹9.

231 3244 243 3259 ⁴
263 3239 337 3271 vers.
356 3246 403 3277 26,
424 3249 483 3277 post
501 3253 580 3278 quem
600 3253 627 3270 v.
647 3246 695 3276 25;
715 3247 779 3270 Gen.
800 3245 904 3276 49,·1ο.
922 3249 947 3271 et
960 3246 1000 3271 Ps.
1023 3245 1122 3276 26,14.

232 3288 243 3303 ⁵
263 3289 337 3314 Vcrs.
357 3290 382 3314 9.
401 3304 434 3308 —
454 3290 567 3321 Hieron„
586 3290 620 3315 de
639 3289 769 3315 Nominib.
788 3289 908 3315 nebi-aie.
923 3290 984 3315 novi
1005 3293 1062 3315 test.
1076 3291 1123 3315 Lu-

162 3341 222 3360 cae:
242 3333 347 3365 lairus,
369 3334 533 3364 illuminans,
553 3337 598 3360 ant
617 3334 784 3360 illuminatus.

233 3376 244 3392 ⁸
265 3378 337 3404 vers.
358 3379 405 3408 30,
425 3379 500 3404 cuius
519 3379 599 3404 {inem
619 3379 655 3404 sic
675 3378 798 3404 exhibent
817 3378 899 3404 ACD
915 3378 1067 3412 principem
1085 3378 1123 3411 sa·

163 3424 236 3449 ctum
257 3421 286 3455 [B
299 3423 320 3447 G
338 3422 477 3455 fratrum,
498 3423 518 3447 ll
538 3422 613 3456 feeit]
632 3423 717 3455 yemis
736 3430 812 3449 suae.

270 3475 299 3502 S.
315 3476 416 3502 Bonan.
428 3489 464 3495 —-
477 3476 552 3501 Toni.
567 3476 618 3501 Vll.

1257 2886 1266 2901 ⁷
1288 2888 1362 2914 Vers.
1383 2888 1407 2913 8.
1426 2902 1461 2907 --
1481 2887 1598 2913 Subinde
1626 2888 1753 2918 allegatur
1781 2887 1857 2912 Eccli.
1876 2887 1918 2917 32,
1943 2888 1964 2911 1.
1988 2900 2020 2904 -
2041 2886 2147 2912 inferius

1186 2932 1298 2958 vocibus
1316 2938 1371 2958 non
1390 2931 1450 2957 hide
1468 2932 1489 2956 H
1509 2936 1533 2956 et
1555 2931 1611 2956 Vat.
1632 2931 1788 2956 interserunt
1806 2932 1905 2956 tamen.

1258 2975 1268 2990 ⁸
1288 2977 1363 3003 Vers.
1383 2977 1431 3007 23,
1451 2976 1495 3001 nbi
1516 2983 1564 3008 pro
1584 2975 1687 3002 iurabit
1704 2975 1753 3001 AC
1766 2976 1814 3000 DG
1833 2974 2014 3009 confitebitur,
2037 2975 2070 3001 dc
2095 2982 2148 3008 quo

1187 3022 1249 3048 vide
1268 3023 1343 3047 Rom.
1368 3021 1410 3052 14,
1432 3022 1474 3046 il.
1492 3036 1527 3039 —
1547 3021 1671 3053 Sequitur
1692 3021 1730 3045 Ps.
1750 3020 1797 3051 94,
1819 3021 1843 3045 6.

1258 3065 1269 3081 ⁹
1289 3068 1363 3092 Vers.
1382 3066 1430 3092 2¹:
1452 3064 1587 3097 Quoniam
1605 3072 1706 3098 mayna
1727 3068 1776 3090 etc.
1795 3079 1828 3083 —
1848 3065 1975 3096 Superius
1988 3072 2035 3096 pro
2050 3064 2150 3091 Christi

1187 3111 1353 3137 maiestatem
1373 3110 1451 3136 codd.
1469 3117 1550 3136 suam
1569 3109 1743 3135 nmasmtem..

1259 3154 1281 3169 ¹⁰
1302 3156 1427 3187 Vulgata,
1446 3155 1467 3180 II
1487 3158 1512 3180 et
1532 3155 1589 3179 Vat.
1609 3154 1710 3179 addunt
1728 3161 1798 3179 eum.
1811 3167 1847 3172 —
1861 3153 1984 3186 Sequitur
1997 3153 2070 3178 Cant.
2086 3153 2109 3183 3,
2124 3153 2147 3178 4.

1259 3198 1280 3214 ²¹
1300 3200 1375 3225 Vers.
1396 3200 1438 3225 26.
1459 3199 1490 3224 Ut
1509 3199 1529 3224 li
1550 3202 1632 3228 notat,
1652 3200 1702 3224 hoc
1721 3197 1791 3224 dixit
1811 3197 1898 3224 David
1916 3197 1947 3224 de
1967 3197 2090 3224 lemtim.
2113 3211 2147 3216 —

1188 3245 1314 3276 Superius
1334 3251 1382 3275 pro
1398 3242 1566 3277 propellebat
1584 3244 1605 3267 G
1625 3242 1806 3276 compellebat.

1259 3287 1281 3303 ¹⁹
1302 3289 1377 3314 Vers.
1397 3289 1422 3313 3.
1434 3302 1470 3307 -
1484 3288 1532 3313 Pro
1551 3287 1613 3320 quia
1634 3289 1740 3319 tenera,
1760 3286 1817 3313 ideo
1836 3288 1927 3313 teucro
1946 3292 2040 3313 amore
2053 3288 2110 3312 Vnt.
2125 3289 2148 3312 cl

1188 3333 1225 3360 ita
1243 3340 1339 3359 revera
1359 3331 1488 3358 teneriori
1504 3338 1607 3358 amore.

1259 3376 1282 3391 ¹³
1302 3378 1376 3403 Vers.
1396 3377 1444 3408 26,
1464 3380 1522 3408 post
1540 3384 1620 3409 quem
1640 3377 1702 3402 Gen.
1724 3376 1771 3406 4-2,
1790 3377 1833 3401 38.

2007 3473 2039 3497 -27

2197 2652 2261 2673 ditur.
