2476 3921
128 380 160 401 De
174 379 244 400 tertio.

103 1540 165 1564 Item,
180 1538 251 1565 Virgi-

128 1566 162 1586 nis
176 1567 251 1595 pai-tus

129 1598 168 1619 per
183 1594 232 1613 tria.

129 1964 160 1985 De
175 1963 252 1991 primo.

109 2442 142 2464 De
153 2442 254 2464 secundo.

266 231 308 263 46
871 222 1063 255 COMMENT.
1090 222 1124 253 IN
1149 214 1385 253 EVANGEMUM
1412 220 1528 253 LUCAE
1553 220 1584 252 C.
1611 220 1642 251 ll.

354 318 383 349 8.
403 317 502 357 (Vers.
523 316 575 354 5..)
599 313 782 346 Ostenditur
800 315 957 353 postremo
982 314 1016 342 ut
1032 310 1224 342 convenietis

265 369 433 412 imperiali
455 368 572 406 edicto,
591 376 661 399 cum
683 365 844 398 subditur:
868 364 905 396 Ut
921 363 1131 405 profiteretur
1148 372 1224 396 cum

266 423 378 455 Maria
394 422 592 463 desponsata
615 419 680 451 sibi
696 428 799 450 amore
823 420 1038 459 praeynaiite.
1064 416 1125 447 Hoc
1141 415 1224 447 enim

266 478 461 518 processerat
497 484 537 506 ex
562 472 714 514 imperiali
744 471 855 503 edicto.
892 470 928 502 Et
952 470 1022 501 licet
1056 471 1128 501 ante
1163 468 1223 500 iam

267 528 458 569 concepisset
482 527 576 568 Virgo
601 526 712 567 Regem
737 524 811 556 caeli
837 527 868 556 et
892 527 1013 559 terrae,
1039 525 1143 553 tamen
1167 520 1225 552 im-

268 580 376 622 periali
394 580 493 611 edicto
509 579 602 611 etiam
617 586 790 620 praegnans
807 576 906 608 voluit
918 574 1059 612 obedire,
1074 577 1109 605 ut
1123 576 1226 615 posset

269 642 341 665 cum
366 632 440 663 Filio
469 631 572 663 dicere
605 631 679 663 illud
714 629 858 662 Matthaei
893 628 984 660 tertio
1003 629 1031 659 ¹:
1062 626 1142 658 «Sic
1173 626 1225 657 de-

271 690 319 718 cet
335 694 391 717 nos
415 685 544 726 implere
561 693 684 716 omnem
702 683 850 715 iustitiam
869 694 904 720 »;
922 684 952 714 et
969 690 1025 722 per
1043 680 1101 712 hoc
1119 688 1227 712 exem-

270 739 356 780 plum
381 738 469 770 daret
492 737 581 769 nobis
604 735 840 777 obtemperandi
864 735 947 767 omni
966 733 1107 776 potestati
1133 741 1226 774 supe-

270 792 363 830 riori,
389 790 560 823 secundum
586 789 663 822 illud
687 789 806 831 primae
831 788 911 820 Petri
936 787 1089 820 secundo:
1120 800 1135 814 «
1152 786 1227 818 Sub-

270 846 338 878 iecti
364 848 461 878 estote
485 844 568 876 omni
594 844 748 875 humanae
776 846 939 874 creaturae
971 845 1099 882 propter
1123 839 1227 872 Domi-

269 907 363 936 num,
389 898 453 930 sive
478 897 541 939 regi
568 900 715 938 tanquam
750 894 965 937 praecellenti,
998 894 1062 926 sive
1093 893 1228 925 ducibus

269 955 417 993 tanquam
445 950 484 982 ab
515 959 551 983 eo
583 950 685 982 missis
712 949 750 981 ad
782 948 948 981 vindictam
974 947 1227 985 malefactorum,

268 1005 392 1037 laudem
418 1013 492 1036 vcro
518 1004 671 1036 bonorum
689 1016 718 1033 ι).
744 1020 786 1025 -
812 1002 842 1033 ln
868 1002 926 1033 hoc
950 1004 1055 1032 autem
1080 1002 1228 1041 apparet,

269 1056 424 1098 quomodo
442 1056 615 1087 humanum
636 1054 803 1095 imperium
820 1053 990 1085 famulatur
1006 1051 1120 1083 divino.
1139 1051 1230 1082 Prae-

270 1109 401 1150 cipiente
426 1108 507 1140 enim
538 1116 679 1144 caesare,
703 1110 739 1138 ut
762 1114 871 1137 omnes
894 1105 925 1136 in
950 1104 1106 1137 civitatem
1141 1112 1229 1135 suam

270 1162 365 1198 irent,
390 1164 420 1192 et
443 1159 660 1192 obedientibus
673 1159 685 1177 ²
702 1158 771 1191 eius
791 1158 923 1199 imperio
947 1157 1042 1189 Maria
1058 1160 1089 1188 et
1106 1156 1230 1197 Ioseph,

270 1212 386 1244 factum
422 1216 486 1249 est,
511 1211 594 1253 quod
619 1214 730 1243 neuter
766 1210 963 1248 intendebat,
999 1210 1116 1242 scilicet
1147 1208 1231 1251 quod

270 1265 414 1297 Christus
445 1268 627 1297 nasceretur
652 1264 682 1296 in
719 1264 914 1301 Bethlehem,
939 1263 1111 1295 secundum
1147 1261 1231 1304 quod

270 1322 336 1360 erat
360 1318 559 1350 aeternaliter
582 1317 765 1358 dispositum
791 1320 821 1349 et
854 1316 1066 1358 temporaliter
1099 1315 1232 1357 promis-

269 1381 339 1404 sum
364 1375 394 1404 et
419 1371 620 1404 vaticinatum
645 1374 676 1403 et
699 1370 931 1412 prophetatum.
959 1370 993 1401 Et
1010 1369 1077 1401 ideo
1102 1378 1162 1401 non
1185 1372 1232 1401 est

269 1425 531 1458 contemnendum
546 1425 651 1467 aliquo
665 1424 756 1456 modo
770 1424 950 1456 mandatum
967 1423 1229 1466 praepositorum.

359 1479 387 1511 9.
414 1479 514 1519 (Vers.
542 1479 595 1517 6.).
622 1479 762 1510 Factam
787 1481 832 1509 est
864 1482 994 1515 autem,
1020 1486 1095 1509 cum
1128 1480 1233 1508 essent

270 1533 316 1565 ibi
331 1536 388 1565 etc.
414 1532 585 1573 Descripsit
600 1540 697 1573 supra
720 1531 835 1563 Christi
858 1531 1050 1563 nativitatem
1077 1533 1230 1572 quantum

269 1586 308 1618 ad
341 1591 466 1627 tempus
496 1585 637 1617 debitum
669 1588 699 1617 et
725 1585 826 1616 locum
860 1583 1025 1622 idoneum,
1059 1583 1109 1615 hic
1139 1582 1231 1615 tertio

269 1639 417 1671 describit
438 1642 591 1680 qnantum
616 1638 654 1670 ad
677 1642 834 1679 partam,
852 1646 945 1679 quem
968 1636 1117 1669 describit
1133 1644 1233 1677 quan—

271 1695 337 1724 tum
355 1691 393 1723 ad
418 1691 492 1729 tria,
510 1691 627 1723 scilicet
647 1694 801 1732 quantum
819 1690 856 1722 ad
874 1689 1152 1731 opportunitatem
1170 1698 1232 1730 pa-

270 1744 381 1777 riendi
389 1770 398 1782 ,
423 1744 599 1776 nouitatem
620 1748 744 1785 partas
760 1747 790 1775 et
805 1746 1037 1784 paupertatem
1051 1741 1233 1783 parientis;

271 1807 309 1830 ex
336 1797 452 1839 quibus
476 1797 651 1829 ostenditur
675 1799 765 1829 ortus
788 1796 903 1828 Christi
924 1795 1116 1827 admirabilis
1132 1798 1164 1827 et
1186 1794 1233 1826 in-

271 1851 452 1883 imitabilis³
476 1855 507 1883 et
531 1849 795 1883 commendabilis.

362 1904 463 1936 Primo
489 1904 583 1946 igitur
608 1903 745 1936 insinuat
765 1903 1044 1945 opportunitatem
1058 1901 1232 1943 pariendi,
1253 1907 1256 1909 “

272 1966 344 1990 cum
368 1957 456 1990 dicit:
475 1958 616 1989 Factam
633 1960 694 1995 est,
720 1966 795 1988 cam
812 1960 914 1989 essent
934 1955 995 1994 ibi,
1013 1954 1137 1997 impleti
1155 1958 1235 1986 sant

271 2011 340 2044 (ties
364 2011 491 2049 Mariae,
516 2014 553 2042 ut
573 2015 726 2053 pareret,
752 2010 843 2042 iuxta
866 2009 950 2051 quod
973 2009 1092 2041 dictum
1117 2012 1162 2040 est
1181 2016 1233 2040 su-

272 2074 330 2107 pra
352 2065 390 2098 de
414 2065 482 2097 eius
498 2068 646 2106 cognata,
670 2063 817 2105 proximo
833 2062 970 2104 capitulo
983 2063 1014 2094 4:
1045 2075 1060 2089 «
1077 2061 1233 2094 Elisabeth

272 2118 437 2160 impletum
454 2120 501 2150 est
518 2120 642 2158 tempus
658 2115 798 2158 pariendi
812 2129 842 2147 ».
861 2115 941 2148 Vere
958 2114 1143 2156 impletum,
1160 2113 1235 2155 quia

271 2171 303 2202 in
327 2169 521 2212 plenitudine
556 2168 706 2210 temporis
730 2168 788 2200 fuit
823 2168 967 2201 Christus
1003 2170 1173 2209 conceptus
1205 2169 1236 2198 et

272 2227 382 2262 natus;
408 2222 446 2255 ad
476 2222 599 2255 Galatas
622 2225 752 2264 quarto:
784 2235 798 2250 «
816 2222 850 2254 At
874 2221 928 2254 ubi
961 2221 1046 2254 venit
1074 2220 1235 2263 plenitudo

273 2276 441 2318 temporis,
465 2275 549 2307 misit
580 2275 664 2307 Deus
688 2275 797 2307 Filium
830 2283 924 2307 suum
949 2274 1065 2307 sactum
1096 2283 1137 2306 ex
1165 2282 1236 2306 mu-

275 2330 349 2362 liere
367 2341 405 2367 »3
431 2329 593 2361 Psalmus:
624 2342 638 2356 «
656 2329 727 2361 Dies
751 2328 832 2370 pleni
859 2328 1059 2360 invenientur
1083 2328 1112 2360 in
1138 2327 1182 2360 eis
1203 2341 1234 2359 ».

367 2385 416 2415 10.
442 2383 542 2424 (Vers.
569 2383 623 2423 7.).
650 2382 788 2414 insinuat
804 2382 896 2415 ctiam
922 2381 1097 2414 nouitatem
1114 2385 1236 2424 partas

275 2437 305 2469 in
330 2437 389 2469 hoc
413 2436 496 2478 'quod
521 2436 612 2468 dicit:
640 2437 678 2468 Et
699 2436 823 2478 peperit
846 2435 955 2477 filiam
978 2445 1078 2467 suam
1107 2434 1234 2477 primo-

1287 309 1444 351 9enitam.
1477 308 1538 340 Hoc
1562 311 1667 339 autem
1696 307 1770 339 (licit
1795 316 1849 348 per
1874 307 2079 348 privationem
2112 305 2248 347 prioris;

1289 362 1363 404 quia
1386 361 1468 393 enim
1495 361 1587 403 Virgo
1612 360 1715 401 ipsum
1740 364 1940 401 conceperat,
1965 359 2034 392 ideo
2058 359 2109 392 hic
2133 359 2248 401 primo-

1289 414 1413 455 genitus
1448 414 1516 446 eius
1548 417 1633 451 erat;
1671 413 1764 445 isaiae
1799 412 1973 454 septimo⁵:
2004 413 2130 451 «Ecce,
2155 413 2250 454 Virgo

1289 467 1442 508 concipiet
1464 470 1496 498 et
1531 466 1631 507 pariet
1665 466 1763 498 lilium
1786 478 1821 504 n,
1846 469 1877 498 et
1901 466 1969 498 ideo
2004 469 2114 507 partus
2149 474 2250 498 novus

1290 519 1366 556 tuit,
1391 518 1472 550 sicut
1503 522 1534 550 et
1557 521 1741 559 conceptus,
1773 517 1862 559 quia,
1887 518 1968 550 sicut
1991 521 2161 559 conceptus
2184 517 2250 549 sine

1290 571 1428 613 pudore,
1453 571 1496 603 sic
1521 575 1631 612 partus
1655 571 1720 603 sine
1743 570 1868 608 dolore,
1894 570 1987 603 Isaiae
2005 570 2133 602 ultimo:
2163 570 2250 601 «An-

1291 628 1417 665 tequam
1443 624 1630 665 parturiret,
1649 624 1786 665 peperit;
1811 627 1978 665 antequam
1996 622 2118 655 veniret
2141 626 2251 664 partus

1291 677 1373 716 eius,
1399 677 1519 719 peperit
1544 677 1728 709 masculum.
1754 676 1830 717 Quis
1853 676 1973 708 audivit
2000 684 2140 717 unquam
2165 675 2252 707 tale?

1292 733 1350 764 Aut
1373 731 1445 773 quis
1469 730 1546 763 vidit
1570 731 1643 762 huic
1669 729 1768 762 simile
1785 733 1829 761 »2²
1853 733 1884 762 et
1911 732 2035 770 postea:
2066 742 2081 756 «
2106 727 2252 769 Nunquid

1291 793 1366 826 ego,
1390 784 1444 826 qui
1469 784 1545 816 alios
1578 792 1689 825 parere
1712 783 1808 821 facio,
1833 783 1899 824 ipse
1930 792 1991 814 non
2017 782 2155 823 pariam,
2178 781 2254 813 dicit

1292 836 1470 869 Dominus?
1495 837 1524 868 Si
1549 845 1623 878 ego,
1648 836 1701 877 qni
1727 835 1959 877 generationem
1993 834 2105 867 ceteris
2130 834 2252 872 tribuo²

1292 890 1407 922 sterilis
1431 899 1503 928 ero,
1528 889 1570 921 ait
1595 889 1745 921 Dominus
1769 889 1853 921 Deus
1870 891 1910 920 »?
1934 888 2016 920 Talis
2032 890 2142 929 partus
2165 887 2254 919 dece-

1294 944 1346 976 bat
1369 943 1547 981 Christum,
1571 943 1610 975 de
1634 952 1697 984 quo
1720 942 1758 974 ad
1782 941 1978 974 Colossenses
2002 940 2104 982 primo
2120 940 2151 971 ⁰:
2181 953 2196 968 «
2222 940 2254 972 ln

1294 997 1360 1038 ipso
1385 996 1538 1028 habemus
1558 995 1803 1036 redemptionem
1827 997 1858 1026 et
1874 993 2090 1026 remissionem
2114 995 2255 1034 peccato-

1295 1058 1381 1087 rum,
1411 1049 1463 1091 qui
1500 1053 1547 1082 est
1583 1049 1684 1090 imago
1720 1048 1772 1080 Dei
1810 1047 1991 1085 invisibilis,
2028 1045 2255 1088 primogenitus

1294 1103 1395 1135 omnis
1419 1106 1630 1140 creaturae»;
1656 1101 1756 1139 unde,
1781 1101 1863 1133 sicut
1886 1104 1933 1133 est
1958 1099 2184 1141 primogenitus
2201 1099 2256 1130 Pa-

1295 1155 1370 1193 tris,
1396 1155 1437 1187 ita
1453 1155 1545 1187 etiam
1571 1155 1798 1196 primogenitus
1815 1154 1939 1191 Matris;
1965 1153 2046 1185 sicut
2070 1152 2162 1184 etiam
2185 1152 2255 1184 un'i-

1295 1209 1419 1250 genitus
1444 1208 1560 1246 Patris,
1578 1209 1620 1240 ita
1644 1208 1824 1251 unigenitus
1841 1207 1962 1246 Matris;
1988 1206 2110 1239 loannis
2134 1205 2254 1248 primo:

1302 1275 1316 1289 «
1334 1261 1476 1294 Vidimus
1500 1261 1630 1303 gloriam
1663 1262 1747 1300 eius,
1777 1261 1907 1303 gloriam
1938 1260 2027 1302 quasi
2053 1259 2206 1301 Unigeniti
2239 1268 2257 1291 a

1298 1316 1386 1347 Patre
1404 1329 1419 1344 »
1448 1318 1506 1348 etc.
1540 1315 1625 1347 [Vnde
1658 1324 1718 1347 non
1750 1315 1824 1347 dicit
1856 1315 1907 1347 hic
1934 1313 2178 1356 primoyenitas
2205 1322 2257 1345 or-

1295 1369 1397 1401 dinem
1432 1372 1576 1410 respectu
1609 1368 1808 1410 posterioris,
1834 1368 1915 1400 sicut
1945 1367 2067 1399 dicebat
2099 1366 2257 1398 Helvidius

1296 1421 1491 1460 haereticus,
1524 1421 1576 1454 sed
1609 1421 1814 1463 privationem
1848 1425 1992 1462 respectu
2026 1420 2157 1462 prioris,
2182 1419 2258 1461 quia

1296 1475 1418 1507 nullum
1444 1474 1555 1506 habuit
1578 1478 1649 1506 ante
1674 1474 1780 1512 illum,
1805 1477 1841 1506 ut
1857 1473 2059 1510 ostendatur,
2083 1472 2166 1514 quod
2192 1472 2258 1513 ipse

1296 1528 1427 1559 Domino
1451 1527 1588 1559 totaliter
1620 1530 1688 1559 erat
1710 1526 1910 1559 dedicandus.
1946 1525 2151 1567 Primogenita
2174 1525 2257 1557 enim

1296 1581 1400 1612 omnia
1424 1584 1514 1612 erant
1549 1580 1612 1612 Deo
1636 1579 1811 1616 offerenda;
1846 1578 1941 1610 Exodi
1977 1578 2098 1610 decimo
2122 1577 2258 1610 tertio⁷:

1302 1647 1317 1662 α
1334 1633 1499 1666 sanctifica
1529 1633 1605 1664 mihi
1630 1642 1723 1664 omne
1757 1632 2018 1674 primogenitum,
2043 1631 2127 1673 quod
2158 1631 2259 1673 aperit

1297 1687 1422 1719 vulvam
1448 1687 1478 1718 in
1504 1686 1576 1718 siliis
1601 1686 1711 1724 lsrael,
1737 1689 1799 1718 tam
1828 1685 1866 1718 de
1892 1685 2072 1717 hominibus
2102 1693 2197 1726 quam
2221 1684 2259 1716 de

1298 1740 1462 1777 iumentis;
1488 1749 1557 1772 mea
1580 1740 1661 1772 enim
1687 1743 1761 1772 sunt
1784 1740 1887 1771 omnia
1905 1753 1934 1770 ».

1391 1796 1401 1826 l
1417 1795 1440 1826 l.
1467 1793 1605 1826 insinuat
1628 1797 1733 1825 autem
1760 1793 1853 1825 tertio
1875 1795 2106 1834 paupertatem
2122 1790 2258 1833 patrien-
2280 1793 2388 1842 ⁰02l0¹²i⁰

1299 1847 1358 1886 tis,
1384 1847 1458 1889 quia
1481 1855 1575 1888 egens
1599 1846 1805 1888 operimenti,
1831 1845 1902 1877 lecti
1917 1848 1948 1877 et
1972 1843 2113 1886 hospitii.
2128 1863 2172 1867 -—
2190 1844 2424 1896 Pro-Deffgffigpe-

1299 1905 1368 1942 pter
1391 1900 1546 1933 desectum
1572 1899 1764 1942 operimenti
1786 1899 1877 1931 dicit:
1905 1899 1944 1930 Et
1965 1898 2090 1940 pannis
2113 1908 2187 1930 eam
2209 1897 2260 1930 in-

1297 1953 1411 1991 volvit,
1436 1962 1497 1985 non
1516 1962 1578 1985 una
1602 1955 1702 1991 veste,
1727 1952 1780 1985 sed
1798 1952 1921 1990 multis,
1946 1955 1981 1984 ut
2002 1960 2161 1993 pannosus
2182 1960 2259 1993 pau-

1299 2016 1355 2048 per
1379 2009 1483 2048 posset
1506 2005 1564 2037 dici
1589 2009 1620 2037 et
1644 2005 1791 2047 exemplo
1816 2008 2006 2037 monstraret
2030 2004 2108 2037 illud
2124 2002 2258 2047 Apostoli

1299 2060 1418 2102 primae
1441 2059 1480 2091 ad
1504 2059 1702 2091 Timotheum
1721 2058 1875 2091 ultimo⁸:
1905 2071 1920 2086 «
1937 2058 2090 2091 Habentes
2112 2058 2262 2090 alimenta

1299 2116 1330 2146 et
1352 2112 1469 2155 quibus
1503 2116 1665 2155 tegamur,
1696 2112 1744 2145 his
1779 2112 1914 2145 contenti
1952 2112 2098 2144 simus».
2134 2111 2170 2143 Et
2201 2111 2261 2143 hoc

1299 2166 1522 2209 correspondet
1556 2166 1600 2198 illi
1636 2166 1836 2208 prophetiae,
1861 2165 2029 2198 Zachariae
2064 2164 2174 2203 tertio,
2205 2164 2261 2197 ubi

1299 2220 1429 2259 dicitur,
1462 2220 1546 2262 quod
1576 2233 1591 2248 «
1608 2220 1706 2258 lesus,
1732 2219 1877 2252 sacerdos
1900 2227 2051 2260 magum,
2076 2221 2144 2250 erat
2170 2217 2262 2250 indu-

1300 2277 1351 2306 tus
1368 2273 1501 2306 sordidis
1518 2273 1658 2306 vestibus
1671 2286 1701 2304 ».
1719 2272 1937 2305 Bernartius-⁹:
1960 2285 1974 2299 a
1989 2272 2142 2313 Agnoscas
2159 2271 2259 2304 lesum

1300 2327 1493 2360 sacerdotem
1511 2336 1674 2369 magnum,
1698 2325 1831 2358 sordidis
1851 2325 1996 2357 indutum
2014 2325 2168 2364 vestibus,
2185 2325 2261 2357 dum

1299 2381 1507 2413 altercaretur
1531 2389 1602 2412 cum
1627 2379 1759 2411 diabolo.
1778 2378 1817 2410 At
1838 2378 1890 2410 ubi
1908 2378 2081 2410 exaltatum
2106 2381 2152 2410 est
2168 2380 2263 2419 caput

1300 2437 1444 2466 nostrum
1468 2442 1564 2474 super
1580 2433 1722 2464 inimicos
1745 2435 1886 2470 nostros,
1903 2431 2037 2463 mutavit
2054 2434 2188 2469 vestem,
2213 2430 2263 2463 de-

346 2637 354 2651 ¹
376 2638 449 2663 Vers.
477 2638 517 2664 ⁴5.
542 2652 577 2657 --
596 2638 718 2671 Sequitur
746 2639 761 2663 l.
789 2639 853 2663 Petr.
880 2639 909 2669 2,
931 2638 972 2663 vl3.
997 2645 1053 2670 seq.
1072 2652 1106 2655 —
1126 2637 1235 2662 interius

276 2690 324 2714 pro
343 2682 419 2708 daret
439 2683 498 2707 Vat.
517 2682 592 2708 dare.

346 2723 357 2740 ²
377 2726 458 2752 Codd.
480 2726 498 2752 C
514 2727 533 2751 D
546 2727 564 2751 F
578 2725 758 2753 Gobediente.

347 2769 357 2784 ⁵
378 2771 436 2796 Vat.
456 2770 557 2797 Christi
570 2773 670 2804 partus
692 2770 876 2801 admirabilis,
898 2769 1045 2796 inauditus.
1064 2769 1146 2795 Codd.
1166 2769 1237 2794 exhi-

278 2815 338 2840 bent
368 2815 408 2840 vel
434 2814 570 2841 imitabilis
595 2815 636 2839 vel
662 2814 850 2845 immutabilis,
879 2814 951 2846 qnod
980 2821 1031 2839 non
1061 2813 1182 2845 congruit
1208 2813 1237 2838 iis

277 2866 346 2891 quae
365 2860 429 2884 infra
450 2862 599 2890 ponuntur3
619 2858 802 2883 substituimus
821 2857 996 2884 inimitabilis.

349 2903 360 2917 ⁴
381 2904 455 2929 Vers.
469 2903 510 2928 57.
523 2917 558 2922 —
571 2903 628 2927 Duo
648 2910 722 2935 seqq.
740 2902 790 2942 loci
810 2905 871 2927 sunt
889 2903 945 2927 Gal.
960 2902 988 2933 4,
1003 2902 1025 2927 4.
1040 2905 1065 2927 et
1080 2903 1117 2927 Ds.
1131 2901 1181 2932 72,
1196 2902 1237 2927 10.

349 2947 360 2961 ⁶
380 2948 454 2973 Vcrs.
478 2947 515 2972 lt.
536 2961 569 2965 —-
589 2948 740 2979 Sequuntur
766 2946 821 2971 lsai.
841 2947 890 2976 66,
908 2946 933 2972 7.
953 2954 1009 2979 seq.
1032 2950 1058 2971 et
1082 2947 1107 2971 9.
1125 2960 1161 2965 —
1180 2947 1237 2971 Ber-

279 2992 361 3023 nard.‚
385 2992 411 3017 in
431 2992 524 3023 Vigilia
552 2992 634 3016 nativ.
659 2991 776 3023 Domini,
795 2997 875 3016 serm.
896 2991 918 3016 4.
938 2999 964 3016 n.
983 2992 1015 3016 3:
1036 2991 1055 3016 0
1082 2998 1151 3016 nova
1177 2997 1238 3016 vere

279 3036 421 3061 miracula!
441 3035 588 3067 Conceptus
607 3036 654 3060 suit
672 3036 727 3060 sine
746 3035 862 3067 pudore,
882 3039 972 3067 partus
995 3036 1050 3060 sine
1069 3035 1168 3061 dolore.
1188 3035 1239 3060 Mu-

280 3083 329 3106 tata
349 3083 388 3105 est
407 3080 431 3104 in
453 3079 560 3111 Virgine
584 3082 670 3105 nostra
697 3079 843 3105 maledictio
864 3080 932 3104 Evae
957 3079 1011 3111 (cir.
1032 3080 1096 3105 Gen.
1118 3080 1148 3110 3,
1170 3079 1237 3111 16.);

280 3125 382 3156 peperit
400 3124 469 3150 enim
490 3124 570 3149 illium
590 3124 645 3149 sine
664 3124 754 3149 dolore
773 3127 822 3149 etc.

350 3167 361 3182 ⁶
382 3169 456 3194 Vers.
476 3168 517 3194 14.
537 3175 591 3201 seq.
613 3183 646 3186 —
666 3168 783 3194 Subinde
801 3168 926 3199 allegatur
945 3169 1013 3193 ioan.
1035 3168 1059 3198 i,
1082 3168 1122 3193 ¹4.

351 3211 360 3225 ⁷
382 3213 454 3238 Vers.
475 3214 499 3239 2.
517 3227 551 3231 —
571 3213 682 3245 Hieron,
702 3213 735 3238 de
762 3213 887 3244 Perpetua
909 3213 1009 3244 Virgin.
1034 3213 1060 3237 B.
1082 3212 1175 3237 Mariae
1195 3211 1239 3237 ad-

280 3263 373 3283 versus
401 3257 564 3288 Helvidium,
589 3264 616 3283 n.
644 3258 694 3296 ⁴0¹2
714 3257 766 3282 Nos
793 3259 881 3281 autem
910 3256 943 3281 ita
973 3256 1132 3281 definimus:
1152 3256 1239 3281 omnis

281 3301 430 3334 unigenitus
448 3304 487 3327 est
505 3301 709 3333 primogenitus,
729 3308 781 3326 non
807 3300 892 3326 omnis
915 3300 1108 3332 primogenitus
1126 3303 1165 3326 est
1184 3300 1239 3325 uni-

282 3346 393 3378 genitus.
412 3346 604 3377 Primogenitus
623 3348 662 3371 est
685 3352 736 3370 non
764 3348 862 3370 tantum
889 3347 947 3376 post
972 3351 1052 3377 quem
1072 3347 1098 3370 et
1116 3344 1173 3377 alli,
1192 3344 1240 3370 sed

282 3393 341 3416 ante
350 3397 429 3422 quem
441 3390 534 3415 nullus.
547 3389 639 3421 Omne,
650 3389 733 3422 inquit
746 3389 873 3415 Dominus
883 3389 915 3415 ad
926 3390 1011 3414 Aaron
1023 3388 1111 3422 [Num.
1122 3389 1164 3419 18,
1179 3388 1240 3423 15.],

1299 2634 1370 2669 quod
1387 2634 1475 2668 apert't
1495 2633 1630 2660 vulvam...
1652 2633 1772 2658 Dotinivit
1797 2640 1884 2658 sermo
1910 2633 1969 2665 Dei,
1989 2632 2053 2665 quid
2073 2632 2106 2657 sit
2130 2631 2262 2662 primoge-

1299 2680 1397 2705 nitum:
1417 2685 1506 2710 omne,
1530 2678 1625 2711 inquit,
1645 2677 1716 2713 qaod
1734 2677 1820 2712 aperit
1839 2677 1959 2704 vulvam.
1979 2677 2094 2709 Alioqui,
2108 2675 2128 2700 si
2150 2682 2202 2700 non
2223 2677 2263 2700 est

1301 2724 1493 2756 primogenitus
1516 2723 1565 2749 nisi
1591 2723 1612 2749 is
1637 2726 1751 2753 tantum,
1770 2729 1853 2756 quern
1870 2725 2016 2755 sequuntur
2035 2722 2140 2751 tratres,
2160 2720 2259 2746 tamdiu

1301 2768 1482 2794 sacerdotibus
1501 2768 1674 2800 prImogcnita
1694 2775 1745 2793 non
1765 2767 1902 2797 debentur,
1916 2766 2044 2799 quamdiu
2059 2768 2083 2790 et
2102 2765 2150 2790 alia
2171 2765 2264 2790 tuerint

1301 2816 1451 2845 procreata,
1471 2820 1502 2838 ne
1516 2813 1592 2843 torte,
1607 2815 1681 2844 partu
1702 2815 1792 2844 postea
1814 2819 1867 2837 non
1887 2813 2026 2843 sequente,
2048 2809 2196 2840 unigenitus
2216 2809 2261 2839 sit,

1301 2860 1327 2882 et
1345 2864 1397 2882 non
1417 2857 1609 2888 primogenitus
1628 2860 1676 2882 etc.
1695 2856 1747 2883 Cir.
1768 2857 1809 2881 lV.
1832 2857 1903 2881 Sent.
1921 2855 1947 2880 d.
1968 2854 2011 2879 30.
2030 2853 2094 2879 dub.
2115 2853 2139 2879 4.

1374 2899 1385 2914 ⁸
1405 2901 1478 2926 Vers.
1499 2901 1522 2925 8.
1542 2915 1577 2920 —
1597 2901 1719 2934 Sequitur
1744 2901 1850 2926 Zachar.
1871 2900 1899 2931 3,
1920 2899 1945 2923 3.
1964 2912 1999 2916 -
2017 2897 2095 2924 eard.
2118 2894 2209 2930 Hugo,
2236 2898 2260 2924 in

1302 2946 1365 2971 Luc.
1388 2946 1416 2977 2,
1435 2945 1468 2970 7:
1487 2945 1522 2971 Et
1536 2945 1637 2979 pannis
1656 2952 1719 2971 eum
1738 2944 1857 2971 involvit.
1877 2943 1982 2969 Pondus
1995 2943 2072 2968 estin
2086 2942 2184 2974 verbo;
2197 2949 2262 2975 pan-

1303 2997 1353 3015 nus
1372 2989 1440 3015 enim
1461 2990 1587 3016 vilitatem
1606 2993 1632 3015 et
1650 2992 1805 3015 vetustatem
1820 2991 1908 3019 notat;
1922 2987 1993 3013 unde
2006 2994 2137 3019 pauperes
2150 2987 2264 3013 dicimus

1304 3041 1448 3066 pannosos,
1470 3034 1515 3067 qui
1536 3034 1752 3067 multiplicitatem
1773 3039 1919 3065 pannorum
1940 3032 2068 3057 inutilium
2088 3035 2226 3057 consuunt.

1376 3076 1387 3091 ⁹
1407 3079 1491 3104 Serm.
1514 3079 1538 3104 4.
1558 3079 1583 3104 in
1603 3079 1684 3104 nativ.
1705 3077 1823 3110 Domini,
1843 3082 1868 3102 n.
1889 3077 1919 3102 l:
1939 3077 2060 3108 Agnosco
2080 3079 2165 3107 certe,
2184 3082 2264 3107 agno-

1303 3130 1347 3148 sco
1367 3124 1479 3149 lesum...
1499 3123 1613 3149 diabolo.
1632 3122 1780 3149 scientibus
1794 3121 1942 3153 Scripturas
1955 3121 2049 3154 loquor
2062 3124 2087 3147 et
2099 3120 2197 3154 quibus
2210 3126 2263 3145 non

1305 3168 1392 3199 ignota
1411 3171 1451 3193 est
1475 3168 1628 3200 prophetica
1655 3167 1721 3192 visio
1747 3166 1886 3192 Zachariae
1905 3164 1949 3199 [3,
1970 3166 1993 3191 i.
2012 3164 2109 3198 seqq.].
2130 3164 2179 3190 Ubi
2199 3170 2263 3189 vero

1303 3212 1441 3238 exaltatum
1460 3215 1499 3238 est
1518 3215 1597 3245 caput
1625 3215 1742 3237 nostrum
1772 3217 1852 3242 super
1875 3209 1995 3235 inimicos
2014 3213 2131 3239 nostros,
2156 3216 2186 3235 ex
2212 3210 2263 3234 hoc

1303 3257 1380 3288 plane
1399 3257 1510 3282 mutavit
1529 3260 1642 3287 vestem,
1661 3255 1784 3282 decorem
1809 3253 1910 3286 induit,
1930 3253 2046 3281 amictus
2066 3253 2169 3280 tumim·
2192 3252 2264 3280 sicat

1304 3299 1457 3327 vestimento
1478 3299 1528 3334 [ΡΒ.
1550 3300 1615 3332 403,
1636 3300 1661 3325 1.
1680 3297 1766 3332 seq.]‚
1790 3298 1939 3330 exemplum
1967 3297 2041 3324 dedit
2068 3297 2159 3328 nobis,
2185 3300 2214 3323 ut
2238 3299 2265 3322 et

1304 3351 1352 3370 nos
1380 3345 1472 3370 cadem
1501 3344 1627 3370 iaciamus
1654 3342 1715 3376 [cir.
1743 3343 1811 3368 ioan.
1833 3343 1878 3374 ¹3,
1899 3341 1963 3376 ⁴5.].
1983 3341 2072 3368 Utilior
2091 3344 2141 3367 etc.
2158 3354 2194 3360 —
2214 3341 2264 3366 Pro

1306 3387 1392 3415 lorica
1409 3388 1500 3422 seri-ea
1519 3388 1660 3414 CDFGH
1679 3390 1767 3413 contra
1788 3389 1884 3412 textum
1904 3386 2058 3418 originalem
2071 3385 2150 3412 vestis
2163 3385 2264 3419 ferrea.
