2476 3921
166 930 278 952 Promissio

148 957 293 979 conditionata.

183 1089 284 1111 Succisio.

151 1620 190 1641 Sex
205 1621 285 1640 aetates

171 1647 268 1667 bominis.

171 2150 278 2176 Expositio

163 2177 283 2203 allegorica.

314 258 377 290 340

312 346 473 382 dicuntur;
488 342 571 375 unde
583 340 670 373 Ioelis
682 340 801 382 primo:
821 338 1103 380 computruerunt
1114 338 1263 370 iumenta

311 399 347 430 in
368 401 509 429 stercore
531 404 592 426 suo
608 405 642 431 »;
664 396 696 425 et
718 393 917 425 Threnorum
941 394 1070 433 quarto:
1100 404 1115 419 ιι
1129 391 1188 432 Qui
1205 399 1264 422 nu-

312 450 486 482 triebantur
509 448 540 479 in
564 446 681 479 croceis
704 444 874 486 amplexati
899 447 973 476 sunt
1000 446 1141 476 stercora
1158 456 1189 475 ».
1206 443 1264 475 Ho-

311 511 383 534 rum
408 498 587 541 recogitatio
610 497 756 530 fecundat
778 497 933 535 animam
950 496 1033 529 unde
1050 496 1145 528 Isaiae
1168 495 1264 537 trige-

310 555 387 586 simo
410 556 518 585 octavo
532 553 561 583 ¹:
590 563 606 579 <x
623 549 808 591 Recogitabo
831 549 887 581 tibi
919 557 1028 581 omnes
1055 557 1154 581 annos
1176 556 1264 581 meos

310 607 339 639 in
364 604 571 638 amaritudine
594 603 715 635 animae
738 611 826 635 meae
838 613 869 641 »;
886 605 917 634 et
941 602 1087 634 Ieremiae
1104 601 1264 644 trigesimo

308 659 424 701 primo:
454 670 469 685 α
486 658 592 689 Statue
616 655 670 688 tibi
695 655 871 697 speculam,
896 663 976 696 pone
1000 654 1055 687 tibi
1079 654 1263 686 amaritudi-

308 719 362 742 nes
379 723 408 741 ».
433 709 518 741 Sicut
546 711 651 741 autem
682 707 851 740 fructificat
880 707 994 745 arbor,
1024 706 1149 749 quando
1179 707 1263 739 circa

307 772 375 795 eam
407 762 576 794 mittuntur
608 764 764 799 stercora,
789 760 833 793 sic
856 764 887 792 et
910 760 1030 799 anima,
1055 760 1130 792 dum
1155 769 1263 802 pecca-

308 821 411 848 torum
435 823 566 847 suorum
590 813 785 846 recordatur.

398 868 447 900 14.
473 867 573 907 (Vers.
600 866 654 906 9.).
680 866 749 898 Ideo
773 866 893 899 subdit:
920 867 959 898 Et
981 866 1158 909 siquidem
1181 865 1262 908 fece-

306 922 351 954 rit
373 920 541 964 fructum,
574 919 703 961 supple:
727 919 866 952 dimittes
901 929 986 958 eam;
1011 923 1042 952 et
1073 922 1120 952 est
1147 919 1262 952 locutio

306 974 486 1017 figurativa,
512 973 543 1005 in
567 982 632 1014 qua
646 972 750 1005 deficit
766 972 860 1004 dictio
876 972 1069 1011 necessaria,
1086 972 1140 1005 sed
1157 976 1261 1004 tamen

305 1026 479 1060 communis
490 1028 538 1058 est
553 1025 666 1058 modus
683 1024 827 1066 loquendi
842 1026 864 1056 2.
879 1043 920 1048 —
935 1025 994 1057 Sin
1010 1029 1137 1063 autem,
1154 1025 1190 1057 iu
1206 1023 1262 1067 fu-

306 1085 421 1113 turum
451 1079 599 1123 succides
630 1077 723 1110 illam
736 1078 760 1116 ³,
785 1078 903 1110 scilicet
926 1078 957 1110 in
982 1077 1068 1110 senio
1091 1077 1192 1119 gladio
1216 1077 1262 1109 iu-

304 1133 422 1166 dicialis
445 1132 633 1170 sententiae;
658 1131 811 1164 Canonica
835 1130 945 1164 Iudae:
974 1144 990 1160 α
1007 1130 1141 1163 Arbores
1164 1129 1262 1162 infru-

305 1191 448 1225 ctuosae,
473 1184 690 1223 autumnales,
718 1184 767 1217 bis
791 1187 952 1223 mortuae,
983 1184 1102 1226 quibus
1123 1183 1261 1226 procella

306 1240 508 1273 tenebrarum
535 1240 717 1270 reservatur
741 1237 771 1269 in
795 1240 958 1269 aeternum
977 1249 1006 1269 ».
1025 1255 1066 1260 —
1084 1236 1140 1269 Vel
1154 1236 1261 1269 succi-

305 1293 379 1331 (Ies,
404 1301 460 1334 per
483 1294 633 1329 mortem;
652 1290 885 1323 Deuteronomii
902 1290 1095 1332 vigesimo4:
1119 1303 1134 1318 α
1150 1290 1179 1322 Si
1197 1299 1261 1332 qua

301 1347 387 1388 ‘ligna
409 1355 471 1377 non
495 1346 569 1377 sunt
592 1343 760 1386 pomifera,
784 1343 836 1376 sed
853 1343 1005 1385 agrestia,
1023 1343 1164 1376 succides
1180 1352 1217 1376 ea
1229 1355 1259 1382 »ς

304 1403 335 1432 et
358 1399 410 1431 lob
433 1401 563 1440 quarto:
593 1410 609 1425 <t
626 1397 668 1429 De
692 1405 783 1429 mane
814 1405 916 1438 usque
939 1396 978 1429 ad
1002 1405 1165 1438 vesperam
1189 1405 1261 1429 suc-

304 1452 464 1490 cidentur;
489 1455 520 1484 et
542 1451 616 1493 quia
640 1450 747 1482 nullus
770 1450 931 1492 intelligit,
948 1449 979 1482 in
1003 1453 1168 1482 aeternum
1193 1458 1261 1491 per-

304 1505 393 1537 ibunt
409 1518 438 1536 ».

395 1559 443 1590 15.
471 1558 505 1590 Et
528 1560 618 1596 nota,
642 1557 727 1599 quod
751 1566 823 1589 cum
852 1556 914 1589 sint
953 1565 1009 1588 sex
1042 1556 1180 1588 hominis
1209 1564 1260 1588 ae-

304 1615 381 1644 tates
411 1611 499 1653 quasi
531 1620 588 1643 sex
621 1610 712 1648 anni,
745 1610 863 1643 scilicet
892 1608 1062 1651 infamia,
1088 1609 1258 1651 pueritia,

304 1664 537 1702 adolescentia,
566 1664 737 1702 iuventuS,
768 1667 915 1695 senectus
949 1665 981 1694 et
1013 1662 1190 1700 senium53
1227 1661 1258 1693 in

300 1719 415 1760 prima
437 1720 536 1750 aetate
560 1726 621 1749 non
645 1716 770 1758 quaerit
792 1716 931 1748 fructum
953 1715 1106 1748 Dominus
1129 1719 1259 1757 propter

304 1771 391 1803 liberi
423 1770 545 1802 arbitrii
577 1769 747 1808 defectum;
780 1769 811 1801 in
839 1769 985 1801 secunda
1017 1778 1092 1801 vero
1124 1768 1259 1811 requirit

303 1824 407 1865 aliquo
438 1822 547 1861 modo,
580 1822 697 1855 scilicet
729 1822 759 1854 10
788 1821 956 1864 pueritia,
981 1822 1013 1854 in
1041 1821 1259 1854 adolescentia

304 1877 400 1918 magis
424 1880 454 1908 et
477 1876 509 1908 in
532 1876 696 1908 iuventute
719 1875 874 1914 maxime;
899 1878 1060 1917 exspectat
1077 1879 1179 1908 tamen
1204 1883 1258 1908 ne—

303 1930 468 1972 gligentem
491 1929 673 1971 frequenter
697 1938 798 1971 usque
822 1928 860 1961 ad
891 1933 1103 1968 senectutem,
1128 1932 1159 1961 et
1182 1932 1258 1961 tunc

304 1983 425 2015 tandem
450 1983 487 2015 ad
511 1986 691 2015 extremum
722 1982 841 2024 profert
864 1982 1062 2015 severitatem
1087 1982 1258 2015 sententiae

303 2044 398 2077 super
421 2035 627 2077 negligentem
640 2035 662 2067 ⁶.

393 2089 442 2121 16.
468 2089 569 2121 Potest
592 2092 697 2121 autem
722 2089 781 2121 hoc
805 2088 977 2131 alleyorice
998 2088 1114 2130 exponi
1131 2087 1169 2121 de
1186 2097 1258 2129 syn-

303 2150 414 2183 agoga,
432 2141 463 2173 in
488 2150 551 2183 qua
566 2141 719 2174 Dominus
734 2141 895 2184 quaesivit
910 2139 1063 2183 fructum
1090 2141 1122 2172 in
1151 2140 1258 2172 tribus

303 2194 464 2227 aetatibus
488 2193 596 2226 mundi
621 2194 833 2233 intermediis,
858 2194 890 2226 in
906 2193 1024 2236 quibus
1040 2202 1197 2235 synagoga
1213 2193 1258 2226 vi-

302 2248 387 2290 guit,
411 2251 441 2281 et
464 2247 567 2280 adhuc
591 2247 630 2280 ad
647 2247 869 2289 poenitentiam
886 2250 1066 2288 exspectat;
1084 2247 1133 2279 vel
1150 2246 1181 2278 in
1199 2246 1259 2279 tri-

299 2301 380 2343 plici
411 2305 567 2343 tempore,
599 2300 717 2333 scilicet
748 2300 1022 2338 Patriarcharum‚
1055 2299 1195 2332 ludicum
1228 2302 1285 2344 et*

304 2355 434 2396 Regum,
459 2357 489 2386 et
506 2353 631 2386 tandem
647 2353 845 2395 exspectavit
863 2356 1001 2394 tempore
1019 2352 1257 2394 Prophetarum.

374 2606 383 2621 ¹
404 2608 477 2633 Vers.
498 2608 540 2633 15.
559 2610 584 2632 et
603 2607 699 2633 deinde
719 2608 764 2633 ier.
784 2608 831 2639 3t,
851 2608 894 2633 21.

373 2650 383 2665 ²
404 2653 423 2677 Α
443 2652 619 2683 grammaticis
638 2652 707 2678 dicta
726 2651 897 2685 aposiopesis.

374 2694 384 2709 ³
405 2696 461 2721 Vat.
481 2699 506 2722 ct
524 2696 546 2721 11
572 2703 633 2722 cum
654 2697 763 2728 Vulgata
783 2703 860 2728 eam,
885 2697 1018 2722 Gorranus
1044 2700 1129 2722 tamen
1154 2696 1259 2723 exhibet

304 2739 393 2772 illam,
415 2741 459 2773 qui
479 2741 557 2766 etiam
577 2748 625 2773 pro
645 2740 672 2767 in
690 2740 818 2774 futurum
837 2748 897 2767 cum
916 2741 1042 2773 Gregorio
1063 2742 1100 2774 (Il.
1120 2742 1212 2767 Ilomil.
1233 2741 1258 2766 in

304 2785 402 2816 evang.
415 2786 503 2810 homil.
517 2786 559 2810 31.
573 2793 598 2811 n.
612 2785 646 2818 5.)
668 2789 693 2811 et
711 2785 730 2811 C
743 2786 762 2810 D
772 2786 792 2811 G
804 2786 825 2810 11
845 2785 977 2811 substituit
989 2785 1016 2812 in
1029 2786 1134 2819 futuro.
1155 2799 1191 2805 —
1209 2787 1259 2811 Im-

303 2829 414 2854 010ᾱί310
433 2832 492 2861 post
513 2830 569 2855 Vat.
588 2830 683 2855 omittit
700 2829 800 2856 scilicet
817 2829 845 2855 in
864 2829 946 2856 sertio.
970 2844 1005 2849 —
1031 2830 1154 2863 Sequitur
1179 2830 1258 2855 Iudae

304 2879 330 2897 v.
350 2873 391 2898 12.
409 2881 477 2906 seq„
496 2873 541 2899 ubi
561 2881 609 2906 pro
628 2875 785 2900 reservatur
804 2873 915 2905 Vulgata
934 2877 959 2899 et
979 2875 1036 2900 Vat.
1055 2875 1163 2900 servata
1181 2875 1228 2900 est.

373 2916 384 2930 ⁴
404 2918 477 2943 vers.
497 2919 545 2949 20,
565 2918 606 2944 cui
626 2917 793 2949 subiungitur
813 2917 857 2943 Iob
877 2918 905 2949 4,
925 2919 968 2944 20.

373 2959 384 2974 ⁶
403 2961 454 2987 Csr.
473 2962 603 2995 Breviloq.
623 2963 725 2994 Prolog.
745 2963 761 2995 S
781 2964 811 2995 23
830 2963 857 2987 in
876 2962 997 2988 ltexaem.
1011 2963 1096 2988 collat.
1119 2962 1161 2988 15.
1175 2962 1257 2988 n.12.

303 3011 375 3037 seqq.
396 3008 420 3030 et
439 3006 521 3031 collat.
542 3007 583 3032 16.
602 3014 628 3032 n.
647 3008 673 3032 2.
691 3014 766 3040 seqq.

373 3047 385 3063 ⁶
405 3050 461 3075 Vat.
480 3050 610 3077 adversus
629 3051 813 3085 ueylz'aentem.

373 3090 383 3106 ⁷
403 3093 452 3119 Csr.
481 3102 561 3126 supra
587 3102 648 3127 pag.
668 3096 732 3126 339,
762 3098 821 3121 nota
842 3096 865 3121 3.
884 3108 920 3114 -—
939 3096 1065 3127 Superius
1090 3102 1138 3128 pro
1163 3094 1204 3121 vel
1229 3094 1257 3121 in

304 3136 404 3170 triplici
421 3138 479 3163 Vat.
498 3140 528 3165 ut
546 3138 573 3165 in
592 3139 699 3173 triplici.

373 3179 385 3194 ⁸
404 3182 504 3215 Scilicet
522 3182 664 3210 ordinaria
679 3183 718 3217 (ex
738 3183 874 3215 Ambros,
893 3183 945 3209 Vll.
966 3184 990 3209 in
1003 3184 1064 3209 Luc.
1079 3184 1121 3209 13.
1139 3191 1164 3209 n.
1185 3183 1257 3216 166.)

304 3225 374 3257 apud
394 3226 524 3257 Lyranum
545 3228 571 3252 iu
590 3228 650 3253 Luc.
671 3229 717 3259 13,
736 3228 762 3253 7.
781 3227 834 3254 Csr.
856 3227 933 3253 etiam
953 3228 1043 3253 Glossa
1068 3227 1211 3254 ordinaria
1232 3227 1258 3252 in

304 3270 366 3295 Luc.
385 3270 430 3302 13,
450 3271 474 3295 6.
494 3270 581 3296 Verba
594 3271 723 3298 Ambrosii
742 3275 815 3297 sunt:
835 3272 910 3297 Venit
928 3271 962 3297 ad
975 3271 1121 3303 Abrabam,
1141 3271 1212 3298 venit
1224 3271 1257 3297 ad

304 3314 421 3345 Moysen,
440 3314 510 3340 venit
529 3315 563 3340 ad
582 3315 702 3347 Mariam,
722 3317 772 3342 hoc
791 3318 830 3341 est
848 3315 919 3341 venit
937 3315 962 3340 in
981 3315 1128 3348 signaculo,
1148 3315 1257 3341 venitin

304 3358 386 3390 Lege,
405 3359 514 3384 venitin
527 3366 646 3392 corpore.
659 3360 808 3386 Adventum
827 3360 884 3386 eius
902 3367 933 3385 ex
946 3359 1078 3386 beneflciis
1094 3359 1258 3392 recognosci-

305 3408 363 3427 mus
380 3404 428 3428 etc.
448 3401 498 3428 Csr.
512 3404 634 3435 August„
654 3403 737 3429 Serm.
751 3404 810 3429 110.
829 3403 902 3436 (alias
921 3404 963 3429 31.
983 3404 1017 3430 de
1031 3403 1124 3431 Verbis
1137 3403 1256 3437 Domini)

894 250 1086 283 COMMENT.
1112 251 1148 283 IN
1174 249 1410 283 EVANGELIUM
1434 249 1551 283 LUCAE
1574 250 1606 282 C.
1630 251 1702 283 XIII.

1329 337 1365 370 Et
1388 337 1463 380 quia
1485 347 1547 370 non
1563 337 1622 371 fuit
1638 348 1790 372 conversa
1805 339 1843 372 ad
1860 339 1955 372 verba
1972 348 2101 379 eorum,
2125 340 2194 374 ideo
2209 350 2284 374 suc-

1328 390 1400 423 cisa
1423 394 1469 423 est
1492 391 1525 423 in
1547 391 1662 424 Christi
1686 391 1822 425 adventu
1836 392 1858 424 ⁷.

1417 443 1473 476 Vel
1495 443 1545 476 isti
1570 448 1635 477 tres
1658 445 1731 477 anni
1748 445 1931 478 referuntur
1947 445 1986 478 ad
2003 448 2127 488 tempus
2143 446 2285 489 triplicis

1328 495 1418 538 lepis,
1435 496 1551 529 scilicet
1568 500 1717 536 naturae,
1741 497 1922 540 Scripturae
1938 502 1969 531 et
1984 499 2120 541 gratiae;
2137 499 2193 532 sed
2207 499 2283 532 haec

1328 548 1525 582 sufficienter
1543 553 1750 591 exponuntur
1773 550 1804 582 in
1828 550 1936 584 Glossa
1947 550 1970 583 ⁸.

1420 602 1469 633 17.
1502 601 1679 634 Secundum
1710 606 1816 635 autem
1847 613 1981 636 morum
2011 603 2282 647 informationem

1327 654 1551 696 spiritualiter
1586 648 1776 694 notandum,
1812 656 1897 698 quod
1931 657 2034 690 arbor
2069 657 2282 700 infructuosa

1326 707 1531 747 succiditur,
1555 709 1694 741 maxime
1710 718 1790 751 quae
1806 718 1863 751 per
1879 710 2048 743 triennium
2065 710 2205 743 fructum
2220 720 2283 743 non

1326 760 1416 799 facit;
1441 760 1568 802 in.quo
1599 760 1784 803 intelligitur
1816 765 1901 795 recte
1932 762 2025 795 homo
2053 763 2213 805 negligens
2243 762 2283 795 ad

1327 822 1422 855 opera
1446 813 1589 853 virtutis;
1607 816 1638 847 et
1654 814 1780 856 quidem
1796 818 1882 848 recte
1905 824 1962 857 per
1977 815 2079 857 ficum
2094 815 2282 859 infructuo-

1325 876 1401 899 sam
1424 867 1612 909 negligentia.
1634 867 1773 900 humana
1796 868 1959 910 arguitur:
1976 868 2096 910 primo,
2113 869 2187 911 quia
2202 868 2282 902 ficus

1327 919 1421 952 habet
1444 920 1516 952 folia
1538 920 1638 952 multa
1661 924 1691 953 et
1714 930 1845 963 magna,
1869 924 1900 954 et
1923 921 1955 953 in
1978 921 2032 954 illo
2055 922 2215 963 potissime
2230 930 2281 954 ar-

1326 973 1434 1015 guitur
1458 973 1646 1015 negligentia
1668 974 1753 1007 illius
1776 974 1830 1016 qui
1856 983 1968 1016 magna
1985 974 2078 1007 habet
2096 974 2209 1012 verba3
2228 974 2283 1007 Ec-

1326 1025 1489 1058 clesiastici
1513 1025 1670 1068 quarto⁹z
1701 1026 1793 1058 «Noli
1818 1026 1931 1059 citatus
1954 1035 2022 1059 esse
2043 1026 2075 1059 in
2097 1026 2205 1069 lingua
2228 1030 2283 1059 tua

1325 1081 1357 1111 et
1379 1078 1499 1111 inutilis
1522 1081 1553 1111 et
1576 1079 1728 1111 remissus
1752 1079 1783 1111 in
1806 1079 1956 1121 operibus
1979 1079 2085 1119 tuis»;
2109 1082 2283 1122 quocontra

1325 1131 1405 1164 Osee
1427 1130 1564 1164 decimo:
1594 1144 1610 1160 α
1627 1131 1705 1164 Vitis
1735 1132 1882 1165 frondosa
1912 1132 2021 1171 Israel,
2045 1131 2169 1165 fructus
2192 1132 2283 1165 adae-

1326 1188 1442 1226 quatus
1476 1187 1523 1217 est
1546 1184 1573 1217 ei
1591 1198 1620 1216 ».
1645 1203 1689 1207 -
1713 1185 1872 1224 Secundo,
1897 1185 1972 1227 quia
2001 1185 2075 1217 folia
2105 1185 2185 1218 ficus
2208 1188 2282 1218 sunt

1325 1237 1432 1270 manui
1456 1237 1581 1277 similia3
1606 1240 1637 1270 et
1660 1238 1692 1270 in
1716 1238 1769 1270 illo
1792 1238 1952 1281 potissime
1969 1238 2212 1280 reprehenditur
2228 1247 2282 1271 ne-

1325 1290 1472 1332 gligentia
1495 1291 1563 1323 eius
1586 1290 1640 1333 qui
1665 1290 1742 1323 alios
1757 1290 1795 1323 ad
1812 1291 2006 1332 operandum
2023 1290 2151 1330 invitat;
2168 1290 2206 1323 ad
2223 1291 2282 1324 Ro-

1326 1353 1434 1376 manos
1450 1343 1588 1376 secundo
1603 1344 1647 1376 1⁰:
1671 1357 1686 1372 α
1700 1344 1759 1385 Qui
1776 1344 1873 1376 alium
1890 1344 1982 1377 doces
1996 1347 2026 1377 te
2039 1344 2140 1386 ipsum
2154 1353 2216 1376 non
2228 1344 2284 1376 do-

1325 1405 1377 1429 ces
1389 1410 1404 1425 »
1426 1400 1502 1435 etc.;
1520 1399 1694 1438 quocontra
1709 1396 1826 1429 dicitur
1841 1397 1975 1429 Actuum
1999 1397 2117 1438 primo:
2148 1410 2162 1425 ιι
2175 1396 2283 1438 Coepit

1325 1449 1411 1482 Iesus
1433 1449 1536 1482 facere
1559 1452 1590 1481 et
1612 1448 1724 1481 docere
1741 1462 1756 1477 n
1785 1452 1842 1482 etc.
1860 1468 1903 1473 ——
1920 1449 2035 1488 Tertio,
2060 1449 2134 1491 quia
2157 1449 2281 1482 fructus

1309 1503 1404 1535 sicus
1420 1506 1467 1535 est
1482 1502 1601 1542 suavis;
1626 1502 1695 1535 ideo
1719 1502 1831 1535 merito
1848 1503 1946 1545 ipsius
1962 1503 2101 1536 carentia
2124 1503 2281 1548 negligen-

1324 1556 1398 1588 tiam
1429 1555 1587 1598 designat,
1619 1559 1650 1588 et
1681 1555 1858 1597 praesentia
1893 1556 1992 1597 ipsius
2026 1556 2168 1598 designat
2201 1565 2282 1598 opus

1324 1608 1465 1647 virtutis,
1490 1608 1573 1651 quod
1590 1612 1637 1641 est
1652 1617 1748 1641 suave
1765 1611 1796 1641 et
1817 1608 1906 1641 valde
1922 1609 2120 1648 delectabile;
2143 1622 2158 1638 α
2171 1619 2243 1642 nam
2255 1610 2280 1629 ¹¹

1323 1662 1377 1704 qui
1402 1662 1540 1695 continet
1570 1665 1600 1695 et
1630 1662 1690 1694 hoc
1713 1661 1789 1703 vipso
1812 1662 1945 1704 gaudet,
1969 1662 2021 1696 ille
2045 1663 2130 1695 solus
2160 1666 2207 1695 est
2230 1671 2281 1695 ca-

1323 1718 1391 1748 stus
1407 1728 1438 1746 ³).
1463 1733 1506 1738 —
1531 1716 1609 1748 Sunt
1632 1719 1739 1748 autem
1763 1724 1859 1757 opera
1890 1715 2046 1748 virtutum
2081 1716 2189 1748 suavia
2217 1715 2281 1747 vir-

1323 1768 1383 1801 tuti
1406 1768 1586 1807 inchoatae,
1611 1768 1757 1801 suaviora
1788 1768 1980 1810 proficienti,
2005 1768 2059 1801 sed
2094 1768 2281 1801 suavissima

1322 1821 1383 1854 iam
1407 1821 1583 1864 perfectae;
1608 1825 1737 1864 propter
1761 1821 1845 1864 quod
1870 1821 2010 1854 Indicum
2034 1830 2135 1853 nono:
2165 1834 2180 1849 α
2196 1821 2279 1862 Quo-

1322 1874 1415 1907 modo
1446 1884 1572 1917 possum
1605 1875 1751 1908 deserere
1782 1874 1977 1907 dulcedinem
2010 1883 2111 1907 meam
2143 1874 2280 1907 fructus-

1322 1936 1384 1970 que
1408 1927 1609 1960 suavissimos
1632 1931 1662 1960 et
1686 1927 1750 1967 ire,
1782 1930 1818 1960 ut
1848 1927 1930 1961 inter
1961 1930 2064 1959 cetera
2096 1926 2178 1969 ligna
2208 1936 2281 1969 pro-

1322 1990 1450 2013 movear
1467 1984 1504 2013 »2

1415 2034 1464 2066 18.
1490 2034 1609 2067 Habere
1632 2037 1736 2067 autem
1760 2033 1876 2066 dicitur
1900 2033 1979 2066 ficus
1994 2032 2129 2075 fructus
2148 2033 2280 2066 suavis-

1321 2087 1425 2119 simos
1448 2086 1486 2119 ad
1510 2086 1736 2129 designandum
1761 2086 1877 2128 triplex
1901 2094 2000 2128 genus
2015 2085 2188 2118 fructuum.
2206 2086 2281 2127 Qui-

1322 2139 1393 2172 dam
1428 2140 1511 2172 enim
1548 2144 1622 2173 sunt
1652 2149 1791 2177 suaves,
1827 2141 1863 2171 ut
1894 2138 2018 2171 fructus
2053 2139 2278 2181 poenitentiae;

1323 2192 1451 2234 quidam
1475 2193 1667 2231 suavioreS,
1692 2196 1728 2225 ut
1751 2192 1875 2224 fructus
1897 2191 2049 2231 iustitiae;
2075 2191 2129 2225 sed
2152 2191 2280 2234 quidam

1322 2245 1536 2284 suavissimi,
1561 2249 1597 2278 ut
1620 2245 1744 2278 fructus
1775 2244 1953 2286 sapientiae.
1979 2244 2058 2277 Haec
2082 2244 2143 2277 tria
2165 2253 2281 2287 genera

1322 2299 1484 2331 fructuum
1510 2299 1636 2341 quaerit
1658 2297 1810 2330 Dominus
1833 2298 1865 2329 in
1889 2297 1991 2330 tribus
2014 2298 2121 2337 annis,
2150 2298 2225 2340 quia
2248 2298 2280 2331 in

1323 2352 1436 2394 triplici
1462 2355 1555 2386 statu.
1581 2352 1657 2384 Nam
1681 2351 1805 2384 fructus
1829 2351 2046 2393 poenitentiae
2074 2351 2240 2394 quaeritur
2253 2352 2280 2371 ¹²

1322 2615 1345 2634 c.
1366 2608 1390 2633 t.
1409 2615 1434 2633 0.
1457 2607 1484 2633 i:
1503 2605 1594 2633 Arbor
1610 2605 1726 2640 ficulnea
1741 2613 1825 2637 genus
1837 2607 1982 2632 humanum
2002 2609 2049 2632 est.
2065 2605 2221 2632 Triennium
2234 2612 2280 2631 au-

1323 2656 1374 2678 tem
1394 2653 1441 2678 tria
1461 2654 1522 2677 sunt
1540 2654 1671 2682 tempora:
1691 2658 1773 2676 00010
1789 2654 1848 2676 ante
1867 2651 1980 2682 Legem,
2000 2651 2109 2677 alterum
2128 2650 2178 2676 sub
2196 2651 2279 2682 Lege,

1322 2697 1426 2722 tertium
1446 2695 1496 2721 sub
1516 2695 1608 2727 gratia.
1629 2695 1694 2720 Vide
1714 2695 1835 2727 Gregor.,
1857 2696 1883 2721 lI.
1903 2695 1995 2721 Ilomil.
2021 2696 2046 2720 in
2072 2696 2170 2727 Evang.
2190 2695 2278 2720 homil.

1323 2741 1366 2765 31.
1385 2747 1409 2765 0.
1429 2741 1454 2764 2.
1473 2746 1528 2772 seq.

1393 2782 1404 2797 ⁹
1423 2784 1498 2809 Vers.
1517 2782 1566 2814 34,
1585 2786 1644 2815 post
1661 2790 1740 2816 quem
1760 2783 1826 2809 Osee
1846 2784 1893 2814 10,
1914 2784 1939 2809 1.
1956 2783 2008 2810 Csr.
2027 2782 2162 2814 Ambros„
2181 2782 2234 2808 Vll.
2253 2782 2279 2808 in

1322 2829 1385 2854 Luc.
1405 2828 1446 2853 13.
1467 2835 1492 2853 n.
1515 2828 1571 2852 161.
1591 2834 1645 2860 seq.
1660 2827 1702 2860 (ex
1721 2834 1774 2860 quo
1788 2828 1878 2855 Glossa
1897 2827 2039 2854 ordinaria
2057 2827 2130 2860 apud
2147 2828 2279 2859 Lyranum

1322 2872 1347 2897 in
1367 2873 1429 2898 Luc.
1450 2872 1496 2903 13,
1516 2871 1562 2904 6.).
1582 2871 1649 2897 Vide
1672 2872 1749 2897 etiam
1769 2872 1856 2897 Matth.
1882 2873 1909 2898 2¹
1923 2893 1929 2905 ,
1950 2872 1996 2904 49;
2023 2872 2100 2898 Marc.
2125 2872 2166 2902 11,
2193 2871 2234 2897 13.
2254 2875 2280 2897 et

1321 2916 1434 2948 Bedam,
1455 2916 1481 2940 in
1501 2916 1548 2941 lios
1567 2916 1646 2942 locos.
2184 2925 2186 2927 ·

1393 2958 1416 2974 ¹0
1436 2960 1510 2985 Vers.
1532 2960 1577 2990 21,
1604 2960 1645 2985 cui
1665 2959 1833 2992 subiungitur
1851 2961 1905 2986 Act.
1927 2961 1955 2991 1,
1976 2961 2001 2986 1.
2019 2973 2054 2980 --
2073 2960 2200 2993 Superius
2219 2962 2279 2992 post

1321 3003 1416 3030 invitat
1437 3004 1493 3030 Vat.
1512 3004 1585 3030 addit
1602 3010 1664 3030 cum
1682 3004 1738 3038 ipse
1756 3004 1824 3031 nihil
1841 3006 1976 3038 operetur.
2009 3032 2011 3036 ⁴

1393 3046 1414 3062 ¹¹
1435 3049 1467 3074 Ut
1485 3048 1520 3074 ait
1537 3048 1654 3079 Aristot.‚
1673 3049 1700 3074 ll.
1720 3049 1802 3074 Ethic.
1820 3055 1842 3075 c.
1861 3049 1886 3074 3.
1900 3063 1934 3067 -—
1948 3049 2071 3082 Sequitur
2088 3049 2167 3075 Iudic.
2187 3049 2216 3081 9,
2237 3049 2278 3075 13.

1321 3107 1356 3112 -
1375 3093 1502 3124 Superius
1521 3099 1569 3125 pro
1587 3092 1660 3126 quod
1677 3095 1717 3119 est
1734 3100 1817 3120 suave
1835 3095 1861 3120 et
1871 3092 1950 3119 valde
1968 3092 2119 3120 delectabile
2137 3093 2187 3120 AC
2199 3093 2279 3119 DFG

1321 3136 1394 3171 quod
1411 3138 1451 3163 est
1467 3136 1619 3163 virtuosum
1638 3136 1683 3171 [in
1702 3138 1724 3163 D
1742 3137 1858 3163 secunda
1877 3144 1970 3163 manus
1993 3137 2089 3163 delevit
2106 3137 2275 3170 virtuosum,

1321 3181 1348 3206 10
1366 3180 1385 3207 C
1405 3187 1468 3206 vero
1488 3181 1602 3207 secunda
1622 3188 1716 3207 manus
1734 3182 1837 3208 addidit
1850 3181 1888 3216 et]
1902 3181 1980 3208 valde
1993 3181 2151 3208 delectabile.
2170 3181 2279 3208 Inferius

1322 3227 1382 3257 post
1399 3224 1495 3250 suavia
1515 3225 1573 3251 Vnt.
1586 3225 1753 3258 prosequitur
1772 3225 1899 3253 virtutem
1912 3225 2066 3258 inelimati,-
2084 3225 2211 3253 suaviore
2223 3225 2279 3253 vir-

1321 3270 1376 3295 tute
1390 3268 1556 3303 proficienti,
1576 3268 1740 3296 suavissima
1759 3269 1814 3296 iam
1833 3269 1933 3296 virtute
1951 3271 2147 3296 consummato.

1393 3311 1415 3327 ¹⁹
1434 3314 1460 3339 10
1480 3313 1501 3339 D
1520 3314 1636 3340 secunda
1652 3321 1745 3340 manus
1764 3313 1897 3340 substituit
1909 3312 2068 3347 requiritur,
2082 3314 2107 3339 in
2120 3314 2151 3347 F,
2170 3314 2215 3347 qui
2228 3313 2279 3346 pri-

1322 3357 1401 3384 mitus
1419 3357 1509 3384 habuit
1527 3365 1596 3392 quac
1613 3357 1719 3385 videtur
1739 3358 1864 3391 (sortasse
1883 3357 2024 3390 legendum
2043 3357 2172 3392 qualem),
2186 3364 2278 3384 recens

1321 3408 1415 3428 manus
1434 3402 1459 3428 in
1479 3402 1597 3435 margine
1614 3402 1738 3430 redditur
1756 3402 1798 3430 vel
1816 3402 1977 3437 quaeritura·

2300 613 2428 672 „caira

2300 666 2432 693 negligentia.

2300 876 2362 899 Ratio
2376 877 2412 899 tri-

2327 904 2383 931 plex-

2301 1723 2426 1746 Notandum.

2299 2041 2384 2069 Triplex
2397 2047 2426 2068 ge·

2317 2074 2356 2090 nus
2369 2068 2412 2089 sru-

2328 2097 2406 2116 ctuum.
