2427 3872
301 292 363 324 668

589 331 651 357 Apo

300 379 419 411 inscripta
434 380 494 403 sunt
504 376 679 402 fundamentis
689 374 828 400 Ierusalem
841 373 871 397 Vl
886 371 936 397 227

300 431 325 449 ν.
345 423 386 448 24.
407 423 446 447 Vll
470 421 519 446 442
540 421 572 446 30

352 482 386 485 —
411 466 496 492 vocati
525 468 584 491 sunt
612 471 626 489 a
654 463 769 493 Christo,
797 464 938 493 antequam

300 514 408 538 loannes
422 511 566 536 traderetur
579 509 603 533 in
618 514 749 533 carcerem
764 506 795 532 Vl
817 506 867 531 268
887 505 937 530 400

352 571 387 574 ——
406 558 466 581 sunt
490 553 572 579 testes
597 552 713 578 veritatis
738 551 772 576 de
798 550 888 575 auditu
913 552 939 574 et

300 601 359 626 visu
379 600 422 625 Vll
442 599 493 624 602
508 598 541 623 60
555 612 588 615 -
600 596 764 622 tradiderunt
777 594 852 620 nobis
866 593 939 626 quod

300 645 334 670 ab
355 644 426 669 initio
445 643 495 674 ipsi
515 642 638 667 viderunt
658 640 685 664 11
710 640 725 664 3
739 653 774 657 —
788 638 849 671 quia
869 637 939 663 vide-

301 691 374 718 runt,
388 687 448 713 ideo
461 684 665 712 testificabantur
678 686 707 709 ut
723 682 832 708 ministri
846 680 939 707 Christi

302 732 364 759 ibid.
383 745 417 750 -—
436 734 495 756 sunt
514 733 591 755 testes
605 735 696 753 eorum
717 734 786 760 quae
804 726 895 752 dicunt
908 726 940 750 Vl

303 777 354 802 529
369 776 411 801 55.
432 775 477 800 241
496 775 521 799 6.
541 774 583 799 Vll
605 773 637 798 42
658 773 672 797 3
686 786 721 790 ——
736 771 832 803 Spiritu
851 772 941 796 sancto

303 820 447 847 confirmati
468 819 597 845 dederunt
615 816 793 842 testimonium
823 815 942 840 innocen-

303 866 352 891 tiae
371 864 464 891 Christi
483 863 516 888 Vl
531 862 580 887 454
601 861 649 891 39,
670 860 703 885 40
716 875 751 878 —
764 858 888 885 dicebant
900 866 943 884 ve-

302 917 361 936 rum
391 907 567 934 testimonium
596 906 629 931 de
648 904 750 931 Christo
784 904 834 929 3¹6
855 903 888 928 69
908 918 943 921 —

303 957 363 980 sunt
382 956 459 979 testes
482 951 554 977 omni
574 950 726 981 exceptione
745 948 858 974 maiores
886 954 943 980 pro-

303 1002 360 1031 pter
379 1004 453 1023 suam
468 996 616 1021 virilitatem
632 997 658 1019 et
670 993 833 1019 sanctitatem
847 995 873 1017 et
886 999 944 1024 pro-

304 1046 360 1075 pter
373 1042 541 1068 veracitatem
561 1043 586 1065 et
605 1038 770 1064 stabilitatem
790 1037 833 1062 Vll
848 1037 898 1061 602
910 1036 943 1061 60

302 1103 337 1106 -—
357 1090 385 1113 ut
409 1086 464 1111 veri
491 1088 582 1115 testes,
608 1083 634 1109 id
660 1085 699 1108 est
723 1083 848 1113 Martyres
874 1080 944 1113 passi

303 1134 363 1158 sunt
381 1137 430 1163 pro
459 1129 568 1155 veritate
593 1134 679 1160 usque
698 1127 732 1152 ad
751 1129 863 1151 mortem
883 1124 944 1151 ibid.

303 1191 338 1195 -
360 1178 421 1201 sunt
449 1177 526 1200 testes
551 1174 660 1205 propter
687 1171 805 1197 veritatis
829 1170 947 1195 assertio-

304 1226 363 1246 nem
383 1220 429 1245 291
455 1218 489 1244 45

357 1279 392 1283 --
410 1263 619 1289 iustificaverunt
640 1260 787 1291 Christum,
803 1260 873 1285 dum
891 1260 948 1285 eius

305 1309 385 1335 verba
405 1315 453 1340 per
472 1306 596 1333 iustitiam
617 1309 643 1331 et
661 1305 838 1331 obedientiam
859 1304 949 1336 imple-

305 1356 401 1379 verunt
420 1352 462 1378 Vll
484 1352 535 1376 482
562 1351 590 1376 61
614 1365 648 1368 -—
668 1352 823 1382 reputantur
848 1349 908 1374 iusti
933 1356 948 1374 a

306 1397 452 1430 Sapientia,
477 1402 558 1429 quam
586 1395 727 1421 iustificant
749 1393 812 1420 ibid.
831 1408 866 1411 —
888 1397 949 1418 sunt

306 1443 400 1468 Christi
420 1441 506 1467 bonus
524 1440 591 1466 odor
615 1440 644 1465 61
671 1439 706 1465 77
726 1453 761 1457 —
780 1445 873 1464 eorum
893 1445 948 1463 san-

307 1489 380 1514 ctitas
399 1490 424 1513 et
443 1487 527 1511 virtus
556 1488 581 1510 et
608 1484 714 1510 scientia
739 1483 861 1515 Magistro
881 1483 949 1508 attri-

308 1532 437 1559 buebatur
457 1531 489 1556 Vl
508 1530 559 1556 394
580 1529 613 1555 57
633 1529 662 1554 2*

354 1592 388 1595 —
396 1576 445 1609 Qui
453 1575 553 1608 spernit
562 1574 701 1606 Apostolos
711 1573 947 1605 spernitChr1stum

307 1626 333 1648 et
345 1623 428 1648 Deum
442 1621 486 1646 Vll
500 1620 550 1645 260
566 1620 607 1645 26.
628 1619 673 1644 261
699 1618 733 1644 27
743 1633 778 1636 -
792 1619 901 1643 Prorsus
915 1618 950 1643 in-

307 1666 469 1693 excusabiles
482 1668 543 1691 sunt
555 1664 600 1697 qui
619 1671 672 1689 non
688 1663 800 1689 audiunt
812 1662 950 1695 Apostolos

310 1711 360 1737 424
380 1711 413 1736 59

362 1770 396 1774 —
417 1761 522 1786 semper
538 1753 670 1779 Christum
694 1750 889 1778 comitabantur
908 1751 951 1776 Vll

311 1801 361 1826 445
382 1800 408 1825 41
434 1814 468 1817 —
488 1797 679 1824 comitabantur
699 1796 830 1822 Christum
853 1795 954 1820 ratione

310 1844 424 1876 suscepti
453 1843 531 1869 officii
561 1842 612 1867 488
633 1842 656 1866 4.
684 1842 733 1866 489
761 1841 776 1865 2
796 1841 955 1864 -fuerunt

311 1889 400 1914 fideles
424 1887 457 1913 ad
480 1886 640 1912 consortium
663 1885 757 1911 Christi
777 1885 823 1909 224
849 1884 900 1915 46,
923 1884 953 1908 47

311 1948 345 1951 —
359 1938 496 1965 nunquam
511 1930 668 1957 deserebant
682 1929 835 1960 Magistrum
856 1928 906 1953 499
921 1928 955 1953 35

311 1992 345 1996 -ο
365 1980 489 2009 tanquam
510 1975 566 2000 veri
586 1974 664 1999 amici
683 1973 777 1999 Christi
802 1975 956 1998 manserunt

313 2028 373 2047 cum
393 2028 424 2046 eo
445 2021 470 2045 in
490 2020 543 2045 suis
561 2018 771 2044 tribulationibus
790 2017 837 2043 554
862 2017 896 2042 39

367 2080 402 2085 -
421 2065 552 2091 Christum
574 2066 712 2089 vocantem
733 2062 850 2088 celeriter
875 2062 956 2087 secuti

314 2113 374 2139 suut
402 2110 435 2135 Vl
465 2109 510 2135 401
546 2108 573 2134 41
598 2122 632 2126 —-
652 2108 810 2133 invenerunt
837 2106 955 2132 Messinm

315 2156 382 2181 sicut
409 2154 471 2180 boni
504 2156 663 2179 mercatores
688 2151 867 2183 margaritam,
892 2151 958 2176 sicut

316 2199 378 2225 boni
398 2200 511 2225 cultores
530 2199 682 2223 thesaurum
702 2196 886 2222 absconditum
905 2196 957 2221 262

316 2245 349 2270 79
364 2259 398 2263 —-
412 2244 507 2274 statim,
520 2246 662 2276 postquam
675 2242 796 2268 conversi
809 2244 876 2272 sunt,
894 2240 958 2266 alios

316 2291 412 2315 vocant
431 2287 464 2314 ib.
477 2288 511 2313 78
527 2302 561 2305 —
575 2287 657 2313 secuti
676 2290 736 2312 sunt
754 2285 885 2312 Christum
906 2285 959 2310 illu-

317 2333 407 2359 minati
425 2331 545 2363 interius,
565 2332 606 2357 vel
628 2331 707 2356 etiam
726 2330 839 2356 exterius
860 2329 958 2355 inducti

319 2379 369 2404 268
391 2378 441 2403 402

371 2437 406 2441 -
416 2421 497 2448 secuti
507 2423 568 2447 sunt
577 2420 708 2447 Christum
722 2426 769 2451 per
782 2418 960 2445 excellentiam

319 2466 455 2498 probitatis
468 2465 500 2490 Vl
515 2465 566 2491 584
581 2464 595 2489 4
608 2478 644 2483 —·
657 2463 827 2489 ambulabant
839 2470 899 2489 cum
913 2463 961 2488 Do-

319 2511 391 2536 mino
409 2510 437 2535 in
461 2509 504 2535 via
530 2508 697 2541 perfectionis
722 2508 766 2534 Vll
786 2507 836 2533 249
858 2508 867 2532 4
875 2507 908 2532 03
926 2521 961 2525 -

320 2558 466 2588 sequuntur
485 2553 617 2580 Christum
636 2560 684 2585 per
702 2552 801 2578 excelsa
824 2558 963 2584 superero-

322 2599 458 2631 gationum
478 2598 511 2623 Vl
531 2597 582 2623 583
604 2598 613 2622 4

376 2657 411 2661 -
430 2644 459 2668 ut
477 2642 591 2667 viatores
610 2641 768 2667 transierunt
785 2647 847 2666 cum
861 2639 963 2666 Christo

322 2694 369 2719 per
388 2689 441 2712 sata
451 2705 458 2717 ,
471 2686 499 2711 id
510 2688 551 2711 est
562 2692 609 2718 per
629 2685 677 2711 ista
689 2684 838 2711 transitoria
855 2685 897 2710 Vll
912 2684 963 2710 435

324 2732 339 2756 3
358 2745 393 2750 —
412 2733 487 2756 erant
499 2736 560 2755 cum
574 2729 676 2755 Christo
689 2729 715 2754 in
728 2728 845 2754 oratione
859 2728 965 2754 mentali

324 2776 426 2807 affectu,
439 2773 616 2807 approbantes
625 2780 673 2806 per
682 2779 774 2799 veram
785 2773 864 2799 fldem
872 2772 924 2798 225
932 2772 965 2798 30

378 2834 413 2837 -
425 2817 532 2844 Vooatio
547 2818 737 2850 discipulorum
751 2820 852 2849 spectat
864 2817 898 2843 ad
908 2823 966 2849 pro-

328 2863 481 2889 funditatem
500 2862 655 2894 sapientiae,
674 2862 708 2887 ad
720 2861 905 2888 sublimitatem
920 2867 967 2893 po-

326 2908 435 2939 tentiae,
460 2907 493 2932 ad
519 2906 720 2932 immensitatem
746 2905 898 2931 clementiae
924 2905 966 2931 Vll

328 2951 377 2977 443
401 2952 409 2976 4
433 2966 468 2969 -
488 2951 574 2983 primo
593 2951 679 2976 vocati
701 2952 804 2976 fuerunt
824 2950 850 2975 in
869 2949 968 2982 simpli-

328 3002 386 3021 cem
401 2995 536 3027 notitiam,
555 2995 671 3021 secundo
685 2995 709 3020 in
730 2995 928 3020 familiaritatem
943 2997 968 3020 et

328 3040 404 3066 tertio
423 3040 449 3065 in
466 3039 653 3072 discipulatum
674 3040 724 3065 448
745 3039 777 3065 23

382 3099 416 3103 -
436 3086 624 3116 segregantur,
643 3087 672 3110 ut
690 3084 742 3110 sint
759 3084 848 3110 idonei
872 3083 906 3110 ad
925 3083 970 3110 do-

329 3128 438 3154 ctrinam
458 3128 653 3160 suscipiendam
672 3128 715 3154 Vll
736 3128 787 3154 440
807 3127 851 3154 24.
870 3128 916 3154 234
936 3127 969 3153 46

330 3186 364 3190 -
384 3172 515 3204 segregati
543 3174 616 3198 erant
634 3179 649 3197 a
674 3173 807 3198 mundana
833 3167 970 3199 conversa-

330 3216 400 3242 tione
418 3216 450 3241 Vl
472 3216 522 3242 472
542 3216 584 3242 26.
611 3216 661 3242 473
682 3217 714 3242 28
735 3231 769 3235 —
785 3217 901 3243 Christus
926 3223 971 3242 vo-

330 3260 377 3285 luit
402 3260 545 3292 discipulos
569 3263 745 3293 sequestratos
769 3268 783 3286 a
809 3260 893 3287 turbis
912 3263 970 3286 eta

332 3303 440 3329 terrenis
459 3304 502 3329 Vll
522 3304 568 3330 234
595 3303 628 3330 46
646 3317 682 3324 —
698 3305 803 3331 fuerunt
821 3312 882 3331 cum
898 3304 971 3331 Chri-

333 3350 372 3373 sto
398 3347 423 3373 in
442 3351 530 3374 monte
556 3348 608 3375 445
628 3348 671 3375 41.
695 3349 742 3375 231
774 3349 807 3375 46
826 3362 861 3368 -—
880 3350 972 3382 fugere

334 3390 431 3459 (ἱῖὺεῐη
447 3392 580 3424 homines,
599 3399 652 3419 non
671 3399 732 3419 cum
751 3393 788 3419 eis
813 3393 972 3420 contendere

334 3435 351 3460 2
371 3435 385 3459 8
407 3435 452 3459 401

1166 281 1281 314 INDEX
1306 280 1433 313 RERUM

1029 385 1063 388 —
1083 370 1169 402 primo
1194 369 1279 395 vocati
1304 372 1366 395 sunt
1384 369 1418 394 ad
1443 368 1523 394 fidem
1548 367 1619 392 testi-

976 415 1065 441 monio
1085 415 1201 445 loannis,
1226 413 1342 439 secundo
1368 413 1401 439 ad
1420 411 1617 446 perfectionem,

976 463 1005 485 ut
1023 459 1110 485 omnia
1129 459 1308 491 relinquerent
1326 460 1352 483 et
1376 457 1508 483 Christum
1528 463 1619 489 seque-

975 507 1066 530 rentur
1086 504 1120 528 Vl
1139 503 1190 528 268
1213 503 1263 528 400
1283 501 1312 528 2*
1331 517 1366 520 -
1385 502 1412 527 in
1431 501 1554 533 passione
1566 507 1619 526 non

976 550 1051 574 erant
1063 547 1185 580 perfecti,
1199 547 1245 573 sed
1265 549 1326 579 post
1343 546 1487 572 adventum
1507 544 1620 576 Spiritus

976 592 1057 618 sancti
1082 592 1260 623 impleverunt
1283 590 1470 623 perfectionem
1496 588 1545 614 sibi
1571 595 1619 620 pro

976 637 1019 662 illo
1038 639 1159 668 tempore
1171 638 1340 668 praeceptam
1355 634 1401 659 484
1427 634 1459 659 24
1473 648 1508 652 —-·
1526 633 1620 659 Christi

978 681 1076 706 dehent
1104 681 1202 712 eligere
1229 679 1400 712 praecipuam
1432 678 1619 710 perfectionem

977 725 1147 751 consiliorum
1169 725 1210 751 Vll
1231 724 1282 749 523
1304 724 1318 748 8
1338 738 1373 741 -
1392 723 1418 748 ln
1437 722 1569 754 Apostolis
1580 728 1622 746 re-

978 770 1091 802 quiritur
1115 770 1231 801 perfecta
1257 768 1402 798 humilitas,
1429 769 1572 799 paupertas
1597 768 1623 791 et

979 814 1074 839 caritas
1094 813 1140 839 444
1166 814 1199 838 29

1033 873 1067 876 —
1093 858 1269 890 impleverunt
1292 854 1458 890 paupertatis
1484 855 1621 881 consilium

980 903 1023 928 Vll
1045 903 1096 928 465
1122 902 1155 927 47
1174 916 1210 921 -
1229 901 1402 934 relinquendo
1427 900 1514 925 omnia
1540 899 1624 925 secuti

980 950 1042 973 sunt
1061 947 1203 972 Dominum
1225 946 1274 971 148
1294 947 1337 971 22.
1359 945 1409 970 430
1429 945 1462 969 69
1482 959 1517 962 -
1536 943 1623 969 omnia

981 991 1142 1024 reliquerant
1160 991 1193 1016 Vl
1215 990 1266 1016 319
1287 991 1311 1015 8.
1332 990 1375 1015 Vll
1390 989 1441 1014 465
1461 988 1494 1014 47
1514 1003 1549 1006 -
1568 994 1625 1013 exo-

981 1036 1062 1062 nerati
1082 1036 1163 1061 secuti
1183 1038 1245 1061 sunt
1263 1034 1404 1060 Dominum
1425 1033 1468 1058 Vll
1485 1032 1535 1058 466
1557 1032 1589 1057 48

1035 1095 1072 1100 -
1090 1081 1239 1106 nuntiantes
1265 1078 1437 1110 Evangelium
1462 1077 1524 1102 nihil
1548 1076 1626 1102 debe-

983 1125 1047 1151 bant
1066 1126 1145 1156 ferre,
1165 1124 1212 1150 sed
1231 1124 1322 1149 vivere
1348 1123 1381 1148 de
1405 1121 1549 1153 Evangelio
1574 1120 1625 1146 554

985 1170 1017 1196 47
1033 1184 1066 1188 —-
1080 1177 1094 1195 a
1115 1167 1238 1194 fidelibus
1251 1167 1383 1194 debebant
1396 1166 1514 1198 recipere
1533 1165 1627 1197 stipen-

984 1215 1057 1240 dium
1068 1213 1261 1240 sustentationis
1275 1216 1300 1238 et
1310 1211 1458 1237 ministrare
1468 1210 1626 1236 beneficium

985 1259 1128 1286 curationis
1146 1261 1172 1284 et
1196 1257 1351 1283 eruditionis
1375 1256 1426 1281 258
1452 1255 1484 1280 47
1504 1270 1539 1273 -
1558 1254 1627 1286 Apo-

985 1305 1059 1331 stolis
1072 1306 1200 1337 quantum
1221 1303 1253 1328 ad
1268 1304 1451 1335 paupertatem
1469 1300 1555 1326 victus
1570 1306 1628 1331 pro-

986 1349 1091 1375 hibetur
1110 1355 1172 1374 cura
1192 1347 1345 1379 temporalis
1363 1345 1558 1372 sustentationis
1576 1344 1627 1369 248

986 1394 1002 1419 5
1021 1408 1057 1413 —
1075 1393 1207 1426 Apostolis
1228 1391 1383 1424 prohibetur
1411 1390 1513 1416 curiosa
1539 1388 1628 1414 sollici-

986 1439 1065 1469 tudo,
1079 1445 1131 1464 non
1142 1437 1259 1463 studiosa
1270 1435 1435 1469 providentia
1446 1433 1510 1461 ibid.
1521 1448 1554 1452 —
1564 1434 1630 1465 Apo-

986 1484 1059 1509 stolis
1077 1483 1222 1514 iniungitur
1240 1483 1383 1514 paupertas
1401 1480 1500 1510 victus,
1519 1478 1630 1504 tenuitas

986 1529 1096 1554 vestitus
1112 1531 1138 1553 et
1151 1527 1284 1553 humilitas
1297 1525 1434 1551 convictus
1447 1523 1508 1550 ibid.
1519 1538 1553 1541 —
1564 1523 1632 1554 Apo-

986 1573 1059 1599 stolis
1078 1572 1229 1598 conceditur
1247 1571 1319 1604 quod
1339 1569 1516 1596 necessarium
1542 1570 1582 1593 est
1606 1567 1631 1592 in

987 1619 1153 1648 vestimento,
1166 1617 1213 1642 sed
1224 1615 1378 1648 prohibetur
1389 1614 1526 1641 curiositas
1538 1613 1563 1638 in
1575 1620 1632 1638 mu-

988 1663 1084 1689 tatione
1103 1665 1129 1687 et
1147 1661 1315 1694 superfluitas
1334 1661 1359 1685 in
1375 1659 1543 1692 possessione
1562 1656 1595 1684 ib.
1615 1657 1631 1682 7

1043 1721 1078 1727 —
1097 1714 1149 1732 non
1163 1705 1296 1732 habebant
1318 1708 1473 1737 argentum,
1491 1706 1632 1736 postquam

989 1753 1024 1778 ad
1043 1751 1252 1784 praedicandum
1273 1750 1346 1775 missi
1366 1752 1439 1781 sunt,
1460 1748 1507 1774 nisi
1528 1755 1576 1780 pro
1592 1754 1634 1772 ne-

990 1796 1117 1823 cessitatis
1137 1799 1257 1827 tempore
1271 1795 1303 1821 Vl
1317 1794 1368 1820 293
1389 1794 1422 1819 25
1435 1808 1470 1812 ——
1485 1793 1556 1818 missi
1574 1794 1635 1818 sunt

991 1842 1024 1867 ad
1045 1840 1253 1873 praedicandum
1279 1839 1336 1865 sine
1356 1845 1431 1871 pera,
1456 1838 1503 1863 sed
1523 1838 1634 1863 instante

992 1885 1183 1918 persecutionis
1211 1887 1330 1916 tempore
1347 1883 1465 1908 ferebant
1488 1882 1634 1908 necessaria

992 1930 1075 1955 victui
1094 1932 1119 1954 et
1137 1932 1260 1954 emerunt
1273 1928 1376 1960 gladios
1395 1927 1441 1952 484
1461 1928 1493 1952 23
1508 1941 1542 1945 —-
1556 1927 1634 1952 Disci-

993 1975 1062 2006 pulis
1081 1981 1134 1999 non
1160 1976 1215 1998 erat
1233 1972 1396 2005 prohibitum
1416 1974 1471 1997 arte
1496 1978 1543 1996 sua
1568 1971 1635 1996 licita

993 2019 1093 2044 victum
1113 2024 1241 2050 quaerere
1261 2017 1307 2042 524
1334 2016 1366 2041 44
1386 2031 1420 2034 -
1441 2019 1560 2047 tempore
1580 2022 1636 2046 pas-

993 2063 1074 2089 sionis
1093 2062 1206 2087 tulcrunt
1224 2061 1370 2086 necessaria
1385 2060 1464 2085 victui
1480 2059 1522 2084 Vll
1537 2058 1588 2084 554
1603 2058 1635 2084 48

1047 2121 1082 2125 --
1102 2107 1250 2139 frequenter
1270 2112 1330 2130 cum
1356 2104 1467 2130 Domino
1487 2104 1558 2135 passi
1577 2105 1638 2128 sunt

995 2153 1091 2177 famem
1104 2151 1135 2176 Vl
1147 2151 1197 2176 319
1211 2150 1243 2175 40
1255 2165 1290 2168 —
1300 2149 1478 2175 sustinuerunt
1491 2147 1637 2180 penuriam,

994 2196 1041 2222 sed
1071 2197 1140 2221 Deus
1167 2196 1235 2221 illam
1266 2193 1414 2226 supplevit,
1440 2195 1568 2226 quantum
1597 2198 1638 2217 ne-

994 2248 1068 2267 cesse
1086 2243 1142 2266 erat
1161 2240 1203 2265 Vll
1218 2238 1269 2265 554
1291 2238 1323 2264 47
1336 2239 1489 2263 —fuerunt
1507 2243 1639 2269 pauperes

995 2286 1098 2311 defectu
1112 2284 1331 2314 necessariorum,
1351 2283 1398 2308 sed
1412 2289 1463 2308 non
1474 2281 1589 2308 destituti
1603 2281 1639 2306 in-

995 2330 1082 2357 teriori
1102 2329 1255 2355 sufficientia
1275 2327 1338 2354 ibid.

1049 2389 1084 2393 —
1104 2374 1260 2400 confitentur
1278 2371 1351 2398 fldem
1371 2371 1469 2406 Christi*
1487 2370 1639 2397 mediatoris

998 2420 1040 2445 Vll
1060 2419 1111 2444 226
1127 2419 1160 2444 33
1174 2433 1209 2436 -
1222 2418 1354 2444 Christum
1374 2417 1457 2442 Deum
1477 2423 1570 2442 verum
1582 2422 1639 2441 esse

997 2463 1141 2489 credebant
1153 2466 1178 2488 et
1197 2463 1265 2488 Patri
1284 2462 1421 2495 aequalem
1443 2468 1491 2493 per
1504 2461 1592 2486 omnia
1605 2460 1637 2486 Vl

999 2508 1049 2533 438
1070 2508 1113 2533 43.
1132 2507 1183 2533 439
1204 2508 1246 2532 48.
1267 2506 1317 2532 468
1337 2505 1354 2531 7
1373 2521 1408 2524 -
1427 2506 1597 2531 crediderunt
1614 2507 1640 2530 et

998 2554 1181 2584 cognoverunt
1199 2551 1368 2576 Divinitatem
1388 2550 1414 2575 in
1434 2550 1536 2576 Christo
1556 2552 1583 2575 et
1595 2551 1640 2575 hu-

998 2596 1150 2622 manitatem
1176 2595 1227 2621 470
1248 2595 1281 2620 45
1304 2609 1340 2613 ——
1365 2597 1548 2627 cognoverunt
1570 2594 1641 2620 Chri-

999 2643 1070 2666 stum
1089 2642 1217 2673 quantum
1237 2640 1272 2665 ad
1293 2639 1459 2665 Divinitatem
1474 2642 1499 2664 et
1510 2640 1640 2671 quantum

1000 2684 1034 2710 ad
1044 2683 1233 2710 humanitatem
1247 2683 1298 2709 254
1313 2683 1347 2708 35
1356 2698 1391 2701 —
1401 2683 1532 2709 Christum
1546 2689 1642 2714 cogno-

1000 2731 1096 2755 verunt
1115 2728 1228 2754 maxime
1247 2731 1307 2760 post
1319 2727 1468 2759 passionem
1490 2727 1535 2752 474
1562 2727 1594 2751 48
1608 2739 1642 2745 -—

1001 2775 1182 2805 cognoverunt
1199 2771 1332 2798 Christum
1351 2772 1377 2797 iu
1396 2771 1511 2797 adventu
1531 2771 1643 2803 Spiritus

1001 2817 1083 2843 sancti
1114 2816 1168 2842 437Ὶ
1190 2817 1205 2842 8
1224 2830 1260 2835 ——
1279 2816 1366 2849 aliquo
1395 2815 1475 2841 modo
1500 2822 1643 2847 cognosce-

1003 2861 1066 2887 bant
1083 2861 1216 2888 Christum
1235 2863 1261 2886 et
1281 2861 1381 2886 Patrem
1402 2859 1452 2886 438
1478 2860 1518 2885 46.
1539 2859 1585 2885 471
1611 2859 1643 2884 48

1056 2921 1091 2925 -—
1115 2912 1233 2937 congrue
1256 2907 1429 2937 susceperunt
1456 2907 1482 2930 et
1506 2904 1644 2936 diligenter

1003 2953 1176 2977 servaverunt
1195 2950 1341 2976 doctrinam
1361 2949 1453 2975 Christi
1474 2949 1505 2975 Vl
1526 2948 1577 2974 470
1599 2948 1644 2981 43,

1005 2996 1038 3021 45
1057 3010 1092 3014 --
1111 2997 1269 3027 acceperunt
1287 2993 1369 3020 verba
1393 2993 1486 3019 Christi
1512 2993 1645 3019 credendo

1005 3040 1056 3066 539
1076 3040 1091 3064 6
1110 3054 1145 3057 -
1164 3041 1336 3065 servaverunt
1354 3045 1504 3064 sermonem
1524 3038 1565 3063 vel
1590 3045 1646 3063 ver-

1005 3084 1070 3110 bum
1089 3084 1171 3109 Patris
1183 3083 1317 3109 credendo
1336 3083 1361 3108 in
1375 3082 1466 3108 Filium
1488 3082 1538 3108 470
1559 3083 1591 3108 43
1611 3097 1646 3101 -

1006 3130 1153 3161 purgantur
1172 3127 1206 3153 ab
1225 3133 1315 3152 errore
1333 3120 1454 3152 sermone
1474 3126 1521 3152 Dei
1542 3126 1591 3152 473
1612 3127 1644 3152 29

1059 3185 1094 3191 —
1113 3171 1245 3197 habebant
1264 3170 1358 3202 fldem,
1377 3170 1424 3196 sed
1443 3177 1494 3197 non
1515 3171 1591 3203 plene
1604 3178 1647 3197 ex-

1006 3216 1120 3249 plicitam
1135 3221 1183 3241 nec
1196 3216 1310 3247 perfecte
1324 3214 1426 3240 firmam
1440 3215 1473 3240 Vl
1494 3214 1544 3241 446
1565 3215 1598 3240 48
1612 3228 1648 3234 -

1006 3263 1134 3287 vocantur
1147 3259 1218 3285 filloli
1231 3261 1339 3292 propter
1358 3259 1537 3285 infirmitatem
1554 3259 1579 3285 in
1596 3259 1647 3286 fide

1009 3304 1059 3331 433
1072 3304 1104 3331 46
1114 3317 1150 3324 -
1160 3304 1281 3330 dubitant
1291 3304 1316 3330 in
1330 3303 1447 3336 periculo
1461 3303 1496 3330 ob
1505 3304 1569 3330 ,fidei
1580 3304 1648 3329 infir-

1008 3350 1125 3376 mitatem
1139 3349 1181 3375 Vll
1196 3348 1246 3375 200
1259 3348 1287 3374 41
1305 3362 1339 3366 —
1351 3351 1499 3380 arguuntur
1512 3347 1546 3374 de
1559 3347 1649 3374 dubie-

1008 3396 1060 3420 tate
1073 3396 1098 3420 et
1111 3393 1330 3426 pusillanimitate,
1343 3395 1371 3419 ut
1384 3392 1527 3418 excitentur
1540 3392 1573 3418 ad
1587 3392 1648 3418 fidei

1008 3438 1157 3464 firmitatem
1170 3436 1233 3464 ibid.
1253 3452 1288 3456 —
1301 3439 1402 3470 petunt,
1415 3439 1444 3462 ut
1456 3436 1506 3462 sibi
1524 3436 1589 3462 fides
1605 3443 1649 3462 au-

1945 321 2007 348 Apo

1657 370 1749 399 geatur
1762 374 1809 399 per
1823 367 1924 393 donum
1937 367 2066 398 divinum,
2081 369 2108 392 ut
2121 370 2208 392 essent
2227 367 2297 393 suffi-

1656 412 1753 437 cientes
1766 411 1799 437 ad
1809 410 1933 437 sublimia
1946 418 2027 443 opera
2040 411 2143 443 pietatis
2157 411 2206 436 429
2221 411 2251 437 43
2262 426 2298 429 -

1657 462 1748 481 eorum
1763 456 1842 481 corda
1863 456 1965 481 firmata
1978 458 2039 481 sunt
2052 462 2100 488 per
2112 462 2207 482 vocem
2226 455 2298 481 audi-

1657 503 1709 526 tam
1724 500 1758 525 de
1771 501 1842 526 caelo
1862 500 1914 525 238
1929 500 1962 525 66
1975 515 2010 518 -
2024 500 2119 525 firmati
2133 502 2194 526 sunt
2206 500 2232 525 in
2246 499 2298 525 fide

1656 551 1704 576 per
1723 544 1929 576 praedictionem
1942 544 2072 576 passionis
2091 545 2122 570 Vl
2142 544 2193 570 444
2213 544 2246 569 43
2263 558 2299 563 -

1657 589 1715 614 viso
1735 589 1861 614 miraculo
1875 589 2063 614 confirmantur
2081 589 2116 614 ad
2135 588 2299 615 credendum

1659 633 1788 659 intellectu
1802 636 1828 659 et
1840 633 2020 659 accenduntur
2033 634 2066 659 ad
2080 633 2237 659 imitandum
2256 633 2300 659 Vll

1659 678 1710 703 433
1730 679 1764 703 22
1777 692 1812 696 -—
1826 678 2015 703 confirmantur
2028 684 2077 709 per
2090 677 2215 703 miracula
2228 676 2301 703 Chri-

1659 722 1690 748 sti
1710 722 1736 748 in
1756 722 1808 748 fide
1836 725 1862 748 et
1889 729 1980 748 amore
1999 722 2031 747 Vl
2052 722 2103 747 270
2126 722 2168 747 41.
2186 722 2238 747 300
2256 721 2302 756 72.

1660 767 1711 792 399
1726 767 1768 792 25.
1783 767 1825 792 Vll
1842 767 1887 792 424
1907 767 1949 792 33.
1966 767 2015 792 423
2030 766 2063 792 40
2077 780 2112 785 -
2126 767 2231 792 suerunt
2243 772 2302 792 con-

1660 812 1754 837 firmati
1766 812 1791 836 in
1801 811 1940 837 vocatione
1952 818 1999 843 per
2009 811 2134 836 miracula
2148 811 2192 836 Vll
2207 810 2257 835 449
2269 809 2301 835 24

1713 871 1748 874 -
1768 856 1901 881 habebant
1924 856 2059 881 modicum
2083 853 2246 881 intellectum
2270 854 2302 879 Vl

1661 901 1712 926 462
1732 901 1775 926 29.
1790 900 1840 926 466
1857 900 1888 925 49
1902 907 1959 932 arg.
1979 901 1994 925 3
2007 915 2042 918 —
2056 900 2118 933 quia
2136 900 2217 925 rudes
2230 901 2304 925 erant

1661 948 1686 970 et
1700 945 1838 975 animales,
1851 952 1904 970 non
1918 944 2094 976 intelligebant
2104 944 2242 976 praeterita
2255 950 2304 969 nec

1662 990 1749 1015 sutura
1768 989 1811 1015 Vll
1837 988 1888 1014 242
1913 989 1946 1014 84
1965 1004 2000 1007 -
2020 988 2199 1020 intelligebant
2221 987 2304 1013 verba

1662 1033 1758 1059 Christi
1777 1033 1926 1063 carnaliter,
1945 1040 1997 1058 non
2014 1032 2180 1064 spiritualiter
2200 1033 2233 1058 VI
2253 1032 2304 1058 465

1664 1077 1706 1103 43.
1727 1077 1776 1103 466
1798 1077 1829 1102 49
1852 1076 1888 1102 2⁴².
1907 1077 1951 1102 Vll
1971 1077 2017 1102 244
2043 1078 2077 1102 82
2096 1091 2132 1095 —
2150 1077 2212 1110 quia
2234 1076 2305 1102 intel-

1664 1122 1760 1147 lectum
1790 1120 1922 1146 habebant
1941 1121 2072 1147 carnalem
2084 1140 2091 1152 ,
2110 1120 2306 1146 manuducendi

1664 1168 1738 1191 erant
1756 1166 1789 1191 ad
1809 1166 1971 1197 spiritualem
1992 1165 2039 1190 Vis
2054 1165 2100 1190 244
2126 1165 2159 1190 82

1718 1225 1752 1229 —
1772 1210 1933 1242 interrogant
1951 1209 2082 1236 Christum
2103 1209 2136 1235 de
2155 1209 2263 1235 occultis
2282 1212 2308 1235 et

1665 1255 1794 1287 mysticis,
1807 1258 1836 1280 ut
1849 1255 2024 1286 dirigerentur
2036 1257 2062 1279 et
2080 1254 2252 1286 intelligerent
2264 1254 2308 1279 Vll

1667 1301 1717 1325 492
1739 1299 1771 1325 44
1790 1314 1825 1317 —
1844 1299 1963 1325 studiose
1976 1298 2138 1331 quaerebant
2156 1298 2191 1324 de
2209 1301 2309 1330 tempo-

1666 1344 1739 1370 ribus
1765 1344 1858 1370 futuris
1884 1343 1909 1368 in
1933 1343 2049 1376 quadam
2074 1343 2243 1374 generalitate
2268 1349 2309 1368 co-

1667 1389 1826 1421 gnoscendis
1839 1388 1890 1413 524
1907 1388 1940 1413 42
1959 1402 1994 1406 -
2013 1387 2157 1413 excitantur
2175 1387 2208 1412 ad
2221 1387 2310 1412 intelli-

1668 1433 1784 1465 gendum
1806 1433 1856 1458 492
1879 1433 1908 1457 13
1929 1446 1962 1450 —-
1982 1433 2178 1462 confortantur,
2197 1438 2230 1456 ne
2248 1431 2310 1457 defi-

1669 1479 1738 1504 ciant
1757 1477 1791 1503 ab
1810 1477 1969 1510 inquirendo
1991 1477 2039 1502 493
2055 1477 2088 1502 45
2101 1490 2136 1495 —
2150 1477 2217 1502 male
2230 1482 2310 1509 quae-

1669 1523 1761 1549 rebant
1780 1522 1812 1547 Vl
1833 1522 1884 1547 372
1905 1523 1930 1547 2.
1949 1521 2001 1547 375
2022 1521 2055 1547 15

1722 1582 1757 1586 ——
1775 1567 1850 1592 electi
1869 1567 1974 1592 fuerunt
1992 1573 2039 1597 per
2057 1565 2169 1597 gratiam
2188 1565 2222 1590 ad
2242 1564 2312 1590 intel-

1670 1612 1775 1644 ligenda
1792 1611 1920 1643 mysteria
1939 1611 1982 1636 Vll
2004 1610 2054 1635 493
2076 1610 2108 1635 45
2128 1623 2162 1627 —
2185 1609 2313 1634 intellexe-

1670 1660 1731 1683 runt
1744 1656 1867 1688 mysteria
1887 1656 1919 1681 69
1941 1655 1990 1680 409
2004 1670 2039 1673 -
2049 1654 2167 1681 Christus
2180 1653 2312 1685 Apostolis

1672 1702 1810 1728 manifeste
1829 1701 1940 1733 explicat
1953 1699 2076 1732 mysteria
2090 1699 2165 1731 regni
2179 1698 2312 1724 caelorum

1672 1748 1705 1773 Vl
1726 1747 1776 1772 398
1797 1746 1831 1772 24
1850 1759 1886 1765 —-
1905 1745 2022 1772 Christus
2035 1744 2166 1776 Apostolis
2179 1746 2239 1769 nota
2254 1743 2313 1768 fecit

1672 1792 1760 1818 omnia
1776 1795 1804 1817 ut
1823 1791 1914 1817 amicis
1934 1789 1980 1815 451
2000 1791 2042 1815 22.
2063 1789 2114 1815 452
2134 1789 2166 1813 29
2186 1803 2221 1806 -
2240 1786 2314 1813 Chri-

1673 1840 1728 1863 stus
1747 1836 1878 1869 Apostolis
1894 1834 2040 1865 disserebat
2055 1833 2142 1859 omnia
2157 1833 2200 1858 Vll
2217 1833 2265 1858 152
2280 1832 2313 1857 63

1671 1896 1707 1901 -
1720 1881 1850 1913 Apostolis
1869 1880 1996 1906 Dominus
2009 1879 2083 1911 plura
2103 1876 2249 1910 explicabat
2262 1876 2313 1902 278

1674 1927 1689 1952 5
1707 1941 1741 1944 —
1761 1926 1855 1951 melius
1874 1923 2053 1956 intelligebant
2075 1923 2157 1949 verba
2176 1921 2270 1948 Christi
2289 1924 2315 1947 et

1673 1971 1749 2003 plura
1768 1970 1893 1996 miracula
1911 1968 2038 1995 videbant
2057 1968 2091 1993 Vl
2111 1967 2162 1994 324
2182 1967 2215 1993 36

1727 2030 1762 2033 -
1781 2014 1920 2046 Discipulis
1939 2014 2055 2046 aperitur
2073 2013 2191 2039 doctrina
2202 2011 2316 2043 Scriptu-

1674 2066 1763 2084 rarum
1783 2062 1809 2084 et
1833 2058 1991 2091 proponitur
2015 2050 2053 2084 eis
2077 2057 2246 2089 intelligenda
2273 2056 2316 2081 Vll

1676 2104 1726 2129 488
1742 2104 1751 2128 4
1770 2118 1805 2121 —
1818 2104 1882 2135 ipsis
1895 2103 1955 2128 data
1969 2106 2008 2129 est
2020 2102 2189 2134 intelligentia
2203 2101 2317 2133 Scriptu-

1675 2155 1720 2173 rae
1740 2148 1858 2173 familiari
1878 2147 2053 2179 praelectione
2073 2147 2123 2172 192
2145 2147 2177 2172 15
2195 2159 2231 2165 -
2243 2145 2317 2172 Chri-

1676 2196 1731 2219 stus
1744 2192 1875 2224 Apostolis
1888 2195 1978 2224 aperte
1991 2191 2101 2223 explicat
2113 2190 2252 2223 parabolas
2266 2190 2316 2215 493

1679 2237 1710 2263 47
1729 2252 1764 2255 -
1783 2236 1901 2263 Christus
1913 2235 2070 2269 loquebatur
2089 2236 2220 2268 Apostolis
2233 2235 2259 2260 in
2274 2233 2318 2260 ob-

1676 2282 1760 2308 scuris
1778 2281 1927 2312 sententiis,
1951 2283 1979 2306 ut
2003 2280 2208 2313 intelligentibus
2232 2279 2318 2311 magis

1676 2326 1794 2353 doctrina
1815 2326 1929 2358 placeret
1948 2325 1980 2350 Vl
2001 2325 2052 2350 466
2073 2324 2105 2350 49
2125 2339 2160 2344 —
2180 2324 2318 2356 Discipulis

1676 2374 1801 2405 tanquam
1813 2369 2013 2403 perfectioribus
2023 2369 2172 2402 perfectiori
2186 2369 2266 2395 modo
2276 2368 2319 2394 de-

1677 2416 1791 2442 buerunt
1810 2415 1933 2441 mandata
1957 2414 2108 2446 evangelica
2131 2413 2254 2446 explicari
2277 2413 2319 2439 Vll

1679 2461 1729 2487 152
1749 2461 1782 2486 62
1801 2473 1837 2479 -
1856 2460 2019 2485 instruuntur
2038 2459 2212 2484 communiter
2229 2458 2256 2483 in
2275 2457 2320 2483 do-

1677 2506 1758 2531 ctrina
1787 2511 1880 2530 eorum
1900 2510 1969 2537 quae
1994 2503 2164 2536 requiruntur
2192 2502 2319 2529 ad·salu-

1677 2553 1730 2576 tem
1750 2549 1869 2575 omnium
1896 2550 1986 2580 aperte
2013 2550 2039 2572 et
2067 2547 2200 2579 explicite,
2219 2550 2245 2572 et
2263 2553 2320 2578 spe-

1678 2595 1776 2620 cialiter
1795 2594 1821 2620 in
1839 2592 1957 2619 doctrina
1985 2592 2103 2623 mysterii
2125 2591 2320 2623 scripturarum

1678 2639 1705 2664 in
1723 2638 1856 2671 parabolis
1870 2637 1920 2663 140
1936 2636 1969 2663 24
1982 2651 2017 2654 -
2030 2638 2089 2668 post
2101 2635 2320 2661 resurrectionem

1678 2684 1765 2715 primo
1779 2683 1958 2708 intellexerunt
1972 2680 2133 2712 scripturam
2152 2679 2185 2705 Vl
2204 2679 2256 2705 274
2275 2678 2319 2704 24.

1680 2727 1731 2752 276
1751 2726 1794 2752 36.
1814 2725 1865 2751 414
1880 2727 1913 2751 22
1925 2740 1961 2744 -
1973 2725 2049 2757 plene
2061 2724 2241 2750 intellexerunt
2256 2723 2321 2749 Scri-

1680 2774 1783 2804 pturas,
1802 2770 1908 2803 quando
1922 2777 1969 2802 per
1983 2769 2108 2802 Spiritum
2129 2770 2248 2795 sanctum
2262 2767 2321 2794 edo·

1681 2816 1715 2841 cti
1734 2818 1795 2841 sunt
1814 2815 1951 2840 veritatem
1972 2815 2015 2840 Vll
2036 2814 2087 2840 479
2108 2813 2141 2839 19

1734 2873 1770 2878 -
1783 2858 1901 2885 Christus
1914 2858 2045 2891 Apostolis
2054 2861 2116 2884 nota
2128 2859 2224 2884 fecerat
2233 2856 2322 2882 omnia

1682 2903 1829 2930 necessaria
1843 2903 1877 2929 ad
1891 2904 2011 2935 salutem,
2022 2905 2149 2935 quantum
2160 2908 2256 2934 capere
2270 2903 2324 2933 pot-

1682 2952 1756 2975 erant
1781 2948 1815 2973 Vl
1835 2947 1886 2973 452
1906 2948 1939 2973 29
1959 2962 1994 2965 —
2012 2948 2101 2980 aliquo
2128 2947 2208 2972 modo
2235 2945 2323 2971 intelli-

1683 2993 1781 3026 gebant
1800 2991 1880 3018 verba
1900 2991 2009 3024 Christi,
2028 2991 2074 3017 sed
2103 2992 2172 3017 clare
2200 2990 2324 3016 viderunt

1683 3040 1743 3070 post
1762 3037 1906 3063 adventum
1931 3035 2043 3068 Spiritus
2061 3035 2144 3061 sancti
2170 3034 2220 3060 466
2240 3035 2273 3060 29
2294 3033 2323 3059 3·

1683 3096 1718 3102 -
1736 3089 1787 3108 non
1802 3081 1877 3113 plene
1896 3083 2038 3112 potuerunt
2051 3080 2140 3105 doceri
2159 3079 2184 3105 in
2198 3085 2323 3111 praesen-

1684 3127 1717 3153 tia
1737 3125 1831 3153 Christi
1851 3125 1901 3151 459
1917 3125 1997 3150 48-
2010 3126 2069 3150 ante
2082 3124 2226 3150 adventum
2247 3122 2325 3155 Spiri-

1684 3173 1726 3197 tus
1738 3170 1820 3197 sancti
1839 3176 1892 3195 non
1911 3169 2044 3194 sciverunt
2062 3168 2151 3193 omnia
2169 3166 2323 3200 pertinentia

1684 3215 1718 3242 ad
1731 3215 1841 3241 salutem
1863 3213 1913 3239 452
1933 3213 1966 3239 29
1980 3226 2015 3232 —
2028 3215 2088 3238 ante
2107 3212 2251 3238 adventum
2268 3211 2326 3243 Spi-

1684 3260 1749 3285 ritus
1771 3258 1853 3285 sancti
1875 3257 1963 3284 adhuc
1984 3256 2101 3283 carnales
2119 3259 2192 3283 erant
2211 3255 2262 3281 459
2283 3254 2325 3280 49.

1686 3303 1737 3329 464
1757 3303 1790 3328 39

1737 3361 1773 3367 —-
1791 3347 1921 3373 docentur
1939 3353 1954 3371 a
1981 3345 2079 3378 Spiritu
2103 3348 2193 3371 sancto
2218 3344 2251 3369 Vl
2271 3341 2322 3368 444

1686 3392 1719 3418 40
1737 3406 1773 3410 -
1793 3393 1853 3424 post
1871 3390 2086 3423 glorificationem
2111 3388 2205 3416 Christi
2226 3386 2325 3413 habue-

1684 3438 1745 3462 runt
1774 3435 1906 3461 internum
1937 3434 2073 3460 doctorem
2104 3433 2242 3460 docentem
2278 3437 2325 3456 eos
