2476 3921
12 639 74 667 item,
89 636 115 658 de
129 636 161 658 su-

66 666 120 685 turo.

59 2017 147 2040 Divisio.

12 2813 14 2848 i
24 2814 148 2839 subdivisio.

771 220 964 254 COMMENT.
990 221 1027 254 ΙΝ
1050 221 1289 254 EVANGELIUM
1314 222 1431 255 LL'CAE
1454 223 1486 254 C.
1513 224 1556 255 ΙΙΙ.

177 315 279 345 tamen
302 311 377 344 dicit
400 311 482 343 alius
509 309 720 352 Evangelista,
745 310 862 343 scilicet
886 310 1008 342 Marcus
1036 309 1134 342 unde-

176 366 270 404 cimo,
294 364 379 407 quod
399 376 416 394 κ
432 373 493 397 non
517 367 587 397 erat
603 366 728 405 tempus
747 363 880 396 ficorum
899 375 934 402 »;
952 363 983 396 in
1007 373 1071 405 quo
1087 363 1134 396 in-

175 419 296 456 sinuat,
320 417 405 460 quod
427 416 511 449 omni
535 420 676 458 tempore
699 416 833 458 requirit
853 417 937 449 Deus
961 416 1099 449 fructum
1115 426 1134 449 a

175 471 281 509 nobis;
305 470 344 503 ad
367 469 490 502 Galatas
513 469 642 502 ultimo:
671 481 687 498 α
704 469 823 501 Bonum
841 473 946 502 autem
971 469 1133 508 facientes,

174 533 237 557 non
259 522 459 561 deficiamus;
484 525 624 564 tempore
646 521 729 555 enim
753 531 811 555 suo
827 535 842 551 n
872 525 930 555 etc.

236 576 316 618 ’,ῆι
340 576 499 617 Quantum
524 578 629 607 autem
652 575 691 607 ad
719 575 990 608 comminationem
1015 575 1054 608 de
1076 574 1133 617 fu-

175 633 251 662 turo
274 629 417 662 additur:
452 628 567 660 Omnis
602 628 705 661 arbor
728 638 795 660 uon
817 627 947 670 faciens
981 627 1133 670 fructum

176 682 314 720 bonum,
339 681 370 714 id
393 684 441 715 est
471 681 572 714 omnis
597 681 690 714 homo
714 681 834 714 inutilis
865 680 931 714 sine
954 681 1133 723 acceptione

174 744 341 779 personae;
360 730 601 768 Proverbiorum
618 737 710 768 sexto
724 736 749 767 ¹:
772 747 787 763 α
805 735 897 767 Zelus
912 737 944 767 et
966 734 1056 767 furor
1073 734 1131 766 viri

172 798 234 822 non
270 791 377 830 parcet
411 788 442 820 in
469 787 519 820 die
554 787 709 820 vindictae
743 796 801 820 nec
835 787 1045 829 acquiescet»
1073 791 1131 820 etc.

173 841 368 880 Excidetum
393 850 449 883 per
473 843 628 880 mortem;
651 840 732 873 infra
755 841 876 873 decimo
900 841 1009 873 tertio:
1032 853 1047 869 α
1061 841 1133 873 Suc-

172 895 239 929 cide
263 904 349 934 eam,
374 898 410 928 ut
434 894 511 937 quid
534 894 627 927 etiam
653 898 770 927 terram
801 898 935 937 occupat
952 898 988 926 n?
1013 895 1049 927 Et
1073 895 1132 927 Da-

171 948 261 982 nielis
292 952 423 990 quarto:
461 947 649 980 «Succidite
676 948 822 980 arborem
858 951 889 981 et
924 947 1132 989 praescindite

172 1010 277 1035 ramos
300 1001 386 1040 eius,
411 1001 551 1034 excutite
574 1001 647 1033 solia
670 1001 738 1034 eius
761 1004 792 1034 et
815 1001 985 1043 dispergite
1009 1001 1132 1033 fructus

172 1055 240 1088 eius
255 1068 285 1086 ».
310 1054 410 1087 Arbor
433 1063 508 1096 ergo
532 1052 706 1087 succiditur
729 1063 792 1086 non
809 1054 910 1087 solnm
929 1057 1058 1095 propter
1078 1053 1132 1086 de-

170 1108 286 1141 fectum
311 1106 466 1150 fructus,
491 1107 545 1140 sed
568 1105 662 1140 etiam
696 1107 773 1140 boni
794 1106 938 1149 fructus.
964 1126 1008 1130 —
1034 1108 1072 1139 Et
1097 1107 1132 1140 in

171 1161 277 1204 iynem
301 1161 468 1199 mittetur,
493 1160 610 1193 scilicet
634 1170 690 1202 per
706 1164 866 1193 aeternam
883 1160 1130 1199 damnationem;

171 1214 292 1247 Ioannis
326 1214 447 1247 decimo
482 1213 618 1256 quinto²
642 1213 758 1246 dicitur
794 1213 833 1246 de
868 1213 995 1255 palmite
1031 1213 1131 1246 infru-

171 1270 296 1300 ctuoso:
327 1279 342 1296 α
358 1267 509 1309 Colligent
532 1276 604 1299 eum
629 1270 660 1299 et
685 1267 715 1299 in
740 1267 844 1309 ignem
869 1267 1025 1299 mittent»
1055 1270 1130 1305 etc.;

170 1320 315 1353 Matthaei
347 1320 496 1363 vigesimo
531 1320 660 1362 quinto:
691 1333 707 1349 α
723 1320 876 1353 Discedite
900 1330 918 1353 a
943 1329 1010 1359 me,
1035 1320 1131 1352 male-

170 1373 261 1412 dicti,
285 1374 317 1405 in
341 1373 445 1415 ignem
468 1376 631 1405 aeternnm
649 1385 680 1412 »ς
705 1376 736 1405 et
753 1373 847 1405 Isaiae
863 1373 993 1405 ultimo:
1023 1385 1038 1400 α
1054 1372 1131 1404 Ver-

170 1426 229 1459 mis
252 1435 363 1459 eorum
395 1435 456 1458 non
489 1425 659 1465 morietur,
683 1428 715 1458 et
738 1425 818 1467 ignis
852 1434 963 1458 eorum
988 1434 1049 1457 non
1074 1434 1128 1458 ex-

170 1480 348 1522 stinguetur
363 1492 395 1511 ».

225 1585 379 1629 Secundo,
404 1585 442 1620 de
465 1584 621 1630 baptismo
644 1585 678 1620 et
701 1585 934 1630 praedieatione
958 1585 1082 1619 Ioannis

444 1639 478 1674 in
501 1639 628 1684 speciali
651 1639 753 1684 quoad
776 1639 854 1674 tria.

259 1749 311 1781 22.
346 1748 386 1780 Εἰ
419 1747 673 1795 τ’πιθννορᾳὸαηῐ
706 1757 782 1780 eum
813 1747 930 1780 turbae
953 1751 1011 1780 etc.
1045 1748 1131 1780 Post-

169 1809 263 1843 quam
288 1800 517 1833 commendavit
541 1800 735 1842 Evangelista
758 1800 1018 1842 praedicationem
1040 1806 1149 1842 prae-·

169 1854 309 1887 cursoris
333 1854 365 1886 in
388 1854 544 1896 generali,
569 1853 621 1886 hic
645 1853 842 1886 commendat
865 1853 896 1885 in
921 1853 1059 1895 speciali
1081 1862 1131 1886 se-

169 1907 308 1940 cundum
339 1904 549 1940 eruditionem
583 1910 731 1948 respectu
766 1907 949 1948 specialium
982 1916 1131 1949 persona-

169 1968 242 1992 rum
273 1959 416 2001 populiss.
446 1958 689 1991 commendatur
720 1961 825 1991 autem
857 1958 1000 1992 doctrina
1031 1959 1131 2001 ipsius

170 2012 201 2046 in
226 2016 315 2055 parte
345 2013 425 2046 ista:
450 2013 566 2055 primo,
597 2012 630 2045 in
663 2012 896 2054 comparatione
927 2013 965 2045 ad
1000 2013 1131 2056 eaezyen-

171 2063 253 2106 tiam
272 2065 391 2109 populi
410 2065 442 2098 in
465 2065 711 2099 administrando
731 2065 905 2099 doctrinam
930 2075 1058 2106 sanam;
1083 2076 1131 2100 se-

169 2116 289 2158 cundo,
314 2114 345 2152 in
377 2119 609 2161 comparatione
632 2119 671 2152 ad
693 2119 915 2153 excellentiam
946 2119 1072 2153 Christi
1087 2118 1131 2153 'in

168 2173 294 2206 vitando
326 2173 457 2215 gloriam
488 2172 616 2214 falsam,
648 2173 735 2206 ibi⁴t
769 2173 989 2206 Existimo-nte
1020 2177 1131 2206 autem

164 2226 287 2269 populo
311 2230 392 2265 etc.;
417 2226 527 2266 tertio,
560 2226 591 2259 in
627 2227 859 2269 comparatione
890 2227 929 2260 ad
950 2227 1130 2269 perfidiam

169 2280 309 2324 tyranni
331 2280 361 2312 in
386 2280 568 2313 sustinendo
592 2289 723 2322 poenam
748 2280 916 2320 inflictam,
940 2281 1000 2314 ibi:
1025 2281 1131 2314 Multa

168 2333 299 2376 quidem
322 2336 352 2366 et
374 2333 453 2366 ulia.
468 2331 512 2366 *ln
536 2334 639 2376 primo
656 2334 893 2367 commendatur
911 2334 1032 2367 loannis
1044 2344 1130 2377 pru-

169 2386 296 2424 (Ie‘ntia5
320 2387 353 2419 in
383 2387 539 2427 secundo,
569 2387 690 2420 loannis
721 2387 929 2425 imioeentz'a;
961 2387 991 2419 in
1017 2387 1129 2427 tertio,

165 2440 339 2482 patientia.

299 2555 463 2583 Pruedioetio
481 2556 586 2583 Ioannis
605 2556 796 2583 commendatur
815 2555 895 2590 primo
914 2556 996 2591 quoad

428 2600 589 2635 exigentiam
608 2600 694 2635 populi
714 2600 866 2635 tripliciter.

257 2708 416 2749 Quantum
440 2708 478 2740 ad
513 2708 652 2750 primum
688 2707 879 2747 notandum,
904 2708 986 2751 quod
1017 2718 1129 2742 secun-

167 2761 242 2794 dum
267 2761 420 2803 triplicem
453 2761 658 2794 differentiam
692 2770 900 2803 personarum
932 2762 1127 2796 audientium

167 2813 307 2847 diversas
330 2814 552 2850 instructiones
566 2814 781 2847 administrat:
799 2814 919 2856 primo,
937 2815 975 2847 ad
994 2815 1127 2855 turbas,

168 2876 249 2909 quae
280 2870 395 2909 gerunt
429 2876 595 2909 personam
629 2867 861 2907 subditorum
897 2869 1053 2908 secundo,
1089 2869 1127 2902 ad

240 3046 249 3061 ¹
271 3047 343 3073 Vers.
373 3047 415 3073 34.
444 3054 500 3080 seq.
518 3061 553 3066 —
573 3046 690 3073 Subinde
718 3048 862 3079 allegantur
890 3049 951 3074 Luc.
983 3049 1031 3080 l3,
1059 3048 1084 3074 7.
1105 3051 1131 3075 et

169 3092 232 3117 Dan.
254 3092 284 3125 4,
308 3093 346 3118 ll.

239 3134 250 3150 ⁹
270 3133 346 3162 Vers.'
365 3136 387 3161 6.
408 3150 443 3156 -
462 3137 613 3170 Sequuntur
632 3137 718 3162 lllattli.
738 3136 787 3169 25,
808 3137 849 3162 41.
868 3140 894 3163 et
913 3138 969 3163 lsai.
988 3138 1036 3169 66,
1057 3138 1098 3164 24.

240 3178 258 3212 Β,
270 3180 352 3207 Codd.
372 3180 391 3206 C
402 3181 424 3206 D
434 3181 454 3206 G
473 3181 596 3207 omittunt
605 3180 709 3215 populi.
724 3181 832 3207 inferius
850 3188 899 3214 pro
912 3181 1129 3209 administrando

246 3224 418 3251 admirando.

240 3267 251 3283 ⁴
272 3269 344 3294 Vers.
367 3269 416 3300 l5;
436 3269 541 3295 tertium
561 3269 673 3296 habetur
691 3277 718 3295 v.
742 3270 774 3295 ⁴8

214 3311 216 3313 '
240 3311 251 3327 ⁵
271 3313 345 3339 Vers.
366 3312 407 3338 48.
427 3320 484 3346 seq.

240 3355 252 3371 ⁶
273 3357 292 3382 V
295 3364 346 3383 ers.
356 3356 400 3383 25.
411 3371 447 3377 —
458 3357 514 3383 Duo
524 3364 598 3391 seqq.
612 3358 661 3384 loci
674 3361 734 3385 sunt
746 3359 823 3384 PrOV.
834 3359 858 3390 3,
870 3359 912 3385 32.
927 3361 952 3384 et
965 3359 1040 3386 Deut.
1051 3359 1094 3392 32,
1103 3358 1129 3385 7.

240 3399 250 3415 '¹
270 3402 400 3434 Vulgata:
419 3401 588 3436 Respondens
615 3404 707 3430 autem
735 3398 837 3430 dicebat
854 3402 928 3430 illis.-
950 3402 1010 3436 Qui.
1030 3403 1128 3430 Eadem

169 3225 228 3251 Vat.

2119 230 2159 260 75

1198 309 1409 352 publicanoS,
1434 311 1487 353 qui
1513 316 1627 352 gerunt
1645 322 1809 354 personam
1826 315 2081 354 ministrorum;
2099 322 2161 350 ter-

1199 363 1260 402 tio,
1284 363 1323 395 ad
1347 363 1485 402 milites,
1510 365 1563 406 qui
1582 369 1697 406 gerunt
1721 375 1885 407 personam
1912 373 2078 401 rectorum
2095 371 2161 403 sive

1199 416 1460 458 praepositorum.
1480 417 1514 449 Et
1539 418 1568 449 in
1593 418 1733 460 qualibet
1756 419 1887 452 istarum
1906 422 2041 462 partium
2061 423 2161 463 primo

1200 469 1414 511 praemittitur
1438 471 1605 512 quaestio,
1630 471 1741 504 deinde
1765 472 1891 505 additur
1916 476 2094 516 responsio.

1289 523 1340 555 23.
1366 523 1467 561 (Vers.
1489 524 1563 563 10.).
1589 524 1691 556 Primo
1715 525 1811 566 igitur
1829 526 1936 558 turbis
1952 528 2161 571 interroycm-
2177 534 2265 581 grimo:
2283 538 2325 556 tur-

1199 575 1287 608 tibus
1320 575 1374 608 dat
1407 576 1630 609 documentum
1663 577 1701 610 de
1732 578 1941 620 eleemosynis·
1975 565 2322 622 sa059n111,5‚-r0{21‘1¹'0.¹⁰²²''

1199 631 1329 670 propter
1352 629 1437 670 quod
1460 628 1594 661 dicitur:
1621 631 1659 661 Et
1683 630 1933 673 interroqubunt
1949 642 2024 665 eum
2042 635 2160 668 turbat:

1199 681 1357 713 (licentes.-
1384 681 1473 721 Quid
1495 691 1573 724 erqo
1597 681 1845 724 faciemusY’Ex
1872 694 1935 725 quo
1961 695 2085 719 necesse
2113 692 2160 720 est

1198 735 1308 777 dignos
1332 735 1455 767 fructus
1486 735 1693 776 poenitentiae
1729 736 1847 775 facere,
1874 738 1969 779 igitur
1992 740 2068 772 doce
2093 751 2158 774 nos.

1198 788 1324 820 Solliciti
1349 791 1440 820 erant
1463 788 1619 830 simplices
1643 789 1803 823 addiscere
1821 791 1917 832 magis
1933 801 2027 833 quam
2051 795 2157 827 mundi

1198 840 1370 882 sapientes;
1390 841 1473 873 unde
1497 841 1618 874 loannis
1641 843 1815 884 septim0⁵:
1847 844 2021 886 «Nunquid
2036 847 2160 888 aliquis

1197 903 1238 927 ex
1260 894 1457 935 principibus
1480 894 1658 928 crediditin
1676 904 1766 934 eum,
1784 896 1837 928 sed
1855 898 1948 929 turba
1966 899 2060 938 baec,
2078 910 2159 941 (inae

1197 947 1320 989 ignorat
1352 948 1481 988 Legem,
1510 948 1664 980 maledicti
1699 954 1774 981 sunt
1794 963 1824 981 n.
1862 951 1944 983 Licet
1979 956 2083 985 autem
2119 954 2159 986 ab

1198 1000 1378 1033 hominibus
1402 1004 1591 1042 reputentur
1615 1002 1768 1035 maledicti
1786 1007 1816 1035 et
1842 1004 1984 1045 reprobi,
2002 1007 2159 1038 contrario

1197 1053 1289 1086 modo
1312 1056 1359 1086 est
1382 1054 1466 1095 apud
1497 1054 1647 1087 iudicium
1681 1055 1753 1094 Dei;
1779 1057 1922 1089 Matthaei
1949 1058 2157 1090 undecimoss:

1203 1107 1425 1140 «Abscondisti
1459 1108 1535 1140 baec
1566 1118 1585 1140 a
1619 1109 1813 1150 sapientibus
1836 1113 1866 1142 et
1891 1111 2100 1151 prudentibus
2128 1116 2158 1144 et

1198 1160 1343 1193 revelasti
1367 1169 1404 1192 ea
1427 1161 1569 1202 parvulis
1586 1173 1615 1200 »;
1640 1165 1671 1194 et
1696 1162 1936 1195 proverbiorum
1962 1165 2071 1196 tertio:
2094 1178 2108 1192 ιι
2124 1166 2158 1197 Et

1197 1222 1269 1245 cum
1294 1213 1488 1255 simplicibus
1519 1215 1739 1247 sermocinatio
1769 1216 1880 1248 eius».
1911 1217 1999 1249 Tales
2025 1217 2157 1250 interro-

1196 1265 1312 1307 gabant
1335 1266 1479 1299 loannem
1504 1269 1652 1308 tanquam
1672 1268 1857 1309 proplietam
1883 1278 2049 1310 magnum;
2076 1271 2157 1303 lieu*

1197 1319 1360 1351 teronomii
1402 1320 1562 1361 trigesimo
1601 1320 1760 1353 secundo:
1802 1334 1817 1349 «
1836 1322 1995 1364 interroga
2035 1328 2154 1365 patrem

1197 1375 1305 1411 tuum,
1330 1375 1362 1405 et
1384 1373 1583 1405 annuntiabit
1608 1374 1661 1406 tibi
1680 1388 1695 1403 n
1724 1378 1782 1407 etc.

1286 1427 1338 1459 ΞΛ.
1362 1426 1463 1468 (Vers.
1489 1428 1563 1468 ll).
1590 1427 1625 1459 Et
1648 1428 1723 1470 quia
1739 1428 1891 1461 humilem
1905 1436 2086 1472 proponunt
2110 1432 2156 1464 in-
2175 1437 2309 1468 manisfe-

1197 1480 1458 1522 terrogationem,
1483 1480 1552 1513 ideo
1587 1481 1720 1513 audiunt
1752 1482 1860 1514 utilem
1894 1485 2155 1525 responsionem,
2193 1470 2287 1491 'mmm'

1196 1542 1269 1566 cum
1293 1532 1457 1565 subditur:
1485 1534 1551 1573 Qui
1563 1534 1575 1552 ⁷
1599 1532 1694 1566 habet
1715 1535 1803 1567 ducis
1827 1536 1960 1568 tunicas
1976 1538 2028 1569 det
2051 1548 2157 1571 unum
2171 1544 2244 1570 Quoad
2260 1545 2311 1565 vesti

1195 1595 1262 1618 non
1285 1584 1426 1618 habenti.
1451 1585 1612 1628 Optimum
1638 1587 1820 1626 eonsilium,
1853 1588 1944 1630 quia,
1969 1589 2051 1622 sicut
2084 1591 2158 1623 dicit
2198 1573 2299 1592 mentm

1197 1639 1338 1671 Salvator
1351 1639 1433 1671 infra
1449 1639 1633 1679 undecimo,
1657 1653 1672 1668 «
1685 1640 1755 1673 date
1773 1641 2012 1683 eleemosynam,
2030 1648 2060 1676 et
2077 1653 2158 1683 ecce,

1195 1692 1300 1724 omnia
1323 1693 1442 1725 munda
1458 1697 1533 1725 sunt
1550 1693 1638 1726 vobis
1652 1707 1681 1725 n.
1700 1694 1748 1727 Sic
1765 1694 1897 1727 faciebat
1916 1695 1981 1735 lob,
2000 1697 2160 1738 trigesimo

1197 1746 1312 1788 primo:
1343 1759 1359 1774 (κ
1374 1746 1403 1778 Si
1429 1746 1558 1788 despexi
1584 1751 1854 1788 praetereuntem,
1872 1758 1909 1782 eo
1926 1751 2009 1791 quod
2027 1760 2088 1783 non
2105 1752 2160 1784 ha-

1196 1799 1286 1832 beret
1301 1799 1540 1838 indumentum,
1558 1805 1589 1832 et
1605 1801 1725 1843 absque
1748 1802 1945 1843 operimento
1970 1813 2158 1846 pauperem;

1196 1852 1221 1885 si
1239 1861 1299 1884 non
1317 1852 1550 1885 benedixerunt
1566 1853 1642 1885 mibi
1661 1854 1759 1887 latera
1775 1855 1860 1894 eius,
1886 1860 1917 1888 et
1933 1857 1972 1889 de
1989 1858 2159 1891 velleribus

1196 1905 1303 1937 ovium
1321 1914 1464 1938 mearum
1481 1905 1649 1939 calefactus
1665 1911 1712 1940 est
1728 1921 1743 1936 υ
1766 1912 1824 1940 etc.
1839 1928 1882 1932 —
1896 1910 1931 1941 Et
1948 1914 2020 1942 nota
2031 1937 2038 1949 ,
2063 1921 2158 1952 quam
2179 1917 2309 1939 Notandum-

1195 1959 1330 1992 discrete
1353 1959 1459 1998 docet,
1485 1963 1534 1992 ut:
1562 1960 1628 2001 Qui
1650 1959 1746 1993 habet
1768 1961 1856 1994 duas
1881 1963 2031 2003 tunicas,
2057 1965 2087 1996 id
2112 1969 2159 1998 est

1195 2013 1326 2045 alteram
1350 2013 1575 2053 necessariam,
1600 2014 1731 2047 alteram
1755 2016 1968 2057 superfluam,
1993 2018 2076 2059 quod
2099 2019 2157 2051 sibi

1196 2069 1243 2099 est
1267 2066 1466 2108 superfluum
1502 2067 1596 2100 donet
1630 2068 1738 2107 alteri,
1769 2068 1819 2101 cui
1851 2073 1898 2102 est
1933 2071 2155 2103 necessarium.

1196 2119 1282 2152 Unde
1307 2119 1430 2152 Bedass:
1460 2120 1533 2153 «De
1557 2120 1681 2154 duabus
1712 2122 1826 2154 tunicis
1858 2122 2032 2156 dividendis
2063 2123 2156 2156 datur

1196 2176 1418 2214 praeceptum,
1444 2174 1533 2215 quia,
1558 2174 1582 2206 si
1608 2183 1672 2206 una
1688 2174 1864 2214 dividatur,
1889 2185 1981 2208 nemo
2004 2177 2155 2216 vestitum

1196 2235 1267 2258 nam
1292 2226 1397 2258 nudus
1421 2230 1562 2259 remanet
1586 2230 1616 2259 et
1640 2227 1694 2269 qui
1719 2228 1831 2270 accipit
1854 2232 1885 2261 et
1909 2229 1962 2271 qui
1987 2229 2117 2262 dedit».

1285 2281 1337 2311 25.
1364 2280 1400 2312 Et
1423 2280 1507 2322 quod
1530 2280 1612 2312 dixit
1634 2280 1673 2313 de
1697 2281 1883 2314 vestimento
1908 2286 2052 2324 respectu
2074 2283 2156 2316 ‹lese-

1195 2335 1266 2366 ctus
1290 2333 1459 2366 extrinseci
1489 2333 1571 2366 dixit
1605 2334 1643 2366 de
1678 2334 1832 2367 alimento
1864 2340 2010 2378 respectu
2045 2337 2156 2369 intrin-
2175 2342 2249 2368 Quoad
2264 2343 2301 2363 afi-

1195 2387 1274 2426 seci3
1300 2387 1383 2419 unde
1407 2390 1438 2419 et
1462 2387 1582 2419 subdit:
1611 2388 1648 2419 Et
1671 2388 1731 2429 qui
1753 2387 1846 2421 habet
1870 2399 1978 2422 eseam
2003 2390 2156 2422 similiter
2189 2372 2290 2390 'nemum'

1193 2438 1320 2482 faciat,
1344 2440 1462 2473 scilicet
1486 2440 1510 2473 si
1536 2441 1630 2474 habet
1653 2442 1738 2474 ultra
1766 2442 1991 2475 necessitatem.
2017 2443 2065 2476 Sic
2090 2444 2155 2482 lob,

1195 2493 1356 2535 trigesimo
1379 2494 1525 2536 primo⁹t
1555 2507 1570 2522 α
1587 2494 1617 2526 Si
1642 2495 1760 2527 comedi
1786 2495 1958 2528 buccellam
1983 2506 2083 2529 ineam
2108 2506 2156 2529 so-

1195 2547 1244 2580 lus
1260 2559 1291 2586 »;
1317 2550 1348 2580 et
1371 2548 1497 2587 Tobias,
1522 2551 1650 2590 quarto:
1681 2562 1696 2576 «
1713 2549 1825 2581 Panem
1858 2553 1948 2582 tuum
1982 2559 2053 2583 cum
2085 2560 2156 2583 esu-

1194 2601 1349 2633 rientibus
1373 2604 1404 2633 et
1427 2601 1532 2643 egenis
1556 2601 1726 2634 comede».
1746 2621 1787 2625 —
1806 2602 1840 2634 Et
1863 2603 1901 2635 de
1925 2603 2050 2636 duobus
2066 2614 2156 2645 prae-

1193 2654 1284 2687 dictis
1316 2654 1409 2687 simul
1439 2654 1574 2687 habetur
1607 2655 1700 2687 isaiae
1736 2655 1997 2697 quinquagesimo
2028 2660 2154 2689 octavo:

1198 2721 1213 2736 «
1227 2708 1346 2750 Frange
1362 2708 1513 2741 esurienti
1530 2717 1642 2750 panem
1660 2712 1750 2747 tunm
1768 2722 1782 2738 1>
1804 2713 1877 2748 etc.;
1896 2713 1926 2742 et
1943 2713 2026 2751 post:
2049 2723 2064 2738 α
2078 2710 2155 2743 Cum

1194 2761 1309 2794 videris
1326 2760 1458 2800 nudum,
1475 2759 1562 2803 operi
1580 2770 1652 2794 eum
1669 2775 1699 2793 n.
1718 2781 1762 2785 —
1780 2762 1813 2795 Et
1831 2766 1903 2795 nota
1920 2763 1981 2801 hic,
1998 2764 2082 2806 quod
2101 2773 2156 2806 per
2177 2768 2306 2790 Noundum·

1193 2814 1343 2847 tic-nicam
1377 2817 1409 2847 et
1442 2824 1552 2847 escum
1583 2815 1802 2857 intelliguntur
1827 2816 1948 2855 onmia,
1973 2816 2011 2849 ‹le
2039 2817 2156 2859 quibus

1191 2867 1284 2900 debet
1307 2870 1339 2900 et
1361 2871 1463 2910 potest
1487 2868 1555 2901 fieri
1591 2868 1797 2911 eleemosyna.
1829 2869 1915 2903 Unde
1948 2870 2153 2912 Hieronymus

1196 3049 1306 3080 Vulgata
1326 3047 1439 3074 subinde
1458 3048 1552 3073 omittit
1573 3055 1664 3074 unam.
1685 3062 1719 3067 ——
1739 3049 1889 3081 Sequuntur
1908 3050 1969 3075 Luc.
1995 3050 2032 3081 ll,
2064 3049 2104 3074 41.
2131 3053 2155 3075 et

1194 3092 1240 3119 lob
1259 3093 1302 3124 31,
1326 3094 1363 3118 19.
1384 3099 1457 3125 seq.:
1478 3091 1510 3118 Si
1527 3091 1639 3126 despexi
1652 3094 1826 3126 pereuntem,
1845 3100 1875 3119 eo
1894 3093 1967 3126 qued
1986 3100 2041 3120 uon
2059 3093 2154 3120 habue-

1194 3137 1233 3165 rit
1250 3137 1438 3164 indumentum
1457 3140 1506 3162 etc.
1531 3137 1558 3162 ln
1577 3136 1723 3163 Comment.
1743 3137 1769 3162 in
1789 3136 1884 3162 librum
1905 3137 1963 3170 lob,
1982 3139 2054 3171 quod
2075 3138 2155 3164 nabe-

1194 3186 1236 3209 tur
1255 3183 1282 3208 in
1301 3182 1447 3214 appendice
1466 3181 1500 3207 ad
1518 3182 1543 3207 7.
1565 3185 1627 3207 tom.
1647 3182 1673 3207 S.
1694 3182 1845 3213 Hieronymi
1865 3182 1977 3213 legitur:
1998 3182 2029 3208 Si
2046 3182 2157 3216 desperi‘

1190 3227 1409 3260 praetereuntem
1427 3228 1486 3251 etc.-

1265 3268 1276 3284 ⁸
1295 3269 1364 3296 Libr.
1385 3271 1401 3296 Ι,
1422 3270 1448 3295 in
1466 3270 1528 3296 Luc.
1549 3270 1578 3302 3,
1594 3270 1603 3295 l
1615 3270 1635 3295 l.
1651 3269 1737 3296 Verba
1751 3270 1837 3296 Bedae
1850 3270 1994 3302 allegantur
2007 3271 2153 3296 secundum

1193 3316 1311 3342 Glossain
1330 3314 1504 3341 ordinariam
1522 3314 1548 3340 in
1573 3315 1643 3341 hunc
1671 3315 1719 3341 loc.
1747 3314 1798 3341 Clr.
1827 3315 1952 3347 Gregor.,
1972 3315 1988 3340 l.
2008 3315 2102 3340 Homil.
2128 3315 2153 3340 in

1193 3361 1293 3392 Evang.
1314 3359 1404 3385 homil.
1424 3359 1466 3385 20.
1485 3366 1513 3385 n.
1535 3359 1577 3385 ll.

1264 3401 1276 3417 ⁹
1295 3404 1370 3430 Vers.
1383 3403 1424 3429 ⁴7.
1437 3417 1473 3423 —
1485 3403 1543 3429 Duo
1557 3410 1630 3437 seqq.
1645 3403 1695 3430 loci
1709 3406 1769 3430 sunt
1781 3403 1847 3429 Tob.
1864 3403 1892 3436 4,
1910 3403 1948 3429 17.
1963 3407 1988 3430 et
2001 3404 2056 3429 lsai.
2072 3404 2113 3434 58,
2127 3403 2151 3428 7.
