2427 3872
322 281 384 312 660

607 319 668 346 ACC

320 372 351 397 49
371 383 405 388 —
424 368 463 394 Ad
483 367 565 392 Deum
584 365 716 391 acceditur
730 363 871 389 intentione
884 369 956 387 men-

318 418 362 447 tis,
388 422 439 440 non
467 411 589 445 passibus
617 408 734 441 corporis
753 407 786 432 Vl
807 407 856 431 466
877 413 902 431 v.
922 406 951 430 24

317 475 352 480 -
364 458 549 485 Accedendum
562 455 595 480 ad
609 455 692 479 Deum
712 452 746 478 ad
765 450 955 477 consulendum

319 509 344 530 et
362 504 395 530 ad
414 501 575 529 offerendum
596 499 647 524 623
667 497 682 522 5

371 550 493 577 Accwens
512 559 547 564 -
566 545 602 569 De
621 540 782 574 plenitudine
801 539 893 565 Christi
917 545 956 564 ac-

319 593 437 625 cepimus
450 590 609 620 doctrinam,
623 586 746 619 gratiam,
760 584 884 609 virtutem
898 589 956 614 pro-

319 636 436 663 tectionis
446 638 472 660 et
484 633 631 666 praemium
641 628 820 656 retributionis
830 627 862 652 Vl
878 627 928 652 539
939 626 955 651 6

319 695 353 700 -
366 681 403 706 De
416 677 575 711 plenitudine
588 675 681 702 Christi
692 673 823 705 accipiunt
835 671 956 696 innocen-

319 729 369 756 tes,
388 723 553 753 obedientes,
572 721 720 753 pugnantes
739 720 764 742 et
781 715 955 746 contemplan-

319 774 370 800 tes,
388 776 439 794 non
459 773 523 793 vero
537 764 630 797 ignoti,
650 762 746 795 ignari,
767 760 867 792 indigni
880 762 906 784 et
920 759 955 784 in-

319 814 384 846 grati
404 812 437 839 ib.
457 813 481 837 8.
501 811 552 836 540
572 810 587 834 9
600 822 636 827 -
653 807 726 833 Ratio
740 804 838 836 accepti
857 803 956 835 obligat

318 859 352 885 ad
372 857 514 890 gratiarum
538 854 681 882 actionem,
701 851 734 876 ad
754 849 847 875 mentis
872 847 956 873 humi-

319 903 462 931 liationem,
482 899 514 925 ad
534 898 636 923 virtutis
655 896 801 928 profectum
820 896 846 918 et
864 892 898 917 ad
917 898 956 917 ac-

318 950 453 978 ceptorum
472 942 682 969 distributionem
702 939 754 964 539
772 938 788 962 7

371 1004 406 1009 —
424 988 546 1019 Acceptio
567 989 741 1018 personarum
758 981 864 1007 vitanda
884 986 957 1012 prae-

319 1035 375 1060 latis
394 1034 436 1059 Vll
458 1032 508 1058 434
528 1031 561 1056 23
582 1035 585 1038 ’

371 1080 502 1104 ΑαςυεΑιιΕ
514 1089 549 1094 -
562 1074 601 1099 Ad
614 1071 792 1099 accusandum
806 1068 956 1101 proximum

317 1124 415 1155 obligat
433 1122 603 1154 praeceptum
616 1117 737 1143 divinum
750 1114 792 1140 vel
811 1114 956 1139 humanum

318 1168 351 1192 Vl
370 1166 403 1191 84
423 1173 437 1191 a
455 1178 491 1184 —
510 1163 659 1196 proximum
673 1160 730 1185 sine
748 1157 902 1184 necessitate
914 1156 956 1181 vel

318 1211 424 1237 utilitate
448 1216 500 1234 non
525 1208 583 1233 licet
607 1204 642 1231 ib.
667 1204 696 1230 2*
716 1217 749 1221 -
768 1203 891 1227 Peccator
916 1207 958 1226 ex-

318 1256 397 1281 istens
414 1254 441 1279 in
459 1251 563 1278 mortali
582 1253 607 1275 et
625 1248 743 1275 notorius
762 1247 787 1272 in
806 1246 900 1272 eodem
914 1251 957 1277 ge-

317 1306 379 1325 nere
398 1297 497 1330 peccati
517 1293 665 1321 accusando
679 1293 788 1318 alterum
808 1292 899 1322 peccat
911 1290 957 1315 du-

318 1343 375 1375 plici
395 1344 503 1374 peccato
522 1338 637 1366 scandali
657 1340 682 1362 et
701 1338 880 1367 contemptus;
899 1340 957 1365 pec-

317 1390 388 1413 cator
401 1386 518 1411 occultus
531 1386 623 1416 peccat
636 1383 802 1412 contemptu,
816 1386 867 1405 non
881 1385 958 1404 accu-

317 1431 413 1461 sando,
427 1429 473 1455 sed
486 1436 514 1454 se
527 1426 686 1459 negligendo
700 1425 751 1451 356
763 1425 795 1450 45
805 1437 840 1443 -
851 1421 957 1449 infama-

317 1480 386 1501 tores
399 1476 551 1500 accusantes
564 1471 730 1497 humiliantur
741 1469 792 1495 573
803 1469 818 1493 3
831 1482 864 1486 —-
874 1467 957 1499 Culpa

318 1519 429 1552 proximi
448 1517 565 1544 accusari
585 1518 670 1548 potest
688 1517 712 1540 et
731 1513 810 1540 debet
828 1513 956 1545 praelato,

317 1565 395 1590 etiam
415 1563 485 1589 nulla
503 1561 678 1594 praecedente
697 1558 863 1590 correptione
877 1557 927 1583 428
941 1557 956 1582 9

317 1623 351 1627 ——
370 1607 505 1634 Accusatio
526 1605 643 1632 facienda
663 1607 702 1630 est
724 1606 794 1629 extra
820 1602 955 1633 iudicium,

317 1654 339 1679 si
352 1654 384 1679 sit
397 1653 510 1682 occulta,
524 1654 549 1676 et
562 1651 587 1676 in
601 1649 710 1681 iudicio,
723 1648 745 1674 si
759 1647 885 1674 habeatur
898 1654 957 1679 pro-

316 1698 385 1724 batio
404 1700 473 1723 certa
492 1695 554 1722 ibid.

369 1756 404 1762 -
422 1743 474 1767 Lex
493 1748 544 1766 non
564 1738 706 1766 damnabat
731 1738 787 1763 sine
804 1739 957 1763 accusatore

317 1788 350 1813 Vl
371 1787 422 1813 357
443 1786 475 1811 46
495 1799 530 1805 -—
548 1785 656 1810 Actores
675 1782 771 1809 citandi
788 1784 850 1807 sunt
868 1781 901 1807 ad
915 1788 958 1807 au-

316 1831 440 1858 diendam
449 1830 613 1860 sententiam,
626 1835 677 1861 qua
691 1834 752 1853 reus
765 1826 844 1852 debet
856 1825 956 1852 absolvi

316 1877 357 1902 vel
383 1874 551 1901 condemnari
576 1873 620 1899 Vll
640 1872 691 1898 569
712 1871 743 1897 47
764 1885 798 1890 -
817 1872 851 1896 Se
870 1871 957 1902 ipsum

316 1926 439 1946 accusare
458 1918 613 1945 honorificat
631 1917 715 1942 Deum
735 1915 786 1941 435
806 1916 838 1941 29
858 1929 893 1934 -
912 1915 958 1940 Ac-

316 1964 414 1990 cusanti
433 1970 462 1989 se
481 1963 555 1995 prius
567 1962 644 1993 culpa
664 1960 801 1986 dimittitur
821 1960 854 1985 Vl
874 1959 925 1985 573
941 1959 955 1984 3

369 2022 404 2028 -
428 2007 550 2033 Animam
575 2005 743 2038 spiritualiter
768 2004 957 2029 adulterantem

316 2055 421 2078 accusat
448 2050 619 2080 conscientia,
649 2050 732 2079 sama,
760 2048 799 2074 lex
818 2047 908 2073 divina
932 2049 957 2072 et

318 2096 437 2122 diabolus
456 2096 489 2121 Vl
507 2095 558 2120 573
578 2095 594 2120 2
607 2107 642 2112 —
657 2093 762 2118 Peccata
783 2091 906 2117 dicuntur
918 2097 958 2116 ac-

318 2147 409 2166 cusare
436 2138 565 2171 reprobos
594 2140 622 2163 ut
649 2136 757 2162 materia
785 2134 958 2161 accusationis

319 2184 369 2210 437
389 2191 403 2209 a
417 2197 452 2203 -
464 2182 582 2209 Christus
595 2181 727 2207 neminem
748 2181 865 2210 accusat,
878 2185 958 2211 quan-

317 2232 373 2254 tum
387 2230 426 2254 est
444 2227 477 2252 de
496 2234 524 2253 se
547 2226 597 2252 347
611 2225 654 2251 77.
669 2225 719 2250 348
734 2224 762 2249 84
787 2237 820 2241 ——
839 2222 957 2249 Christus

316 2273 408 2299 liberat
421 2272 534 2297 animam
553 2269 588 2296 ab
600 2269 765 2295 accusatione
782 2267 957 2294 conscientiae

316 2317 420 2349 culpam
431 2315 595 2347 dimittendo,
603 2314 636 2340 ab
643 2313 806 2339 accusatione
818 2314 902 2338 famae
912 2313 957 2338 hu-

317 2361 441 2387 miliando
461 2361 641 2390 infamatores,
661 2358 694 2384 ab
707 2358 873 2384 accusatione
892 2357 957 2389 legis

316 2406 420 2431 divinae
440 2406 464 2431 in
485 2407 540 2431 foro
564 2403 767 2435 misericordiae,
792 2402 826 2428 ab
853 2408 957 2428 accusa-

316 2450 385 2476 tione
403 2450 501 2476 diaboli
519 2456 581 2475 eum
601 2447 792 2481 prosternendo
816 2447 867 2472 573
887 2447 902 2472 3
922 2460 956 2465 —

317 2495 441 2521 Diabolus
458 2497 564 2521 accusat
583 2501 613 2520 ex
633 2493 792 2525 malignitate
811 2491 862 2518 574
882 2492 897 2517 3

370 2540 473 2566 AcETuM
492 2553 528 2558 —
546 2538 694 2565 secundum
719 2537 821 2570 aliquos
845 2535 957 2562 dabatur

317 2584 458 2614 crucifixis,
479 2587 506 2609 ut
525 2584 601 2609 citius
620 2582 754 2608 interirent
773 2582 805 2607 Vl
825 2581 871 2606 504
896 2581 929 2606 58

371 2629 455 2653 ΑειιΑΖ
473 2641 508 2647 -
526 2628 630 2659 signum
645 2630 733 2659 petere
750 2625 882 2652 recusavit
900 2631 957 2657 pro-

319 2676 376 2703 pter
395 2671 593 2697 obstinationem
607 2671 692 2697 delicti
706 2670 805 2702 proprii
820 2670 863 2694 Vll
878 2669 909 2694 48
923 2669 956 2694 30

373 2716 460 2741 Acium
474 2730 507 2734 —
521 2715 663 2747 opponitur
684 2714 827 2740 fortitudini
852 2713 885 2738 Vl
905 2713 957 2740 295

322 2759 354 2784 56
375 2774 407 2778 —
427 2762 466 2785 est
484 2760 619 2785 infirmitas
632 2759 665 2784 Vl
685 2758 736 2784 587
757 2759 772 2783 6
788 2772 820 2776 -
834 2760 872 2783 est
886 2764 957 2782 mors

319 2804 411 2835 culpae
430 2804 480 2828 589
501 2805 517 2830 5
529 2817 564 2823 —
578 2803 669 2829 lllalitia
689 2803 789 2829 acidiae
802 2801 919 2828 consistit
932 2801 955 2826 in

320 2847 477 2873 discedendo
491 2855 504 2873 a
520 2847 590 2874 bono
603 2854 683 2880 opere
697 2847 729 2873 37
743 2854 769 2872 v.
781 2847 791 2872 4
807 2847 957 2878 —l‘ropter

319 2891 429 2917 acidiam
441 2893 519 2918 homo
529 2893 648 2918 redditur
657 2892 790 2918 taediosus
799 2894 825 2917 et
837 2891 912 2923 piger
923 2891 956 2918 ad

320 2943 397 2961 omne
416 2935 514 2961 bonum
534 2939 559 2962 et
578 2943 624 2968 per
638 2938 687 2962 hoc
700 2937 792 2961 stultus
806 2936 839 2961 38
852 2943 878 2960 v.
892 2935 908 2960 5
923 2949 957 2954 ——

320 2980 424 3005 arefacit
447 2980 560 3005 animam
587 2981 628 3005 Vll
659 2980 709 3006 440
729 2981 758 3006 21
787 2994 819 2998 -
841 2981 889 3005 Per
907 2979 956 3005 aci·

320 3022 390 3047 diam
410 3022 479 3048 bona
499 3024 600 3049 animae
619 3024 778 3056 dissipantur
798 3024 843 3049 391
869 3024 903 3050 25
921 3038 957 3043 -

320 3067 433 3093 Acidiosi
461 3070 564 3099 portant
588 3075 693 3093 crucem
719 3075 779 3094 cum
807 3076 956 3100 murmure,

320 3118 404 3142 poena
424 3115 449 3137 et
467 3112 587 3138 violentia
607 3112 657 3138 572
672 3113 704 3137 30
717 3126 753 3132 -
764 3112 844 3139 Cibus
857 3113 956 3139 acidiae

321 3156 379 3181 facit
404 3156 497 3182 morari
525 3156 556 3182 Vl
587 3156 637 3182 557
660 3157 667 3181 1
694 3170 726 3175 -—
755 3164 805 3182 non
825 3157 957 3183 inveniens

320 3199 434 3231 quietem
454 3200 561 3226 interius
584 3200 687 3233 quaerit
706 3200 818 3226 exterius
836 3202 870 3226 20
889 3208 903 3226 a

372 3257 407 3262 —
426 3244 577 3276 designatur
602 3245 627 3270 in
651 3245 716 3270 lecto
736 3245 779 3270 Vll
801 3245 850 3270 496
870 3245 903 3270 23
922 3258 958 3265 -

320 3290 359 3312 est
377 3288 459 3313 lutum
479 3295 560 3319 grave
579 3292 604 3314 et
623 3289 802 3321 ponderosum
823 3289 855 3315 Vl
875 3289 922 3314 581
941 3290 957 3316 5

321 3344 355 3349 —
373 3331 532 3362 significatur
551 3333 653 3364 pigritia
673 3333 771 3365 pedum
792 3333 834 3358 Vll
854 3333 902 3358 364
924 3333 952 3358 44

320 3387 356 3392 -
373 3374 534 3406 significatur
563 3383 609 3407 per
636 3377 776 3408 paralysim
808 3377 840 3402 Vl
860 3377 911 3403 587
940 3378 956 3403 7

321 3431 356 3437 —
375 3419 486 3444 Acidiosi
507 3420 595 3446 colunt
614 3421 701 3446 lunam
724 3421 773 3447 493
794 3429 818 3447 v.
839 3422 855 3447 2

1186 273 1299 306 INDEX
1325 273 1452 306 RERUM

1049 361 1126 388 Acrio
1148 376 1180 380 —
1199 363 1226 387 ln
1242 362 1353 394 agendis
1367 362 1505 388 informant
1524 369 1553 388 ea
1568 369 1636 396 quae

994 405 1111 432 Christus
1131 406 1212 438 gessit
1230 407 1263 432 Vl
1278 406 1328 432 578
1343 407 1368 432 5.
1391 407 1437 432 604
1462 414 1489 432 ν.
1503 406 1535 431 45
1556 420 1589 425 —
1609 407 1634 432 ln

994 450 1098 481 agendo
1112 450 1230 481 dirigunt
1250 450 1388 482 prudentia
1416 453 1442 476 et
1461 450 1556 476 iustitia
1586 450 1636 476 462

994 501 1020 519 ν.
1039 494 1056 519 7
1076 508 1111 513 —
1131 494 1274 520 Strenuitas
1292 495 1318 520 in
1338 495 1442 527 agendo
1455 493 1514 521 vide
1532 502 1556 521 v.
1572 494 1636 528 Ope-

993 537 1074 564 ratio.
1090 552 1126 557 —
1144 539 1171 564 ln
1194 539 1295 564 actione
1312 539 1429 564 medium
1453 539 1536 564 teneri
1549 538 1636 571 debet,

994 582 1149 608 declinando
1174 584 1339 614 superfluum
1359 586 1384 608 et
1411 583 1572 609 diminutum
1591 583 1635 609 Vll

995 626 1045 652 434
1065 627 1101 652 23·
1126 641 1159 645 -
1180 630 1242 653 sunt
1269 627 1454 653 rectificandae
1482 627 1516 652 72
1538 628 1565 652 44
1599 641 1635 646 -

995 671 1092 697 Divisio
1112 671 1136 696 in
1156 674 1216 696 actu
1230 671 1340 703 impedit
1359 671 1470 697 totaliter
1490 671 1595 697 tendere
1608 672 1635 697 in

994 716 1078 741 Deum
1098 715 1150 741 274
1168 714 1198 740 ’74
1222 728 1258 734 -
1278 715 1390 741 Vitanda
1409 718 1448 741 est
1473 718 1580 742 actuum
1599 716 1636 742 di-

993 759 1061 785 visio
1080 758 1143 786 ibid.

1046 817 1082 823 —-
1101 804 1186 835 Opera
1200 803 1331 836 quaedam
1349 811 1409 829 mox
1422 804 1557 830 nominata
1577 811 1636 830 con-

994 848 1079 873 iuncta
1088 851 1148 873 sunt
1162 848 1230 873 malo
1240 850 1266 873 et
1275 848 1345 873 nulio
1359 848 1439 874 modo
1450 851 1559 880 possunt
1568 848 1636 874 bene

994 892 1064 925 fleri3
1085 892 1217 925 quaedam
1230 894 1291 917 sunt
1309 892 1376 918 bona
1391 892 1417 918 in
1430 899 1527 924 genere
1540 896 1565 919 et
1578 900 1636 925 pos-

994 939 1054 962 sunt
1073 935 1141 961 bene
1160 936 1231 967 fieri,
1250 943 1310 961 cum
1330 937 1404 962 adest
1422 936 1490 962 bona
1510 937 1636 969 intenti03

994 980 1125 1013 quaedam
1151 987 1203 1006 non
1231 980 1297 1006 flunt
1315 980 1383 1006 bona
1402 982 1455 1007 sola
1479 981 1635 1013 intentione,

995 1025 1044 1050 nisi
1063 1025 1131 1050 adsit
1149 1031 1228 1050 causa
1247 1028 1273 1050 et
1291 1025 1357 1051 ordo
1377 1025 1409 1050 Vl
1430 1025 1481 1051 457
1500 1026 1516 1050 9
1531 1040 1564 1044 -
1584 1033 1636 1051 ma-

995 1070 1018 1094 la
1036 1069 1136 1094 ratione
1164 1068 1227 1094 boni
1245 1069 1369 1095 substrati
1397 1072 1436 1095 est
1454 1076 1468 1094 a
1494 1070 1562 1101 Deo,
1582 1076 1636 1095 non

993 1114 1093 1140 ratione
1112 1114 1284 1140 deformitatis
1303 1114 1354 1140 249
1376 1113 1409 1139 44

1047 1172 1083 1177 -
1102 1158 1197 1191 Omne,
1217 1158 1291 1191 quod
1304 1158 1367 1184 dicit
1385 1165 1479 1190 puram
1492 1157 1636 1189 actionem,

993 1205 1033 1228 est
1061 1209 1202 1228 commune
1229 1202 1314 1228 tribus
1341 1202 1460 1234 personis
1487 1201 1584 1227 divinis
1604 1201 1635 1226 Vl

994 1247 1046 1272 340
1066 1246 1099 1272 45

1048 1292 1137 1317 Αοτινι
1156 1305 1191 1310 -
1209 1293 1270 1316 sunt
1293 1290 1376 1321 servi,
1395 1290 1439 1323 qui
1460 1291 1513 1316 Deo
1538 1290 1637 1322 impen-

995 1336 1061 1362 dunt
1079 1335 1238 1368 obsequium
1257 1335 1366 1360 actionis
1385 1335 1419 1360 Vl
1438 1335 1489 1360 576
1510 1334 1535 1360 5.
1554 1335 1606 1360 628
1620 1335 1635 1360 3

995 1394 1029 1398 ——
1048 1380 1200 1405 Activorum
1229 1382 1268 1405 est
1294 1380 1421 1405 instanter
1439 1378 1517 1404 bene.
1532 1379 1637 1411 operari

994 1424 1029 1450 75
1042 1431 1056 1450 a
1068 1438 1103 1443 —
1114 1423 1211 1450 dehent
1223 1423 1339 1449 exerceri
1351 1424 1377 1449 in
1397 1423 1523 1455 operibus
1533 1423 1637 1455 pietatis

995 1469 1028 1494 32
1048 1476 1062 1494 a
1083 1483 1116 1487 --
1135 1469 1246 1494 offerunt
1271 1467 1373 1494 Christo
1391 1475 1480 1493 ramos
1505 1467 1635 1493 bonorum

994 1520 1107 1546 operum
1127 1512 1178 1538 594
1203 1514 1218 1538 2
1239 1527 1272 1531 -
1291 1512 1364 1538 Actio
1388 1515 1427 1538 est
1450 1512 1527 1545 quasi
1546 1513 1636 1538 hortus

995 1558 1125 1584 bonorum
1139 1564 1250 1591 operum
1265 1558 1316 1582 649
1337 1557 1352 1583 4
1362 1571 1398 1576 -
1410 1556 1543 1583 Christum
1560 1556 1636 1583 bonis

994 1603 1120 1635 operibus
1133 1603 1290 1628 confitentur
1304 1602 1346 1628 Vll
1363 1602 1413 1628 447
1428 1602 1462 1628 47
1475 1616 1511 1621 -
1523 1602 1561 1628 Ad
1577 1602 1637 1627 acti-

994 1656 1055 1675 vam
1075 1648 1187 1680 pertinet
1217 1651 1308 1679 partus
1338 1647 1480 1679 spiritualis
1505 1654 1557 1680 per
1576 1654 1636 1679 ope-

994 1694 1122 1720 rationem
1137 1692 1188 1718 297
1207 1693 1240 1718 63
1253 1706 1290 1711 —-
1302 1692 1393 1718 Activa
1412 1692 1530 1718 consistit
1550 1692 1575 1718 in
1595 1699 1637 1718 re-

994 1738 1094 1771 gimine
1113 1738 1210 1764 domus
1229 1737 1353 1769 propriae
1372 1737 1404 1762 63
1426 1736 1460 1762 84

1049 1797 1083 1801 -
1102 1783 1149 1808 Per
1168 1782 1297 1808 actionem
1316 1784 1356 1808 est
1369 1781 1460 1814 egredi
1480 1781 1512 1807 Vl
1530 1781 1583 1807 385
1603 1781 1631 1806 44

994 1841 1030 1846 -
1048 1829 1109 1853 sunt
1126 1826 1238 1852 mobiles
1259 1826 1309 1852 457
1323 1833 1348 1852 ν.
1368 1827 1401 1851 23
1419 1840 1453 1844 -
1472 1826 1504 1852 ad
1525 1826 1636 1851 modum

995 1872 1080 1897 molae
1099 1871 1264 1897 circumeunt
1276 1874 1302 1896 et
1320 1871 1463 1898 decurrunt
1480 1877 1529 1896 nec
1543 1870 1570 1895 in
1582 1877 1636 1896 uno

994 1922 1076 1948 opere
1094 1916 1188 1941 sistunt
1206 1916 1250 1941 Vll
1277 1915 1328 1941 446
1349 1915 1382 1940 59
1401 1928 1437 1934 -
1455 1915 1545 1940 Activa
1571 1914 1637 1940 solli-

994 1959 1156 1986 citudinibus
1168 1960 1285 1986 anxiatur
1300 1960 1332 1985 Vl
1346 1960 1396 1985 440
1408 1961 1423 1985 2
1433 1973 1469 1978 -
1480 1959 1538 1985 Vita
1551 1959 1636 1985 activa

994 2003 1074 2030 habet
1085 2004 1295 2034 sollicitudinem,
1308 2003 1483 2029 turbationem
1496 2007 1522 2029 et
1531 2003 1636 2029 divisio-

994 2055 1055 2074 nem
1074 2051 1181 2073 actuum
1201 2048 1244 2073 Vll
1264 2047 1315 2072 274
1336 2047 1365 2072 74

1049 2091 1123 2118 Circa
1143 2091 1257 2117 activam
1275 2094 1395 2116 versatur
1409 2092 1488 2116 homo
1507 2093 1636 2123 quantum

994 2136 1027 2162 ad
1038 2135 1187 2161 inferiorem
1201 2135 1308 2161 rationis
1321 2135 1469 2166 portionem
1484 2135 1527 2160 Vll
1538 2134 1588 2160 446
1603 2135 1636 2160 59

1049 2193 1084 2199 -—
1103 2179 1201 2205 Activis
1214 2179 1359 2205 necessaria
1373 2181 1412 2204 est
1424 2178 1565 2209 humilitas,
1578 2186 1638 2211 ope·

995 2230 1055 2250 rum
1076 2224 1228 2255 strenuitas,
1248 2223 1395 2250 intentionis
1414 2223 1577 2256 simplicitas,
1598 2230 1637 2249 ca-

994 2269 1071 2301 ritas,
1091 2268 1188 2302 eloquii
1209 2268 1338 2300 suavitas,
1352 2268 1544 2294 munificentiae
1563 2268 1638 2300 largi-

995 2316 1034 2339 tas
1054 2314 1087 2339 Vl
1107 2314 1140 2339 22
1161 2320 1175 2339 a
1195 2320 1234 2346 sq.
1255 2327 1289 2331 —
1307 2313 1406 2339 Activis
1431 2312 1577 2338 necessaria
1598 2316 1638 2339 est

993 2359 1090 2384 veritas
1114 2358 1184 2384 vitae
1202 2358 1254 2384 607
1280 2359 1296 2384 2
1315 2372 1350 2378 -
1369 2358 1500 2384 maiorum
1528 2358 1636 2384 consilio

994 2406 1123 2435 reguntur
1143 2403 1186 2428 Vll
1206 2403 1257 2429 446
1271 2403 1304 2429 59
1318 2417 1354 2422 -
1366 2403 1473 2429 Activae
1491 2403 1636 2429 necessaria

994 2451 1034 2474 est
1052 2448 1175 2480 purgatio
1194 2455 1209 2473 a
1228 2448 1385 2480 negligentia
1405 2454 1453 2480 per
1476 2447 1592 2480 rigorem
1611 2450 1636 2474 ct

994 2491 1111 2518 laborem
1131 2492 1164 2518 57
1188 2492 1221 2518 55
1240 2505 1275 2511 —
1294 2492 1392 2518 Activis
1412 2493 1538 2524 competit
1555 2493 1636 2525 gemi-

995 2540 1036 2563 tus
1056 2544 1104 2569 pro
1124 2537 1238 2568 peccatis
1257 2536 1371 2568 propriis
1389 2540 1415 2562 ct
1433 2537 1523 2563 alienis
1541 2536 1574 2563 ib.
1601 2538 1634 2563 57

996 2596 1029 2600 -
1048 2580 1147 2607 debent
1171 2581 1236 2613 erigi
1262 2588 1310 2613 spe
1327 2584 1494 2607 aeternorum
1507 2583 1635 2614 praemio-

995 2633 1053 2651 rum
1073 2628 1099 2651 et
1117 2625 1232 2657 deprimi
1257 2628 1354 2651 terrore
1373 2626 1563 2658 suppliciorum
1583 2626 1634 2653 446

995 2670 1028 2695 59
1042 2684 1075 2689 --
1088 2671 1114 2696 ln
1135 2669 1237 2695 actione
1256 2669 1335 2695 debet
1349 2677 1406 2696 csse
1419 2671 1538 2697 custodia
1552 2679 1634 2704 quan-

994 2717 1050 2740 tum
1070 2714 1104 2740 ad
1122 2717 1225 2752 actum,
1244 2715 1365 2740 affectum
1394 2718 1419 2740 et
1445 2715 1556 2741 verbum
1584 2716 1634 2742 433

995 2759 1028 2784 23
1048 2773 1083 2778 -
1101 2759 1219 2785 Christus
1233 2758 1305 2784 dedit
1323 2759 1472 2791 exemplum
1488 2760 1521 2785 ad
1541 2756 1635 2786 exerci-

995 2802 1058 2828 tium
1079 2803 1187 2829 actionis
1206 2804 1337 2835 perfectae
1357 2803 1408 2828 539
1429 2803 1461 2828 59

1048 2861 1081 2865 —-
1101 2847 1191 2873 Activa
1205 2847 1322 2873 consistit
1335 2847 1359 2872 in
1374 2847 1508 2878 operando
1528 2848 1635 2874 viriliter

994 2893 1019 2917 et
1032 2891 1058 2917 in
1072 2891 1248 2923 praesidendo
1260 2891 1369 2917 sollicite
1382 2891 1424 2916 Vll
1440 2890 1485 2916 434
1506 2892 1538 2916 48
1551 2907 1586 2910 -
1596 2892 1636 2918 Ad

993 2936 1094 2961 activos
1113 2935 1243 2967 pertinent
1261 2936 1423 2968 poenitentes
1440 2938 1466 2961 et
1484 2935 1636 2963 obedientes

994 2980 1026 3004 Vl
1047 2980 1094 3005 604
1120 2987 1146 3005 v.
1165 2980 1199 3005 23
1212 2993 1248 2999 -
1263 2983 1323 3006 sunt
1335 2982 1497 3006 revertentes
1516 2987 1563 3011 per
1576 2987 1636 3012 poe-

994 3024 1141 3055 nitentiam,
1166 3024 1208 3049 vel
1239 3024 1405 3056 proficientes
1437 3031 1484 3056 per
1509 3023 1636 3050 obedien-

994 3069 1069 3099 tiam,
1089 3069 1130 3094 vel
1154 3068 1324 3094 ascendentes
1346 3075 1394 3100 per
1417 3069 1486 3094 vitae
1511 3069 1636 3094 excellen-

994 3113 1056 3138 tiam
1076 3113 1127 3138 623
1152 3113 1167 3138 3
1185 3126 1220 3132 -
1239 3112 1353 3138 Actionis
1372 3113 1523 3139 exercitium
1543 3119 1636 3139 conve-

994 3157 1031 3183 nit
1044 3157 1216 3189 praedicatori
1237 3157 1279 3182 Vll
1300 3157 1351 3182 444
1369 3156 1386 3182 7

1048 3215 1082 3220 -
1092 3202 1140 3227 Per
1151 3201 1231 3227 vitam
1242 3202 1354 3227 activam
1364 3201 1468 3227 venitur
1479 3201 1511 3227 ad
1523 3204 1636 3227 contem·

994 3246 1119 3278 plativam
1139 3246 1171 3271 Vl
1191 3245 1242 3271 243
1262 3246 1278 3270 9
1298 3259 1333 3265 -
1346 3245 1420 3271 Prius
1438 3248 1542 3278 oportet
1554 3248 1636 3271 trans-

995 3289 1032 3315 ire
1057 3296 1105 3322 per
1124 3289 1237 3316 activam
1256 3290 1300 3315 Vll
1314 3289 1364 3319 434
1385 3289 1417 3315 23
1437 3303 1473 3308 -
1491 3290 1581 3315 Activa
1597 3293 1636 3316 est

994 3334 1120 3366 anterior,
1134 3334 1267 3366 poenalior
1285 3336 1311 3359 et
1324 3333 1470 3364 fecundior,
1484 3334 1553 3359 valet
1565 3334 1634 3360 enim

995 3377 1045 3403 sibi
1064 3380 1090 3403 et
1114 3378 1172 3404 aliis
1195 3377 1248 3404 275
1270 3377 1305 3403 75
1323 3390 1358 3397 -—
1377 3377 1463 3403 Labor
1487 3377 1634 3403 activorum

995 3422 1085 3448 transit
1109 3421 1141 3448 ib.
1161 3421 1196 3448 74
1217 3436 1250 3440 -
1269 3421 1342 3448 Actio
1366 3425 1405 3447 est
1428 3421 1500 3454 prior
1521 3424 1636 3447 contem·

1952 319 2019 346 ADA

1674 362 1788 394 piatione
1801 363 1901 390 ratione
1914 365 2052 397 temporis,
2066 372 2119 391 non
2131 366 2265 398 dignitatis
2279 367 2311 392 Vl

1675 406 1726 432 464
1745 414 1771 432 ν.
1798 408 1830 432 46
1850 421 1885 427 ·—
1903 409 2031 441 Egressus
2055 416 2070 435 a
2094 411 2312 442 contemplatione

1673 451 1708 477 ad
1738 451 1867 477 actionem
1891 459 1944 478 non
1968 455 2008 478 est
2030 454 2240 486 retrocessionis,
2265 455 2312 480 sed

1673 495 1863 522 exercitationis
1877 496 1928 522 386
1950 497 1982 522 45
1995 511 2031 516 -
2043 497 2104 523 Post
2114 499 2312 530 contemplatio-

1673 546 1733 564 nem
1753 540 1920 566 redeundum
1933 541 1968 567 ad
1980 542 2131 567 exercitium
2145 542 2255 568 actionis
2268 543 2311 568 Vll

1673 583 1707 609 53
1723 583 1750 609 44
1769 598 1807 604 -
1817 585 1948 611 interdum
1962 586 2176 612 descendendum
2191 586 2225 612 ad
2235 587 2312 613 actio-

1672 635 1719 654 nes
1734 628 1785 654 356
1799 628 1833 654 72
1847 643 1882 648 -
1895 629 1985 655 Activa
1999 630 2086 656 reddit
2104 631 2238 656 hominem
2258 631 2312 657 Deo

1673 672 1860 705 acceptabilem
1874 673 1908 700 57
1928 674 1961 700 54
1974 687 2010 694 --
2023 681 2116 700 omnes
2130 675 2259 701 Ecclesiae
2271 675 2314 701 de-

1674 717 1794 743 serviunt
1814 717 1864 743 446
1885 718 1918 743 59

1726 775 1762 781 -
1780 762 1871 787 Activa
1884 765 1923 788 est
1934 762 2090 789 necessitate
2102 763 2253 789 sustinenda
2267 759 2311 789 Vll

1673 805 1724 831 274
1744 806 1777 831 70
1790 820 1826 825 -
1839 806 1930 832 Activa
1949 814 2001 833 non
2014 810 2054 833 est
2072 807 2253 839 despicienda,
2266 806 2313 832 sed

1673 850 1706 876 ad
1726 853 1832 882 tempus
1844 851 2031 883 praeeligenda
2045 851 2097 876 275
2115 850 2150 876 75
2170 862 2204 869 -·-
2222 850 2314 876 Activa

1673 895 1859 926 praeeligenda
1878 898 1918 920 est
1936 895 1994 920 viro
2012 895 2178 926 imperfectO,
2197 894 2239 919 vel
2252 901 2313 919 cum

1673 938 1733 971 quis
1751 939 1883 971 obligatur
1901 946 1933 964 ex
1946 941 2088 971 praecepto
2107 938 2163 963 sive
2178 932 2216 963 ex‘
2227 937 2313 963 officio

1673 981 1735 1008 ibid.
1754 996 1790 1002 —
1808 983 1899 1008 Activa
1925 982 2068 1016 aliquando
2093 981 2280 1014 praeeligenda
2299 987 2314 1006 a

1673 1027 1738 1052 viris
1757 1026 1938 1058 spiritualibus
1950 1025 2012 1053 ibid.
2032 1040 2067 1044 —
2086 1023 2314 1057 Reprehensibiles

1673 1073 1734 1095 sunt
1752 1070 1806 1103 qui,
1826 1070 1891 1096 dum
1909 1070 2002 1096 volunt
2020 1076 2108 1095 arcem
2121 1069 2314 1101 contemplatio-

1673 1114 1714 1140 nis
1732 1114 1886 1146 ascendere,
1905 1114 1997 1140 volunt
2019 1113 2156 1146 quiescere
2179 1116 2204 1139 et
2222 1113 2256 1139 ad
2278 1113 2314 1139 la-

1674 1157 1766 1183 borem
1785 1158 1893 1184 actionis
1906 1160 2028 1183 recusant
2040 1157 2201 1183 descendere
2214 1157 2265 1183 236
2280 1157 2313 1183 62

1674 1216 1706 1220 -
1722 1202 1789 1228 male
1801 1204 1968 1234 praeponunt
1980 1206 2058 1228 suum
2072 1202 2189 1228 officium
2201 1204 2315 1228 contem-

1674 1246 1782 1278 plationi
1801 1246 1854 1272 273
1873 1245 1907 1271 70

1726 1304 1762 1309 -
1780 1290 1870 1316 Virtus
1887 1291 2035 1317 activorum
2053 1291 2168 1317 reficitur
2187 1297 2235 1323 per
2254 1297 2313 1323 gra—

1674 1334 1737 1360 tiam
1756 1335 1789 1361 Vl
1809 1335 1862 1360 555
1880 1336 1896 1361 2
1916 1349 1951 1354 -
1970 1335 2153 1368 impendentes
2166 1336 2222 1361 Deo
2241 1334 2315 1361 obse-

1673 1379 1766 1412 quium
1786 1379 1872 1406 bonae
1891 1380 2052 1412 operationis
2065 1387 2112 1412 per
2131 1381 2181 1406 hoc
2200 1386 2261 1405 eum
2274 1386 2316 1405 co-

1674 1425 1868 1455 gnoscunt602
1883 1425 1897 1450 3
1916 1437 1952 1444 —-
1971 1427 2161 1457 promoventur
2180 1431 2194 1449 a
2214 1423 2314 1450 Christo

1674 1469 1699 1494 in
1713 1469 1808 1495 iustitia
1825 1472 1952 1502 quantum
1963 1469 1997 1495 ad
2011 1469 2179 1501 intellectum,
2192 1469 2314 1497 affectum

1673 1516 1699 1539 et
1717 1514 1837 1540 efrectum
1854 1513 1906 1540 574
1926 1514 1942 1540 5
1961 1528 1995 1533 —-
2015 1513 2113 1539 Activ-is
2134 1510 2315 1539 incedentibus

1674 1565 1721 1591 per
1740 1559 1810 1584 viam
1830 1558 1914 1584 bonae
1933 1558 2042 1585 actionis
2061 1559 2131 1584 Deus
2143 1557 2188 1584 dat
2201 1555 2314 1583 testimo-

1673 1603 1748 1629 nium
1768 1603 1820 1629 597
1844 1611 1871 1629 ν.
1896 1604 1932 1629 28
1949 1617 1984 1622 -
2008 1602 2190 1629 exaltabuntur
2214 1600 2314 1627 ratione

1673 1647 1794 1681 obsequii
1819 1651 1847 1674 ut
1866 1648 1956 1674 fideles
1983 1648 2053 1674 servi
2073 1647 2125 1673 596
2155 1646 2170 1673 4
2189 1660 2224 1666 -
2252 1644 2314 1671 boni

1672 1689 1843 1719 assumuntur
1861 1692 1894 1718 ad
1914 1693 2025 1725 gloriam
2047 1692 2088 1718 Vll
2108 1691 2159 1718 446
2179 1691 2213 1717 59

1726 1737 1959 1769 —intelliguntur
1983 1744 2031 1769 per
2054 1737 2194 1767 Martham,
2219 1733 2264 1761 lob
2289 1736 2315 1760 et

1673 1781 1797 1808 iacobum
1816 1782 1850 1807 Vl
1870 1782 1921 1808 592
1935 1788 1961 1806 ν.
1975 1781 2001 1807 5.
2017 1781 2068 1807 623
2088 1782 2103 1807 2
2122 1794 2158 1800 -
2177 1779 2267 1806 Activa
2280 1778 2315 1804 si-

1673 1827 1811 1858 gnificatur
1830 1833 1877 1858 per
1893 1827 2020 1852 Martham
2040 1826 2091 1852 400
2111 1826 2153 1851 31.
2174 1824 2225 1850 440
2245 1824 2261 1850 2
2280 1837 2314 1841 -

1673 1871 1763 1897 Activa
1783 1871 1946 1903 significatur
1964 1878 2012 1903 per
2030 1871 2135 1896 Petrum
2155 1869 2206 1896 528
2227 1869 2255 1894 51
2279 1881 2314 1887 -

1673 1915 1852 1947 intelliguntur
1871 1922 1919 1947 per
1938 1914 1982 1941 lob
1999 1915 2042 1941 Vll
2063 1915 2114 1940 472
2134 1914 2178 1940 31.
2197 1913 2248 1939 230
2269 1911 2312 1938 35.

1674 1959 1724 1985 348
1745 1959 1787 1985 44.
1807 1959 1858 1985 446
1878 1959 1911 1985 58
1932 1973 1966 1979 -
1985 1959 2077 1985 Activa
2096 1959 2249 1991 designatur
2267 1963 2314 1989 per

1672 2004 1745 2029 Liam
1764 2004 1817 2029 275
1835 2004 1879 2029 75.
1906 2003 1957 2029 434
1983 2004 2016 2029 23
2035 2017 2071 2023 -
2093 2003 2265 2035 designantur
2289 2001 2315 2026 in

1673 2047 1765 2080 turba,
1784 2054 1854 2080 quae
1879 2050 1999 2073 versatur
2025 2048 2050 2073 in
2074 2047 2199 2073 fluctibus
2223 2045 2314 2073 mundi

1675 2091 1726 2116 472
1746 2091 1775 2116 34
1793 2104 1828 2110 -
1841 2091 1932 2116 Activa
1945 2093 2016 2116 reete
2034 2091 2185 2123 intelligitur
2201 2098 2248 2124 per
2262 2097 2315 2116 mo-

1673 2136 1725 2161 lam
1746 2134 1796 2160 446
1821 2135 1854 2160 59
1874 2148 1909 2154 -
1933 2134 2103 2166 designantur
2130 2142 2178 2167 per
2205 2135 2315 2161 feminas

1676 2180 1803 2206 molentes
1832 2177 1894 2206 ibid.
1912 2192 1948 2198 —
1970 2178 2030 2205 Vita
2055 2179 2140 2216 activa
2163 2179 2315 2212 intelligitur

1674 2232 1722 2257 per
1750 2223 1901 2251 columbam
1920 2223 1954 2250 57
1973 2223 2016 2255 54,
2030 2223 2063 2249 57
2084 2237 2118 2242 —-
2137 2223 2314 2256 intelliguntur

1674 2276 1722 2301 per
1741 2276 1813 2295 mare
1832 2275 1952 2295 amarum
1972 2269 2006 2294 22
2026 2268 2068 2294 45.
2088 2267 2122 2293 57
2142 2268 2176 2294 55

1727 2314 1811 2340 Acras
1825 2327 1858 2332 -—-
1872 2314 1899 2339 ln
1912 2312 2021 2340 Actibus
2033 2313 2220 2345 Apostolorum
2232 2313 2315 2339 deter-

1675 2359 1787 2384 minatur
1814 2358 1950 2391 potissime
1977 2357 2096 2385 reductio
2125 2364 2173 2389 per
2200 2357 2313 2389 gratiam

1673 2403 1767 2430 Christi
1787 2403 1822 2429 ad
1840 2403 1923 2429 Deum
1945 2404 1988 2429 Vll
2009 2403 2041 2428 40
2064 2400 2127 2428 Vide
2145 2408 2170 2427 v.
2190 2401 2286 2428 Lucas.

1727 2447 1831 2474 Acumen
1851 2461 1887 2467 —
1906 2447 2028 2473 bonitatis
2056 2450 2081 2473 et
2099 2445 2241 2478 sapientiae
2266 2451 2314 2477 per

1672 2493 1778 2525 culpam
1797 2492 1944 2518 retunditur
1963 2495 1988 2518 et
2001 2498 2048 2524 per
2068 2489 2256 2518 correctionem
2275 2495 2312 2515 re-

1673 2538 1788 2564 stituitur
1807 2537 1840 2563 Vl
1861 2537 1894 2562 83
1915 2544 1939 2562 v.
1962 2537 1993 2562 40

1725 2584 1800 2609 Amu
1817 2595 1853 2601 —
1871 2581 2055 2613 interpretatur
2074 2582 2154 2606 homo
2174 2580 2217 2606 Vll
2237 2580 2269 2605 88
2296 2578 2313 2604 b

1672 2641 1707 2646 —-
1726 2630 1765 2652 est
1783 2629 1857 2658 pater
1871 2626 1949 2651 totius
1962 2625 2065 2657 generis
2085 2625 2193 2651 humani
2213 2625 2245 2650 Vl
2263 2624 2309 2649 471

1673 2678 1698 2696 ν.
1721 2671 1730 2696 4
1755 2684 1791 2690 -
1811 2671 1893 2695 sactus
1912 2672 1951 2695 est
1970 2676 1984 2695 a
2004 2670 2058 2695 Deo
2077 2669 2228 2695 immediate
2249 2667 2312 2695 ibid.

1672 2715 1822 2741 ——dicitur
1847 2715 1973 2740 formatus
1997 2721 2028 2739 ex
2047 2717 2121 2746 parte
2146 2712 2264 2746 corporis
2289 2715 2315 2738 et

1673 2762 1776 2785 creatus
1795 2766 1825 2785 ex
1851 2761 1924 2791 parte
1947 2758 2050 2784 animae
2069 2757 2129 2784 ibid.
2151 2772 2184 2776 -
2204 2757 2314 2783 edu'ctus

1673 2804 1787 2830 delimo
1816 2810 1846 2829 cx
1865 2806 1939 2835 parte
1967 2802 2085 2835 corporis
2109 2802 2160 2828 472
2188 2809 2215 2827 v.
2243 2802 2258 2827 2
2279 2815 2313 2819 -

1673 2848 1794 2874 conditus
1813 2850 1852 2873 est
1865 2854 1925 2873 cum
1940 2850 2013 2873 veste
2026 2846 2189 2872 innocentiae.
2206 2846 2247 2871 Vll
2262 2845 2312 2871 396

1673 2892 1706 2918 37
1726 2906 1761 2911 -
1780 2892 1872 2918 babuit
1890 2898 1987 2923 corpus
2006 2891 2119 2916 animale
2145 2897 2205 2916 cum
2234 2889 2315 2923 possi-

1673 2936 1771 2962 bilitate
1790 2936 1917 2962 moriendi
1938 2935 1990 2961 515
2010 2935 2043 2960 42
2066 2948 2101 2954 -
2127 2934 2161 2960 de
2179 2934 2254 2961 cuius
2278 2935 2314 2959 la-

1673 2984 1728 3006 tere
1746 2981 1855 3006 formata
1874 2983 1913 3006 est
1931 2980 2000 3010 Eva,
2018 2981 2058 3004 est
2076 2978 2161 3010 figura
2185 2978 2313 3011 passionis

1673 3024 1765 3051 Christi
1786 3024 1837 3050 595
1858 3023 1891 3049 34

1727 3083 1762 3089 —
1780 3072 1842 3095 ante
1859 3069 1962 3101 lapsum
1976 3066 2084 3093 videbat
2097 3067 2180 3092 Deum
2197 3074 2244 3099 per
2257 3073 2313 3099 spe·

1673 3114 1761 3139 culum
1781 3113 1897 3139 lucidum
1917 3115 1942 3138 et
1961 3112 2037 3138 oculo
2062 3111 2131 3137 claro
2152 3111 2182 3137 Vl
2208 3111 2260 3137 255
2281 3110 2312 3136 43

1673 3171 1708 3177 —
1728 3157 1820 3183 habuit
1834 3160 1988 3189 potestatem
2002 3154 2111 3187 regendi
2124 3155 2212 3181 omnia
2231 3158 2257 3181 et
2269 3154 2313 3181 do-

1673 3201 1790 3228 minandi
1809 3200 1933 3227 omnibus
1960 3207 2008 3232 per
2030 3198 2156 3225 rationem
2177 3198 2228 3225 472
2252 3206 2278 3224 ν.
2298 3199 2313 3224 2

1673 3259 1708 3265 -
1727 3245 1859 3278 Sapientia
1872 3244 2014 3271 custodivit
2026 3242 2110 3269 Adam
2129 3249 2144 3268 a
2163 3245 2271 3274 peccato
2287 3242 2313 3267 in

1673 3289 1790 3317 terrestri
1809 3289 1932 3321 paradiso
1951 3288 1976 3313 in
1995 3289 2062 3313 statu
2082 3286 2244 3313 innocentiae
2262 3285 2308 3311 474

1673 3341 1699 3360 ν.
1710 3334 1720 3358 4
1735 3346 1770 3353 -
1780 3332 1904 3359 liberatus
1913 3340 1928 3358 a
1939 3331 2079 3358 tentatione
2089 3330 2169 3357 hostis
2181 3330 2231 3356 475
2242 3337 2269 3356 ν.
2280 3328 2311 3355 44

1726 3391 1762 3397 -
1780 3380 1893 3403 tentatus
1912 3377 1960 3403 fult
1983 3375 2130 3402 secundum
2155 3375 2247 3407 triplex
2266 3373 2313 3399 bo-

1673 3428 1737 3448 num
1760 3420 1950 3448 commutabile
1973 3420 2016 3446 Vll
2042 3419 2075 3445 90
2100 3419 2116 3444 8
2135 3432 2170 3439 —
2194 3418 2312 3445 Tentatio
