2476 3921
15 1438 141 1460 Notandum.

742 219 936 252 COMMENT.
962 219 998 251 ΙΝ
1024 218 1263 253 EVANGELIUM
1286 219 1404 251 LUCAE
1428 219 1460 251 C.
1485 220 1560 251 xvi.

163 315 193 343 te
209 314 256 343 est
272 310 341 343 fons
357 310 456 348 vitae,
473 312 505 350 et
521 309 551 341 in
570 308 688 341 lumine
706 311 760 340 tuo
777 307 955 340 videbimus
972 307 1078 341 lumen
1092 319 1123 346 „3

161 368 193 396 et
210 371 347 396 ‘rursum
362 375 369 394 :
399 375 413 390 a
431 361 585 403 Quoniam
603 361 743 395 transibo
760 360 791 392 in
809 360 911 397 locum
931 359 1124 394 tabernaculi

161 415 373 455 admirabilis;
398 415 430 448 in
453 423 530 447 voce
553 413 775 449 exsultationis
791 416 823 446 et
836 412 1058 454 consessionis,
1075 421 1124 445 so-

163 478 223 505 nus
246 468 403 511 epulantis
419 481 449 500 ».
476 485 517 491 —
543 467 619 499 Item
643 470 690 499 est
705 466 861 508 splendor
885 466 916 498 in
940 465 1126 507 epulatione

161 522 349 564 corporali,
382 530 476 563 quem
502 521 576 553 facit
597 519 851 558 misericordia,
883 523 914 552 et
947 519 998 552 hic
1030 518 1123 557 etiam

162 575 354 614 laudandus,
386 574 424 607 de
456 583 520 616 quo
551 573 706 614 secundae
730 573 769 614 ad
792 572 971 613 Corinthios
994 581 1077 604 nono
1092 573 1123 603 ¹:

167 643 182 658 «
199 630 264 662 Non
289 638 330 662 ex
355 628 500 666 tristitia,
523 630 579 665 aut
603 626 804 665 necessitate;
823 626 955 658 hilarem
972 625 1055 658 enim
1071 625 1125 657 da-

163 686 263 715 torem
288 681 389 723 diligit
412 681 497 716 Deus
513 694 543 712 ».
570 680 606 712 Et
629 679 680 712 hic
704 678 851 721 splendor
875 678 1017 712 consistit
1033 678 1064 711 in
1080 677 1125 710 sa-

163 736 220 769 ciei
246 734 404 768 hilaritate
428 738 459 767 et
482 734 753 775 eleemosynarum
771 732 925 775 largitate.
944 732 988 764 De
1005 732 1064 764 boc
1079 731 1126 764 di-

161 790 245 823 citur
268 787 475 828 Ecclesiastici
499 787 661 830 trigesimo
686 786 809 828 primo:
841 799 856 814 «
873 785 1075 827 Splendidum
1093 785 1124 821 in

162 842 297 884 panibus
320 841 506 874 benedicent
534 839 616 876 labia
639 839 832 878 multorum,
856 841 887 871 et
912 837 1124 870 testimonium

162 894 304 928 veritatis
328 894 412 927 illius
436 893 527 926 fidele
543 907 574 925 ».
592 911 634 916 —
653 893 704 926 Est
720 892 812 925 etiam
829 891 984 934 splendor
1000 891 1030 924 in
1048 901 1125 933 θρα-

162 948 282 980 latione
306 947 459 986 carnali,
484 956 578 989 quem
603 946 676 978 facit
701 945 865 983 laiseinim
890 944 1059 977 Zachariae
1077 953 1124 977 se-

161 1002 306 1044 ptim022
336 1014 350 1030 α
368 1001 517 1043 Nunquid
548 1010 610 1033 non
646 998 877 1041 vobismetipsis
913 998 1126 1031 manducastis

161 1058 192 1088 et
214 1054 445 1096 vobismetipsis
475 1053 598 1087 bibistis
615 1056 652 1085 »Ἰ
681 1053 716 1085 Et
748 1053 805 1085 iste
838 1051 986 1096 splendor
1013 1055 1125 1084 exten-

161 1108 248 1141 ditur
272 1117 333 1140 non
359 1107 460 1140 solum
485 1107 523 1139 ad
548 1106 668 1147 fercula
691 1105 896 1147 artificialiter
922 1108 1124 1147 praeparata,

162 1161 325 1204 sedetiam
343 1160 380 1193 ad
399 1169 473 1193 vasa
493 1163 659 1202 argentea,
683 1159 722 1192 ad
747 1159 952 1202 supellectilia
977 1158 1124 1197 candida,

161 1215 199 1248 ad
222 1214 392 1254 luminaria
413 1214 631 1256 multiplicata.
658 1214 701 1251 De
725 1214 785 1246 hoc
809 1213 1000 1247 Lucanus-¹³:

306 1304 326 1330 O
346 1304 525 1337 quaesitorum
547 1306 613 1329 terra
634 1304 781 1336 pelagoque
801 1303 921 1329 ciborum

303 1348 448 1374 Ambitiosa
470 1349 551 1373 tames
570 1350 596 1373 et
614 1348 699 1373 lautae
718 1347 799 1379 gloria
820 1348 941 1372 mensae!

162 1429 205 1462 De
233 1428 293 1461 hoc
319 1428 540 1461 Bernardus4:
575 1441 591 1456 «
614 1427 761 1460 Ceterum
791 1426 936 1468 voluptas
967 1426 1121 1469 gutturis,

163 1491 244 1524 quae
269 1481 361 1514 bodie
378 1481 454 1516 tanti
472 1481 674 1519 aestimatur,
693 1480 747 1512 vix
764 1480 901 1512 duorum
918 1479 1053 1521 spatium
1071 1478 1125 1511 ob·
1145 1472 1147 1474 ’

163 1536 241 1568 tinet
263 1535 445 1577 digitorum.
470 1534 570 1567 Huius
593 1537 656 1566 tam
683 1533 820 1566 modicae
843 1533 942 1575 partis
967 1536 1028 1565 tam
1057 1532 1125 1565 exi-

162 1598 225 1632 gua
255 1588 419 1622 delectatio
451 1590 570 1630 quanta
600 1590 733 1629 paratur
760 1586 993 1623 sollicitudine!
1019 1586 1125 1627 Quan-

163 1646 225 1676 tam
257 1642 393 1684 denique
426 1641 599 1675 molestiam
632 1640 715 1682 parit
732 1643 763 1672 »t
791 1640 870 1672 Haec
894 1643 1005 1674 autem·
1024 1639 1125 1672 abun-

129 1730 132 1731 γ
163 1696 268 1730 dantia
291 1696 457 1738 epularum
484 1695 565 1737 parit
582 1695 717 1736 inopiam
736 1694 905 1736 sapientiae
921 1698 952 1726 et
968 1693 1124 1726 virtutum

0 1971 147 1993 *immisericor-

22 1998 69 2020 diae
85 1999 117 2019 cul
134 2003 147 2019 a

22 2030 64 2046 sec.
80 2025 121 2052 trip
132 2025 147 2045 i-

22 2057 66 2073 cem
75 2056 147 2078 respe-

23 2080 86 2100 elum-

25 2406 129 2434 Respecto

4 2433 100 2465 pauperis
107 2434 151 2455 lan·

43 2460 108 2487 guidi.

161 1753 193 1783 et
208 1748 391 1791 frequenter
408 1749 501 1782 etiam
520 1748 759 1790 temporalium;
778 1748 861 1784 unde
878 1747 1120 1780 Proverbiorum

162 1803 312 1845 vigesimo
343 1802 493 1844 primo-⁵:
524 1815 539 1830 «
561 1802 619 1843 Qui
651 1801 752 1844 diligit
782 1801 892 1843 epulas
924 1801 955 1833 in
987 1804 1124 1843 egestate

161 1856 242 1895 erit;
267 1856 322 1898 qui
345 1859 430 1895 amat
455 1855 562 1888 vinum
588 1858 620 1887 et
643 1854 772 1896 pinguia
795 1864 857 1886 non
882 1854 1034 1887 ditabitur
1052 1867 1082 1886 ι».

251 1910 303 1942 40.
329 1909 431 1950 (Vers.
457 1909 534 1949 20).
560 1909 599 1941 Ει
622 1912 695 1941 erat
719 1908 858 1951 quidam
879 1907 1050 1940 mendicas
1066 1911 1124 1940 etc.

162 1964 232 1999 Post
256 1962 533 1995 immisericordiae
560 1971 687 1996 causam
715 1961 887 1998 introducit
912 1961 962 1994 hic
988 1961 1125 2003 Evange-

162 2017 233 2050 lista
249 2015 547 2049 immisericordiae
563 2015 697 2057 culpam
709 2015 735 2055 β,
753 2024 848 2057 quam
865 2014 1001 2047 ostendit
1017 2023 1126 2056 repre-

161 2070 347 2104 hensibilem
363 2078 404 2103 ex
422 2069 538 2111 triplici
562 2069 817 2108 circumstantia,
837 2068 960 2102 scilicet
977 2077 1018 2101 ex
1035 2071 1125 2110 parte

161 2123 328 2166 pauperis,
353 2131 435 2165 quae
458 2122 563 2164 ipsum
589 2122 739 2156 reddebat
763 2121 978 2155 misericordia
994 2121 1125 2163 dignum

161 2180 192 2210 et
214 2176 343 2209 divitem
367 2176 457 2212 illum
481 2184 538 2217 per
562 2184 759 2217 consequens
778 2173 1062 2209 immisericordem
1095 2176 1126 2206 et

161 2230 305 2272 impium.
330 2229 515 2262 Ostenditur
537 2228 621 2261 enim
638 2228 863 2261 immisericors
879 2230 1025 2269 respectu
1040 2236 1127 2269 pau-

158 2283 250 2325 peris
274 2282 449 2325 ἰαηραίιίἱ,
474 2285 621 2323 respectu
642 2281 806 2324 pauperis
829 2280 994 2319 derelicti,
1019 2288 1126 2322 respe-

161 2341 215 2371 ctu
236 2336 401 2378 pauperis
422 2336 490 2369 Deo
514 2335 591 2374 cari
613 2339 643 2367 et
666 2334 757 2367 iusti.

252 2389 356 2421 Primo
372 2388 470 2430 igitur
487 2391 643 2431 quantum
659 2387 697 2420 ad
711 2387 877 2430 pauperis
890 2387 1046 2430 lanyuidi
1056 2396 1125 2429 eye-

162 2447 280 2475 statem
304 2442 379 2475 dicit
394 2454 400 2474 :
428 2443 468 2474 Ec
483 2445 555 2474 erat
571 2441 710 2485 quidam
726 2441 898 2473 mendicus
914 2440 1045 2473 nomine
1062 2440 1125 2473 La-

2081 223 2144 255 417

1188 316 1307 346 zai-us.
1342 307 1377 339 Et
1401 312 1474 339 nota
1498 308 1566 347 hic,
1591 309 1674 350 quod
1699 318 1771 354 cuin
1794 310 1882 342 dives
1906 311 2085 344 nominatus
2108 312 2148 344 sit

1189 360 1314 394 nomine
1331 360 1508 399 communi,
1526 370 1645 403 pauper
1662 362 1844 394 nominatur
1861 363 1985 396 nomine
2002 364 2146 405 proprio,

1189 416 1225 446 ut
1247 412 1431 445 ostendatur
1456 413 1532 445 illud
1549 414 1633 455 quod
1656 414 1772 447 dicitur
1797 415 1826 446 in
1852 415 1972 447 Psalmo
1986 416 2015 447 ⁷:
2044 429 2059 444 «
2077 417 2148 448 Par-

1189 468 1238 499 cet
1263 465 1393 511 pauperi
1418 470 1449 498 et
1473 466 1556 508 inopi
1575 480 1590 495 »
1618 470 1675 501 ete.
1692 479 1699 506 ;
1716 471 1747 500 et
1765 471 1854 509 post:
1882 481 1896 496 α
1916 469 1950 501 Et
1967 469 2149 502 honorabile

1189 528 1302 551 nomeu
1327 528 1437 551 eorum
1463 528 1568 552 coram
1595 519 1646 553 illo
1664 534 1694 551 ».
1720 521 1805 554 [Inde
1821 521 1970 554 Glossaflz
1993 536 2007 549 <1
2026 523 2147 564 Pauper

1190 572 1319 605 humilis
1343 581 1399 614 per
1423 572 1680 614 approbationem
1699 582 1739 606 ex
1758 574 1882 607 nomine
1899 574 1998 607 scitur
2016 589 2045 606 n.
2064 576 2149 608 Unde

1190 625 1343 659 Dominus
1355 625 1461 666 Moysi,
1476 625 1571 658 Exodi
1587 626 1746 667 trigesimo
1764 626 1872 658 tertio:
1892 639 1906 654 a
1921 627 2064 660 Invenisti
2079 637 2150 669 gra-

1190 678 1263 711 tiam
1281 687 1386 711 coram
1404 687 1467 717 me,
1485 682 1515 711 et
1532 682 1562 711 te
1580 678 1681 720 ipsum
1700 679 1770 711 novi
1788 688 1829 712 ex
1847 679 1972 712 nomine
1989 694 2019 718 n,
2036 683 2067 712 et
2090 681 2150 713 hoc

1190 732 1316 774 quidem
1337 741 1484 774 magnum
1502 736 1558 765 est.
1573 732 1659 766 Unde
1672 732 1743 766 licet
1759 732 1797 766 de
1813 732 1963 765 divitibus
1979 733 2102 766 dicatur
2119 734 2148 766 in

1190 785 1357 818 Psalmo⁰z
1386 798 1401 814 a
1419 785 1618 818 Vocaverunt
1641 786 1768 818 nomina
1789 795 1845 819 sua
1863 786 1892 818 in
1919 786 2013 819 terris
2036 787 2102 819 suis
2118 800 2150 825 »,

1188 838 1383 880 pauperibus
1406 838 1522 871 dicitur
1547 847 1644 881 supra
1671 838 1812 872 decimo:
1847 852 1862 867 α
1887 839 2042 878 Gaudete,
2075 840 2151 881 quia

1189 892 1317 924 nomina
1341 894 1445 924 vestra
1468 892 1586 934 scripta
1609 896 1684 925 sunt
1708 892 1737 924 in
1763 893 1857 926 caelis
1874 907 1903 924 n.

1280 946 1332 978 ltl.
1359 946 1395 979 Et
1418 949 1508 985 nota,
1533 946 1616 988 quod
1642 946 1899 980 immisericordia
1917 947 2022 979 divitis
2038 956 2149 989 aggra-

1192 1003 1283 1032 vatur
1308 1008 1349 1032 ex
1371 1000 1451 1038 boc,
1477 999 1561 1041 quod
1585 1000 1636 1032 ille
1660 1009 1780 1042 pauper
1804 1004 1872 1033 erat
1896 1000 2041 1038 unicus:
2065 1000 2148 1033 unde

1189 1053 1264 1086 dicit
1279 1053 1406 1095 quidam
1426 1053 1566 1086 Psalmus
1580 1053 1605 1073 ¹⁰
1615 1065 1626 1100 ¹:
1657 1066 1672 1081 α
1690 1054 1816 1095 Respice
1839 1054 1868 1086 in
1887 1063 1936 1086 ine
1953 1057 1984 1086 et
2000 1054 2150 1087 miserere

1190 1107 1269 1146 mei,
1294 1106 1367 1148 quia
1392 1106 1506 1139 unicus
1531 1109 1562 1139 et
1579 1115 1698 1148 pauper
1717 1116 1786 1139 sum
1806 1116 1863 1149 ego
1880 1120 1909 1139 ιι.
1928 1126 1971 1130 —
1987 1107 2067 1148 Quia
2082 1111 2150 1140 erat

1189 1160 1380 1198 menciicus;
1413 1160 1495 1193 unde
1523 1160 1609 1192 addit
1633 1160 1822 1199 mendicus,
1847 1161 1935 1202 quasi
1962 1161 2090 1202 pulsans
2112 1161 2151 1193 ad

1189 1214 1306 1247 ostium
1330 1223 1388 1256 per
1410 1214 1592 1256 petitionem
1623 1214 1914 1256 elee1n0s3‘narum3
1948 1214 2150 1255 Ecclesiastici

1189 1270 1324 1309 quarto:
1355 1280 1370 1295 «
1388 1267 1586 1312 Rogationem
1612 1267 1812 1311 contribulati
1838 1276 1877 1300 ne
1900 1268 2028 1300 abiicias
2052 1271 2085 1310 ,et
2111 1261 2151 1300 ne

1189 1324 1313 1354 avertas
1341 1321 1450 1353 faciem
1476 1324 1561 1353 tuam
1586 1321 1625 1354 ab
1649 1330 1793 1362 egeno».
1819 1340 1862 1345 —
1886 1321 1965 1362 Quia
1989 1324 2056 1353 erat
2079 1330 2150 1353 ma-

1189 1372 1350 1415 nifestum
1375 1373 1458 1406 unde
1481 1373 1565 1406 addit
1580 1386 1587 1405 :
1614 1373 1680 1413 Otii
1696 1373 1824 1406 iacebat
1839 1374 1885 1405 ad
1902 1374 2043 1406 ianuam
2060 1374 2149 1411 eius,

1190 1430 1226 1459 ut
1250 1427 1311 1459 iam
1336 1436 1397 1460 non
1422 1430 1527 1468 posset
1550 1427 1588 1459 de
1616 1426 1793 1468 ignorantia
1821 1427 1990 1465 excusari;
2023 1432 2152 1469 propter

1189 1480 1274 1522 quod
1298 1480 1418 1522 primae
1441 1479 1563 1513 loannis
1585 1480 1676 1512 tertio
1691 1481 1736 1511 ¹¹:
1766 1493 1781 1508 α
1799 1480 1858 1521 Qui
1876 1480 2004 1518 viderit,
2022 1480 2151 1513 fratrem

1189 1542 1283 1566 suum
1297 1532 1512 1569 necessitatem
1523 1532 1651 1571 habere,
1660 1536 1691 1566 et
1703 1533 1852 1565 clauserit
1866 1533 1986 1566 viscera
1998 1542 2079 1566 sua»
2093 1536 2152 1566 etc.

1189 1587 1215 1619 Ο
1224 1595 1319 1629 quam
1333 1586 1492 1619 dissimilis
1505 1589 1573 1619 erat
1585 1586 1642 1619 iste
1656 1586 1721 1619 lob!
1731 1586 1770 1618 de
1783 1595 1847 1628 quo
1860 1586 2020 1628 trigesimo
2032 1586 2152 1628 primo:

1195 1654 1210 1669 «
1228 1640 1313 1673 Foris
1337 1649 1399 1672 non
1425 1639 1539 1672 mansit
1562 1639 1768 1681 peregrinus,
1784 1639 1901 1672 ostium
1917 1648 2024 1672 meum
2042 1639 2153 1672 viatori

1189 1693 1292 1736 patuit
1307 1706 1338 1732 »;
1363 1702 1457 1735 quam
1482 1692 1642 1725 dissimilis
1666 1692 1759 1725 etiam
1779 1692 1936 1731 Abrahae,
1954 1692 2009 1734 qui
2027 1692 2154 1725 sedebat

1194 1746 1258 1778 «in
1282 1746 1362 1779 ostio
1387 1745 1630 1784 tabernaculi»,
1655 1749 1690 1778 ut
1719 1745 1823 1778 statim
1857 1746 2033 1787 susciperet
2064 1754 2154 1787 pere-

1190 1799 1315 1842 grinos,
1339 1799 1467 1832 Genesis
1489 1799 1611 1831 decimo
1634 1802 1754 1831 octavo.
1774 1817 1815 1822 —
1833 1800 2028 1841 Aggravatur
2043 1799 2153 1837 etiam,

1190 1853 1264 1895 quia
1288 1856 1356 1886 erat
1381 1852 1583 1895 lanquidas,
1608 1856 1639 1885 et
1662 1852 1731 1885 ideo
1755 1852 1861 1885 addit:
1896 1852 2066 1884 Ulceribus
2086 1852 2153 1894 ple-

1190 1916 1255 1939 nus
1266 1918 1278 1945 ;
1295 1906 1498 1939 Ecclesiastici
1517 1905 1650 1948 septimo
1664 1906 1689 1925 ¹²
1704 1918 1710 1937 ε
1741 1919 1756 1933 «
1773 1906 1837 1938 Non
1856 1909 1885 1938 te
1901 1905 2004 1947 pigeat
2026 1905 2153 1938 visitare

1190 1960 1354 1993 infirmum
1370 1972 1377 1998 ;
1402 1969 1444 1992 ex
1468 1959 1517 1992 liis
1537 1959 1620 1992 enim
1638 1959 1669 1991 in
1685 1959 1849 1992 dilectione
1866 1958 2003 1991 firmaris
2019 1970 2050 1997 »;
2067 1953 2151 1991 unde

1192 2016 1315 2055 poterat
1339 2013 1390 2045 hic
1413 2012 1534 2045 dicere:
1558 2025 1573 2040 «
1591 2012 1653 2054 Ego
1669 2021 1739 2044 suni
1758 2020 1878 2054 pauper
1895 2015 1926 2044 et
1940 2011 2048 2044 dolens
2061 2025 2076 2040 ιι
2093 2015 2151 2044 etc.

1280 2066 1333 2098 lii).
1359 2066 1460 2107 (Vers.
1490 2065 1566 2106 21).
1592 2065 1667 2098 Item
1691 2068 1899 2108 aggravatur,
1924 2064 1998 2107 quia
2021 2063 2152 2106 suitfa-

1191 2120 1347 2158 meiicus;
1371 2119 1454 2152 unde
1475 2119 1577 2152 addit:
1597 2119 1740 2161 Cupiens
1756 2118 1915 2152 saturari
1922 2130 1932 2156 ,-
1949 2118 2043 2151 Isaiae
2060 2118 2152 2162 quin-

1191 2173 1373 2216 quagesimo
1396 2176 1506 2206 octavo
1520 2173 1567 2205 ¹³:
1590 2186 1604 2202 «
1622 2174 1741 2215 Frange
1761 2173 1911 2206 esurienti
1930 2181 2042 2214 panem
2059 2175 2150 2205 tuum

1190 2231 1222 2260 et
1244 2236 1359 2269 egenos
1391 2235 1550 2269 vagosque
1581 2226 1676 2259 induc
1708 2227 1737 2259 in
1767 2226 1896 2259 domum
1922 2229 2008 2258 tuam
2025 2239 2041 2254 ι»
2070 2228 2151 2263 etc.;

1190 2285 1221 2314 et
1245 2280 1449 2313 Ecclesiastici
1475 2284 1610 2322 quarto:
1641 2293 1655 2307 «
1672 2279 1811 2312 Animam
1837 2278 2027 2311 esurientem
2048 2286 2088 2310 ne
2103 2277 2153 2310 de-

1190 2333 1334 2376 spexeris
1358 2337 1389 2366 et
1412 2341 1452 2366 ne
1474 2342 1644 2375 exasperes
1668 2341 1839 2375 pauperem
1863 2332 1894 2364 in
1920 2331 2023 2373 inopia
2047 2340 2105 2363 sua
2121 2343 2151 2362 ι).

1191 2405 1233 2410 -
1258 2386 1332 2419 Item
1357 2389 1565 2428 aggravatur,
1582 2386 1657 2428 quia
1681 2385 1775 2418 micis
1799 2388 1987 2423 contentus,
2004 2383 2088 2416 unde
2105 2392 2152 2416 se-

1191 2439 1323 2481 quitur:
1350 2439 1395 2471 De
1417 2438 1532 2477 micis,
1550 2448 1634 2482 quae
1650 2437 1810 2470 cadebant
1827 2438 1865 2470 de
1884 2447 1996 2470 mensa
2019 2436 2152 2474 divitis,-

235 2680 243 2694 ¹
266 2680 339 2706 Vers.
361 2680 387 2705 7.
406 2694 441 2699 —
462 2679 579 2709 Subinde
599 2681 727 2712 allegatur
747 2681 823 2706 Eccli.
842 2681 886 2711 31,
906 2682 948 2706 28.

233 2723 244 2738 ²
266 2725 339 2750 Vers.
360 2725 384 2749 6.
406 2738 439 2742 -
460 2725 567 2755 inferius
595 2732 643 2756 pro
669 2724 850 2758 mztllz'plitmia
877 2725 956 2752 CDF
967 2726 1018 2751 GH
1039 2725 1127 2758 intulli-

161 2768 299 2802 plicando.

233 2812 244 2829 θ
264 2813 332 2839 Libr.
354 2814 395 2839 lV.
415 2813 448 2839 de
469 2814 538 2841 Bello
557 2813 641 2844 civili,
660 2820 686 2847 xj.
707 2813 766 2844 375.
786 2821 842 2847 seq.

221 2857 244 2874 ⁴¹²
262 2859 347 2884 Serm.
367 2865 413 2885 seu
433 2857 492 2884 libr.
511 2858 545 2885 de
563 2857 741 2887 Conversione
760 2858 793 2884 ad
814 2858 937 2889 clericos,
957 2866 980 2883 c.
1000 2859 1024 2884 8.
1045 2866 1070 2884 n.
1086 2860 1127 2885 ⁴3.

234 2900 246 2916 ⁸
260 2903 340 2928 .Vers.
361 2902 404 2927 ⁴7.
423 2902 474 2929 Cl'r.
493 2902 572 2931 Card.
589 2903 668 2934 Engo
688 2902 712 2927 in
733 2903 794 2928 Luc.
816 2903 863 2935 l6,
884 2903 926 2928 ⁴9.

233 2945 245 2960 ⁰
265 2947 332 2974 Vide
351 2954 430 2979 supra
451 2955 477 2972 n.
492 2948 540 2973 35.
559 2961 594 2966 —
612 2947 722 2973 inferius
750 2950 810 2979 post
837 2954 873 2973 ea:
897 2949 979 2981 parte
994 2948 1128 2981 pauperis

165 2991 223 3016 Vat.
244 2991 431 3024 prosequitur:
456 2991 506 3024 qui
522 2990 556 3017 ab
577 2990 752 3024 Evunqelssia
771 2990 921 3017 ostenditur
940 2990 1128 3018 misericordia

163 3034 275 3068 dianus,
296 3036 320 3061 et
338 3034 410 3061 dives
430 3034 476 3061 iile
493 3042 542 3068 per
562 3041 725 3068 consequens
745 3033 939 3066 inmisericors
958 3037 983 3061 el.
1001 3035 1110 3069 impius.

234 3076 243 3091 ⁷
265 3079 358 3104 Psalm.
377 3079 421 3109 7⁴,
441 3079 484 3106 43.
504 3082 530 3104 et
549 3079 592 3104 44.
609 3092 647 3105 ,-
664 3077 812 3110 chrysost,
833 3079 927 3105 Homil.
953 3080 979 3104 1.
1003 3086 1033 3105 ex
1058 3080 1126 3114 Luca

163 3129 187 3149 c.
207 3122 254 3153 to,
274 3129 342 3155 quae
362 3122 512 3152 inscribitur
531 3122 668 3151 deDivile
682 3123 734 3155 (ed.
750 3123 846 3152 Vellet.
867 3129 909 3148 an.
930 3123 1025 3155 ⁴583),
1045 3130 1126 3156 quain

163 3165 241 3190 etiam
262 3166 287 3190 S.
308 3165 403 3191 Tuom.
424 3165 489 3199 (Cat.
509 3173 588 3193 aurea
608 3166 632 3192 in
654 3167 716 3192 Luc.
737 3167 779 3193 lo.
798 3173 823 3192 n.
845 3166 880 3199 4.)
899 3166 981 3192 affert.
1002 3167 1127 3193 Lazarus

165 3209 349 3241 interpretatur
377 3209 425 3243 qui
448 3209 560 3237 adiutus
579 3212 632 3242 est,
650 3218 705 3236 non
725 3214 764 3237 est
783 3211 899 3243 adiutor,
927 3211 974 3237 scd
1003 3211 1126 3242 adiutus3

163 3259 267 3284 pauper
286 3252 355 3284 onim
376 3256 446 3284 erat,
466 3257 498 3279 ,et
516 3254 807 3288 inpaupertatepillum
829 3254 956 3280 Dominus
975 3254 1127 3281 adiuvabat.

235 3295 246 3310 ⁸
265 3297 367 3323 Scilicet
385 3296 568 3324 interlinearis
578 3307 589 3330 ‚·
618 3299 664 3324 cfr.
691 3306 772 3332 supra
797 3305 860 3333 pag.
881 3298 946 3329 tto,
967 3299 1071 3333 notaj2.
1091 3312 1127 3318 --

165 3341 288 3374 Sequitur
307 3341 387 3367 Exod.
408 3341 456 3373 33,
475 3342 520 3366 42.

235 3383 247 3398 ⁹
267 3385 359 3412 psalm.
380 3385 427 3417 48,
444 3386 489 3411 42.
509 3389 535 3411 ct
551 3385 649 3419 deindo
668 3387 729 3413 Luc.
751 3387 800 3419 40,
814 3388 863 3422 ,2⁰-

274 3437 304 3464 S.
324 3438 428 3465 Bonae.
438 3452 474 3458 —
488 3438 566 3465 Tom.
580 3439 634 3465 Vll.

1265 2678 1287 2694 ¹⁰
1307 2680 1391 2705 Psalm
1413 2679 1461 2710 24,
1483 2679 1525 2704 16.
1545 2693 1577 2697 --
1598 2678 1716 2704 Subinde
1736 2679 1862 2710 allegatur
1882 2678 1955 2703 [ccli.
1978 2678 2007 2706 i.
2028 2678 2053 2703 4.

1265 2723 1286 2738 ¹¹
1307 2724 1382 2749 Vcrs.
1400 2723 1443 2749 117.
1464 2737 1498 2742 —
1519 2724 1574 2748 Duo
1594 2730 1668 2756 seqq.
1696 2722 1744 2748 loci
1773 2726 1832 2748 sunt
1852 2721 1896 2747 lob
1916 2722 1957 2753 321,
1985 2722 2027 2747 32.
2045 2725 2071 2747 et
2090 2722 2153 2747 Gen.

1195 2769 1241 2801 ⁴8,
1262 2768 1287 2793 l.
1306 2775 1381 2801 seqq.
1401 2768 1450 2793 Pro
1470 2766 1518 2801 qui
1528 2766 1634 2794 sedebat
1648 2767 1769 2798 (Vulgata
1783 2765 1893 2799 sedenti)
1914 2765 1932 2792 C
1946 2766 1965 2791 D
1976 2766 1993 2791 F
2004 2767 2023 2791 t}
2044 2765 2091 2800 qui
2102 2767 2153 2792 sla-

1193 2812 1245 2839 bac.
1266 2812 1414 2844 chrysost„
1434 2813 1483 2838 loc.
1502 2812 1559 2838 cit.:
1580 2812 1640 2838 idco
1660 2811 1762 2837 iacebat
1780 2812 1814 2837 ad
1834 2812 1952 2842 ianuam,
1973 2817 2000 2836 υι
2019 2811 2154 2836 crudelita-

1193 2860 1244 2883 tem
1265 2857 1354 2883 divitis
1373 2857 1399 2882 in
1419 2864 1467 2882 suo
1486 2863 1597 2888 corpore
1626 2857 1834 2886 deniensti·ai·et;
1862 2856 1923 2881 ideo
1948 2854 2050 2882 iacebat
2068 2854 2101 2880 ad
2122 2855 2154 2879 ia·

1193 2908 1288 2932 nuam,
1308 2909 1340 2927 ne
1358 2901 1433 2927 dives
1451 2901 1566 2930 diceret:
1587 2901 1640 2926 Nou
1662 2900 1731 2930 vidi,
1748 2900 1773 2925 in
1787 2900 1883 2931 angulo
1899 2899 2089 2933 tuit,·aspicere
2103 2906 2152 2924 non

1193 2946 1282 2978 potui,
1301 2953 1380 2971 nemo
1401 2945 1464 2970 milii
1490 2944 1643 2977 nuntiabat;
1663 2944 1765 2970 iaccbat
1782 2948 1843 2970 anto
1862 2945 1981 2974 ianuam,
2003 2942 2109 2969 videbat
2128 2943 2154 2968 il-

1194 2990 1247 3015 lum
1267 2993 1293 3015 et
1311 2990 1399 3026 eniens
1418 2992 1443 3015 et
1462 2992 1605 3015 revertens.

1265 3033 1287 3048 ¹²
1307 3034 1382 3065 Vers.
1402 3034 1450 3064 39,
1470 3033 1512 3059 cui
1532 3032 1700 3064 subiungitur
1714 3033 1754 3058 Ps.
1768 3033 1816 3064 68,
1836 3033 1877 3058 30.
1892 3046 1927 3051 —
1939 3032 2086 3063 chrysost,
2100 3032 2149 3057 loc.

1193 3079 1236 3114 Cit-
1254 3079 1306 3104 ait:
1326 3079 1383 3104 Non
1403 3077 1517 3104 babebat
1536 3084 1616 3103 uuum
1637 3078 1723 3108 ulcus,
1743 3080 1825 3102 totum
1845 3084 1942 3108 corpus
1962 3077 2046 3101 ulcera
2067 3080 2152 3106 eram,

1193 3127 1221 3148 ut
1240 3123 1396 3155 magnitudo
1416 3129 1559 3154 poenarum
1581 3123 1676 3147 faceret
1694 3121 1901 3152 magnitudinem
1922 3120 2126 3146 misericordiae.

1265 3165 1285 3181 ¹³
1307 3167 1382 3194 Vers.
1403 3167 1428 3192 7.
1448 3170 1473 3192 et
1491 3166 1588 3192 deinde
1604 3166 1681 3191 Eccli.
1702 3165 1730 3196 5,
1751 3166 1775 3190 2.
1794 3178 1830 3183 —
1849 3164 1996 3196 Clirysost.,
2016 3165 2065 3190 loc.
2092 3158 2151 3189 cit:

1192 3212 1260 3238 luter
1279 3215 1349 3240 tanta
1368 3212 1478 3237 vulnera
1497 3218 1549 3236 non
1569 3210 1687 3236 meminit
1706 3210 1811 3235 dolores
1830 3209 1983 3240 plagarum,
2002 3209 2048 3235 sed
2062 3209 2150 3239 ramis,

1191 3255 1301 3290 cupiens
1318 3254 1444 3282 saturari
1461 3254 1493 3281 de
1511 3253 1603 3285 micis,
1624 3260 1693 3287 quoe
1706 3252 1808 3280 cadunt
1819 3252 1850 3279 de
1864 3259 1957 3279 mensa
1970 3252 2073 3284 ιίἰείἰιζς,
2087 3259 2151 3285 quo-

1192 3300 1254 3326 dam
1275 3299 1356 3334 modo
1375 3299 1466 3325 dicens
1493 3298 1527 3324 ad
1555 3298 1682 3324 divitem:
1702 3297 1838 3323 Sufficiunt
1857 3296 1920 3322 milii
1941 3297 2024 3322 micae
2043 3303 2150 3322 mensae

1192 3347 1266 3378 tuae;
1286 3342 1485 3376 quod-proficis
1504 3342 1538 3368 de
1558 3348 1644 3367 mensa
1660 3340 1758 3373 praebe
1771 3341 1979 3373 eleemosynam,
2000 3341 2038 3366 sac
2052 3340 2150 3366 damno

1193 3388 1306 3414 lucrum.

2009 3437 2041 3462 53

2168 319 2296 340 Notandum.

2166 954 2315 975 immisericor-

2173 981 2209 1002 dia
2216 987 2315 1011 aggrava-

2175 1011 2209 1028 tur
2223 1014 2259 1029 sex
2276 1014 2315 1028 cir-

2173 1035 2314 1056 cummunis.
