2476 3921
294 258 354 289 178
881 251 1074 284 COMMENT.
1100 251 1136 284 IN
1159 251 1398 284 EVANGELIUM
1422 251 1539 284 LUCAE
1564 251 1595 283 C.
1622 251 1682 284 Vll.

378 344 430 375 49.
460 342 560 381 (Vers.
586 342 663 381 25.).
696 340 838 373 Secundo
872 348 946 372 vero
980 339 1128 372 subditur
1162 348 1246 372 com-

137 406 196 430 item.
211 405 276 435 ansn-
289 395 444 429 mendatio
460 393 675 426 abstinentiae
693 392 813 425 Ioannis
830 396 975 434 respectu
996 391 1227 424 delectabilium
1237 403 1245 430 ;

134 433 206 454 ”⁰⁰⁸²
220 437 274 453 ’Μ’
289 452 416 490 propter
441 446 524 489 quod
548 446 636 478 dicit:
663 445 724 478 Sed
748 445 830 488 quid
851 445 966 477 existis
988 444 1122 477 videre?
1144 444 1175 476 id
1199 446 1247 476 est

289 500 503 534 considerare:
537 499 707 531 Hominem
738 497 891 530 mollibus
922 497 1121 530 vestimentis
1151 497 1246 529 vesti-

289 558 358 586 tum
372 553 406 585 ¹?
419 552 507 594 quasi
520 552 619 584 dicat:
637 560 714 590 non;
732 552 860 584 loannes
876 551 959 583 enim
975 551 1191 583 sanctissimus
1206 550 1246 583 ab

1312 338 1384 371 licet
1414 343 1570 381 quantum
1595 339 1634 371 ad
1658 338 1889 381 limpiditatem
1921 339 1957 371 in
1988 339 2209 381 cognoscendo
2241 342 2272 371 et

1311 395 1465 433 quantum
1500 391 1540 424 ad
1574 392 1807 424 auctoritatem
1836 392 1872 423 in
1901 391 2063 430 docendo,
2096 401 2176 434 quae
2208 391 2271 424 duo

1310 444 1484 487 perfectum
1510 444 1647 477 reddunt
1670 444 1807 477 doctoris
1830 444 1980 477 officium.

1400 498 1503 530 Primo
1527 507 1602 540 ergo
1626 502 1780 540 quantum
1798 497 1837 530 ad
1854 497 2086 540 limpiditatem
2102 498 2138 530 in
2154 507 2271 541 cogno·
2289 504 2423 528 Commenta·
2444 498 2445 504 ¹

1309 552 1428 584 scendo
1451 551 1593 584 divinum
1617 551 1803 592 mysterium
1827 551 1963 583 dicitur:
1981 551 2045 584 Sed
2060 551 2141 595 quid
2156 552 2271 584 existis
2281 530 2430 585 ωἷιιιᾞέἶῖιῳ

2442 419 2445 436 1

2321 584 2406 607 scendo.

135 2421 166 2443 De
182 2421 275 2442 secundo

133 2448 167 2469 vel
173 2448 200 2469 de
208 2447 278 2469 officio

148 2474 258 2496 doctrinae

180 2500 230 2522 duo.

288 606 371 639 omni
396 605 524 637 mollitie
548 604 739 637 carnalitatis
762 608 830 637 erat
853 604 989 642 alienus,
1014 603 1096 636 sicut
1129 603 1246 636 dicitur

288 659 431 692 Matthaei
448 658 558 691 tertio:
578 671 592 686 α
606 657 741 690 Habebat
757 661 862 690 autem
880 657 1007 690 loannes
1024 656 1246 689 vestimentum

287 712 325 745 de
342 712 411 753 pilis
427 710 638 749 camelorum,
655 718 726 742 esca
742 712 847 742 autem
871 709 940 742 eins
957 712 1047 741 erant
1063 709 1202 741 locustae
1214 721 1244 740 ι).

287 765 339 797 Hic
370 773 443 797 vere
475 767 543 796 erat
573 763 611 796 de
642 772 776 796 numero
807 763 949 795 virorum
974 762 1245 804 evangelicorum,

287 819 316 851 in
341 826 478 860 quorum
497 825 631 859 persona
647 816 767 858 primae
790 815 828 848 ad
851 816 1050 848 Timotheum
1067 818 1159 848 sexto
1172 815 1184 834 ²
1200 814 1246 847 di-

287 872 386 905 citur:
416 884 432 899 α
449 870 601 903 Habentes
625 869 772 902 alimenta
794 873 825 902 et
853 868 971 910 quibus
1002 872 1164 910 tegamur,
1197 867 1247 900 his

287 923 423 957 contenti
447 923 546 956 simus
562 934 593 961 »;
618 922 739 965 quibus
756 927 910 964 teyamur
926 921 1015 959 dicit,
1032 930 1112 953 non:
1129 920 1247 963 quibus

286 984 447 1008 ornemur.
473 974 651 1007 Bernartius
674 974 713 1006 ad
736 974 909 1015 Eugenium
922 974 935 1005 :'
959 986 974 1001 α
991 973 1125 1015 Apostoli
1150 972 1247 1005 fortes

286 1029 416 1062 fuerunt
439 1029 470 1061 in
494 1028 593 1067 bello,
618 1037 680 1060 non
704 1027 813 1060 molles
836 1027 867 1059 in
892 1027 1009 1065 seric03
1034 1026 1145 1068 quodsi
1163 1026 1248 1058 filius

286 1093 320 1117 es
344 1082 560 1125 Apostolorum
584 1085 615 1114 et
633 1081 879 1123 Prophetarum,
896 1084 927 1113 et
944 1084 979 1113 tu
996 1080 1043 1113 fac
1059 1080 1203 1113 similiter
1217 1093 1246 1111 ι).

288 1137 346 1170 Sed
369 1137 423 1179 qui
449 1137 508 1168 hoc
533 1135 601 1168 vult
624 1135 741 1173 facere,
765 1137 890 1176 oportet
913 1134 997 1176 quod
1014 1133 1138 1166 deserat
1155 1142 1248 1165 mnn-

286 1190 362 1223 dum
386 1193 416 1222 et
440 1198 512 1221 cum
546 1188 657 1220 Ioanne
680 1190 774 1220 exeat
798 1187 830 1219 in
852 1187 1024 1219 desertum.
1049 1205 1093 1210 ——
1119 1186 1248 1228 Propter

286 1243 369 1285 quod
383 1242 541 1284 adiungit:
558 1242 647 1279 Ecce,
664 1240 723 1284 qui
739 1240 774 1273 in
790 1244 873 1272 veste
881 1240 1031 1282 pretiosa
1047 1243 1127 1272 sunt
1142 1244 1171 1271 et
1185 1239 1222 1271 in
1234 1239 1247 1258 ³

288 1296 413 1329 deliciis
444 1296 480 1327 in
512 1294 665 1327 domibus
692 1303 811 1336 regum
833 1297 933 1331 suta,-
956 1293 1045 1335 quasi
1071 1293 1170 1325 dicat:
1195 1301 1248 1325 ve-

287 1350 342 1383 stis
366 1349 503 1392 pretiosa
526 1352 557 1381 et
581 1348 644 1380 vita
666 1347 812 1380 deliciosa
835 1350 910 1379 sunt
934 1347 1097 1379 hominum
1114 1346 1248 1379 munda-

287 1412 416 1441 norum,
445 1412 507 1434 non
532 1402 674 1434 virorum
699 1400 910 1442 spiritualium
935 1404 965 1432 et
990 1400 1245 1433 christianorum.

287 1457 372 1490 Unde
404 1456 524 1498 primae
555 1455 636 1488 Petri
666 1454 784 1487 tertio¹
819 1454 936 1486 dicitur
970 1453 1009 1486 de
1041 1453 1246 1486 mulieribus:

293 1524 308 1539 «
326 1511 466 1552 Quarum
492 1519 552 1542 non
582 1509 621 1541 sit
652 1508 853 1541 extrinsecus
888 1507 1074 1549 capillatura
1105 1511 1161 1540 aut
1185 1508 1246 1540 cir-

287 1564 445 1597 cumdatio
468 1563 537 1595 auri
570 1566 601 1595 et
624 1562 744 1604 argenti
770 1564 825 1594 aut
847 1561 1021 1594 indumenti
1051 1562 1248 1594 vestimento-

289 1627 360 1650 rum
386 1617 534 1650 cultus».
559 1616 661 1657 Super
692 1624 756 1657 quo
786 1614 974 1656 Gregorius:
1005 1627 1019 1642 «
1039 1614 1133 1646 Nemo
1157 1618 1248 1656 putet

288 1672 318 1703 in
344 1671 432 1703 cultu
457 1670 665 1712 pretiosarum
692 1669 824 1701 vestium
848 1668 956 1700 deesse
979 1672 1154 1709 peccatum.
1173 1668 1248 1700 Pen—

287 1728 370 1762 sate‚
395 1732 476 1765 quae
504 1723 597 1764 culpa
627 1722 667 1754 sit
700 1722 758 1754 hoc
793 1721 885 1753 etiam
921 1721 1006 1753 viros
1040 1724 1206 1762 appetere,
1230 1730 1249 1753 a

287 1787 351 1820 quo
374 1777 498 1810 curavit
534 1780 638 1817 pastor
670 1775 823 1808 Ecclesiae
852 1774 945 1806 etiam
978 1774 1108 1807 feminas
1141 1774 1248 1816 prohi-

287 1831 362 1864 bere
378 1844 409 1862 ».
435 1828 616 1862 Huiusmodi
642 1837 777 1870 namque
802 1827 989 1860 vestimenta
1012 1827 1149 1869 pretiosa
1173 1831 1249 1860 sunt

288 1884 425 1917 carnalia
459 1886 490 1916 et
524 1882 687 1920 deliciosa,
712 1881 742 1913 in
767 1880 885 1913 deliciis
920 1884 1025 1913 autem
1051 1881 1248 1922 periclitatur

288 1936 461 1980 spiritualis
477 1936 557 1975 vita;
580 1935 663 1968 unde
686 1935 805 1977 primae
829 1933 868 1966 ad
884 1934 1082 1967 Timotheum
1099 1934 1247 1976 quinto⁵:

294 2003 309 2019 «
325 1990 444 2029 Vidua,
468 1998 549 2032 quae
573 1988 604 2021 in
635 1988 754 2021 deliciis
778 1991 842 2025 est,
868 1987 976 2020 vivens
1000 1991 1125 2020 mortua
1153 1992 1200 2020 est
1216 1999 1248 2026 »;

289 2043 435 2076 Ieremiae
467 2042 627 2085 trigesimo
658 2041 778 2083 primo:
809 2054 823 2069 α
842 2041 1010 2083 Usquequo
1045 2041 1163 2074 deliciis
1186 2041 1249 2073 dis-

288 2097 433 2136 solveris,
450 2097 514 2129 filia
530 2105 608 2138 vaga
624 2099 658 2128 »2
682 2094 863 2128 Huiusmodi
888 2098 993 2127 autem
1012 2098 1113 2127 vestes
1134 2094 1250 2137 pretio-

288 2159 340 2183 sae
363 2154 394 2183 et
416 2150 579 2183 deliciosae
603 2153 837 2182 consueverunt
860 2157 928 2181 esse
950 2157 1048 2180 vanae
1064 2148 1181 2190 gloriae
1198 2156 1249 2180 oc-

288 2204 387 2242 casio;
412 2206 443 2236 et
467 2203 536 2236 ideo
559 2203 661 2236 addit:
688 2203 727 2235 1η
759 2201 912 2234 domibus
948 2211 1063 2244 repam
1089 2205 1188 2239 sunt,-
1211 2201 1250 2233 de

289 2265 353 2298 quo
377 2256 580 2289 Ecclesiastici
606 2256 815 2289 undecimo⁶z
846 2255 910 2287 «ln
936 2255 1051 2288 vestitu
1075 2263 1114 2287 ne
1137 2254 1250 2296 glorie-

290 2309 333 2342 ris
356 2318 514 2352 unquam,
539 2318 595 2341 nec
621 2309 650 2341 in
675 2309 724 2341 die
750 2309 878 2342 honoris
902 2309 948 2341 tui
973 2308 1137 2341 extollaris
1154 2321 1184 2339 n.

379 2363 441 2404 502
456 2362 556 2403 (Vers.
586 2363 663 2401 26.).
690 2362 752 2395 Sed
775 2362 856 2405 quid
879 2362 995 2394 existis
1017 2360 1148 2400 vjdere?
1166 2361 1251 2393 Post-

289 2426 384 2458 quam
408 2415 638 2449 commendavit
673 2416 813 2448 Salvator
850 2415 995 2448 loannem
1028 2419 1182 2457 quantum
1211 2414 1250 2447 ad

290 2469 438 2502 meritum
462 2469 559 2507 vitae,
584 2469 635 2501 hic
659 2468 854 2501 commendat
877 2472 1031 2510 quantum
1049 2467 1086 2500 ad
1104 2467 1251 2511 officium

290 2523 479 2560 doctrinae,
504 2525 535 2554 et
560 2524 645 2554 recto
676 2521 803 2560 ordine,
835 2521 909 2563 quia
941 2522 1028 2563 prior
1059 2521 1152 2554 debet
1183 2529 1250 2553 esse

292 2575 354 2607 vita
389 2575 470 2607 bona
501 2584 595 2617 quam
627 2574 769 2607 doctrina
792 2574 982 2607 authentica.
1007 2573 1251 2606 Commendatur

290 2632 395 2661 autem
421 2628 594 2660 doetrinae
617 2627 763 2671 officium
787 2629 817 2661 in
843 2629 955 2661 Ioanne
979 2627 1166 2670 dupliciter,
1191 2627 1251 2660 sci-

1310 604 1444 637 videre?
1482 603 1706 647 Prophetam?
1729 604 1780 636 cui
1816 603 1933 637 scilicet
1969 604 2121 637 Dominus
2152 604 2271 637 revelet

1310 657 1436 696 futura,
1461 658 1635 690 secundum
1659 657 1736 690 illud
1761 659 1852 690 Amos
1876 657 2012 690 tertio⁷:
2035 671 2050 686 α
2067 658 2173 700 Neque
2189 658 2272 691 enim

1310 711 1383 743 facit
1407 711 1560 744 Dominus
1591 711 1676 744 Deus
1712 710 1863 750 verbum,
1887 711 1947 743 nisi
1971 711 2061 752 prius
2085 711 2273 744 revelaverit

1311 767 1468 797 secretum
1502 773 1597 797 suum
1633 764 1672 796 ad
1706 772 1815 796 servos
1845 773 1920 796 suos
1952 764 2124 806 Prophetas
2140 777 2171 796 ι).
2196 764 2272 797 Huic

1311 820 1416 849 autem
1452 826 1514 850 non
1549 817 1651 850 solum
1687 816 1796 849 futura
1828 816 2002 858 praedixit,
2028 816 2080 849 sed
2110 816 2202 849 etiam
2240 825 2273 850 se

1311 870 1561 912 praesentialiter
1584 869 1736 909 ostendit;
1762 873 1792 902 et
1816 869 1885 902 ideo
1909 869 2011 902 addit:
2043 869 2176 911 Utique,
2200 869 2273 912 dico

1311 922 1402 955 vobis
1411 949 1420 961 ,
1434 927 1462 955 et
1474 923 1553 965 plus
1566 933 1668 966 quam
1686 922 1899 965 Prophetam.
1914 923 1957 955 De
1970 932 2034 965 quo
2050 922 2232 955 Ambrosius
2244 922 2272 954 ⁸:

1317 989 1333 1004 «
1349 976 1429 1017 Quia
1452 976 1542 1009 multi
1567 977 1737 1018 cupierunt
1760 986 1832 1009 eum
1857 976 1981 1015 videre,
2006 985 2100 1018 quem
2126 976 2184 1009 iste
2201 985 2273 1018 pro-

1312 1029 1470 1071 phetavit,
1487 1038 1581 1071 quem
1599 1029 1657 1062 iste
1673 1029 1856 1071 conspexit,
1873 1038 1967 1071 quem
1985 1029 2043 1062 iste
2060 1029 2229 1071 baptizavit
2242 1042 2272 1068 »;

1312 1081 1399 1120 ideo,
1423 1081 1614 1114 ostendendo
1641 1081 1803 1114 Christum
1828 1081 1924 1123 digito
1948 1086 1979 1114 et
2003 1081 2136 1114 videndo
2163 1082 2273 1120 oculo,

1312 1134 1381 1167 aliis
1405 1134 1569 1176 Prophetis
1593 1134 1653 1167 fuit
1676 1135 1881 1167 excellentior
1897 1138 1929 1167 et
1945 1135 2074 1174 beatior,
2100 1135 2274 1168 secundum

1312 1188 1389 1220 illud
1414 1188 1495 1220 infra
1518 1188 1683 1221 decimo⁹:
1713 1201 1728 1216 «
1746 1188 1828 1221 Beati
1853 1189 1951 1227 oculi,
1976 1189 2030 1231 qui
2063 1188 2169 1221 vident
2192 1197 2274 1230 quae

1313 1250 1368 1274 vos
1391 1241 1513 1274 videtis.
1538 1241 1614 1274 Dico
1637 1241 1721 1274 enim
1747 1241 1852 1280 vobis,
1876 1241 1960 1283 quod
1985 1242 2075 1274 multi
2102 1241 2274 1283 Prophetae

1312 1298 1343 1327 et
1367 1303 1457 1336 reges
1480 1295 1652 1327 voluerunt
1676 1295 1783 1346 videre
1814 1304 1896 1337 quae
1920 1304 1975 1327 vos
1999 1295 2128 1334 videtis,
2153 1298 2184 1328 et
2212 1304 2273 1327 non

1312 1347 1506 1380 viderunt».
1534 1348 1567 1380 Et
1592 1347 1679 1387 ideo,
1703 1348 1779 1390 quia
1801 1348 2009 1381 excellentius
2033 1348 2093 1381 fuit
2115 1348 2183 1388 eius
2206 1348 2275 1381 offi-

1311 1401 1396 1433 cinm
1420 1410 1515 1443 quam
1541 1401 1789 1443 Prophetarum,
1815 1401 1883 1434 ideo
1908 1401 2054 1443 Baptista,
2072 1402 2193 1434 loannis
2210 1401 2274 1444 pri-

1313 1463 1363 1486 mo
1377 1454 1414 1492 ¹⁰,
1439 1454 1613 1487 Pharisaeis
1637 1454 1883 1496 quaerentibus:
1913 1467 1927 1483 «
1947 1455 2102 1497 Propheta
2125 1464 2158 1487 es
2182 1458 2236 1487 tu?
2255 1469 2269 1483 n

1313 1507 1494 1549 respondet:
1517 1520 1532 1536 «
1546 1508 1610 1540 Non
1629 1517 1710 1547 sum,
1728 1507 1782 1540 sed
1798 1517 1862 1540 vox
1878 1508 2041 1541 clamantis
2057 1508 2088 1540 in
2105 1509 2230 1541 deserto
2243 1522 2273 1541 ».

1312 1560 1372 1593 Nec
1396 1564 1443 1593 est
1466 1560 1572 1602 aliqua
1607 1561 1829 1600 contradictio,
1855 1561 1908 1594 sed
1943 1562 2163 1601 consonantia,
2200 1562 2275 1605 quia

1309 1612 1473 1656 propheta
1497 1613 1648 1655 praedicit
1679 1614 1788 1646 futura
1811 1618 1843 1647 et
1866 1615 2023 1654 absentia,
2056 1615 2110 1648 sed
2133 1624 2198 1648 vox
2221 1624 2276 1658 pa-

1313 1666 1418 1699 tefacit
1442 1666 1628 1707 praesentia.

1404 1720 1455 1751 51.
1481 1719 1582 1760 (Vers.
1609 1720 1686 1755 27).
1712 1720 1854 1752 Secundo
1879 1729 1953 1752 vero
1977 1723 2132 1762 quantum
2149 1720 2189 1753 ad
2213 1730 2276 1753 au-

1313 1773 1496 1806 ctoritatem
1520 1773 1556 1805 in
1580 1773 1723 1805 docendo
1747 1782 1804 1815 per
1827 1773 1970 1806 divinum
1994 1773 2176 1806 mandatum
2200 1774 2276 1807 dici-

1314 1829 1384 1859 tur:
1410 1826 1473 1858 Hic
1496 1830 1560 1865 est,
1584 1826 1623 1858 de
1658 1836 1722 1869 quo
1756 1827 1921 1869 scriptum
1944 1831 2009 1866 est,
2042 1827 2159 1860 scilicet
2183 1827 2276 1860 Mala-

1313 1880 1402 1913 chiae
1426 1879 1519 1912 tertio
1534 1880 1569 1918 ¹¹,
1587 1879 1640 1912 ubi
1659 1880 1800 1922 loquitur
1824 1880 1914 1913 Pater
1933 1880 1972 1913 ad
1995 1881 2126 1914 Filium:
2156 1894 2171 1910 «
2188 1881 2276 1921 Ecce,

1313 1942 1370 1975 ego
1387 1933 1476 1965 mitto
1499 1932 1645 1974 angelum
1672 1942 1777 1966 meum
1791 1947 1822 1972 n,
1847 1933 1878 1966 id
1901 1937 1949 1967 est
1972 1934 2119 1967 nuntium
2141 1935 2276 1968 authen-

1314 1987 1429 2025 ticum,
1456 1987 1619 2025 loannem,
1644 1986 1698 2031 qui
1731 1987 1869 2030 anyelus
1892 1987 2009 2021 dicitur
2041 1997 2102 2021 non
2127 1988 2276 2031 simplici-

1313 2043 1377 2073 tate
1408 2043 1557 2078 naturae,
1586 2040 1640 2072 sed
1671 2041 1859 2074 auctoritate
1888 2041 2067 2081 doctrinae,
2100 2042 2275 2075 secundum

1314 2093 1391 2126 illud
1426 2093 1594 2126 Malachiae
1626 2094 1781 2127 secundo:
1812 2095 1937 2128 «Labia
1969 2095 2139 2129 sacerdotis
2174 2099 2275 2129 custo·

1313 2147 1399 2180 dient
1434 2147 1615 2186 scientiam,
1648 2151 1679 2180 et
1711 2148 1809 2190 legem
1836 2148 1999 2191 requirent
2022 2148 2060 2181 de
2095 2158 2150 2182 ore
2186 2149 2273 2189 eius,

1314 2201 1389 2243 quia
1412 2201 1543 2243 angelus
1566 2201 1688 2234 Domini
1718 2202 1919 2235 exercituum
1944 2205 2037 2235 est».
2063 2201 2133 2235 Ideo
2169 2205 2275 2236 autem

1314 2254 1430 2287 dicitur
1462 2255 1590 2288 loannes
1624 2255 1765 2287 nuntius
1793 2255 1832 2288 ad
1863 2255 1991 2288 modum
2024 2256 2147 2298 Angeli,
2180 2256 2273 2298 quia,

1315 2308 1399 2349 sicut-
1419 2308 1523 2350 Angeli
1554 2321 1569 2336 α
1586 2308 1692 2341 vident
1709 2308 1817 2341 faciem
1838 2309 1935 2341 Patris
1949 2309 1976 2328 ¹²
1990 2323 2004 2338 n
2027 2309 2057 2341 in
2075 2309 2213 2349 Deitate‚
2231 2310 2275 2343 sic

1314 2360 1380 2402 ipse
1404 2360 1481 2393 vidit
1504 2361 1613 2394 faciem
1639 2361 1753 2399 Christi
1778 2365 1810 2395 et
1832 2362 2019 2395 monstravit
2046 2362 2076 2394 in
2106 2371 2210 2396 carne.
2233 2382 2275 2387 —

1315 2414 1444 2455 Propter
1468 2414 1553 2456 quod
1576 2414 1677 2447 addit:
1705 2417 1788 2448 Ante
1811 2414 1935 2458 faciem
1959 2418 2071 2453 tuam,
2096 2415 2126 2448 id
2150 2420 2197 2449 est
2221 2425 2276 2458 ap-

1314 2467 1500 2509 paritionem
1526 2467 1556 2499 in
1581 2476 1692 2506 carne,
1716 2468 1755 2501 de
1778 2477 1841 2510 qua
1859 2469 1888 2500 in
1910 2468 2028 2501 Psalmo
2042 2468 2085 2500 ¹³:
2109 2481 2124 2497 «
2141 2468 2276 2502 Ostende

1314 2520 1404 2552 nobis
1428 2520 1536 2553 faciem
1564 2524 1669 2560 tuam,
1693 2526 1724 2554 et
1759 2522 1835 2555 salvi
1868 2522 1987 2554 erimus
2004 2535 2034 2553 n.
2060 2522 2142 2554 Hanc
2166 2522 2276 2555 faciem

1314 2572 1511 2606 desiderabat
1544 2574 1635 2607 lsaias
1668 2575 1699 2607 in
1732 2584 1865 2617 persona
1902 2575 2044 2614 Patrum,
2080 2576 2276 2618 sexagesimo

1315 2630 1443 2668 quarto:
1473 2640 1488 2655 «
1506 2627 1629 2660 Utinam
1653 2627 1853 2670 dirumperes
1876 2629 1978 2661 caelos
2001 2632 2032 2661 et
2055 2628 2275 2668 descenderes;

363 2801 371 2816 ¹
394 2802 504 2834 Vulgata
525 2806 550 2828 et
569 2802 590 2827 H
610 2802 753 2835 indutum;
774 2803 860 2828 Matth.
884 2803 930 2833 11,
950 2803 980 2828 8:
1004 2802 1146 2829 Hominem
1165 2802 1252 2829 molli-

292 2846 341 2873 bus
360 2847 504 2873 vestitum?
522 2861 557 2866 —
577 2847 694 2873 Subinde
713 2848 840 2879 allegatur
860 2848 947 2873 Matth.
968 2848 996 2878 3,
1018 2847 1041 2873 4.

362 2890 373 2905 ²
393 2892 468 2917 Vers.
487 2892 512 2917 8.
531 2907 564 2910 —
586 2892 714 2917 Sententia
734 2892 858 2917 Bernardi
878 2891 988 2917 habetur
1002 2893 1031 2918 11.
1044 2892 1077 2918 de
1091 2891 1252 2918 Considerat.

292 2943 315 2961 c.
334 2936 359 2961 6.
378 2943 403 2961 n.
433 2936 480 2961 13;
506 2936 548 2961 Sic
576 2937 734 2968 Prophetae,
760 2937 797 2962 sie
826 2937 941 2968 Apostoli
969 2936 1128 2962 factitabant.
1163 2937 1253 2962 Fortes

294 2981 366 3006 tuere
384 2981 409 3006 in
429 2980 496 3006 bello
525 2980 586 3014 [ctr.
604 2980 684 3007 Hebr.
704 2981 731 3006 tl
745 3001 752 3012 ,
771 2980 838 3015 34.]‚
857 2988 908 3007 non
929 2982 1019 3007 molles
1044 2981 1069 3006 in
1098 2981 1196 3007 sericis.
1226 2980 1251 3006 Si

293 3024 360 3050 tilius
379 3028 427 3050 etc.
446 3038 482 3044 -
502 3026 550 3050 Pro
570 3025 668 3059 quodsi
684 3025 758 3060 filius
777 3025 829 3051 CD
846 3025 911 3059 quia
929 3025 968 3058 si,
989 3027 1009 3051 H
1029 3032 1116 3059 quare
1133 3024 1167 3052 si.

363 3067 373 3082 ⁸
394 3070 505 3102 Vulgata
524 3069 619 3096 omittit
638 3069 678 3102 in,
698 3071 771 3104 quod
801 3073 887 3096 tamen
912 3070 1036 3096 exhibent
1055 3069 1131 3096 Card.
1161 3070 1252 3101 Hugo,

293 3113 321 3138 B.
340 3113 447 3145 Albert„
466 3115 490 3140 S.
512 3114 606 3141 Thom.
631 3114 736 3149 (Catena
756 3115 846 3148 aurea)
867 3118 892 3141 et
910 3115 1037 3146 Lyranus.

364 3157 375 3171 ⁴
395 3159 470 3184 Vers.
492 3160 517 3184 3.
536 3173 571 3178 —
591 3159 677 3185 Verba
697 3160 814 3192 Gregorii
830 3159 960 3186 habentur
975 3161 990 3185 1.
1005 3160 1099 3185 Homil.
1113 3159 1138 3184 in
1152 3159 1251 3190 Evang.

294 3202 381 3227 noniil.
401 3203 425 3227 6.
445 3210 469 3228 n.
490 3204 520 3235 3,
540 3203 586 3229 ubi
605 3206 664 3236 post
682 3203 771 3230 deesse
786 3206 928 3238 peccatum
948 3207 1031 3230 textus
1050 3204 1185 3236 originalis
1203 3203 1253 3229 du-

293 3245 386 3276 plicem
406 3246 585 3277 probationem
605 3248 739 3280 adiungit,
757 3248 812 3274 scil.
831 3248 935 3273 laudem
949 3248 1052 3274 Domini
1066 3247 1100 3274 de
1112 3247 1253 3279 asperitate

294 3290 440 3316 vestimenti
462 3291 561 3317 loannis
580 3295 605 3318 et
625 3292 843 3324 vituperationem
871 3292 1027 3318 seminarum
1047 3292 1161 3324 pretiosa
1179 3294 1253 3317 veste

294 3335 421 3360 utentium
436 3335 464 3367 (1.
478 3336 543 3361 Petr.
564 3336 578 3361 3
588 3356 594 3368 ,
614 3337 659 3369 3.).
678 3337 727 3362 Pro
742 3337 862 3369 Pemate,
876 3344 946 3370 quae
958 3336 1038 3370 culpa
1054 3336 1090 3364 sit
1108 3336 1158 3363 hoc
1170 3335 1252 3362 etiam

293 3377 366 3405 viros
384 3380 508 3412 appetere
526 3380 570 3412 (ita
600 3383 683 3405 textus
708 3381 851 3412 originalis)
877 3381 956 3406 codd.
976 3380 1040 3414 quia
1069 3380 1105 3414 [H
1124 3382 1149 3407 et
1167 3379 1251 3414 idem]

293 3421 351 3449 sine
368 3422 449 3449 dubio
468 3423 542 3449 viros
560 3425 684 3457 appetere
703 3423 783 3457 culpa
802 3426 848 3450 est.

1386 2802 1397 2816 ⁶
1416 2803 1490 2829 Vers.
1511 2804 1536 2829 6.
1557 2803 1616 2835 (pro
1636 2803 1664 2829 in
1683 2803 1784 2830 deliciis
1802 2805 1843 2830 est
1860 2803 1986 2829 codd..t'n
1999 2802 2100 2830 deliciis
2118 2802 2205 2835 vivit),
2219 2806 2278 2835 post

1315 2854 1395 2880 quem
1417 2849 1462 2873 ler.
1481 2849 1529 2878 31,
1551 2849 1593 2873 22.

1386 2890 1397 2905 ⁰
1418 2892 1490 2918 Vers.
1516 2892 1539 2918 lt.
1559 2906 1594 2911 —
1615 2893 1741 2925 Superius
1761 2900 1810 2925 pro
1835 2900 1920 2919 vanae
1948 2892 2052 2926 yloriae
2071 2892 2176 2919 occasio
2196 2892 2244 2918 BC
2257 2892 2277 2918 D

1315 2936 1540 2971 vanayloriosae;
1560 2938 1605 2963 cfr.
1624 2945 1704 2970 supra
1725 2944 1786 2970 pag.
1807 2937 1866 2969 151,
1887 2941 1946 2963 nota
1966 2938 1990 2962 2.

1387 2979 1396 2994 '¹
1418 2982 1492 3007 Vers.
1511 2982 1536 3008 7.

1387 3024 1398 3039 ⁸
1416 3026 1485 3051 Libr.
1508 3026 1537 3051 V.
1558 3026 1582 3052 in
1602 3027 1664 3053 Luc.
1691 3034 1717 3052 n.
1747 3027 1807 3052 100.
1832 3026 1914 3053 Codd.
1940 3027 2042 3058 legunt:
2074 3026 2171 3058 Quia...
2198 3033 2278 3060 quem

1316 3069 1364 3096 tete
1378 3070 1565 3104 prophetando
1585 3070 1726 3105 conspeoeit
1744 3072 1769 3097 et
1788 3070 1960 3104 baptizando.

1387 3113 1398 3128 ⁹
1418 3115 1491 3140 Vers.
1512 3116 1553 3140 23.
1575 3118 1600 3140 et
1619 3115 1667 3146 24,
1687 3116 1734 3141 cfr.
1753 3115 1841 3140 Matth.
1864 3115 1908 3146 13,
1931 3115 1972 3140 16.
1992 3122 2049 3148 seq.

1388 3156 1410 3172 ¹⁰
1431 3159 1503 3184 Vers.
1524 3159 1567 3184 21.
1586 3162 1612 3184 et
1631 3159 1673 3184 23.
1695 3158 1761 3185 Vide
1779 3166 1859 3191 supra
1880 3165 1942 3190 pag.
1963 3158 2007 3189 72,
2027 3162 2115 3184 notam
2135 3159 2162 3185 6.

1387 3201 1407 3216 ¹¹
1429 3203 1503 3228 Vers.
1529 3204 1549 3228 Ι.
1567 3217 1602 3221 -
1627 3203 1746 3229 Subinde
1765 3203 1892 3235 allegatur
1920 3203 2028 3229 Malach.
2050 3204 2081 3232 2,
2099 3203 2131 3235 7;
2151 3204 2198 3229 cfr.
2222 3203 2279 3229 Hie-

1315 3254 1382 3278 ron„
1401 3248 1428 3273 ll.
1448 3247 1595 3273 comment.
1613 3248 1640 3273 in
1659 3248 1746 3274 Matth.
1768 3248 1816 3279 11,
1836 3248 1860 3273 8.
1880 3251 1905 3273 et
1926 3248 2010 3279 Beda,
2030 3248 2056 3273 ll.
2070 3247 2096 3273 in
2109 3248 2171 3273 Luc.
2190 3247 2217 3279 7,
2231 3247 2278 3280 27,

1316 3291 1363 3317 ubi
1382 3292 1500 3325 sequitur
1518 3293 1637 3324 Gregor.,
1656 3293 1673 3318 1.
1694 3293 1789 3318 Homil.
1808 3293 1835 3318 in
1855 3293 1954 3325 Evang.
1979 3293 2068 3319 homil.
2088 3293 2113 3319 6.
2132 3300 2158 3318 n.
2178 3293 2203 3319 5.
2222 3300 2278 3326 seq.

1388 3334 1410 3350 ¹¹
1431 3336 1519 3362 Mattn.
1539 3337 1587 3369 18,
1612 3338 1652 3363 to.

1388 3378 1410 3394 ¹⁸
1430 3381 1522 3406 Psalm.
1542 3381 1593 3412 79,
1613 3382 1661 3414 20,
1682 3385 1740 3414 post
1758 3389 1838 3415 quem
1858 3382 1916 3408 lsai.
1936 3382 1982 3413 64,
2005 3384 2028 3408 1.

2295 1725 2354 1750 ltem,
2368 1727 2436 1747 aucto-

2301 1752 2353 1773 ritas
2368 1751 2389 1773 in
2403 1752 2437 1774 do-

2303 1778 2379 1801 cendo-
