2427 3872
290 272 358 305 804

573 314 640 339 ono

345 374 377 378 —-
397 360 444 385 Per
463 359 608 384 orationem
624 358 779 389 impetratur
793 357 875 389 gratia
891 363 930 381 co-

291 404 434 437 gnoscendi
458 407 484 429 et
505 405 575 429 recte
599 402 706 428 vivendi
726 401 769 427 Vll
790 401 841 426 277
862 401 871 425 4
897 415 931 419 -

291 450 375 475 Homo
399 448 546 480 negotiatur
571 446 671 472 orando
692 446 723 471 Vl
744 445 795 471 625
816 453 840 470 v.
861 445 876 470 3
898 459 929 462 —

290 493 417 519 Dominus
437 491 532 524 petenti
551 491 597 517 dat
624 491 675 516 292
697 490 729 514 48
747 503 784 508 -
802 484 930 515 Dominus

291 538 430 563 exhortans
456 536 489 561 ad
516 535 658 568 petendum
680 534 808 566 promittit
826 533 930 559 exaudi-

291 582 387 607 tionem
407 581 458 606 608
480 580 488 605 4
514 593 549 598 -
568 579 690 605 Oratione
706 580 831 604 sanantur
844 580 931 609 pestes

291 626 394 651 animae
419 625 461 650 Vll
488 625 521 649 63
546 624 589 649 86.
615 623 666 649 449
690 624 705 648 3
729 636 765 641 -
783 622 930 648 dominium

291 670 369 697 habet
387 673 507 702 respectu
528 669 710 695 universorum
732 667 782 693 449
802 667 817 692 3

343 729 379 734 -
397 715 424 740 ln
442 714 560 740 oratione
579 716 604 739 et
619 712 840 744 contemplatione
852 710 931 737 facies

292 759 405 786 hominis
423 759 574 791 illustratur,
593 756 757 783 conversatIO
777 756 887 781 eflicitur
901 755 931 781 ir-

289 802 501 836 reprehensibilis
519 806 545 828 et
560 803 737 828 conformatur
749 800 860 826 Domino
875 801 931 825 lesu

291 848 392 874 Christo
413 848 454 874 Vll
474 847 527 873 234
552 847 586 872 55
606 860 641 865 -
661 847 687 871 Ιιι
712 845 830 871 oratione
854 844 932 870 datur

291 892 390 918 homini
410 891 573 923 intelligentia
592 890 785 922 Scripturarum
800 892 825 914 et
838 892 932 920 mystess

291 938 391 963 riorum
416 936 613 969 propositorum
633 933 694 960 ibid.
714 948 749 953 ——-
769 934 796 959 ln
815 933 933 958 internae

290 982 415 1007 orationis
434 981 532 1012 templo
551 979 683 1005 invenitur
702 978 772 1004 Deus
785 978 818 1003 Vl
833 976 884 1002 307
898 977 931 1002 26

290 1034 327 1046 ’-·-
345 1027 467 1058 frequens
492 1025 616 1050 vitiorum
643 1022 869 1055 impugnationem
891 1028 931 1046 ex-

291 1070 400 1102 stinguit
409 1070 452 1095 Vll
464 1069 515 1094 449
529 1070 544 1094 2
557 1082 593 1087 -
606 1068 701 1093 dicitur
714 1070 818 1092 scutum
831 1066 932 1091 ratione

291 1114 459 1147 protectionis
479 1114 510 1139 Vl
529 1113 580 1138 226
594 1120 620 1138 v.
636 1112 663 1138 24
682 1125 717 1130 -
730 1111 856 1142 amanda,
870 1109 931 1143 qnia

291 1167 339 1192 per
358 1160 441 1191 ipsam
461 1159 616 1190 impetratur
635 1156 751 1182 obtentio
770 1155 857 1181 omnis
871 1153 932 1180 boni

292 1207 317 1229 et
341 1204 438 1229 amotio
462 1202 549 1228 omnis
568 1201 629 1227 mali
650 1201 691 1226 Vll
711 1200 762 1226 278
782 1200 797 1225 3
817 1213 853 1219 --
871 1199 932 1224 Ora-

291 1248 368 1274 tionis
386 1247 506 1278 utilitates
525 1249 587 1272 sunt
610 1245 703 1271 decem
732 1244 782 1270 449
803 1244 818 1269 3
838 1258 873 1262 —-
892 1246 931 1268 est

291 1299 359 1325 opus
378 1291 551 1324 poenitentiae
571 1291 605 1315 Vl
624 1289 676 1315 594
697 1290 711 1314 3

342 1350 378 1356 ·-
397 1336 497 1369 Aliquis
523 1335 586 1367 petit
610 1334 707 1367 aliquid
727 1332 777 1359 sibi
798 1332 823 1358 in
842 1339 885 1363 se,
905 1336 933 1358 ut

290 1382 347 1407 eius
366 1380 509 1412 indigentia
528 1379 689 1411 suppleatur,
708 1377 757 1403 sibi
777 1377 802 1402 in
821 1376 890 1409 aliis,
904 1379 933 1401 ut

291 1427 348 1452 eius
367 1425 450 1457 gloria
470 1423 649 1450 manifestetur
668 1423 702 1448 Vl
722 1421 772 1447 469
792 1422 808 1446 9
830 1436 849 1439 —
876 1421 933 1453 Non

291 1470 445 1497 exaudimur
464 1469 512 1494 nisi
537 1475 584 1500 pro
610 1465 809 1499 praedestinatis
834 1468 859 1491 et
884 1472 933 1497 pro

291 1516 339 1541 illis
352 1521 403 1540 non
419 1515 511 1539 frustra
531 1519 638 1538 oramus
653 1512 697 1537 474
718 1511 745 1536 21
762 1510 791 1536 2*
804 1524 839 1529 -
852 1510 933 1536 Orare

292 1559 390 1585 debent
413 1550 552 1585 Christiani
576 1564 624 1588 pro
650 1554 870 1588 persequentibus
890 1554 932 1579 x'll

294 1604 345 1629 577
367 1603 395 1629 44

345 1663 379 1666 -
399 1647 547 1673 Differentia
572 1646 639 1671 inter
659 1646 814 1670 Matthaeum
839 1646 864 1669 et
883 1644 933 1669 Lu-

293 1700 351 1719 cam
370 1693 397 1718 in
412 1690 580 1724 petitionibus
593 1689 718 1716 orationis
735 1687 876 1714 dominicae
890 1688 931 1714 Vll

294 1737 352 1767 278
371 1738 395 1762 5.
422 1735 473 1762 282
501 1736 533 1761 ’17
552 1749 587 1754 -
606 1733 786 1765 dominicalis,
812 1732 935 1766 quamvis

293 1782 325 1807 sit
344 1780 513 1811 brevissima,
532 1779 648 1806 continet
666 1779 691 1804 in
711 1785 739 1804 se
758 1784 865 1803 omnem
879 1783 934 1802 ora-

293 1826 389 1851 tionem
408 1828 434 1850 et
452 1824 541 1850 omnia
560 1823 715 1856 postulanda
735 1822 786 1848 279
807 1822 821 1847 8

345 1883 381 1888 -
399 1869 554 1895 petitionum
580 1867 704 1893 orationis
728 1867 876 1893 dominicae
895 1865 935 1891 di-

293 1914 412 1944 stinctio,
431 1913 497 1938 ordo
516 1916 542 1938 et
560 1912 714 1938 sufficientia
734 1911 776 1936 Vll
796 1910 846 1936 279
867 1910 883 1935 7
899 1923 935 1929 -

294 1958 445 1984 Secundum
466 1958 563 1983 Lucam
583 1959 643 1982 sunt
661 1956 778 1988 quinque
797 1954 935 1987 petitiones

293 2002 429 2028 ordinatae
449 2002 595 2027 secundum
621 1999 783 2026 nobilitatem
809 1999 935 2024 maiorem

294 2050 320 2073 et
339 2047 467 2072 minorem
481 2045 514 2072 ib.
528 2046 543 2071 9
559 2060 592 2063 -
606 2045 728 2078 Quinque
741 2043 878 2076 petitiones
891 2043 937 2068 im-

294 2091 390 2124 plicant
408 2094 522 2123 septem,
541 2092 566 2115 et
584 2093 685 2122 septem
708 2089 830 2120 virtutes,
852 2087 936 2118 dona,

294 2135 468 2161 beatitudines
493 2138 519 2160 et
543 2141 635 2160 omnes
659 2133 797 2166 petitiones
821 2131 884 2158 ibid.
902 2146 936 2151 —

295 2180 321 2205 ln
339 2180 456 2205 oratione
475 2179 605 2206 dominica
626 2179 722 2210 petitur
736 2177 860 2203 auxilium
874 2183 936 2202 con-

296 2228 333 2250 tra
354 2224 521 2250 tentationem
541 2223 592 2249 556
613 2223 646 2248 52
666 2237 701 2241 ——
720 2222 864 2248 Petendum
882 2223 936 2252 est,

295 2271 324 2294 ut
342 2276 356 2294 a
376 2269 515 2294 tentatione
534 2275 586 2293 non
605 2267 756 2297 vincamur,
770 2268 878 2298 propter
897 2265 937 2291 di-

295 2312 348 2338 vini
371 2312 457 2338 auxilii
480 2312 630 2338 fidelitatem
652 2315 678 2337 et
695 2310 936 2342 recognoscentiam

296 2361 411 2382 nostram
432 2357 608 2382 infirmitatem
629 2356 679 2381 282
700 2356 732 2380 46

349 2415 384 2420 -
396 2401 525 2426 rhetorica
542 2403 594 2426 tres
607 2399 686 2425 habet
698 2402 786 2431 partes
800 2399 842 2424 Vll
855 2400 889 2424 22
904 2398 936 2424 46

349 2445 420 2471 Onoo
440 2460 474 2463 —
495 2445 564 2470 idem
593 2447 646 2475 est,
673 2444 746 2477 quod
774 2443 880 2475 pondus
904 2443 936 2468 Vl

298 2490 348 2515 482
368 2497 394 2515 v.
414 2490 442 2515 24
462 2489 537 2514 —in
556 2488 637 2514 rebus
652 2492 691 2514 est
703 2489 744 2514 vel
759 2488 937 2520 particularis,

297 2534 338 2559 vel
358 2534 513 2559 universalis
533 2533 566 2559 45
586 2541 611 2566 q.
633 2533 648 2558 4
668 2547 703 2552 —
721 2533 827 2566 Aliquid
850 2536 936 2565 potest

298 2578 397 2609 privari
415 2578 507 2610 ordine
527 2578 692 2610 particulari,
709 2578 755 2603 sed
769 2585 823 2603 non
835 2578 938 2603 univer-

298 2622 344 2647 sali
363 2621 425 2648 ibid.
448 2636 483 2639 —-
502 2622 657 2648 universalis
676 2625 766 2647 cuncta
787 2622 938 2653 complecti-

299 2670 340 2691 tur
359 2665 421 2691 ibid.
439 2679 475 2684 —
495 2666 545 2698 Qui
567 2666 636 2691 cadit
663 2665 697 2691 ab
720 2665 812 2691 ordine
831 2668 939 2691 naturae

299 2710 388 2735 incidit
417 2710 443 2734 in
472 2710 591 2734 ordinem
621 2716 722 2741 poenae
749 2709 810 2735 ibid.
829 2723 864 2728 —
884 2709 939 2735 Sub

300 2754 354 2779 Deo
373 2754 460 2779 omnia
480 2753 633 2779 ordinantur
648 2753 680 2778 46
699 2761 727 2786 q.
749 2753 764 2778 4
784 2768 818 2771 —
838 2753 888 2779 Ubi
901 2757 940 2778 est

300 2798 381 2828 ordo,
401 2797 436 2823 ibi
456 2802 495 2823 est
514 2798 599 2829 magis
627 2800 652 2823 ct
679 2797 766 2823 minus
786 2797 884 2822 bonum
905 2796 939 2822 34

301 2849 327 2874 q.
347 2842 375 2867 2·
394 2855 429 2860 --
448 2842 520 2867 Unus
540 2844 579 2867 est
603 2841 721 2866 omnium
747 2841 880 2867 ordinator
906 2841 939 2866 44

301 2893 328 2911 ν.
346 2886 361 2911 7
383 2900 416 2904 -
436 2886 486 2911 Res
506 2889 608 2911 creatae
635 2893 687 2911 non
713 2885 867 2911 ordinantur
891 2892 939 2917 per

301 2937 342 2962 se,
362 2930 407 2955 sed
427 2937 441 2955 a
461 2930 515 2955 Deo
536 2929 568 2955 ib.
589 2937 614 2955 v.
634 2931 649 2955 8

355 2988 388 2992 —
408 2975 472 3000 Tres
490 2977 550 3000 sunt
569 2974 675 3000 ordines
693 2974 804 3000 civitatis
830 2975 861 3000 Vl
889 2974 939 2999 409

301 3025 327 3043 v.
346 3019 360 3043 9

354 3076 392 3087 -.
408 3063 474 3088 sacri
494 3063 620 3094 largiendi
640 3063 785 3088 secundum
805 3062 874 3088 vitae
888 3069 940 3087 me-

301 3106 380 3132 ritum
401 3107 432 3132 vl
447 3106 497 3132 274
518 3108 552 3132 25

1157 267 1271 300 INDEX
1296 267 1423 300 RERUM

1935 311 1998 337 ΟΖΑ

1021 356 1145 382 Onoaxtnu
1164 370 1199 374 -——
1218 355 1360 388 aliquando
1377 355 1507 387 significat
1525 345 1607 388 quod·
1647 355 1743 386 signari
1771 354 1850 381 debet
1876 355 1952 387 signo
1980 355 2127 382 dominicae
2154 356 2284 388 passionis

968 400 1031 426 libet
1058 400 1259 426 instrumentum
1289 399 1444 430 musicum,
1467 399 1608 432 aliquando
1647 398 1708 425 ibid.
1726 413 1763 418 —
1774 398 1854 425 debet
1866 399 2057 431 esserhumilis,
2070 402 2099 425 ut
2111 400 2207 432 pastori
2221 399 2285 426 obe-

968 444 1172 471 determinatum
1186 444 1218 469 Vl
1240 444 1291 469 232
1311 450 1338 468 ν.
1358 443 1391 469 47
1410 457 1445 462 -
1465 444 1489 468 ln
1509 450 1609 475 organo
1646 443 1714 474 diat,
1734 450 1792 469 esse
1811 443 1895 475 mitis,
1914 450 1948 469 ne
1967 450 2076 475 gregem
2093 444 2218 476 offendat;
2232 445 2285 470 foe-

969 491 1084 515 mutatur
1108 488 1220 521 qualitas
1245 488 1301 514 soni
1321 491 1379 513 actu
1400 488 1545 513 secundum
1566 494 1610 513 vo·
1647 490 1718 518 tosa,
1748 489 1776 512 ut
1802 487 1981 518 patrifamilias
2011 489 2122 515 fructum
2142 488 2232 513 afferat
2248 486 2284 514 ib.

968 534 1094 558 luntatem
1114 532 1244 558 moventis
1262 531 1325 558 ibid.
1339 546 1372 550 —
1385 531 1482 557 Oculus
1500 534 1526 557 et
1538 531 1610 557 auris

968 580 1028 605 sunt
1053 583 1153 609 organa
1173 576 1261 602 cordis
1279 579 1305 602 et
1323 576 1464 601 voluntatis
1483 576 1540 601 sive
1565 582 1610 607 ap-

968 621 1065 654 petitus
1084 621 1117 646 47
1136 628 1163 653 q.
1183 622 1199 646 2

1022 666 1116 692 Onlans
1135 679 1170 684 —
1188 668 1227 691 est
1240 665 1333 690 melior
1345 671 1407 696 pars
1420 664 1498 696 caeli,
1511 666 1537 689 et
1549 655 1609 689 ideo

969 710 1002 736 ad
1022 705 1149 735 orientem
1168 711 1208 735 est
1225 709 1392 735 adorandum
1411 709 1444 735 Vl
1464 708 1515 733 246
1535 715 1562 733 v.
1575 708 1608 733 28

1023 755 1150 781 Ome-aues
1167 767 1203 773 —
1222 754 1286 779 falso
1305 753 1381 784 dixit,
1409 752 1541 779 Christum
1561 759 1609 784 pro

969 798 1144 825 daemonibus
1162 798 1189 823 in
1203 797 1263 824 ae're
1275 798 1303 823 in
1317 797 1369 823 fine
1382 804 1439 823 esse
1456 804 1609 829 passurum,

969 846 995 868 et
1013 843 1052 869 sic
1069 850 1115 868 eos
1133 844 1189 868 fore
1207 842 1348 868 salvandos
1368 841 1401 867 Vl
1423 841 1471 866 498
1491 848 1517 866 v.
1538 841 1565 866 44
1592 850 1594 852 ·

1024 887 1162 913 ΟιιισιΝΛιε,
1181 900 1215 904 -
1234 885 1349 918 Quilibet
1374 884 1452 911 habet
1471 888 1608 917 peccatum

969 931 1098 963 originale
1116 931 1150 956 Vl
1169 930 1220 955 375
1240 929 1274 955 44

1023 975 1142 1001 Onnnus
1160 989 1196 994 —
1213 974 1325 1000 exterior
1344 977 1384 999 est
1402 974 1505 999 vanitas
1523 973 1610 999 oriens

970 1028 985 1046 a
1005 1020 1106 1046 luxuria
1126 1020 1158 1046 Vl
1177 1019 1193 1044 5
1214 1019 1242 1044 41

1024 1064 1110 1090 Onrus
1130 1077 1164 1082 —-
1183 1064 1315 1096 Quantum
1335 1063 1369 1088 ad
1388 1065 1475 1088 ortum
1495 1065 1520 1088 et
1539 1068 1611 1088 occa-

971 1115 1030 1134 sum
1050 1109 1163 1134 varietas
1183 1111 1222 1134 est
1241 1108 1268 1133 in
1287 1107 1367 1133 rebus
1386 1107 1419 1133 Vl
1439 1107 1472 1132 29
1492 1114 1517 1132 v.
1538 1107 1553 1132 2

1025 1153 1215 1179 Ommoumm
1228 1166 1264 1171 —
1277 1152 1371 1178 dicitur
1381 1151 1415 1177 ab
1425 1153 1523 1182 orthos,
1536 1151 1610 1184 quod

971 1201 1010 1224 est
1029 1200 1146 1228 rectum,
1165 1200 1191 1223 et
1209 1204 1309 1229 gogos,
1322 1196 1395 1229 qnod
1411 1199 1450 1222 est
1468 1195 1572 1226 ductio,
1585 1198 1611 1221 et

971 1245 1083 1274 metros,
1103 1242 1175 1275 quod
1195 1244 1235 1267 est
1254 1248 1391 1271 mensura,
1410 1240 1485 1273 quasi
1501 1246 1560 1265 esca
1574 1246 1610 1265 re-

970 1290 1012 1312 cte
1030 1287 1143 1313 adducta
1163 1286 1281 1313 lsraelitis
1309 1287 1336 1311 in
1364 1292 1487 1311 mensura
1506 1285 1538 1310 Vl
1559 1284 1610 1310 230

970 1339 997 1357 v.
1017 1332 1050 1357 42
1069 1346 1105 1351 -
1123 1331 1218 1357 dicitur
1237 1330 1271 1356 ab
1284 1330 1391 1362 Ortygia
1407 1330 1505 1361 insula,
1520 1329 1545 1354 in
1558 1336 1610 1362 qua

971 1376 1087 1408 primum
1108 1376 1186 1402 fuisse
1205 1378 1330 1407 putantur
1349 1375 1412 1400 tales
1430 1381 1493 1399 aves
1513 1371 1575 1400 ibid.

1025 1421 1060 1447 Os
1079 1434 1112 1438 —
1132 1420 1227 1446 dicitur
1256 1419 1362 1450 inhiatio
1381 1418 1503 1444 desiderii
1524 1418 1562 1443 Vl
1577 1417 1605 1442 51

971 1473 998 1492 v.
1017 1466 1032 1491 6
1054 1479 1088 1484 -
1106 1465 1230 1491 Distantia
1259 1464 1339 1490 debet
1361 1470 1419 1489 esse
1447 1463 1513 1488 inter
1532 1469 1562 1488 os
1586 1464 1612 1487 et

971 1517 1017 1536 cor
1038 1510 1070 1536 43
1084 1517 1112 1536 v.
1126 1510 1135 1535 4
1154 1524 1187 1529 -
1202 1509 1346 1541 malignum
1366 1515 1416 1534 non
1430 1508 1509 1534 audet
1521 1510 1611 1539 aperte

972 1562 1084 1587 arguere
1103 1561 1152 1580 nec
1172 1556 1257 1586 potest
1275 1553 1362 1579 cordis
1382 1553 1506 1578 malitiam
1529 1551 1613 1578 occul-

972 1602 1026 1625 tare
1046 1599 1089 1625 Vll
1109 1599 1160 1624 382
1180 1598 1195 1623 4

1026 1642 1143 1669 Oscunuu
1162 1657 1196 1661 -
1215 1645 1255 1668 est
1274 1642 1380 1673 signum
1404 1640 1550 1667 dilectionis
1569 1640 1612 1666 Vll

974 1688 1024 1713 486
1043 1687 1077 1713 76
1098 1702 1133 1706 -
1152 1687 1259 1719 signum
1278 1689 1317 1712 est
1336 1686 1434 1711 amoris
1453 1685 1504 1710 559
1526 1685 1559 1709 60
1580 1698 1613 1702 -

973 1733 1080 1764 signum
1099 1734 1139 1757 est
1157 1731 1255 1757 amoris
1282 1734 1308 1756 et
1336 1730 1410 1762 pacis
1438 1729 1489 1754 395
1518 1728 1552 1754 34
1580 1742 1614 1746 —

975 1777 1046 1803 Deus
1064 1783 1113 1803 nos
1131 1776 1263 1802 osculatur
1281 1775 1308 1800 in
1327 1774 1487 1800 connexione
1502 1772 1615 1805 duplicis

973 1824 1082 1847 naturae
1100 1821 1127 1847 in
1146 1819 1243 1849 Verbo,
1254 1818 1317 1845 ibid.

1027 1865 1090 1891 Ossa
1111 1879 1144 1883 —
1163 1864 1283 1890 ordinata
1300 1866 1360 1889 sunt
1372 1863 1406 1888 ad
1419 1862 1613 1895 protegendum

974 1910 1006 1936 Vl
1028 1910 1061 1935 93
1081 1917 1106 1934 V.
1128 1909 1143 1934 3
1162 1920 1199 1928 —
1216 1909 1312 1934 Natura
1339 1908 1398 1933 fecit
1415 1914 1475 1933 ossa
1494 1907 1561 1932 dura
1580 1906 1614 1932 ad

973 1954 1145 1980 custodienda
1164 1952 1284 1978 membra
1304 1952 1390 1978 mollia
1410 1951 1472 1978 ibid.

1027 1998 1160 2024 OSTlanius
1178 2011 1213 2016 —
1232 1997 1362 2023 Ecclesiae
1387 1999 1426 2022 est
1444 1996 1562 2022 Christus
1582 1995 1614 2021 Vl

974 2043 1025 2069 383
1047 2042 1062 2068 4

1028 2087 1124 2113 OSTlUM
1139 2101 1172 2105 -
1184 2086 1303 2112 Christus
1316 2085 1454 2111 discretive
1468 2087 1507 2111 est
1519 2084 1614 2110 ostium

974 2132 1066 2162 ovium
1086 2131 1120 2156 Vl
1139 2131 1191 2157 385
1211 2131 1226 2155 9
1246 2144 1281 2149 —
1298 2133 1441 2156 reseratum
1462 2132 1501 2155 est
1518 2129 1545 2154 in
1558 2123 1617 2161 pas-⁴

975 2177 1047 2203 sione
1057 2175 1091 2202 ib.
1103 2176 1135 2201 40
1145 2189 1181 2194 -
1190 2176 1363 2207 Properantes
1372 2174 1509 2200 inveniunt
1518 2174 1615 2199 ostium

976 2223 1110 2253 apertum,
1139 2220 1211 2253 quod
1240 2219 1373 2245 tardantes
1397 2218 1532 2244 inveniunt
1549 2218 1616 2243 clau-

973 2273 1035 2292 sum
1056 2265 1106 2291 544
1127 2266 1142 2290 2

1028 2325 1063 2328 -
1083 2312 1211 2335 vocantur
1229 2308 1312 2339 labia,
1333 2314 1379 2345 per
1398 2314 1466 2341 quae
1488 2307 1616 2334 clauditur

977 2358 1052 2387 porta
1072 2354 1124 2380 oris
1144 2354 1177 2379 Vl
1195 2353 1229 2378 93
1250 2361 1276 2378 v.
1297 2352 1312 2378 4

1031 2398 1137 2425 OTlOSUS
1155 2413 1190 2416 —
1211 2397 1360 2423 Substantia
1388 2392 1457 2422 nulla
1476 2399 1515 2421 est
1534 2395 1615 2422 otiosa

978 2443 1010 2469 Vl
1031 2443 1063 2469 37
1084 2451 1111 2476 q.
1130 2444 1145 2468 2
1168 2449 1224 2474 arg.
1244 2442 1259 2467 3

1030 2488 1099 2514 Oves
1117 2501 1152 2506 —
1171 2488 1219 2512 Per
1238 2493 1302 2512 oves
1322 2486 1500 2518 intelliguntur
1519 2483 1616 2510 subditi

977 2532 1147 2564 perfectiores
1166 2532 1199 2557 Vl
1219 2532 1271 2558 525
1291 2531 1334 2557 35.
1362 2531 1413 2556 526
1434 2530 1467 2555 40
1486 2544 1521 2548 -—
1540 2529 1618 2561 signi-

977 2577 1037 2602 ficat
1062 2576 1209 2602 intentionis
1232 2576 1425 2608 simplicitatem
1448 2576 1481 2600 22
1501 2581 1527 2600 v.
1548 2574 1563 2599 8
1582 2587 1618 2593 --

977 2624 1037 2646 sunt
1065 2621 1197 2652 simplices
1225 2624 1251 2646 et
1277 2620 1390 2645 humiles
1416 2618 1468 2644 384
1487 2619 1503 2644 5
1523 2632 1556 2637 -
1579 2621 1618 2643 est

977 2665 1065 2690 anima
1093 2665 1177 2690 fidelis
1205 2665 1256 2690 583
1286 2665 1295 2689 4
1329 2677 1363 2683 -
1391 2666 1452 2689 sunt
1478 2662 1617 2688 rationales

978 2712 1113 2734 creaturae
1126 2709 1225 2734 ratione
1239 2709 1329 2734 insitae
1348 2707 1557 2733 mansuetudinis
1574 2707 1616 2732 Vll

978 2753 1029 2778 384
1059 2754 1073 2778 8
1097 2767 1133 2772 -
1151 2753 1319 2785 cognoscitur
1344 2759 1374 2778 ex
1398 2752 1485 2782 vultu,
1515 2751 1617 2781 balatu,

978 2798 1074 2823 vellere
1094 2800 1119 2822 et
1137 2797 1213 2829 signo
1233 2797 1265 2822 Vl
1285 2797 1336 2822 583
1357 2797 1372 2821 9
1386 2810 1421 2814 -
1434 2796 1546 2828 Quando
1560 2795 1618 2821 ovis

978 2841 1121 2867 devoratur
1143 2848 1158 2866 a
1181 2840 1277 2872 bestia,
1296 2841 1362 2866 solet
1379 2840 1480 2866 ostendi
1499 2839 1574 2872 pellis
1593 2839 1617 2865 in

977 2885 1082 2917 signum
1102 2884 1165 2911 ibid.

1030 2942 1066 2948 —
1085 2929 1176 2955 tribuit
1195 2929 1233 2954 lac
1252 2928 1278 2954 in
1298 2931 1404 2960 potum,
1424 2935 1529 2953 carnem
1546 2928 1571 2953 in
1585 2927 1618 2953 ci·

979 2973 1059 3004 bum,
1085 2974 1170 2998 lanam
1199 2973 1227 2998 in
1251 2973 1450 3003 vestimentum,
1470 2972 1564 3004 pellem
1591 2972 1617 2997 in

979 3021 1100 3044 ornatum
1121 3018 1153 3043 Vl
1174 3017 1224 3043 263
1245 3018 1278 3042 82

1034 3076 1066 3080 —-
1086 3061 1227 3094 spiritualis
1245 3060 1324 3087 debet
1342 3060 1438 3086 habere
1451 3061 1534 3086 vellus
1548 3060 1618 3092 agni-

979 3112 1029 3131 nae
1048 3105 1254 3131 conversationis
1271 3105 1303 3130 Vl
1317 3104 1368 3130 583
1388 3104 1403 3129 9
1423 3119 1458 3122 -
1477 3096 1617 3136 spiritualis

1648 531 1681 557 42
1709 545 1744 549 -
1771 530 1851 556 debet
1878 538 1937 557 esse
1962 532 2061 557 foetosa
2088 539 2135 564 per
2154 531 2285 558 bonorum

1646 582 1758 607 operum
1773 574 1960 601 abundantiam
1973 574 2034 602 ibid.

1700 633 1735 638 —
1754 619 1872 645 Christus
1890 620 2025 651 cognoscit
2044 620 2163 652 proprias
2175 626 2240 646 oves
2253 620 2285 646 Vl

1648 663 1699 689 384
1720 663 1790 689 4'—
1809 663 1879 689 bono
1907 664 2006 695 pastori
2029 663 2140 689 libenter
2158 663 2287 689 obediunt

1647 708 1698 733 383
1732 707 1746 733 4
1778 721 1813 727 —
1840 707 1933 734 Christi
1964 707 2075 734 audiunt
2104 708 2161 733 eius
2191 714 2286 734 vocem

1647 752 1780 778 credendo
1800 752 1846 777 394
1872 753 1905 777 38
1924 765 1960 771 -
1979 759 2072 778 verum
2098 755 2230 784 pastorem
2249 759 2287 778 se-

1647 800 1765 829 quuntur
1794 796 1845 822 384
1867 788 1899 823 ’5,
1931 797 1977 822 391
2012 796 2045 822 42
2073 810 2109 816 -—
2127 799 2286 829 sequuntur,

1646 841 1710 874 quia
1729 841 1814 866 sciunt
1833 847 1927 866 vocem
1947 841 2130 867 consolationis
2152 839 2204 866 384
2223 841 2239 866 5
2252 854 2288 860 —

1649 886 1763 912 monitae
1776 892 1791 911 a
1804 892 1853 911 suo
1867 888 1973 918 pastore
1986 892 2037 911 non
2054 889 2200 918 sequuntur
2213 891 2287 917 pseu-

1648 930 1796 956 dochristos
1819 933 1845 955 et
1863 929 2112 961 pseudoprophetas
2130 932 2161 955 et.
2174 929 2289 961 pseudo—

1647 974 1779 1006 apostolos
1797 973 1829 1000 ib.
1850 975 1866 999 6
1889 988 1923 992 —
1943 981 1995 999 non
2017 973 2158 999 audierunt
2175 974 2245 999 fures
2263 976 2289 999 et

1646 1019 1759 1044 latrones
1778 1018 1830 1044 385
1844 1018 1876 1043 40
1890 1032 1925 1037 -
1938 1017 2008 1043 bona
2024 1013 2143 1051 sequitur
2155 1015 2288 1050 pastorem

1647 1063 1779 1089 Christum
1804 1069 1851 1095 per
1870 1063 2002 1094 planitiem
2023 1062 2222 1094 mandatorum,
2240 1068 2289 1094 per

1648 1112 1770 1133 montana
1791 1107 1976 1137 consiliorum,
1995 1113 2043 1138 per
2062 1106 2161 1133 excelsa
2180 1113 2289 1138 supere-

1649 1152 1817 1184 rogationum
1838 1151 1889 1176 583
1910 1152 1919 1176 4
1944 1165 1979 1170 -
1998 1154 2132 1183 pastorem
2153 1150 2290 1182 cognoscit

1649 1204 1697 1229 per
1716 1196 1811 1227 fidem,
1838 1203 1886 1228 per
1914 1195 2057 1227 gratiarum
2085 1195 2214 1221 actionem
2222 1204 2230 1226 3
2254 1194 2289 1220 ad

1649 1244 1782 1273 pastorem
1801 1240 1903 1266 accedit
1921 1246 1969 1272 per
1988 1240 2136 1272 caritatem;
2156 1242 2288 1272 pastorem

1649 1285 1723 1312 audit
1741 1292 1789 1318 per
1808 1284 2000 1316 obedientiam;
2020 1287 2153 1316 pastorem
2169 1283 2289 1317 sequitur

1649 1337 1697 1362 per
1724 1329 1895 1355 imitationem
1923 1328 1957 1355 ib.
1988 1329 2020 1354 40
2039 1343 2074 1349 —
2098 1327 2203 1354 aberrat
2230 1334 2289 1360 pec-

1649 1375 1749 1406 cando,
1769 1375 1816 1400 sed
1835 1374 2010 1406 convertitur,
2028 1373 2137 1406 quando
2155 1375 2288 1404 pastorem

1649 1419 1723 1445 audit
1740 1426 1788 1451 per
1807 1418 1985 1444 obedientiam
2004 1416 2067 1444 ibid.

1703 1477 1738 1482 —
1757 1463 1850 1488 Christi
1869 1463 2008 1495 rapiuntur
2027 1468 2080 1487 non
2106 1468 2135 1487 ex
2159 1459 2291 1486 imbecilli·

1651 1512 1702 1535 tate
1720 1507 1904 1538 custodientis,
1924 1507 1971 1533 sed
1990 1513 2020 1533 ex
2040 1505 2190 1531 infirmitate
2206 1507 2291 1531 custo-

1649 1554 1697 1580 diti
1716 1553 1749 1578 Vl
1769 1553 1820 1578 393
1834 1552 1868 1578 54
1881 1566 1916 1571 —
1929 1551 1969 1577 Ad
1983 1550 2136 1577 mercenarii
2149 1551 2240 1582 fugam
2253 1555 2291 1574 se-

1650 1598 1739 1631 quitur
1755 1597 1845 1623 ovium
1865 1596 1994 1628 dispersio
2023 1594 2075 1620 387
2097 1594 2128 1620 47
2148 1608 2183 1612 -
2201 1594 2291 1620 Pastor

1651 1649 1716 1668 oves
1729 1642 1754 1667 in
1774 1648 1857 1667 unum
1871 1632 1983 1672 colligit,
2002 1647 2035 1665 ne
2054 1639 2186 1672 patiantur
2205 1638 2292 1664 incur-

1652 1694 1710 1712 sum
1729 1685 1764 1712 ib.
1785 1687 1813 1711 24
1827 1699 1874 1719 ¹-
1892 1689 1953 1711 sunt
1978 1684 2139 1717 pascendae,
2157 1690 2213 1709 non
2237 1685 2291 1709 ton-

1652 1731 1754 1756 dendae
1773 1728 1828 1756 nec'
1839 1729 2020 1756 comedendae
2039 1729 2091 1754 525
2110 1728 2145 1753 35

1704 1789 1740 1794 -
1758 1775 1830 1800 Nulla
1847 1774 1905 1800 ovis
1926 1776 1966 1799 est
1983 1773 2042 1799 ovis
2060 1776 2132 1798 extra
2150 1770 2291 1797 Ecclesiam

1652 1820 1685 1846 Vl
1711 1820 1763 1845 389
1788 1819 1822 1844 29
1841 1825 1897 1850 arg.
1916 1832 1952 1837 —
1970 1818 2004 1843 de
2028 1816 2151 1849 gentibus
2171 1815 2292 1841 nondum

1652 1866 1762 1889 vocatae
1771 1862 1917 1889 secundum
1929 1865 2093 1894 praesentem
2102 1860 2224 1887 iustitiam
2232 1862 2292 1885 sunt

1652 1908 1746 1934 Christi
1756 1914 1803 1940 per
1814 1906 2078 1939 praedestinationem
2088 1908 2221 1931 aeternam
2231 1903 2293 1930 ibid.

1651 1966 1687 1972 —-
1700 1951 1804 1978 Domini
1817 1954 1993 1983 congregatae
2005 1953 2065 1976 sunt
2078 1949 2112 1975 ab
2130 1949 2203 1975 omni
2219 1951 2293 1981 parte

1653 1997 1746 2023 mundi
1765 2003 1813 2029 per
1841 1996 2016 2022 ministerium
2038 1994 2222 2027 Apostolorum
2250 1993 2293 2019 Vll

1654 2042 1705 2067 353
1725 2042 1753 2067 64

1706 2100 1741 2105 -
1751 2088 1854 2111 centum
1866 2087 1926 2111 sunt
1936 2087 2070 2110 creaturae
2082 2083 2108 2108 in
2121 2083 2237 2115 perfecto
2249 2088 2294 2107 nu-

1654 2137 1727 2156 mero
1746 2133 1772 2155 et
1790 2133 1857 2156 statu
1876 2128 2043 2161 perfectionis
2061 2134 2124 2154 suae
2143 2126 2187 2153 Vll
2206 2125 2258 2152 384
2277 2126 2292 2152 8

1653 2188 1689 2194 —
1708 2181 1757 2200 una
1777 2174 1928 2206 intelligitur
1946 2175 2027 2199 homo
2046 2178 2159 2205 peccans
2176 2170 2211 2198 ib.
2230 2171 2246 2196 9
2258 2184 2294 2190 -

1654 2220 1702 2245 Per
1726 2218 1870 2251 nonaginta
1899 2224 1996 2244 novem
2025 2224 2090 2243 oves
2117 2216 2294 2248 intelliguntur

1655 2264 1747 2295 Angeli
1766 2262 1799 2289 ib.
1819 2264 1852 2289 40
1865 2277 1901 2281 —
1914 2262 2056 2294 nonaginta
2075 2268 2171 2287 novem
2190 2260 2294 2286 relictae

1654 2311 1714 2334 sunt
1732 2308 1759 2333 in
1779 2307 1883 2334 deserto
1901 2306 1963 2333 ibid.

1707 2367 1743 2370 —
1761 2352 1801 2378 Ad
1821 2358 1899 2378 ovem
1927 2351 2081 2378 salvandam
2101 2349 2174 2376 venit
2192 2349 2238 2375 Dei
2257 2348 2295 2375 Fi·

1654 2397 1703 2422 lius
1721 2397 1748 2422 in
1769 2398 1839 2422 hunc
1858 2396 1988 2422 mundum
2008 2395 2052 2420 Vll
2078 2394 2130 2420 385
2151 2394 2178 2419 -lt
2202 2407 2238 2413 —
2256 2393 2295 2419 in-

1655 2441 1760 2466 venitur
1778 2448 1793 2466 a
1806 2440 1917 2471 Christo,
1930 2439 2037 2473 quando
2051 2445 2065 2464 a
2079 2438 2226 2471 perditione
2238 2437 2295 2463 eius

1655 2485 1785 2517 sanguine
1812 2484 1937 2510 liberatur
1964 2482 2027 2510 ibid.
2046 2497 2080 2501 —
2099 2482 2162 2508 Ovis
2180 2481 2295 2514 inyentio

1655 2530 1765 2561 figurata
1785 2532 1824 2555 est
1843 2529 1868 2554 in
1888 2528 2040 2554 inventione
2067 2527 2155 2552 arietis
2174 2526 2295 2552 Abrahae

1654 2573 1715 2600 ibid.
1735 2587 1770 2592 —
1789 2573 1895 2599 inventa
1914 2572 2043 2605 excipitur
2062 2578 2123 2597 cum
2143 2570 2241 2603 gaudio
2260 2569 2296 2596 ib.

1657 2619 1689 2644 42
1708 2631 1743 2637 -
1763 2618 1865 2643 inventa
1885 2620 2002 2649 portatur
2014 2623 2075 2642 cum
2089 2616 2187 2648 gaudio
2204 2615 2230 2641 in
2250 2616 2296 2641 hu-

1656 2662 1736 2688 meris
1754 2660 1817 2688 ibid.

1708 2720 1744 2725 —
1768 2705 1916 2737 significant
1939 2712 2020 2737 opera
2047 2704 2242 2730 misericordiae
2260 2703 2294 2728 Vl

1656 2750 1708 2776 274
1727 2750 1761 2775 25

1708 2795 1787 2821 Ονιιε
1806 2808 1840 2812 -
1859 2793 1949 2825 gregis
1974 2793 2099 2819 dominici
2124 2796 2163 2818 est
2181 2792 2294 2818 Ecclesia

1656 2839 1688 2865 Vl
1709 2839 1760 2865 383
1780 2840 1795 2864 2
1812 2851 1848 2857 -
1867 2838 2003 2870 Optimum
2017 2840 2056 2863 est
2069 2837 2175 2863 introire
2188 2837 2213 2862 in
2226 2836 2304 2871 ovile,

1656 2883 1775 2914 Domini,
1794 2882 1839 2916 qui
1859 2889 1913 2908 non
1931 2885 2017 2914 potest
2035 2881 2154 2914 superari
2168 2888 2183 2906 a
2196 2880 2294 2907 fortiori

1656 2927 1698 2952 Vll
1719 2927 1770 2952 294
1789 2927 1818 2952 54

1708 2971 1783 2997 Ovum
1791 2971 1859 2997 —ln
1867 2978 1919 2997 ovo
1926 2978 1987 3003 spes
1994 2970 2145 3002 designatur
2153 2970 2195 2996 Vll
2202 2970 2253 2995 286
2261 2970 2289 2995 34

1708 3015 1781 3041 ΟΖΑιι
1799 3029 1834 3034 -
1853 3015 1915 3048 quia
1941 3018 2016 3040 nocte
2035 3020 2142 3040 uxorem
2162 3020 2295 3046 cognove-

1656 3062 1708 3090 rat,
1729 3066 1870 3091 percussus
1890 3059 1949 3091 suit,
1978 3059 2085 3091 quando
2105 3058 2189 3090 tetigit
2206 3064 2294 3083 arcam

1657 3104 1700 3130 Vll
1719 3104 1752 3129 20
1772 3104 1806 3129 36
