2476 3921
76 333 161 360 Figura.

8 483 9 502 1
21 493 95 515 Pacem
108 491 166 517 tacit,

8 530 9 535 =
29 519 71 544 dut,
84 524 166 540 annun-

9 592 10 637 l

9 690 11 745 l

29 546 74 568 tiat.

13 1603 92 1625 *Terror
101 1602 165 1624 disei-

10 1650 11 1659 ,
41 1630 145 1657 polorum.

21 2079 161 2101 contrarietas

17 2108 19 2124 Ι
27 2106 166 2133 Evangelista-

0 2135 3 2155 l
33 2138 77 2154 rum
91 2133 152 2155 solvi-

72 2161 113 2181 lm·-

13 2245 14 2265 ς
39 2238 96 2265 ltem,
111 2238 161 2261 alia.

746 182 943 216 COMMENT.
970 182 1007 216 IN
1030 182 1271 217 EVANGELlUM
1293 184 1412 217 LUCAE
1436 185 1468 218 C.
1494 186 1594 219 XXIV.

181 272 303 305 loannis
326 271 446 314 primo:
476 284 492 300 α
508 271 627 304 Medius
650 274 756 304 autem
773 273 914 304 vestrum
931 271 1027 310 stetit,
1044 279 1139 313 quem

182 333 237 358 vos
260 324 386 357 nescitis
402 336 432 356 n.
458 324 494 356 Et
517 323 586 357 ideo
611 324 643 356 in
667 324 764 357 huius
788 324 923 366 figuram
941 323 1140 366 Apocalypsis

180 377 326 420 primo¹:
355 390 371 406 <t
390 377 455 410 Vidi
481 377 512 409 in
536 377 639 410 medio
662 381 780 419 septem
797 376 1059 410 candelabrorum
1083 386 1138 409 au-

180 439 307 464 reorum
332 430 464 463 similem
489 429 563 463 Filio
586 430 723 463 hominis
739 443 755 459 »
783 433 841 463 etc.
867 430 926 463 Sed
950 429 1019 463 ideo
1042 430 1138 462 dixit:

180 483 258 516 Pax
280 482 389 522 vobis,
414 482 489 525 quia
512 483 579 525 ipse
602 487 650 516 est
669 483 768 526 pacis
782 482 917 526 factem
933 482 972 515 ad
989 483 1139 525 Ephesios

180 536 360 570 secund02:
390 549 406 565 α
422 536 488 578 lpse
504 540 552 569 est
576 545 639 578 pax
664 540 789 575 nostra,
814 536 869 578 qui
894 536 967 569 fecit
1002 539 1138 578 utraque

179 598 279 622 unum
296 601 327 628 »3
352 592 383 622 et
405 589 445 622 ad
475 589 672 623 colossenses
707 589 828 631 primo:
859 602 875 618 «
891 589 1058 622 Pacificans
1082 598 1139 631 per

179 642 363 684 sanguinem
394 642 463 675 eius
495 642 560 675 sive
592 651 673 685 quae
708 642 740 674 in
765 641 877 681 terris,
902 642 967 675 sive
998 651 1080 685 quae
1105 642 1136 675 in

178 695 272 727 caelis
294 697 414 728 sunt».
441 696 508 737 lpse
531 699 578 729 est
613 695 707 728 etiam
734 695 833 737 paci-s·
863 695 983 734 dator;
1015 695 1136 728 loannis

178 745 298 779 decimo
333 748 495 790 quarto³:
532 761 549 777 «
567 748 674 781 Pacem
710 747 855 790 relinquo
889 748 996 787 vobis,
1028 757 1136 790 pacem

178 809 281 833 meam
304 800 344 833 do
367 801 498 834 vobis».
517 801 584 844 Ipse
600 801 692 834 etiam
717 803 764 834 est
782 801 881 843 pacis
897 801 1137 840 annuntiator;

178 853 217 887 ad
240 853 390 896 Ephesios
413 853 568 887 secundo:
598 865 614 882 <t
630 852 765 886 Veniens
788 853 996 886 annuntiabat
1028 862 1136 895 pacem

178 906 228 939 his
262 906 317 949 qui
348 915 462 949 prope,
493 909 524 939 et
549 906 598 939 his
621 906 674 948 qui
707 905 798 948 longe
829 900 979 939 fuistis».
1004 907 1041 939 Et
1069 907 1138 940 ideo

177 959 380 1001 Evangelium
403 959 518 992 Christi
536 962 582 991 est
599 958 799 1000 Evangelium
818 959 916 1001 pacis;
935 960 1029 1003 Isaiae
1046 960 1138 1002 quin-

178 1012 361 1055 quagesimo
392 1012 548 1046 secundo:
586 1025 601 1041 α
618 1012 719 1054 Quam
751 1012 854 1054 pulcri
887 1021 984 1055 super
1016 1016 1137 1046 montes

178 1066 273 1108 pedes
295 1066 511 1099 annuntiantis
546 1069 577 1098 et
607 1065 817 1107 praedicantis
841 1075 949 1109 pacem
967 1080 982 1096 »
1012 1070 1070 1100 etc.
1094 1085 1139 1090 —

179 1120 215 1152 Et
238 1119 313 1162 quia
336 1129 376 1153 ex
401 1114 525 1152 insolita
546 1119 742 1161 apparitione
770 1109 1006 1153 consueverunt
1038 1121 1139 1153 homi-

178 1181 234 1206 nes
268 1173 509 1215 obstupescere,
533 1172 603 1205 ideo
626 1172 748 1205 subdit:
775 1173 842 1215 Eyo
865 1183 954 1213 sum,
978 1174 1076 1206 notite
1099 1174 1139 1206 ti-

178 1235 274 1259 nzere.
300 1226 381 1259 Vere
404 1226 494 1259 dicit:
520 1226 589 1268 Eyo
609 1235 704 1264 sum,
729 1226 804 1269 quia
820 1226 920 1268 ipsius
943 1230 990 1260 est
1013 1227 1137 1260 dicere:

185 1292 201 1308 «
217 1279 279 1321 Ego
302 1288 373 1312 sum
404 1279 457 1321 qui
494 1288 564 1312 sum
583 1292 614 1318 »,
638 1279 721 1313 sicut
743 1279 860 1313 dicitur
885 1280 983 1313 Exodi
1008 1280 1102 1313 tertio
1114 1282 1137 1313 ⁴.

179 1331 279 1374 Ipsius
301 1334 349 1365 est
379 1332 518 1374 effugare
550 1332 713 1372 timorem,
743 1336 775 1366 et
805 1333 874 1366 ideo
906 1333 999 1366 dicit:
1033 1333 1140 1366 Nolite

180 1384 301 1417 timere.
335 1384 405 1421 Ideo
436 1387 542 1417 autem
578 1385 774 1418 confortabat
806 1394 877 1424 eos,
909 1385 984 1427 quia
1015 1386 1140 1418 insolito

178 1446 267 1470 more
289 1437 371 1470 inter
395 1446 449 1470 eos
472 1437 662 1479 apparebat,
685 1441 717 1471 et
741 1439 812 1472 talis
832 1439 945 1472 modus
968 1439 1139 1481 apparendi

180 1493 279 1524 terret
302 1493 333 1523 et
357 1490 474 1523 turbat.

268 1544 321 1576 47.
348 1543 449 1583 (Vers.
482 1544 559 1584 37.).
586 1544 716 1587 Propter
740 1545 824 1587 quod
849 1545 972 1578 subdit:
999 1544 1139 1578 Contur-

180 1597 249 1630 bati
270 1606 351 1630 vero,
372 1600 402 1629 et
424 1597 611 1636 conterriti,
636 1597 892 1637 existimabant,
917 1607 951 1630 se
979 1597 1138 1640 spiritum

178 1651 298 1684 videre.
322 1650 392 1683 Ideo
416 1653 522 1683 autem
546 1651 656 1683 territi
676 1654 768 1690 sunt,
785 1651 860 1693 quia
876 1659 948 1684 eum
974 1654 1138 1684 mortuum

179 1705 212 1737 in
235 1712 330 1737 cruce
358 1703 515 1742 viderant,
540 1707 572 1736 et
603 1704 678 1746 quia
710 1704 878 1742 timebant,
910 1713 949 1737 ne
978 1717 994 1733 «
1016 1707 1140 1737 satanas

180 1756 422 1799 transfiguraret
444 1765 477 1789 se
493 1756 525 1789 in
549 1757 696 1799 angelum
722 1756 827 1799 lucis⁵
844 1770 875 1796 »,
900 1761 931 1790 et
955 1757 1030 1799 quia
1047 1766 1140 1790 vene-

180 1812 248 1849 rat,
272 1809 387 1849 ianuis
410 1809 555 1848 clausis;
579 1810 663 1843 unde
687 1810 809 1843 Ioannis
833 1810 999 1852 vigesimo:
1029 1823 1044 1839 α
1062 1811 1140 1844 Cum

180 1872 255 1906 ergo
278 1871 349 1896 sero
379 1866 461 1896 esset
484 1863 534 1896 die
562 1863 615 1895 illo
646 1872 711 1896 una
738 1863 966 1903 sabbatorum,
992 1867 1023 1897 et
1058 1864 1141 1897 fores

180 1919 284 1950 essent
319 1916 458 1955 clausae,
494 1916 580 1949 venit
615 1916 701 1949 lesus
731 1920 762 1949 et
794 1917 879 1950 stetit
910 1917 941 1949 in
977 1917 1079 1950 medio
1110 1920 1141 1950 et

180 1970 262 2003 dixit
284 1969 344 2002 eis:
369 1970 433 2002 Pax
458 1969 590 2002 vobis».

269 2022 322 2054 48.
348 2022 406 2054 Sed
430 2021 462 2054 in
491 2022 551 2054 hoc
583 2022 789 2055 contrarietas
818 2022 943 2055 videtur
974 2022 1057 2055 inter
1080 2023 1141 2055 Lu-

181 2084 249 2109 cam
281 2078 312 2108 et
344 2075 508 2114 loannem,
540 2075 614 2118 quia
651 2076 772 2108 loannis
808 2075 983 2117 vigesimo⁶
1006 2075 1140 2108 dicitur:

187 2142 203 2158 α
218 2128 318 2161 Gavisi
344 2131 419 2161 sunt
442 2128 604 2171 discipuli,
630 2129 696 2162 viso
720 2129 853 2161 Domino
869 2142 899 2160 ι).
924 2147 968 2152 -—
991 2128 1051 2161 Sed
1079 2138 1141 2161 non

181 2184 229 2215 est
252 2181 476 2221 contrarietas,
500 2182 575 2224 quia
597 2182 700 2224 primo
724 2185 799 2215 sunt
830 2181 950 2220 territi,
975 2181 1029 2214 sed
1054 2184 1140 2223 post,

182 2235 315 2269 ostensis
337 2236 484 2268 manibus
514 2239 545 2269 et
568 2235 683 2275 latere,
719 2238 794 2268 sunt
828 2234 924 2277 gavisi
941 2232 962 2266 ⁷.
996 2252 1037 2258 —
1062 2234 1141 2266 Con-

183 2288 329 2322 trarietas
361 2289 454 2322 etiam
483 2289 627 2328 videtur,
655 2288 731 2330 quia
763 2287 916 2320 loannes⁸
940 2286 1032 2325 dicit,
1057 2285 1142 2328 quod

255 2454 264 2469 ¹
285 2455 359 2480 Vers.
381 2455 422 2480 42,
441 2462 497 2487 seq.
516 2453 567 2480 Csr.
586 2460 666 2484 supra
687 2460 747 2484 pag.
769 2452 832 2483 404,
852 2455 911 2478 nota
926 2453 949 2477 3.
964 2455 989 2477 et
1003 2459 1062 2484 pag.
1080 2451 1144 2483 424,

185 2501 244 2524 nota
272 2499 310 2523 l2.
328 2501 354 2524 et
372 2498 460 2524 Collat.
481 2498 506 2522 in
526 2498 593 2523 loan.
614 2498 698 2522 collat.
720 2496 744 2522 4.
764 2503 811 2528 per
830 2499 920 2522 totam.

256 2540 266 2556 ²
288 2543 360 2567 vers.
382 2542 423 2567 44.
443 2544 468 2567 et
491 2541 588 2567 deinde
607 2541 660 2567 Col.
691 2542 716 2572 l,
743 2541 784 2566 20.
804 2540 902 2567 Codd.:
921 2540 1071 2575 Pacificans
1093 2547 1144 2574 per

185 2585 346 2620 sanquinem
365 2584 454 2612 crucis
473 2592 539 2612 suae
557 2586 583 2611 et
601 2592 669 2619 qaae
689 2584 717 2610 in
735 2585 816 2611 terris
835 2586 859 2611 et
878 2592 947 2619 quae
966 2588 1014 2611 etc.

258 2630 268 2645 ³
289 2632 362 2657 Vers.
386 2630 428 2655 27.
448 2644 483 2649 —
502 2630 559 2656 Duo
577 2637 651 2663 seqq.
671 2630 721 2656 loci
746 2633 815 2656 sunt.
835 2631 898 2662 Eph.
919 2631 948 2662 2,
976 2629 1018 2655 ⁴7.
1043 2633 1068 2655 et
1089 2630 1145 2655 lsai.

187 2676 235 2706 52,
254 2675 279 2700 7.
977 2673 988 2688 ⁴¹
1008 2674 1082 2699 Vers.
1104 2673 1146 2699 44.

258 2717 268 2732 ⁵
288 2719 367 2750 Epist.
387 2719 413 2744 ll.
433 2718 492 2744 Cor.
513 2719 559 2749 Μ,
581 2719 622 2744 44.
641 2733 676 2738 —
696 2719 819 2752 Sequitur
836 2720 904 2744 loan.
926 2719 973 2750 20,
997 2719 1036 2744 ¹9.
1055 2719 1146 2744 Glossa

186 2762 330 2790 ordinaria
353 2763 393 2796 (ex
413 2763 493 2796 Beda)
513 2763 538 2788 in
559 2764 621 2789 Luc.
640 2763 689 2795 24,
709 2763 752 2790 37.
771 2771 840 2796 seq.:
860 2764 991 2789 Noverunt
1010 2763 1146 2796 discipuli,

188 2807 295 2841 [lesum]
310 2807 389 2833 ruisse
402 2814 495 2833 verum
510 2807 657 2839 nominem;
676 2808 723 2833 sed
737 2810 877 2840 postquam
892 2811 1012 2833 mortuus
1025 2810 1078 2840 est,
1092 2815 1146 2833 non

188 2852 307 2883 credunt,
320 2851 393 2877 tertia
407 2851 451 2877 die
464 2852 581 2884 potuisse
594 2859 683 2877 veram
697 2859 801 2877 carnem
815 2851 848 2877 de
861 2853 982 2884 sepulcro
995 2859 1145 2884 resurgere.

188 2896 281 2921 Putant
299 2903 372 2928 crgo,
385 2903 414 2921 se
428 2896 518 2922 videre
542 2896 678 2928 spiritum,
697 2903 777 2928 quem
797 2896 884 2922 emisit
903 2897 927 2922 in
948 2897 1080 2929 passione;
1099 2896 1147 2922 sed

190 2941 260 2966 hunc
279 2947 395 2965 errorem
414 2941 498 2966 ausert
521 2940 661 2966 Dominus:
682 2939 754 2972 Quid
777 2939 881 2966 turbati
898 2941 960 2967 estis
979 2944 1029 2966 etc.
1048 2955 1083 2960 —
1103 2942 1148 2966 Su-

190 2984 279 3015 perius
297 2984 318 3009 Α
329 2984 347 3009 C
358 2985 379 3009 D
395 2984 518 3009 omittunt
536 2986 560 3010 et
572 2983 637 3017 qaia
656 2983 790 3010 timebant.

261 3027 272 3042 ⁰
291 3029 365 3053 Vers.
386 3029 432 3059 20,
452 3031 511 3060 post
524 3035 604 3061 quem
624 3029 643 3053 B
662 3028 735 3054 addit
753 3028 842 3055 Lucas
855 3028 932 3055 dicit:
953 3028 1113 3056 Conturbati
1124 3030 1150 3055 et

190 3071 330 3098 conterriti
348 3075 397 3097 etc.

261 3113 271 3128 '¹
292 3115 426 3146 Ambros.,
452 3116 485 3141 X.
505 3116 529 3141 in
549 3116 610 3141 Luc.
630 3122 654 3141 c.
679 3115 721 3141 24.
741 3123 767 3142 n.
787 3116 852 3143 ⁴79:
878 3118 962 3143 Lucas
987 3124 1052 3149 ergo
1071 3117 1149 3142 histo-

191 3158 245 3183 rice
263 3158 364 3190 singula
384 3162 539 3190 prosecutus
563 3162 614 3190 est;
635 3159 675 3185 ille
694 3159 824 3195 [loannes]
845 3162 923 3187 tinem
943 3161 1085 3194 spectavit,
1106 3161 1148 3186 liic

191 3209 295 3228 seriem.

263 3245 274 3260 ⁸
293 3245 356 3278 Cap.
375 3246 422 3277 20,
442 3246 484 3272 24.
503 3260 538 3266 —
558 3248 619 3273 Luc..
639 3247 688 3279 24,
707 3249 750 3274 33.

264 3289 275 3304 ⁹
293 3290 363 3316 Libr.
382 3291 419 3316 111.
443 3291 476 3317 de
500 3290 633 3317 Consensu
661 3293 816 3325 Evangelist.
835 3301 859 3319 c.
878 3293 920 3319 25.
941 3300 966 3318 n.
985 3292 1033 3318 74:
1058 3301 1070 3315 α
1090 3292 1149 3317 Pro-

2098 189 2160 222 599

1209 272 1377 305 «Thomas
1400 283 1461 306 non
1485 277 1554 307 erat
1577 284 1648 307 cum
1673 275 1737 314 eis,
1762 276 1888 318 quando
1919 277 2003 310 venit
2028 277 2112 310 lesus
2129 289 2160 316 »;

1203 325 1302 358 Lucas
1325 329 1430 358 autem
1456 326 1545 366 dicit,
1570 328 1654 369 quod
1683 328 1902 362 «invenerunt
1925 330 2069 363 undecim
2087 339 2160 363 con-

1202 381 1348 420 gregatos
1365 392 1394 410 n.
1420 397 1461 403 —
1486 380 1544 412 Sed
1575 381 1614 413 ad
1643 381 1702 413 hoc
1734 381 1901 423 respondet
1931 382 2124 424 Augustinus
2136 382 2160 421 ⁹,

1202 430 1287 471 quod
1312 431 1446 465 Thomas
1469 436 1537 465 erat
1571 442 1643 466 cum
1676 434 1855 476 discipulis,
1880 435 2005 476 quando
2030 435 2072 467 illi
2098 434 2161 467 duo

1202 483 1384 523 redierunt,
1408 485 1462 517 sed
1486 486 1685 527 postmodum
1717 487 1833 525 exivit,
1857 491 2026 529 antequam
2051 487 2096 520 eis
2120 487 2161 519 lo-

1201 537 1373 578 quentibus
1396 538 1549 571 Dominus
1573 543 1748 581 appareret.

1291 590 1343 622 49.
1375 591 1475 630 (Vers.
1513 591 1589 633 38.).
1627 593 1663 624 E't
1698 593 1784 625 (lixit
1814 593 1879 625 eis:
1913 593 2001 633 Quid
2033 592 2162 625 turbati
2173 601 2282 631 stannea,
2298 602 2325 623 de

1201 643 1278 675 estis
1301 646 1359 676 etc.
1385 644 1455 677 Post
1477 644 1665 686 descriptam
1690 646 1921 687 apparitionum
1947 647 2158 688 pluralitatem
2172 631 2305 701 ὴῗῖιρῖῗὲῗῖ-

1200 695 1350 729 describit
1374 697 1424 729 hic
1449 698 1674 740 apparitionis
1687 698 1954 740 probabilitatem
1975 703 2004 731 et
2027 700 2160 731 certitu·
2173 683 2255 734 gssffl‘?
2264 683 2317 728 (ἷῖῗῖ

1201 748 1310 781 dinem
1324 749 1527 791 probabilem
1541 751 1577 782 ¹⁰.
1602 751 1775 792 Dupliciter
1790 756 1901 784 autem
1915 752 2040 794 probari
2067 752 2161 784 habet

1201 804 1232 833 et
1256 801 1390 834 discerni
1409 806 1494 835 certa
1509 802 1697 836 discretione
1714 812 1829 845 corpus
1853 807 1884 836 et
1908 804 2052 845 spiritus,
2079 804 2160 836 scili-

1201 858 1251 887 cet
1281 864 1338 896 per
1369 864 1464 888 usum
1497 859 1606 888 taetus
1630 859 1661 888 et
1682 861 1820 899 qustus,
1846 860 1877 889 et
1900 857 2074 889 secundum
2101 857 2160 889 hoc

1202 907 1315 949 probat
1338 907 1483 940 Christus
1506 908 1673 950 dupliciter
1697 918 1731 942 se
1754 909 1871 942 habere
1906 918 2018 942 verum
2043 917 2160 950 corpus

1202 961 1376 993 secundum
1401 961 1486 994 hunc
1510 961 1668 1003 duplicem
1693 971 1830 995 sensum.

1291 1014 1395 1046 Primo
1425 1018 1580 1056 quantum
1612 1015 1651 1047 ad
1683 1015 1904 1048 testimonium
1937 1019 2045 1048 laetas
2068 1016 2325 1048 dicitzrenimouium

1204 1068 1243 1100 Et
1267 1068 1354 1100 dixit
1388 1068 1453 1100 eis:
1480 1068 1568 1109 Quid
1602 1068 1731 1101 turbati
1760 1069 1855 1108 estis,
1887 1073 1917 1102 ct
1947 1069 2160 1116 cogitationes
2208 1051 2283 1070 ‘acm‘

1202 1121 1385 1153 ascendant
1410 1121 1446 1153 in
1469 1122 1572 1154 corda
1597 1122 1730 1154 vestra?
1755 1122 1918 1164 Signanter
1950 1122 2025 1154 dicit
2048 1132 2160 1154 ascen·
2181 1128 2308 1150 Notandum-

1202 1173 1305 1212 dunt,
1340 1173 1415 1215 quia
1446 1173 1549 1206 bonae
1579 1174 1777 1207 descendunt
1813 1184 1831 1206 a
1862 1175 2035 1216 superiori;
2062 1175 2161 1207 iacobi

1202 1225 1305 1267 primo
1319 1226 1363 1257 1¹:
1393 1238 1408 1255 α
1426 1225 1525 1258 Omne
1541 1225 1648 1258 datum
1666 1226 1819 1267 optimum
1844 1226 2009 1259 desursum
2028 1230 2091 1265 est,
2108 1226 2161 1259 de-

1203 1278 1354 1312 scendens
1370 1292 1385 1308 n
1415 1283 1489 1318 etc.;
1514 1279 1622 1311 malae
1647 1288 1721 1312 vero
1737 1279 1777 1312 ab
1794 1279 1932 1312 inferiori
1957 1279 2159 1317 ascendunt;

1203 1333 1402 1374 Apocalypsis
1425 1342 1525 1365 nono:
1556 1333 1727 1366 «Ascendit
1743 1332 1849 1365 fumus
1867 1333 1969 1374 putei,
1993 1337 2023 1365 et
2046 1332 2159 1365 obscu-

1203 1389 1293 1418 ratus
1316 1389 1363 1418 est
1387 1386 1432 1418 sol
1456 1390 1487 1418 et
1510 1387 1564 1418 aer
1588 1386 1626 1418 de
1649 1386 1736 1418 fumo
1760 1386 1893 1427 putei».

1294 1440 1345 1470 50.
1372 1439 1473 1479 (Vers.
1499 1438 1575 1478 39.).
1601 1439 1637 1471 Et
1664 1439 1739 1480 quia
1770 1439 1971 1480 cogitationes
2002 1438 2078 1471 istae
2107 1447 2158 1471 ve-
2176 1445 2274 1476 qucatio
2291 1451 2326 1466 co·

1203 1491 1331 1524 niebant
1362 1491 1402 1523 ab
1433 1491 1609 1529 interiori,
1646 1490 1715 1523 ideo
1751 1491 1894 1523 exterius
1927 1491 2070 1532 proponit
2105 1500 2160 1532 per
2181 1474 2323 1525 53:35²?ss-

1203 1544 1288 1586 quod
1312 1548 1508 1586 purgentur,
1533 1553 1605 1577 cum
1630 1544 1752 1576 subdit:
1784 1544 1890 1576 Videte
1923 1553 2045 1576 manus
2068 1553 2159 1576 meas

1203 1601 1232 1629 et
1253 1597 1402 1639 pedes-¹²,
1426 1597 1508 1640 quia
1532 1606 1589 1639 eyo
1613 1597 1681 1638 ipse
1704 1606 1795 1635 sum,
1813 1597 1902 1638 quasi
1926 1596 2024 1629 dicat:
2051 1597 2075 1629 si
2100 1606 2157 1638 pu-

1204 1650 1277 1682 tatis
1301 1658 1357 1691 per
1381 1649 1485 1682 visum
1510 1649 1676 1688 ludificari,
1701 1650 1809 1682 saltem
1835 1658 1891 1691 per
1915 1658 2041 1682 sensum
2060 1652 2161 1681 tactus

1204 1702 1381 1736 efficiamini
1399 1703 1486 1735 certi.
1505 1721 1548 1725 —
1566 1703 1601 1734 Et
1617 1702 1685 1735 ideo
1702 1702 1824 1735 subdit:
1844 1702 1983 1743 Patpate
1999 1706 2027 1734 et
2043 1702 2160 1740 videte,

1205 1756 1287 1799 quia
1309 1755 1451 1798 spiritus
1474 1765 1609 1788 carnem
1633 1760 1663 1788 et
1685 1764 1762 1788 ossa
1785 1764 1851 1787 non
1875 1753 1985 1793 habet,
2002 1754 2089 1786 sicut
2112 1763 2162 1786 me

1204 1809 1322 1842 videtis
1345 1808 1474 1841 habere.
1499 1809 1560 1842 Hoc
1587 1809 1660 1841 fecit
1688 1809 1719 1841 in
1751 1812 1987 1851 aryumentum
2013 1817 2162 1840 resurre-

1205 1862 1324 1895 ctionis
1346 1872 1447 1900 saae,·
1468 1862 1551 1894 unde
1575 1861 1690 1894 dicitur
1714 1862 1833 1903 primae
1858 1861 1978 1893 loannis
2002 1861 2103 1902 primo
2117 1860 2160 1891 ¹³:

1210 1928 1225 1944 σ
1243 1915 1332 1957 Quod
1356 1915 1415 1948 suit
1446 1915 1486 1948 ab
1519 1915 1623 1954 initio,
1649 1915 1733 1957 quod
1757 1914 1953 1952 audivimus,
1977 1913 2060 1955 quod
2085 1912 2162 1945 vidi-

1205 1977 1278 2001 mus
1300 1968 1400 2001 oculis
1434 1968 1569 2007 nostris,
1606 1968 1690 2010 quod
1722 1967 1957 2009 perspeximus,
1989 1970 2020 1999 et
2051 1975 2163 1998 manus

1206 2025 1331 2055 nostrae
1355 2024 1632 2055 contrectaverunt
1654 2021 1692 2054 de
1716 2020 1819 2054 Verbo
1843 2020 1934 2058 vitae,
1959 2023 1990 2052 et
2015 2019 2078 2051 vita
2098 2027 2162 2050 ma-

1205 2076 1350 2108 nifestata
1373 2079 1438 2114 est,
1461 2078 1493 2107 et
1516 2074 1653 2107 vidimus
1668 2077 1700 2107 et
1723 2077 1875 2106 testamur
1891 2076 1922 2105 et
1937 2072 2161 2105 annuntiamus

1206 2128 1295 2161 vobis
1320 2128 1416 2160 vitam
1441 2130 1600 2160 aeternam
1618 2140 1647 2158 ».
1673 2127 1734 2159 Hoc
1751 2126 1842 2158 etiam
1859 2125 1931 2157 fecit
1948 2125 1977 2156 in
1995 2132 2164 2166 argumen-

1206 2184 1274 2214 tum
1299 2180 1540 2213 resurrectionis
1564 2182 1595 2212 et
1617 2179 1801 2221 exemplum
1832 2181 1966 2210 nostrae
1995 2175 2164 2219 glorifiea-

1206 2233 1325 2271 tionis,·
1360 2232 1444 2265 unde
1478 2232 1626 2264 Glossa¹⁴
1649 2231 1741 2264 dic-it:
1771 2243 1786 2259 «ι
1804 2231 1886 2262 Dum
1918 2229 2070 2271 palpanda
2094 2237 2165 2261 ossa

1205 2294 1397 2327 carnemque
1421 2287 1591 2323 monstrat,
1616 2287 1724 2326 aperte
1748 2286 1864 2316 statum
1883 2291 1957 2315 suae
1975 2282 2023 2314 vel
2040 2284 2164 2314 nostrae

1207 2459 1287 2484 quam
1307 2452 1344 2477 eis
1370 2451 1496 2476 Dominus
1522 2452 1585 2476 hacc
1611 2449 1779 2483 loquentibus
1804 2452 1979 2481 appareret».
2007 2448 2076 2473 ldern
2103 2447 2165 2472 dicit

1207 2496 1277 2522 Beda
1297 2499 1322 2521 et
1340 2496 1430 2522 Glossa
1450 2494 1593 2521 ordinaria
1609 2496 1636 2520 in
1655 2495 1716 2520 Luc.
1738 2493 1784 2524 24,
1805 2494 1848 2519 36.

1280 2539 1301 2554 ¹⁰
1321 2541 1371 2566 Csr.
1391 2547 1470 2572 supra
1484 2548 1509 2565 n.
1525 2539 1566 2565 42.
1584 2553 1619 2558 —
1632 2539 1695 2565 Cod.
1716 2540 1737 2564 ll
1756 2538 1850 2564 omittit
1866 2536 2047 2571 probabilem,
2068 2537 2126 2562 Val.
2142 2537 2166 2562 rt

1208 2584 1394 2611 certitudinem
1410 2583 1585 2618 probabilem.
1605 2584 1732 2615 Superius
1745 2590 1793 2615 pro
1807 2581 2007 2615 apparitionum
2022 2582 2042 2605 Α
2053 2579 2071 2605 C
2085 2581 2104 2605 D
2119 2587 2166 2613 ap-

1207 2628 1360 2663 paritionis.
1381 2629 1486 2654 luserius
1506 2631 1565 2660 post
1581 2627 1699 2654 discerni
1718 2629 1737 2653 Α
1748 2627 1766 2653 C
1780 2628 1799 2652 D
1809 2627 1830 2652 Η
1844 2627 1931 2657 legunt
1946 2625 2018 2652 circ-a
2032 2624 2165 2651 diso-etio-

1209 2681 1270 2700 nem
1290 2680 1389 2707 corpas
1408 2675 1434 2699 et
1451 2672 1578 2706 spiritus,
1600 2671 1700 2698 scilicet
1717 2675 1764 2696 etc.

1282 2717 1302 2735 ¹¹
1324 2718 1400 2743 Yors.
1420 2717 1460 2742 ⁴7.
1475 2731 1510 2736 —-
1523 2717 1640 2742 Subinde
1653 2717 1778 2747 allegatur
1798 2715 1878 2746 Apoc.
1898 2715 1927 2744 ⁴3,
1942 2715 1966 2739 2.
1980 2713 2064 2743 Beda,
2085 2714 2126 2738 vl.
2141 2714 2166 2738 iu

1210 2764 1273 2789 Luc.
1293 2763 1339 2795 24,
1359 2764 1405 2788 38:
1425 2763 1561 2794 Tanquam
1583 2761 1667 2786 bouus
1687 2760 1799 2791 agricola
1820 2759 1930 2784 diceret:
1951 2758 2026 2791 Quod
2043 2758 2078 2783 ibi
2098 2758 2167 2789 plau-

1211 2808 1278 2839 tavi,
1298 2806 1334 2831 ibi
1355 2806 1501 2835 inveniam,
1520 2812 1572 2829 non
1591 2805 1691 2835 spinas,
1711 2810 1777 2836 quas
1797 2810 1848 2828 nou
1869 2803 1996 2834 plantavi,
2017 2803 2041 2827 in
2062 2808 2106 2826 cor
2125 2808 2166 2826 ve-

1210 2855 1293 2877 strum
1313 2849 1467 2879 descmzctat,
1496 2849 1556 2881 quia
1577 2849 1691 2880 desuper
1715 2851 1766 2877 cst3
1791 2847 1963 2880 coyilationes
1989 2850 2076 2871 autem
2103 2846 2165 2870 istae

1211 2903 1263 2921 non
1282 2896 1396 2926 desuper
1417 2893 1620 2923 descenderunt,
1640 2886 1685 2917 sed
1708 2892 1731 2917 in
1752 2892 1808 2923 ipso
1827 2891 1906 2916 corde
1920 2891 1986 2916 sicut
2006 2890 2084 2915 herba
2100 2890 2166 2914 mala

1211 2938 1400 2966 ascenderant.

1284 2982 1305 2996 ¹²
1324 2982 1406 3007 Codd.
1426 2981 1508 3006 (toll
1532 2980 1632 3006 addunt
1651 2987 1737 3009 meos,
1760 2979 1922 3012 quodetiam
1937 2979 2058 3009 August,
2079 2977 2114 3001 ΙΙΙ.
2134 2977 2167 3002 de

1212 3027 1346 3053 Conscnsu
1367 3024 1522 3055 Evangelist.
1542 3030 1565 3049 c.
1585 3023 1628 3048 25.
1647 3030 1671 3047 u.
1692 3023 1736 3048 7...
1755 3022 1867 3048 exhibet.
1881 3036 1914 3039 —
1929 3021 2034 3046 {userius
2054 3027 2100 3051 pro
2117 3027 2167 3053 pet·

1212 3070 1300 3097 visum
1320 3067 1457 3102 ludificari
1476 3068 1532 3092 Vnt.
1549 3074 1599 3100 per
1618 3067 1707 3093 risum
1728 3065 1812 3092 illudi.

1233 3129 1242 3133 α
1284 3111 1306 3127 ¹³
1325 3113 1400 3137 Vers.
1424 3113 1443 3136 l.
1469 3115 1494 3137 et
1519 3113 1542 3136 2.
1562 3125 1597 3130 —
1616 3112 1704 3136 Glossa
1724 3109 1864 3136 ordinaria
1890 3110 1930 3139 (ex
1954 3108 2032 3133 aedat
2062 3108 2084 3132 in
2106 3108 2168 3133 Luc.

1213 3158 1259 3190 24,
1280 3157 1325 3182 39:
1346 3156 1430 3181 Manis
1443 3156 1608 3181 documentis
1627 3155 1766 3186 persuadet
1780 3153 1996 3178 resurrectionem
2016 3151 2167 3183 praebendo

1212 3209 1241 3227 se
1259 3204 1285 3226 ct
1303 3200 1384 3226 oculis
1404 3200 1549 3225 videndum
1568 3202 1594 3224 ct
1613 3198 1733 3223 manibus
1752 3197 1976 3223 contrectamlum.

1285 3243 1306 3258 ¹⁴
1326 3245 1428 3270 Scilicet
1446 3242 1588 3270 ordimu'ia
1608 3242 1648 3274 (ex
1663 3242 1745 3271 Beda,
1762 3241 1806 3273 qui
1826 3240 1943 3272 sequitur
1956 3240 2080 3271 Gregor.,
2100 3240 2168 3265 XlY.

1214 3289 1300 3315 llloral.
1320 3296 1342 3314 c.
1363 3289 1405 3313 56.
1425 3296 1450 3313 n.
1469 3287 1523 3320 72.)
1544 3287 1569 3312 in
1589 3287 1650 3311 Luc.
1670 3286 1716 3317 24,
1737 3285 1784 3310 39:
1807 3285 1874 3310 Dum
1886 3282 2024 3317 palpando
2045 3290 2105 3310 ossa
2120 3288 2169 3309 etc.

192 3336 235 3361 cul
249 3335 336 3377 «dubio
362 3334 558 3368 intelligendum
578 3340 633 3368 est,
653 3337 726 3370 quod
744 3338 805 3363 inde
830 3338 949 3363 Thomas
965 3336 1063 3367 exierit,
1082 3338 1150 3361 ante·
1187 3358 1189 3360 .
1214 3335 1273 3360 Vat.
1291 3334 1386 3365 allegat
1405 3332 1486 3358 verba
1506 3331 1587 3376 ipsius
1606 3330 1699 3356 Bcdae.
