2476 3921
10 377 86 408 Duplex
98 376 152 398 ratio

64 855 140 876 Aliter.

7 1174 138 1197 *Secundum

3 1387 78 1416 duplex
84 1388 148 1411 ratio.

767 224 962 257 COMMENT.
988 225 1025 257 ΙΝ
1050 224 1291 258 EVANGELlUM
1316 226 1436 259 LUCAE
1459 227 1490 259 C.
1518 228 1551 259 X.

164 314 311 356 descripti
336 314 504 353 fuerant»;
530 313 561 346 in
585 323 649 356 quo
674 313 705 346 bi
730 322 882 355 expresse
898 313 1024 355 figurati
1042 315 1126 346 sunt.

164 386 208 391 —-
228 367 316 400 Ratio
338 370 462 406 autem,
487 376 587 409 quare
603 367 652 400 isti
671 367 801 400 fuerunt
824 367 1023 409 septuaginta
1045 366 1127 405 du0‚

165 420 317 454 litteralis
341 420 418 460 fuit,
435 424 485 459 ut,
503 420 585 453 sicut
609 420 744 462 Apostoli
769 420 985 462 praedicantes
1008 419 1128 452 duode-

164 474 223 507 cim
241 473 389 507 tribubus
404 473 569 506 duodecim
586 476 693 512 erant,
711 473 755 506 sic
772 473 821 505 isti
839 473 1037 515 septuaginta
1051 472 1126 512 du0‚

163 527 338 560 secundum
362 526 447 569 quod
464 527 493 559 in
511 526 619 559 Glossa
633 527 642 545 ¹
659 526 793 559 dicitur:
816 538 832 554 «
845 525 1048 568 Septuaginta
1063 525 1126 558 duo

161 580 351 619 mittuntur,
375 580 429 622 qui
459 579 586 612 totidem
605 579 758 622 ‘gentibus
782 579 963 621 linguarum
987 579 1126 620 Evange-

162 633 239 666 lium
276 633 494 675 praedicarent
518 645 554 673 ”3
587 632 761 666 secundum
796 632 974 676 mysticum
1007 631 1126 664 intelle-

161 690 269 724 ctum,
294 686 369 728 quia
392 686 530 719 continet
553 685 585 718 in
609 694 642 718 se
666 685 780 727 septies
803 685 968 718 denarium
986 688 1017 717 et
1037 684 1125 717 bina—

161 739 262 778 rium;
288 739 318 771 in
343 748 407 781 quo
430 739 613 781 designatur
635 738 826 780 septiformis
842 738 973 780 spiritus
990 738 1125 771 donatus

160 801 271 826 eorum
296 792 470 826 ministerio
492 792 531 825 ad
555 792 766 834 impletionem
784 792 921 834 decalogi
939 795 971 824 et
985 791 1123 824 duorum

162 849 402 888 praeceptorum
428 845 567 878 caritatis
580 845 602 878 ².
617 863 659 869 -
673 845 738 884 Vel,
756 845 831 887 quia
847 845 1046 887 septuaginta
1061 845 1125 877 duo

161 899 322 932 continent
345 899 440 932 boras
465 899 560 932 trium
585 899 729 938 dierum,
754 899 829 941 quia
852 898 944 931 tidem
962 899 1124 931 Trinitatis

161 952 343 994 praedicare
366 952 539 991 debebant,
564 952 646 985 sicut
668 952 785 985 dicitur
801 952 832 985 in
849 952 993 991 Glossa³‚
1012 961 1124 985 secun-

160 1006 236 1038 dum
262 1005 445 1039 triduanum
474 1006 643 1039 circuitum
677 1006 751 1039 solis
779 1006 910 1045 Christi,
935 1006 1054 1039 scilicet
1077 1007 1124 1039 in-

161 1052 365 1099 carnationis,
389 1060 560 1102 passionis,
586 1060 838 1093 resurrectionis.

250 1113 279 1146 3.
316 1113 459 1146 Secundo
487 1116 643 1155 quantum
671 1113 709 1145 ad
742 1112 995 1156 desiynatorum
1023 1123 1123 1156 prae—

160 1165 350 1198 missionem
373 1169 445 1198 ante
469 1175 564 1199 suum
588 1169 791 1208 conspectum
816 1166 980 1199 subditur:
1001 1167 1037 1199 Et
1062 1167 1124 1198 mi-

160 1219 203 1253 sit
225 1219 298 1253 illos
323 1219 415 1252 binos
446 1223 522 1252 ante
545 1218 668 1262 faciem
695 1229 805 1252 suam.
831 1219 938 1259 Misit,
975 1220 1122 1262 inquam,

159 1273 346 1306 auctoritate
370 1272 492 1310 divina,
517 1273 609 1314 quia,
634 1273 716 1306 sicut
751 1273 868 1306 dicitur
893 1273 1014 1306 loannis
1040 1273 1123 1315 vige-

159 1326 238 1359 simo
250 1327 274 1366 4,
296 1326 403 1359 «sicut
420 1335 469 1359 me
485 1326 569 1359 misit
587 1326 686 1365 Pater,
711 1330 742 1359 et
757 1335 814 1369 ego
830 1327 921 1359 mitto
946 1335 1000 1359 vos
1016 1340 1047 1358 ».
1068 1326 1123 1358 Bi-

160 1389 220 1412 nos
235 1384 340 1412 autem
359 1379 443 1412 misit
459 1379 505 1412 ad
525 1379 680 1418 litteram,
697 1383 733 1412 ut
749 1388 782 1412 se
799 1383 912 1412 mutuo
928 1379 1123 1412 custodirent

159 1436 190 1466 et
213 1433 417 1472 adiuvarent,
447 1433 620 1466 secundum
656 1432 734 1465 illud
767 1433 968 1465 Ecclesiastae
992 1436 1121 1475 quarto:

164 1499 179 1516 α
197 1487 306 1531 Μο11115
329 1490 394 1526 est,
429 1487 509 1520 duos
533 1487 626 1519 simul
651 1495 719 1519 esse
742 1496 837 1529 quam
864 1495 980 1525 unum;
1006 1486 1123 1519 habent

159 1540 241 1573 enim
266 1541 513 1573 emolumentum
539 1540 694 1573 societatis
718 1549 794 1573 suae
811 1552 841 1578 »;
874 1540 924 1572 vel
948 1539 1133 1572 secundum·

159 1594 370 1636 spiritualem
386 1593 650 1636 intelligentiam,
668 1597 704 1626 ut
719 1593 794 1626 dicit
811 1593 891 1626 Beda
904 1593 928 1633 ⁵,
951 1606 966 1622 «
978 1602 1035 1635 per
1053 1593 1123 1632 hoc,

160 1647 244 1690 quod
268 1647 358 1680 binos
382 1647 494 1686 mittit,
520 1647 641 1686 innuit,
666 1647 751 1689 quod
775 1656 868 1680 nenio
884 1647 1124 1689 praedicationis

159 1701 298 1734 officium
323 1702 483 1743 suscipere
518 1701 628 1740 debet,
653 1701 706 1744 qui
739 1710 815 1743 erga
838 1701 934 1734 alium
960 1702 1123 1734 caritatem

158 1765 221 1788 non
246 1756 382 1788 habet».
409 1756 440 1788 ln
465 1755 557 1788 cuius
581 1756 626 1788 rei
651 1755 895 1797 designationem
913 1754 1030 1787 dicitur
1046 1755 1124 1787 Can-

155 1809 295 1843 ticorum
321 1813 452 1851 quarto:
484 1809 626 1842 «Dentes
650 1809 740 1847 tui»,
758 1808 788 1841 id
810 1811 857 1841 est
881 1808 1123 1850 praedicatores,

159 1872 297 1905 quorum
321 1866 369 1895 est
393 1862 560 1895 masticare
576 1862 681 1895 cibum
700 1861 858 1903 parvulis,
881 1874 896 1890 «
913 1860 995 1894 sicut
1012 1870 1124 1903 greges

159 1919 341 1955 tonsarum,
365 1925 447 1958 quae
470 1915 680 1949 ascenderunt
703 1915 742 1948 de
767 1915 910 1954 lavacro,
935 1924 1044 1948 omnes
1071 1924 1125 1957 ge-

159 1970 260 2003 mellis
283 1969 414 2009 fetibus,
438 1972 469 2002 et
501 1968 616 2002 sterilis
644 1977 705 2000 non
730 1971 777 2001 est
801 1968 831 2000 in
857 1968 902 2001 cis
919 1981 949 2000 ».
975 1968 1006 2000 In
1032 1969 1125 2002 cuius

159 2023 253 2056 etiam
278 2023 322 2056 rei
340 2022 508 2066 fiyamm,
533 2025 568 2054 ut
599 2021 674 2054 dicit
705 2021 813 2054 Glossa
826 2021 850 2061 ⁶,
879 2022 1028 2055 animalia
1052 2022 1125 2055 bina

159 2077 290 2110 suerunt
313 2078 344 2110 in
368 2086 442 2110 arca
465 2077 545 2115 Noe,
570 2076 652 2109 sicut
675 2076 792 2108 dicitur
808 2076 936 2109 Genesis
961 2080 1061 2110 sexto.
1082 2096 1123 2100 -

160 2131 196 2164 Et
220 2131 368 2174 quoniam
393 2131 470 2163 haec
503 2130 609 2162 missio
639 2139 701 2162 non
734 2133 803 2162 erat
834 2130 891 2163 nisi
922 2130 1003 2163 sicut
1027 2139 1124 2173 quae-

160 2184 231 2218 dam
255 2184 455 2227 praeparatio
471 2183 509 2216 ad
526 2183 687 2216 Christum
699 2210 706 2222 ,
724 2183 793 2216 ideo
809 2183 912 2216 addit:
939 2184 979 2216 In
995 2193 1123 2216 ornnem

2089 232 2153 264 253

1192 313 1359 347 civitatem
1382 319 1412 347 et
1434 315 1562 354 locum,
1587 326 1651 359 quo
1674 322 1749 350 erat
1772 319 1841 360 ipsc
1863 324 2046 358 ventura3;
2071 320 2154 352 unde

1192 367 1275 399 sicut
1298 376 1468 409 praecones
1493 370 1734 410 praecedebant,
1759 372 1932 404 secundum
1958 373 2034 405 illud
2062 374 2155 406 isaiae

1191 419 1476 462 quadragesimi:
1506 421 1644 454 «Parate
1670 423 1749 455 viam
1776 424 1915 463 Domini,
1942 429 2042 458 rectas
2063 426 2155 458 facite

1191 473 1318 506 semitas
1341 474 1452 506 eius».
1479 474 1564 507 Unde
1595 474 1720 508 Glossa:
1751 489 1766 504 α
1783 477 1838 509 Ubi
1875 478 1971 510 verba
1996 479 2155 520 praedica-

1193 526 1285 559 tionis
1309 531 1539 569 praecurrunt,
1562 529 1650 561 ⁴venit
1682 529 1834 562 Dominus
1866 531 1903 563 ad
1929 532 2042 564 mentis
2067 532 2154 565 habi-

1191 580 1331 613 taculum
1350 594 1380 612 ».

1279 633 1309 665 li.
1336 634 1437 674 (Vers.
1470 634 1525 675 2).
1558 635 1664 667 Tertio
1696 639 1850 677 quantum
1883 637 1920 669 ad
1950 638 2153 679 praemisso-

1189 696 1269 719 rum
1293 687 1561 720 accelerationem
1578 688 1616 721 ad
1633 689 1765 722 salutem
1791 690 1963 723 electorum
1988 691 2153 724 subditur:

1191 741 1231 772 Et
1250 740 1379 773 dicebat
1401 740 1487 773 illis:
1512 742 1627 774 Messis
1650 743 1782 786 quidem
1806 744 1931 782 mulla,
1957 744 1986 776 id
2015 749 2062 777 est
2087 749 2154 777 tur-

1189 793 1229 826 ba
1259 793 1298 826 ad
1329 794 1566 827 conversionem
1593 800 1711 837 parata.
1741 796 1827 829 Unde
1853 797 1973 829 loannis
1996 799 2153 840 quartoss,

1189 847 1315 889 quando
1332 847 1516 881 Samaritani
1534 848 1755 888 crediderunt,
1782 850 1933 883 Dominus
1948 851 2047 884 dixit:
2070 865 2085 880 α
2103 852 2154 884 Vi-

1188 900 1259 933 dete
1283 900 1445 943 regiones,
1477 902 1552 944 quia
1575 902 1664 935 albae
1694 907 1769 936 sunt
1801 904 1861 936 iam
1894 905 1931 936 ad
1965 910 2096 938 messem
2123 920 2152 938 ».

1189 954 1268 987 Haec
1291 955 1402 987 messis
1434 955 1587 988 seminata
1610 956 1669 989 sun
1694 957 1724 989 in
1757 956 1822 1000 leye
1853 962 2018 997 naturae,
2055 959 2155 992 crevit

1188 1011 1294 1040 autem
1321 1007 1352 1040 in
1376 1008 1442 1051 leye
1465 1008 1614 1051 fiyurae,
1634 1010 1687 1042 sed
1713 1011 1877 1043 recollecta
1901 1015 1949 1044 est
1965 1012 1995 1044 in
2014 1016 2155 1054 tempore

1187 1061 1331 1104 gratiae.
1357 1061 1443 1094 Unde
1467 1062 1583 1095 dicitur
1601 1063 1723 1096 loannis
1747 1068 1879 1106 quarto:
1902 1078 1917 1092 «
1935 1065 1996 1107 Ego
2014 1066 2080 1098 misi
2101 1075 2154 1099 vos

1188 1117 1308 1147 metere
1331 1115 1415 1157 quod
1440 1125 1496 1148 vos
1520 1125 1580 1148 non
1607 1117 1801 1156 seminastis;
1825 1118 1875 1150 alii
1910 1118 2151 1158 laboraverunt,

1188 1171 1219 1200 et
1243 1177 1298 1200 vos
1329 1168 1360 1200 in
1394 1168 1517 1201 labores
1548 1178 1658 1202 eorum
1692 1170 1891 1203 introistis».
1925 1172 2023 1204 Huius
2047 1177 2153 1205 autem

1188 1221 1299 1254 messis
1331 1221 1451 1263 duplex
1487 1226 1534 1254 est
1571 1223 1766 1255 recollectio:
1791 1224 1994 1257 universalis
2019 1225 2048 1257 in
2076 1229 2153 1258 tem-

1188 1283 1264 1316 pore
1288 1275 1413 1313 ultim0,
1438 1275 1476 1308 de
1500 1285 1563 1317 qua
1587 1276 1786 1318 Apocalypsis
1810 1277 1930 1310 decimo
1947 1282 2061 1320 quarto
2077 1280 2089 1298 ⁹
2106 1279 2152 1311 di-

1187 1326 1271 1360 citur
1295 1328 1426 1369 Angelo:
1457 1341 1471 1356 (1
1490 1329 1574 1361 Mitte
1598 1329 1707 1362 falcem
1735 1334 1820 1362 tuam
1838 1334 1869 1363 et
1886 1335 1984 1369 mete,
2009 1333 2083 1374 quia
2101 1342 2153 1365 ve-

1187 1381 1233 1413 nit
1266 1381 1359 1420 hora,
1395 1385 1431 1413 ut
1466 1386 1621 1421 metatur,
1654 1383 1802 1425 quoniam
1836 1385 2006 1417 maturavit
2042 1387 2153 1419 messis

1187 1437 1292 1466 terrae
1309 1446 1340 1472 »;
1364 1434 1425 1466 alia
1447 1438 1495 1467 est
1519 1436 1696 1468 recollectio
1719 1436 1784 1469 sive
1802 1437 1914 1469 messio
1927 1438 2153 1479 particularis

2174 646 2277 667 Tertium.

2175 964 2304 986 Notandum.

1188 1487 1218 1519 in
1244 1487 1474 1529 praedicatione
1500 1489 1665 1530 Evangelii.
1692 1508 1734 1512 —
1759 1490 1838 1531 Quia
1862 1499 1937 1522 vero
1961 1492 2051 1532 pauci
2078 1495 2153 1524 sunt
2167 1498 2236 1524 Quare
2247 1498 2320 1529 die-³9-

1187 1541 1260 1573 boni
1286 1550 1459 1580 messores,
1484 1542 1553 1575 ideo
1577 1543 1700 1590 subditg
1729 1543 1887 1585 Operm-iz·
1902 1549 2011 1577 autem
2026 1546 2153 1587 pauci,-

1188 1595 1348 1637 signanter
1382 1595 1458 1628 dicit
1493 1596 1661 1638 operarii,
1686 1591 1761 1639 quia
1793 1597 1830 1630 ad
1863 1598 1941 1636 hoc,
1971 1599 2055 1640 quod
2087 1599 2152 1632 falx

1188 1648 1430 1691 praedicationis
1454 1658 1587 1682 messem
1624 1651 1801 1693 recolligat,
1828 1661 1954 1685 necesse
1979 1656 2043 1691 est,
2069 1653 2154 1695 quod

1189 1712 1313 1735 manus
1336 1703 1444 1745 operis
1468 1712 1536 1736 eam
1562 1707 1682 1743 teneat,
1708 1705 1799 1737 iuxta
1827 1705 1911 1747 quod
1936 1706 2011 1739 dicit
2035 1706 2155 1749 Grego-

1189 1756 1257 1789 rius
1280 1765 1377 1798 super
1401 1756 1594 1790 Ezechielem
1609 1758 1652 1789 ¹⁰:
1674 1771 1689 1786 «ι
1708 1758 1749 1790 Ad
1768 1759 1841 1798 hoc,
1859 1763 1894 1791 ut
1911 1764 2057 1792 servetur
2074 1761 2155 1793 veri-

1189 1813 1237 1842 tas
1261 1810 1479 1851 praedicandi,
1496 1811 1673 1844 necessaria
1697 1815 1743 1845 est
1760 1812 1892 1845 altitudo
1911 1813 2030 1846 vivendi
2051 1827 2079 1846 n.
2098 1815 2156 1847 Ta-

1188 1864 1249 1903 les,
1273 1864 1327 1906 qui
1353 1864 1472 1896 faciunt
1503 1865 1586 1906 quod
1618 1874 1673 1898 ore
1697 1865 1825 1904 dicunt,
1851 1870 1925 1898 sunt
1949 1868 2100 1908 operarii
2123 1872 2155 1901 et

1189 1926 1207 1950 a
1230 1917 1362 1950 Domino
1387 1918 1625 1957 remunerandi,
1643 1919 1816 1951 secundum
1841 1920 1919 1952 illud
1944 1921 2089 1954 Matthaei
2108 1922 2154 1954 vi-

1189 1970 1309 2012 gesimo
1324 1971 1363 2002 11;
1394 1983 1410 1999 α
1427 1971 1510 2003 Voca
1533 1971 1694 2012 operarios
1718 1975 1749 2004 et
1773 1971 1868 2004 redde
1893 1972 1952 2005 illis
1976 1973 2153 2006 mercedem

1189 2032 1278 2056 suam
1298 2037 1327 2055 n.
1353 2023 1411 2056 Sed
1438 2024 1526 2065 pauci
1545 2028 1619 2056 sunt
1635 2024 1770 2065 operarii
1788 2025 1948 2063 studiosi,
1967 2026 2075 2067 plures
2097 2036 2153 2060 au-

1189 2080 1252 2109 tem
1288 2080 1362 2109 sunt
1396 2076 1571 2115 malitiosi,
1608 2077 1781 2109 secundum
1820 2078 1896 2110 illud
1928 2079 2083 2112 secundae
2116 2080 2155 2112 ad

1190 2129 1368 2162 Corinthios
1392 2129 1558 2162 undecimo
1572 2130 1616 2162 ¹²:
1654 2143 1669 2158 «
1688 2130 1745 2172 Ipsi
1780 2131 2028 2174 pseudoapostoli
2062 2137 2153 2172 sunt,

1188 2183 1323 2225 operarii
1365 2183 1511 2222 subdoli,
1552 2184 1814 2226 transfigurantes
1850 2194 1883 2218 se
1922 2186 1953 2218 in
1993 2187 2154 2229 Apostolos

232 2327 240 2342 ¹
262 2328 363 2353 Scilicet
382 2326 524 2353 ordinaria
545 2328 585 2360 (ex
607 2327 687 2360 Beda)
708 2328 735 2353 in
756 2329 817 2353 Luc.
838 2328 883 2358 to,
905 2328 927 2352 1.
949 2328 1045 2353 Auctor
1065 2327 1122 2352 libri
1154 2327 1156 2329 '

161 2372 195 2398 de
214 2371 374 2397 Mirabilibus
394 2378 483 2396 sacrae
497 2372 591 2404 Script.
606 2371 682 2403 (inter
695 2379 775 2403 opcra
791 2371 913 2403 August.)
926 2379 949 2396 0.
964 2372 988 2396 9.
1002 2372 1054 2397 ait:
1068 2372 1124 2396 Lin-

161 2423 227 2448 guas
237 2420 324 2441 auten»
336 2416 391 2441 illas
402 2416 566 2448 septuaginta
582 2416 648 2442 duas
662 2416 754 2448 fuisse,
769 2416 872 2447 plurimi
887 2420 1007 2441 auctores
1017 2422 1124 2441 consen-

162 2461 234 2492 tiunt,
254 2461 315 2494 qnia
337 2461 362 2486 in
382 2461 589 2487 aedificationem
610 2462 689 2487 turris
702 2462 770 2486 illius
784 2461 808 2486 in
823 2464 889 2486 terra
906 2461 1034 2493 Sennaar,
1055 2468 1123 2493 quae

161 2512 231 2531 nunc
249 2509 288 2531 est
306 2505 438 2537 Babylon,
459 2509 495 2531 tot
515 2509 601 2538 patres
629 2508 804 2538 congregatos
833 2505 912 2530 tuisse
931 2505 1030 2531 dicunt.
1050 2506 1124 2531 Unde

161 2553 187 2576 ct
206 2550 332 2576 Dominus
351 2551 516 2583 septuaginta
536 2551 604 2576 duos
624 2551 780 2582 discipulos,
801 2551 917 2582 exceptis
931 2551 978 2576 iliis
992 2551 1124 2582 primariis

161 2595 303 2627 Apostolis,
323 2596 433 2627 elegisse
452 2603 573 2621 sermone
592 2595 725 2627 Evangelii
746 2596 870 2625 retertur,
884 2602 931 2627 per
945 2603 1012 2628 quos
1032 2599 1123 2628 postea

161 2639 187 2665 in
206 2647 297 2666 omnes
315 2644 407 2672 gentes
426 2640 495 2666 idem
510 2640 681 2672 Evangelium
696 2640 901 2672 praedicaretur.
915 2640 967 2666 Cir.
986 2641 1124 2673 Epiphan.,

83 2677 85 2679 ’
111 2699 113 2702 ⁴
161 2685 177 2710 1.
198 2684 326 2711 adversus
346 2685 486 2716 Haereses,
506 2686 607 2711 haeres.
629 2684 672 2710 39.
691 2692 713 2710 c.
734 2684 765 2717 7,
786 2684 830 2710 ubi
850 2685 971 2711 diffusius
991 2687 1054 2711 baec
1067 2693 1125 2711 sen-

162 2729 241 2755 tentia
261 2730 430 2762 proponitur3
461 2730 574 2760 Hieron„
603 2729 644 2755 lV.
670 2728 818 2755 Comment.
845 2729 873 2755 in
901 2730 988 2755 Matth.
1014 2730 1061 2761 26,
1081 2730 1123 2755 53.

162 2780 217 2806 seq.
237 2777 262 2799 et
286 2777 377 2799 auctor
405 2774 493 2805 operis
519 2774 553 2799 de
584 2773 725 2799 vocatione
749 2774 867 2799 omnium
897 2775 1017 2800 Gentium
1048 2775 1125 2808 (inter

162 2825 241 2850 opera
262 2819 289 2844 S.
308 2818 438 2850 Prosperi)
460 2818 504 2844 lib.
526 2819 551 2844 n.
572 2825 595 2844 0.
616 2818 658 2843 14.

233 2861 244 2876 ²
264 2863 290 2888 B.
312 2858 418 2893 Albert„
439 2862 463 2888 in
484 2863 546 2888 Luc.
568 2863 613 2895 10,
635 2863 664 2887 i:
686 2863 856 2894 Septuaginta
877 2864 955 2889 etiam
972 2864 1125 2890 ,1111111111ηο-

162 2914 208 2933 rus
228 2914 355 2932 annorum
375 2907 566 2939 redemptionis
585 2907 743 2939 captivitat-is
762 2907 823 2941 [cfr.
845 2909 871 2933 11.
891 2909 1000 2940 Ρ31311ρ.
1016 2909 1062 2939 36,
1083 2910 1123 2934 21.

163 2959 251 2984 seqq,
270 2952 316 2977 ier.
338 2952 386 2982 25,
411 2952 448 2976 11.
469 2958 524 2984 seq.
544 2954 569 2977 et
588 2952 636 2983 29,
658 2951 723 2985 iO.],
742 2952 841 2985 quibus
854 2953 908 2979 duo
922 2953 1055 2979 adduntur
1069 2961 1126 2985 pro·

163 2999 221 3029 pter
240 2996 294 3022 dno
313 2996 434 3022 mandata
454 2996 612 3029 dilectionis,
633 3000 661 3022 nt
679 3000 780 3029 septem
810 2998 879 3023 dona
900 2999 925 3023 S.
945 2998 1058 3030 Spiritus
1077 2999 1126 3024 du-

163 3044 254 3067 cantur
274 3041 298 3065 in
319 3040 411 3066 decem
432 3041 552 3067 mandata
573 3042 703 3074 decalogi,
722 3045 748 3068 et
773 3043 837 3069 haec
859 3043 946 3068 omnia
966 3043 1073 3069 duobus
1093 3044 1127 3069 in-

165 3087 309 3111 formentur
329 3086 458 3111 mandatis
477 3086 631 3113 dilectionis.
652 3101 689 3106 —
707 3088 834 3120 Superius
856 3088 992 3114 lectionem
1014 3089 1071 3114 Vat.
1089 3095 1127 3114 re-

163 3130 288 3155 tinuimus
306 3129 400 3163 septies
419 3130 563 3157 denarium
581 3132 606 3157 et
625 3130 775 3163 binarium,
799 3139 848 3163 pro
867 3139 920 3165 quo
941 3132 963 3158 D
982 3139 996 3158 a
1010 3132 1126 3159 secunda

164 3181 244 3199 manu
263 3174 448 3208 septenarium
466 3177 491 3201 et
509 3174 668 3208 denarium,
688 3176 730 3201 alii
749 3176 827 3202 codd.
847 3176 1034 3210 septenarium
1052 3178 1077 3204 et
1089 3184 1126 3204 se·

164 3218 359 3246 candinarium
379 3219 430 3257 (vel
449 3219 660 3247 semidenarium
667 3219 703 3253 ?).¹
926 3228 928 3231 ·

235 3260 246 3276 ⁸
266 3263 368 3289 Scilicet
386 3263 529 3290 ordinaria
543 3264 584 3297 (ex
602 3264 683 3297 Beda)
698 3264 724 3289 in
737 3264 799 3290 Luc.
821 3265 866 3298 10,
889 3266 896 3289 1
909 3264 994 3291 :Cum
1008 3265 1127 3292 Christus

165 3313 194 3332 se
212 3306 290 3340 diem,
311 3308 450 3340 Apostolos
469 3308 553 3335 horas
572 3309 650 3335 huius
669 3309 722 3335 diei
741 3309 858 3335 nominet
870 3308 953 3343 [ioan.
971 3310 1016 3341 11,
1036 3310 1051 3335 9
1058 3320 1064 3341 ;
1079 3311 1126 3336 cir.

165 3352 265 3378 Bonav.
286 3353 311 3378 in
331 3354 400 3379 1111110
418 3353 466 3378 loc.
487 3360 511 3378 n.
535 3353 574 3378 19.
594 3356 619 3379 01
638 3352 703 3387 30.],
718 3360 765 3385 per
784 3354 854 3379 1111110
872 3361 1012 3380 numerum
1027 3354 1128 3386 praedi-

166 3396 281 3422 cantium
310 3397 415 3429 signum
443 3397 501 3430 dat,
530 3405 558 3423 se
586 3398 665 3424 fldem
686 3401 791 3424 sanctae
811 3398 943 3424 Trinitatis
967 3399 1067 3425 mundo
1085 3406 1128 3424 an-

1188 2327 1383 2358 nuntiaturum,
1404 2328 1471 2353 sicut
1489 2328 1527 2353 sol
1548 2328 1699 2353 triduanum
1720 2335 1783 2354 suae
1813 2329 1877 2355 lucis
1896 2329 2024 2355 ambitum
2051 2338 2098 2362 per
2118 2338 2155 2356 se-

1188 2372 1324 2404 ptuaginta
1340 2372 1406 2398 duas
1427 2373 1504 2397 horas
1524 2373 1627 2398 efficere
1646 2374 1718 2398 solet.
1739 2372 1790 2399 Csr.
1812 2375 1931 2405 August,
1952 2375 1979 2400 ΙΙ,
2000 2375 2048 2407 Qq.
2069 2376 2155 2400 livan-

1189 2417 1281 2448 gelior.
1300 2424 1327 2449 q.
1351 2416 1391 2442 14.

1259 2460 1271 2475 ⁴
1292 2462 1364 2487 Vers.
1386 2463 1427 2487 21.
1453 2475 1488 2480 —
1508 2462 1632 2495 Sequitur
1651 2463 1733 2488 Eccle.
1755 2462 1784 2494 4,
1805 2464 1828 2488 9.

1260 2504 1271 2519 ⁶
1290 2506 1345 2532 Lib.
1366 2507 1402 2532 111.
1424 2506 1448 2531 111
1469 2507 1530 2532 [110.
1556 2507 1597 2538 10,
1623 2508 1642 2531 1.
1663 2506 1715 2532 Ctr.
1735 2507 1854 2538 (Ji-egon,
1875 2508 1890 2533 Ι.
1906 2508 1997 2533 11011111.
2013 2508 2039 2533 111
2054 2509 2153 2540 Evang.

1189 2551 1279 2576 homil.
1296 2550 1332 2576 17.
1344 2558 1369 2576 n.
1383 2552 1406 2576 1.
1418 2555 1442 2576 et
1456 2551 1576 2583 August„
1590 2552 1616 2576 11.
1634 2552 1681 2584 Qq.
1697 2552 1860 2583 Evangelior.
1875 2560 1899 2585 q.
1920 2552 1964 2577 ¹4:
1978 2553 2052 2585 Quod
2067 2557 2154 2578 autem

1189 2595 1266 2622 binos
1281 2597 1366 2628 mittit,
1380 2600 1575 2622 sacramentum
1595 2601 1634 2622 est
1654 2597 1782 2627 caritatis,
1803 2597 1860 2623 sive
1879 2597 1939 2630 quia
1960 2598 2013 2623 duo
2033 2602 2093 2623 sunt
2113 2605 2156 2623 ca-

1189 2641 1271 2667 ritatis
1290 2645 1443 2673 praecepta.
1463 2641 1521 2666 sive
1543 2641 1604 2674 quia
1634 2642 1720 2667 omnis
1748 2642 1841 2667 caritas
1870 2642 1957 2667 minus
1986 2649 2066 2675 quam
2088 2643 2154 2667 inter

1189 2686 1257 2711 duos
1276 2693 1334 2711 esse
1353 2693 1404 2711 non
1426 2689 1520 2718 potest.
1540 2700 1573 2705 —-
1593 2686 1711 2712 Subinde
1737 2687 1863 2718 allegatur
1883 2686 1954 2712 Cant.
1976 2686 2004 2717 A,
2026 2688 2053 2718 2,
2074 2694 2154 2720 quem

1189 2730 1267 2756 etiam
1287 2730 1397 2762 Gregor.
1417 2730 1508 2763 (super
1527 2730 1597 2756 Cant.
1618 2730 1701 2764 Cant.)
1721 2731 1754 2756 de
1774 2730 2001 2762 praedicatoribus
2021 2732 2137 2763 exponit.

1260 2773 1271 2788 ⁶
1291 2775 1393 2800 Scilicet
1412 2774 1555 2801 ordinaria
1580 2783 1610 2801 ex
1638 2775 1778 2801 Ambrosio
1809 2776 1870 2808 (Vll.
1898 2776 1923 2800 in
1944 2777 2004 2801 Luc.
2031 2783 2056 2801 n.
2086 2775 2154 2809 444:

1189 2819 1245 2845 Bini
1271 2819 1421 2850 mittuntur,
1442 2820 1589 2845 secundnm
1609 2820 1681 2853 quod
1712 2819 1771 2845 bina
1802 2820 1921 2845 animalia
1951 2821 2030 2845 missa
2050 2824 2110 2846 sunt
2130 2821 2155 2846 in

1189 2871 1277 2889 arcam
1297 2867 1345 2889 etc.
1366 2864 1433 2890 Vide
1451 2864 1515 2889 Gen.
1535 2864 1565 2896 6,
1587 2865 1627 2890 19.
1648 2871 1702 2897 seq.

1262 2906 1271 2922 ⁷
1295 2909 1367 2933 Vers.
1388 2909 1412 2934 3.
1432 2922 1466 2927 —
1486 2909 1590 2939 Glossa,
1609 2916 1678 2942 quae
1703 2910 1836 2942 sequitur,
1863 2913 1902 2935 est
1921 2909 2103 2936 interlinearis
2124 2917 2154 2936 ex

1190 2953 1301 2985 Gregor.
1320 2957 1345 2978 et
1366 2953 1433 2979 Beda
1455 2953 1527 2986 (locis
1547 2954 1626 2985 paulo
1646 2954 1768 2986 superius
1787 2955 1913 2986 allegatis)
1936 2955 1958 2979 in
1979 2955 2040 2980 Luc.
2068 2953 2154 2985 10,’1.

1261 2996 1271 3011 ⁸
1292 2998 1367 3023 Vers.
1387 2997 1429 3029 35,
1450 3001 1475 3023 et
1493 2997 1607 3024 subinde
1627 3006 1651 3023 v.
1673 2999 1716 3024 38.

1262 3041 1273 3056 ⁹
1293 3043 1368 3068 Vers.
1392 3042 1435 3073 15,
1456 3042 1500 3068 ubi
1521 3050 1570 3074 pro
1589 3043 1739 3070 maturavit
1765 3044 1875 3076 Vulgata
1895 3047 1920 3069 et
1941 3044 1997 3069 Vat.
2017 3044 2101 3070 amit.
2119 3057 2155 3063 —

1191 3088 1300 3114 interius
1319 3091 1378 3119 post
1398 3087 1540 3121 Evangelii
1558 3088 1579 3113 H
1604 3088 1677 3114 addit
1696 3087 1805 3122 quondo
1822 3088 1919 3122 parati
1935 3087 1973 3114 ad
1991 3087 2154 3114 credendum

1190 3131 1269 3159 etad
1287 3132 1489 3159 conversionem
1516 3132 1586 3166 falce
1610 3132 1822 3166 praedicationis
1850 3132 2019 3166 colliquntu-r·
2046 3134 2071 3158 et
2089 3132 2154 3158 adu-

1190 3178 1295 3203 nantur
1313 3177 1412 3203 horreo
1433 3176 1575 3204 Ecclesiae.

1264 3220 1286 3236 ¹⁰
1305 3221 1375 3247 Libr.
1395 3223 1412 3247 1.
1433 3222 1522 3247 homil.
1548 3222 1586 3247 11.
1601 3229 1626 3247 11.
1639 3221 1669 3247 7:
1689 3223 1721 3248 Ut
1739 3228 1803 3253 ergo
1828 3225 1947 3247 servetur
1966 3222 2063 3247 veritas
2082 3228 2155 3254 prae-

1192 3265 1311 3296 dicandi,
1331 3268 1449 3291 teneatur
1468 3272 1574 3291 necesse
1594 3269 1633 3291 est
1651 3266 1760 3291 altitudo
1779 3265 1897 3291 vivendi.

1264 3309 1285 3324 ¹¹
1307 3311 1382 3335 Vers.
1402 3311 1426 3335 8.
1442 3323 1477 3329 -
1498 3310 1624 3342 Superius
1643 3314 1702 3342 post
1724 3309 1801 3336 Tales
1821 3310 1841 3335 Α
1853 3310 1903 3335 CD
1922 3310 2045 3335 omittunt
2064 3309 2118 3343 qui.

1263 3353 1285 3368 ¹¹
1307 3355 1379 3380 Vers.
1402 3355 1491 3391 ⁴3³ss
1505 3354 1621 3380 Subinde
1640 3355 1785 3386 allegantur
1805 3355 1891 3380 matth.
1911 3354 1957 3383 20,
1977 3354 2001 3379 6.
2016 3357 2041 3378 et
2060 3353 2107 3385 23,
2127 3353 2155 3378 3.

1191 3406 1246 3432 seq.
1266 3398 1316 3425 Cir.
1337 3399 1456 3431 Gregor.,
1476 3399 1492 3424 1.
1512 3399 1605 3424 11011111.
1626 3399 1652 3424 111
1673 3399 1771 3430 Evang.
1792 3399 1880 3424 homil.
1902 3398 1943 3423 17.
1963 3405 1988 3423 11.
2010 3398 2035 3423 3.

2172 1528 2206 1545 tur
2216 1531 2318 1552 oper-aru.
