2476 3921
8 1974 83 2013 ilRatio
108 1991 173 2013 assio-

88 2044 93 2049 .
100 2017 162 2040 bristi

8 2055 9 2074 1
61 2050 137 2072 prima.

764 197 959 230 COMMENT.
984 197 1021 231 IN
1045 198 1284 232 EVANGELIUM
1307 200 1425 233 LUCAE
1449 201 1480 234 C.
1506 202 1607 235 xxtv.

195 293 311 327 eorpus
333 293 402 318 esse
430 284 600 317 sublatum.
633 285 669 318 Et
692 284 762 318 ideo
792 294 832 318 ex
865 285 925 318 hoc
956 286 1155 319 mirabantur

194 341 225 371 et
260 337 481 377 terrebantur,
516 337 570 371 sed
597 347 660 370 non
695 338 963 378 laetificabantur,
999 339 1074 381 quia
1105 348 1155 372 re-

17 383 177 422 *ammana
195 391 423 424 surrectionem
448 400 510 424 non
538 390 721 430 credebant,
743 390 796 424 sed
824 391 863 424 de
894 401 931 425 ea
958 392 1155 425 haesitabant

194 447 226 477 et
249 444 439 477 haesitantes
469 444 688 484 conserebant,
716 444 791 487 quia
821 445 961 478 nondum
993 445 1156 487 sapiebant

194 496 356 536 caelestia,
380 496 435 530 sed
466 500 611 536 terrena,
636 497 810 530 seeundum
842 498 920 531 illud
952 498 1046 531 lsaiae
1070 498 1154 540 vige-

194 550 273 583 simo
296 559 379 583 nono
392 552 419 583 ¹:
447 563 463 579 «
476 550 543 583 Erit
558 550 647 592 quasi
672 551 820 593 pythonis
842 551 881 584 de
898 554 984 584 terra
1000 561 1062 584 vox
1080 555 1153 592 tua,

194 606 225 637 et
248 603 408 645 eloquium
433 606 525 636 tuum
548 603 587 636 de
618 603 717 636 humo
752 604 931 637 mussitabit
955 617 985 636 n.
1010 602 1154 646 Quocon-

194 658 244 688 tra
266 655 305 688 ad
336 655 534 689 Colossenses
558 655 666 688 tertio:
702 668 718 685 «
743 656 772 688 Si
802 656 1050 689 consurrexistis
1081 665 1152 690 cum

193 709 332 749 Christo,
357 718 439 752 quae
469 718 598 743 sursum
623 713 698 743 sunt
728 710 890 753 quaerite,
922 710 976 743 ubi
1008 711 1154 745 Christus

192 766 240 797 est
262 763 294 796 in
318 763 451 796 dextera
466 763 520 796 Dei
545 763 670 802 sedens;
688 772 770 806 quae
794 772 922 797 sursum
940 767 1015 797 sunt
1038 764 1152 806 sapite,

191 826 253 850 non
271 826 353 859 quae
368 825 466 859 super
490 819 608 850 terram
623 830 652 849 ».
671 816 730 850 Sed
754 817 903 857 brutalis‚
920 818 974 860 qui
1000 827 1062 850 non
1079 827 1153 851 con-

191 870 293 913 surgit
316 879 373 912 per
397 870 563 912 spiritum,
588 870 666 903 haee
689 879 751 903 non
784 870 884 903 eredit
907 879 965 904 nee
989 871 1089 913 capit;
1122 874 1154 905 et

190 924 260 957 ideo
284 933 381 966 supra
415 923 550 957 eodem*
581 923 712 963 dieitur,
749 923 834 966 quod
864 924 963 958 «visa
998 928 1073 958 sunt
1107 925 1153 958 eis

190 977 288 1010 verba
311 977 364 1010 illa
387 977 469 1010 sicut
491 977 696 1010 deliramenta
717 991 748 1017 »,
772 977 865 1020 quia,
889 978 1009 1020 primae
1032 978 1070 1011 ad
1094 978 1151 1011 Co-

189 1031 325 1064 rinthios
348 1030 501 1070 secundo,
524 1043 540 1060 «
556 1030 700 1063 animalis
725 1031 819 1063 homo
850 1040 913 1063 non
950 1031 1084 1073 percipit
1114 1040 1151 1064 ea

190 1094 271 1128 quae
294 1088 369 1118 sunt
385 1084 515 1127 spiritus
538 1084 612 1124 Dei;
629 1084 763 1117 stultitia
786 1084 869 1117 enim
894 1088 941 1117 est
957 1085 1016 1124 illi,
1041 1089 1071 1118 et
1088 1095 1150 1118 non

188 1141 292 1181 potest
314 1137 505 1180 intelligere,
530 1137 605 1179 quia
628 1137 835 1180 spiritualiter
858 1138 1060 1171 examinatur
1074 1152 1103 1171 ι».

279 1191 331 1224 32.
357 1191 458 1232 (Vers.
477 1191 554 1231 25.).
580 1191 700 1232 Quarto
724 1194 879 1233 quantum
896 1191 935 1223 ad
951 1191 1150 1225 declaratio-

35 1246 167 1301 sss‘iissiissssss'.
187 1254 262 1278 nem
286 1244 498 1287 Scripturae‚
521 1253 700 1287 perquam
723 1247 769 1276 est
783 1243 863 1286 fidei
885 1244 1057 1284 certitudo,
1074 1245 1149 1278 sub-

187 1298 306 1340 iungit:
326 1293 371 1330 Εἴ
380 1297 449 1340 ipse
472 1297 560 1330 dixit
574 1298 621 1330 ad
644 1306 712 1330 eos:
733 1297 759 1330 Ο
781 1297 877 1330 stulti
890 1301 920 1330 et
943 1298 1036 1330 tardi
1050 1299 1149 1344 eorde

187 1351 234 1384 ad
256 1351 455 1384 credendum
479 1350 516 1383 in
539 1349 711 1389 omnibuS,
735 1360 821 1394 quae
844 1350 946 1383 locuti
959 1355 1039 1384 sunt
1064 1351 1148 1384 Pro-

183 1403 321 1447 phetae!
339 1404 461 1437 Stultos
477 1413 531 1437 eos
547 1407 651 1443 vocat,
672 1404 727 1446 qui
744 1404 911 1446 desperant
931 1408 1061 1447 propter
1078 1414 1148 1448 pas-

187 1458 325 1497 sionem;
350 1457 434 1490 unde
456 1457 495 1490 de
512 1457 627 1499 spiritu
651 1457 690 1489 ad
706 1466 833 1490 carnem
857 1457 1100 1498 descenderant,
1117 1462 1148 1492 et

186 1511 264 1544 haee
287 1513 335 1544 est
358 1519 471 1552 magna
494 1510 645 1549 stultitia,
669 1510 843 1543 secundum
868 1511 946 1544 illud
970 1511 1008 1543 ad
1025 1511 1148 1545 Galatas

185 1564 280 1597 tertio
292 1563 323 1596 ⁸:
354 1576 370 1592 c<
385 1563 434 1596 Sic
451 1563 538 1596 stulti
555 1563 627 1596 faeti
649 1563 737 1602 estis,
755 1566 792 1596 ut
807 1572 880 1596 oum
898 1564 1013 1605 spiritu
1037 1573 1148 1606 coepe-

185 1617 270 1656 ritis,
288 1625 373 1650 nunc
397 1625 492 1650 carne
509 1616 770 1649 consummemini
789 1620 826 1649 »Τ
852 1617 897 1649 Etv
911 1617 1027 1650 tardos
1050 1618 1148 1651 eorde

186 1674 294 1710 vocat,
318 1670 394 1713 quia
417 1670 547 1703 credere
571 1679 633 1703 non
657 1670 804 1703 volebant
819 1670 935 1704 Christi
960 1671 1092 1713 gloriam
1117 1675 1148 1705 et

174 1724 471 1763 2resurrectionem;
496 1723 581 1756 unde
605 1723 698 1757 Marci
717 1724 829 1757 ultimo
842 1724 872 1756 4:
904 1737 919 1753 a
936 1725 1147 1767 Exprobravit

185 1777 436 1811 incredulitatem
461 1786 572 1810 eorum
605 1781 637 1810 et
659 1777 809 1810 duritiam
841 1778 963 1818 cordis,
991 1778 1067 1820 quia
1097 1779 1147 1812 his

185 1831 240 1874 qui
264 1831 424 1870 viderant,
448 1839 522 1863 eum
547 1831 764 1864 resurrexisse
780 1840 799 1864 a
821 1831 975 1871 mortuis,
999 1841 1061 1865 non
1079 1841 1147 1865 cre-

184 1883 333 1918 diderunt
349 1897 380 1916 n.

275 1937 327 1970 33.
357 1937 458 1979 (Vers.
488 1937 565 1978 26.).
603 1937 638 1970 Et
672 1941 841 1979 propterea
875 1938 914 1971 ad
944 1939 1146 1972 astruendam

185 1990 278 2023 fidem
302 1990 455 2032 passionis
478 1993 510 2023 et
525 1990 769 2024 resurrectionis
786 1991 910 2024 subdit:
936 1991 1051 2024 Nonne
1067 1991 1147 2025 haec

185 2043 331 2086 oportuit
350 2043 427 2085 pati
444 2041 615 2075 Christum
631 2045 663 2076 et
690 2052 874 2086 resurgere,
891 2048 921 2077 et
944 2045 993 2078 ita
1016 2045 1147 2078 intrare

184 2097 221 2130 in
242 2096 388 2139 gloriam
411 2096 536 2129 suam?
563 2096 735 2139 Oportuit,
760 2097 907 2139 inquam,
931 2097 963 2130 id
994 2101 1058 2138 est,
1090 2108 1146 2141 op-

184 2152 358 2192 portunum
382 2151 413 2182 et
435 2149 765 2182 convenientissimum
788 2150 865 2189 fuit,
891 2150 993 2192 primo
1016 2154 1146 2193 propter

184 2202 368 2236 remedium
389 2206 623 2245 peccatorum
647 2202 685 2235 ad
710 2203 863 2235 Romanos
894 2203 1048 2245 quint05:
1078 2217 1093 2232 «
1114 2204 1145 2236 Si

184 2256 286 2295 enim,
310 2265 382 2289 cum
406 2255 524 2288 inimici
548 2264 706 2295 essemus,
731 2256 921 2289 reconciliati
946 2265 1057 2290 sumus
1080 2257 1145 2290 Deo

184 2318 241 2352 per
264 2313 397 2342 mortem
414 2309 480 2341 Filii
505 2309 588 2348 eius,
612 2309 714 2343 multo
738 2309 836 2351 magis
859 2310 1050 2343 reconciliati
1067 2310 1144 2343 salvi

184 2363 305 2396 erimus
328 2363 359 2395 in
391 2362 456 2396 vita
478 2362 577 2405 ipsius
597 2374 632 2402 »3
657 2362 726 2395 ideo
756 2362 794 2395 ad
827 2363 980 2396 Romanos
1011 2367 1143 2405 quarto:

190 2430 206 2446 «
221 2417 365 2449 Mortuus
388 2419 435 2449 est
465 2419 595 2458 propter
622 2416 735 2449 delicta
765 2418 873 2449 nostra
903 2419 934 2449 et
965 2416 1144 2450 resurrexit

255 2568 263 2583 ¹
285 2569 359 2595 Vers.
380 2568 404 2594 4.
425 2583 459 2587 —-
479 2564 602 2602 Sequitur
621 2569 675 2596 Col.
694 2570 725 2601 3,
747 2570 770 2595 l.
790 2576 847 2603 seq.

255 2612 266 2628 ²
285 2614 361 2650 Vers.
390 2614 432 2644 tt,
462 2617 521 2646 post
548 2621 628 2647 quem
648 2615 664 2640 l.
684 2614 794 2645 Con-2,
816 2614 861 2646 1¹4,
881 2615 905 2640 in
926 2615 1002 2641 cuius
1021 2615 1071 2640 tine
1097 2622 1145 2647 pro

184 2657 362 2684 examinatur
381 2657 400 2684 C
413 2658 463 2683 DG
482 2658 687 2685 ewaminantur.

254 2702 265 2716 ⁸
285 2703 359 2728 Vers.
380 2702 404 2727 3.
430 2702 634 2736 'r11eopny1act.,
663 2702 688 2729 in
718 2705 779 2729 Luc.
809 2704 857 2735 24,
887 2704 983 2730 25-35:
1012 2705 1144 2737 Quoniam

184 2750 271 2773 mente
290 2748 405 2773 humano
425 2754 499 2772 more
517 2748 602 2773 affecti
621 2751 695 2774 erant
714 2749 849 2781 multaque
862 2745 1026 2774 dubitatione
1045 2749 1145 2775 labora-

183 2790 260 2822 bant,
278 2791 375 2818 stultos
395 2795 472 2817 vocat
490 2795 515 2817 et
534 2791 627 2818 tardos
646 2792 683 2818 ad
701 2792 864 2819 credendum
884 2792 913 2819 in
926 2793 1059 2825 omnibus,
1075 2801 1145 2827 quae

183 2834 261 2860 locuti
280 2836 381 2861 fuerant
399 2836 552 2867 Prophetae.
572 2834 686 2861 Credere
704 2837 774 2862 enim
794 2843 937 2868 possumus
965 2841 991 2863 et
1015 2845 1045 2864 ex
1070 2841 1145 2869 parte

183 2882 209 2904 et
226 2879 254 2904 in
273 2882 382 2905 totum...
402 2880 511 2912 Oportet
523 2884 610 2906 autem
625 2880 653 2906 in
671 2880 810 2913 omnibus,
824 2885 877 2907 tam
897 2882 937 2907 his
956 2890 1025 2915 quae
1045 2883 1145 2915 gloriae

183 2926 243 2949 sunt
262 2931 342 2956 quam
362 2932 431 2957 quae
450 2925 623 2956 ignominiae,
644 2926 752 2952 credere
772 2927 908 2958 Prophetis
928 2930 976 2952 etc.

253 2966 264 2981 ‘¹
284 2968 360 2994 Vers.
383 2969 425 2994 44.
446 2970 503 2995 Vat.
522 2977 583 2995 cum
604 2970 713 3001 Vulgata
734 2971 829 2996 omittit
847 2978 865 2996 α
884 2971 1009 2997 mortuis·-

254 3011 265 3026 ⁶
284 3013 360 3039 Vers.
381 3014 422 3039 r10.
442 3016 468 3039 et
486 3013 582 3039 deinde
601 3014 631 3045 4,
651 3014 701 3039 25:
724 3014 851 3041 Traditus
870 3016 910 3041 est
926 3016 1037 3048 propter
1058 3018 1107 3040 ete.

254 3055 265 3071 ⁶
285 3057 359 3083 Vers.
379 3058 423 3082 21.
441 3071 477 3076 -
496 3058 647 3090 Sequuntur
665 3058 727 3083 Phil.
748 3059 778 3090 2,
798 3058 823 3084 5.
843 3062 868 3084 et
886 3060 919 3089 8;
938 3060 995 3084 Act.
1014 3059 1061 3091 114,
1081 3060 1123 3084 21.

254 3099 264 3114 ⁷
284 3100 359 3126 Vers.
378 3102 421 3126 22.
441 3102 571 3127 Sententia
592 3109 647 3135 seq.
670 3102 694 3127 in
714 3103 783 3128 hunc
811 3103 913 3135 locum,
942 3109 1010 3135 quae
1029 3110 1043 3127 a
1063 3103 1141 3128 codd.

182 3142 304 3169 tribuitur
323 3143 502 3178 Hieronymo,
522 3144 658 3171 exhibetur
677 3145 775 3171 ibidem
796 3153 810 3171 a
829 3147 919 3172 Glossa
940 3145 1082 3172 ordinaria
1096 3145 1143 3176 (Et

182 3186 232 3213 hoc
249 3186 362 3219 sciebat,
382 3187 454 3221 quod
472 3188 529 3214 eius
545 3188 700 3221 passionem
719 3191 780 3221 ete.)
799 3193 824 3215 et
843 3193 929 3215 sumta
948 3193 987 3215 est
1006 3197 1037 3215 ex
1057 3190 1141 3223 Chry-

181 3232 299 3256 sostomo
321 3231 426 3263 (llomil.
446 3232 488 3257 35.
507 3232 533 3256 in
553 3233 640 3257 Matth.
660 3232 709 3263 24,
730 3234 772 3258 22.
797 3233 845 3265 Op,
875 3234 1050 3266 imperfect.):
1076 3234 1141 3259 Nun-

182 3274 247 3307 quid
266 3274 399 3300 nesciebat
427 3275 569 3307 Dominus,
592 3276 654 3308 quia
674 3277 822 3308 passionem
844 3278 927 3309 ipsius
946 3281 1067 3309 poterant
1085 3278 1141 3303 imi-

183 3318 253 3343 tari?
272 3318 323 3343 Sed
343 3318 402 3344 ideo
421 3319 459 3344 cis
479 3319 556 3350 dicit,
577 3323 604 3345 ut
625 3320 736 3346 Domino
756 3321 934 3353 interrogante
949 3325 998 3347 cte.
1010 3321 1061 3348 Csr.
1078 3325 1140 3347 toni.

185 3362 296 3396 V.,pag.
318 3362 383 3395 547,
404 3368 466 3388 notar
483 3363 508 3388 4.

2114 207 2177 240 595

1219 291 1349 330 propter
1368 288 1618 323 iustificationem
1636 294 1774 325 nostram
1789 306 1818 325 n.
1832 311 1876 316 —
1893 293 2036 327 Secundo
2052 298 2181 337 propter
2200 303 2305 325 secunda.

1218 341 1404 383 exemptum
1427 343 1611 382 virtutum,·
1634 345 1718 378 unde
1742 345 1863 387 primae
1892 346 1972 379 Petri
1997 348 2179 381 secund0⁶:

1224 393 1401 428 «Christus
1432 404 1543 438 passus
1575 400 1623 430 est
1646 407 1704 439 pro
1735 399 1843 439 nobis,
1877 399 1965 433 vobis
1996 401 2180 443 relinquens

1218 447 1419 488 exemplum,
1444 452 1480 481 ut
1503 450 1676 492 sequamini
1703 452 1833 494 vestigia
1855 453 1924 486 eius
1940 465 1976 492 »;
2001 458 2031 486 et
2055 453 2124 487 ideo
2139 454 2178 487 ad

1218 499 1431 542 Philippenses
1455 502 1610 536 secundo:
1640 504 1730 537 «Hoc
1761 505 1873 538 sentite
1896 505 1927 538 in
1959 506 2065 546 vobis,
2094 507 2178 550 quod

1218 556 1250 585 et
1272 552 1303 585 in
1335 553 1460 587 Christo
1491 555 1559 588 Iesu
1576 568 1615 596 »;
1639 560 1670 589 et
1701 561 1791 599 post:
1822 571 1837 586 α
1858 559 2038 592 Humiliavit
2064 564 2179 594 semet-

1218 606 1341 648 ipsum,
1365 607 1467 641 factus
1490 609 1637 642 obediens
1661 619 1763 653 usque
1785 611 1823 643 ad
1842 615 1974 645 mortem
1991 625 2029 652 »;
2054 616 2084 646 et
2108 613 2177 647 ideo

1218 659 1351 692 Actuum
1375 660 1495 694 decimo
1526 665 1657 704 quarto:
1687 676 1703 692 «ι
1726 664 1782 697 Per
1814 665 1928 698 multas
1960 666 2178 700 tribulationes

1217 715 1342 754 oportet
1365 723 1422 747 nos
1445 715 1564 748 intrare
1587 716 1618 748 in
1644 725 1775 759 regnum
1800 718 1854 751 Dei
1872 732 1903 750 n.
1928 719 1957 751 Si
1976 719 2058 752 enim
2083 729 2176 762 opor-

1218 766 1290 806 tuit,
1309 767 1372 808 pati
1397 767 1557 801 Christum
1574 769 1612 801 ad
1628 769 1852 804 introeundum
1870 771 1899 804 in
1917 772 2048 814 gloriam
2064 783 2176 813 suam,

1217 823 1336 862 quanto
1361 821 1460 863 magis
1490 825 1630 864 oportet,
1656 826 1687 856 et
1710 833 1767 856 nos
1791 824 1872 866 pati,
1896 829 1933 858 ut
1957 825 2113 860 intremus
2144 827 2176 860 in

1217 872 1388 906 alienam?
1412 874 1448 907 Et
1471 874 1539 907 ideo
1563 876 1758 910 consobrinis
1774 877 1840 910 suis
1864 879 2043 920 petentibus
2067 880 2176 914 sedere

1217 934 1235 958 a
1269 926 1392 960 dextris
1423 928 1584 970 respondit
1612 929 1756 962 Matthaei
1790 930 1982 972 vigesimo⁷z
2011 945 2027 960 α
2045 932 2176 966 Potestis

1217 978 1325 1012 bibere
1348 980 1494 1020 calicem,
1511 990 1606 1023 quem
1631 991 1688 1024 ego
1704 982 1863 1017 bibiturus
1886 993 1954 1017 sum
1973 988 2014 1018 n?
2039 986 2080 1018 lbi
2106 986 2174 1020 Hie-

1216 1041 1389 1075 ronymus:
1419 1034 1590 1074 «Sciebat,
1626 1036 1680 1078 qui
1716 1037 1890 1078 passionem
1926 1038 1995 1071 eius
2029 1042 2175 1081 poterant

1216 1086 1348 1126 imitari;
1373 1087 1425 1119 sed
1452 1087 1510 1121 hoc
1533 1087 1632 1127 dixit,
1661 1093 1697 1121 ut
1719 1098 1756 1122 eo
1788 1090 2018 1133 interrogante,
2050 1095 2081 1125 et
2113 1093 2174 1126 illis

1215 1139 1491 1181 respondentibus,
1516 1149 1624 1174 omnes
1640 1142 1819 1182 audiamus,
1843 1144 1918 1186 quia
1941 1145 2048 1178 nullus
2072 1149 2174 1187 potest

1215 1201 1287 1225 cum
1312 1193 1444 1226 Domino
1461 1202 1611 1236 regnare,
1635 1195 1694 1228 nisi
1712 1196 1885 1237 passionem
1904 1197 1972 1230 eius
1991 1198 2087 1232 suerit
2103 1199 2174 1232 imi-
2198 1190 2201 1191 ⁷

1213 1249 1298 1279 tatus
1314 1259 1344 1278 n.
1370 1265 1414 1270 —
1437 1246 1658 1289 Opportunum
1682 1249 1776 1282 etiam
1799 1253 1867 1283 erat
1884 1254 2013 1293 propter
2037 1253 2173 1295 comple-

1212 1302 1358 1331 mentum
1375 1300 1524 1332 omnium
1543 1301 1821 1344 Scripturarum;
1838 1303 1921 1337 unde
1938 1313 2036 1347 supra
2051 1305 2173 1339 decimo

1213 1352 1366 1385 octavoss:
1404 1366 1420 1381 «
1443 1353 1755 1388 Consummabuntur
1785 1356 1907 1396 omnia,
1939 1367 2020 1400 quae
2056 1359 2173 1401 scripta

1212 1408 1287 1438 sunt
1309 1405 1348 1438 de
1371 1406 1446 1439 Filio
1470 1406 1606 1440 hominis
1630 1416 1685 1449 per
1718 1408 1888 1451 Prophetas
1908 1423 1939 1442 ».
1972 1411 2059 1444 Sicut
2089 1412 2171 1445 enim

1212 1468 1286 1492 area
1309 1459 1342 1493 in
1373 1459 1479 1492 cubito
1507 1464 1723 1494 consummata
1745 1465 1793 1495 est
1809 1462 1832 1501 ⁹,
1865 1462 1909 1496 sic
1940 1464 2045 1497 omnia
2075 1465 2173 1498 verba

1212 1511 1394 1554 Scripturae
1418 1512 1449 1545 in
1474 1513 1533 1546 hoc
1558 1513 1661 1547 Verbo
1692 1514 1888 1555 abbreviata,
1924 1520 2003 1549 nato
2036 1518 2171 1558 seilicet,

1208 1574 1328 1607 passo,
1352 1566 1477 1608 sepulto
1501 1569 1532 1599 et
1563 1567 1776 1607 resuscitato;
1799 1562 1929 1611 propter
1961 1570 2046 1612 quod
2078 1571 2171 1605 Isaiae

1211 1618 1347 1651 decimo:
1378 1631 1393 1647 α
1410 1619 1716 1654 consummationem
1737 1624 1768 1654 et
1791 1622 2057 1657 abbreviationem
2081 1625 2172 1658 faciet

1212 1672 1296 1705 Deus
1318 1673 1520 1706 exercituum
1546 1674 1576 1706 in
1603 1674 1705 1707 medio
1727 1675 1830 1709 omnis
1854 1679 1958 1710 terrae
1973 1691 2004 1710 n.

1301 1725 1353 1758 34.
1378 1726 1480 1766 (Vers.
1499 1728 1576 1767 27.).
1602 1727 1638 1760 Et
1654 1727 1723 1761 ideo
1751 1728 1790 1761 ad
1814 1729 1905 1762 istius
1930 1730 2171 1772 explicationem

1211 1778 1374 1821 subiungit
1391 1779 1597 1822 Evangelista:
1618 1782 1657 1813 Et
1679 1781 1840 1823 incipiens
1857 1792 1880 1815 a
1896 1782 2006 1826 Moyse
2021 1788 2051 1816 et
2066 1785 2172 1817 onzni-

1212 1831 1273 1864 bus
1302 1831 1496 1875 Prophetis,
1529 1834 1814 1876 interpretabatur
1845 1835 1911 1868 illi-s·
1946 1836 1982 1869 in
2016 1837 2170 1870 omnibus

1213 1885 1410 1927 Scriptum,
1435 1895 1521 1929 quae
1543 1887 1582 1919 de
1613 1887 1684 1929 ipso
1707 1892 1812 1920 erant.
1838 1887 1953 1922 Omnes
1977 1889 2061 1922 enim
2086 1890 2169 1923 Scri-

1212 1941 1324 1980 pturae
1347 1942 1379 1972 et
1410 1939 1593 1981 prophetiae
1621 1940 1835 1982 principaliter
1858 1941 1897 1974 ad
1929 1942 2089 1975 Christum
2114 1943 2169 1976 ha-

1211 1991 1286 2024 bent
1302 1995 1491 2034 respectum.
1510 1992 1541 2025 In
1566 1993 1658 2026 cuius
1673 1993 1917 2035 designationem
1937 1994 2054 2028 dicitur
2070 1995 2168 2029 Exodi

1212 2045 1362 2087 vigesimo
1378 2045 1488 2087 quinto
1502 2045 1539 2085 ¹⁰,
1560 2045 1644 2088 quod
1666 2059 1681 2074 α
1694 2046 1757 2078 duo
1773 2046 1942 2080 Cherubim
1960 2048 2168 2090 respiciebant

1211 2106 1244 2130 se
1268 2101 1381 2130 mutuo
1406 2098 1505 2131 versis
1529 2098 1669 2131 vultibus
1693 2098 1724 2130 in
1741 2099 1994 2140 propitiatorium
2012 2113 2047 2139 n,
2072 2100 2103 2133 id
2122 2105 2170 2133 est

1210 2150 1275 2183 duo
1299 2154 1486 2184 testamenta
1516 2151 1553 2184 ad
1579 2151 1748 2184 Christum.
1781 2152 1880 2185 Huius
1908 2152 2042 2195 figuram
2074 2154 2169 2196 gessit

1209 2204 1323 2243 Adam,
1348 2204 1386 2237 de
1410 2205 1501 2237 cuius
1525 2205 1622 2237 latere
1646 2204 1779 2237 formata
1802 2209 1849 2238 est
1874 2205 1953 2245 Eva,
1970 2205 2097 2240 Genesis
2120 2216 2168 2240 se-

1209 2255 1312 2289 eundo
1327 2257 1370 2296 11;
1394 2257 1491 2290 huius
1514 2257 1607 2290 etiam
1633 2261 1760 2290 sanctus
1788 2258 1861 2291 Abel
1884 2268 1903 2291 a
1926 2258 2023 2292 fratre
2040 2259 2167 2293 interfe—

1209 2313 1297 2349 ctus,
1321 2309 1449 2343 Genesis
1472 2313 1604 2352 quarto;
1629 2311 1726 2344 huius
1750 2311 1884 2353 figuram
1909 2313 2004 2354 gessit
2020 2316 2051 2346 et
2073 2326 2088 2342 α
2104 2314 2166 2347 Noe

1209 2362 1347 2395 nudatus
1363 2363 1394 2395 in
1416 2363 1618 2396 tabernaculo
1634 2372 1692 2397 suo
1709 2377 1740 2404 ι»,
1757 2363 1884 2397 Genesis
1899 2374 1982 2398 nono
1995 2366 2036 2405 ¹²;
2054 2366 2164 2405 huius,

1210 2417 1292 2449 Isaac
1305 2416 1430 2449 oblatus
1441 2426 1459 2449 a
1472 2420 1571 2459 patre,
1584 2417 1711 2450 Genesis
1724 2417 1873 2460 vigesimo
1890 2418 2041 2458 secundm
2058 2419 2164 2458 huius,

1279 2569 1290 2584 ⁸
1311 2570 1386 2596 Vers.
1407 2571 1449 2601 3⁴,
1469 2570 1494 2595 in
1514 2570 1589 2596 cuius
1608 2570 1771 2602 expositione
1790 2571 1902 2597 ostendit
1921 2572 1946 2597 S.
1967 2572 2079 2602 Bonan,
2104 2579 2167 2605 quo-

1208 2614 1289 2640 modo
1309 2615 1335 2640 in
1354 2614 1457 2640 Christo
1476 2615 1563 2640 omnia
1583 2618 1642 2640 sunt
1661 2618 1851 2640 consummata.

1279 2658 1291 2673 ⁰
1309 2660 1373 2685 Gen.
1393 2660 1424 2690 6,
1446 2660 1496 2685 46ι
1516 2660 1541 2685 ln
1561 2659 1650 2685 cubito
1669 2658 1868 2685 consummabis
1895 2660 2072 2685 summitatem
2099 2660 2164 2685 eius.

1208 2718 1243 2723 —
1262 2705 1384 2737 Gregor.,
1405 2705 1433 2730 ll.
1454 2696 1549 2730 Homil.
1569 2704 1596 2730 in
1615 2705 1707 2730 Ezech.
1726 2705 1814 2729 homil.
1836 2704 1861 2729 4.
1879 2712 1904 2729 n.
1925 2704 1972 2729 47:
1993 2705 2018 2729 ln
2037 2711 2088 2729 uno
2102 2711 2165 2736 ergo

1208 2749 1297 2775 cubito
1317 2752 1515 2775 consummatur
1535 2756 1610 2780 arca,
1637 2749 1699 2782 quia
1719 2756 1787 2774 unus
1806 2752 1844 2774 est
1863 2753 1953 2774 auctor
1972 2752 1997 2774 et
2015 2748 2165 2780 redemptor

1209 2797 1314 2820 sanctae
1339 2794 1468 2819 Ecclesiae
1496 2794 1551 2820 sine
1571 2797 1694 2825 peccam,
1713 2794 1745 2819 ad
1766 2800 1845 2826 quem
1865 2797 1890 2818 et
1909 2800 1956 2824 per
1975 2800 2053 2825 quem
2073 2800 2164 2818 omnes

1209 2839 1363 2871 proficiunt,
1383 2838 1427 2871 qui
1447 2845 1476 2864 se
1495 2845 1553 2863 esse
1572 2841 1723 2869 peccatores
1742 2840 1879 2862 noverunt.
1898 2836 1950 2863 Csr.
1969 2840 2031 2862 tom.
2051 2837 2082 2861 V.
2102 2843 2163 2868 pag.

1209 2883 1275 2914 258,
1295 2886 1355 2908 nota
1376 2884 1401 2907 2.
1420 2896 1455 2901 -
1474 2881 1593 2908 subinde
1611 2873 1737 2912 aue'gatnr
1757 2882 1812 2907 isai.
1837 2882 1880 2911 io,
1900 2882 1942 2906 aa.

1281 2926 1304 2941 ¹⁰
1324 2926 1400 2951 Vers.
1420 2926 1462 2951 20.
1482 2927 1606 2956 August„
1626 2925 1673 2957 Qq.
1694 2925 1720 2949 in
1741 2925 1819 2950 Exod.
1833 2932 1858 2957 q.
1876 2925 1941 2949 ¹05:
1956 2925 2012 2949 Duo
2025 2931 2088 2949 vero
2102 2923 2163 2949 Che-

1207 2970 1295 2996 rubim
1315 2970 1407 3001 pennis
1426 2969 1480 2994 suis
1499 2968 1660 2994 obumbrant
1680 2968 1904 3000 propitiatorium,
1924 2968 1950 2993 id
1970 2972 2016 2999 est,
2037 2969 2163 2993 honorant

1208 3014 1334 3044 velando,
1354 3014 1479 3046 quoniam
1500 3013 1621 3044 mysteria
1643 3013 1688 3037 ista
1709 3012 1744 3037 ibi
1765 3015 1840 3042 sunt3
1859 3015 1883 3037 et
1903 3012 2014 3037 invicem
2034 3019 2061 3037 se
2083 3016 2163 3038 atten-

1206 3059 1286 3088 dunt,
1305 3058 1366 3090 quia
1387 3060 1543 3087 consonant;
1557 3057 1610 3082 duo
1624 3057 1723 3089 quippe
1738 3056 1772 3081 ibi
1787 3059 1937 3081 testamenta
1953 3056 2100 3087 figurantur
2112 3060 2161 3082 etc.

1206 3101 1257 3127 Cfr.
1277 3108 1357 3133 supra
1377 3108 1400 3126 c.
1420 3100 1462 3125 20.
1481 3107 1507 3125 n.
1527 3100 1569 3125 51.

1277 3144 1297 3159 ¹¹
1320 3146 1393 3170 Vers.
1413 3144 1455 3169 21.
1474 3143 1526 3170 Csr.
1546 3145 1573 3169 ll.
1593 3145 1662 3169 Sent.
1682 3144 1716 3168 lit.
1737 3143 1857 3175 Magistri.
1877 3143 1903 3169 d.
1923 3143 2011 3169 XVlll.
2039 3151 2061 3169 c.
2087 3145 2111 3169 3.
2136 3149 2162 3170 et

1205 3188 1351 3215 Commeat.
1371 3195 1395 3213 a.
1418 3188 1440 3212 1.
1462 3195 1487 3220 q.
1511 3188 1531 3212 t.
1547 3187 1572 3212 in
1585 3194 1657 3218 corp.
1672 3190 1696 3212 ct
1710 3186 1775 3212 dub.
1790 3188 1813 3212 i.
1828 3201 1860 3205 -
1876 3187 1998 3220 Sequitur
2012 3188 2076 3213 Gen.
2096 3188 2121 3219 t,
2137 3189 2161 3214 8.

1277 3232 1298 3247 ¹²
1318 3233 1393 3258 Vers.
1413 3233 1456 3257 21.
1476 3231 1525 3257 Cir.
1540 3238 1619 3263 supra
1634 3238 1695 3263 pag.
1710 3232 1769 3262 577,
1785 3235 1845 3256 nota
1859 3232 1883 3257 8.
1897 3245 1932 3250 —
1946 3232 2011 3257 Tres
2024 3239 2098 3265 seqq.
2112 3233 2160 3259 loci

1204 3280 1265 3302 sunt
1277 3278 1338 3302 Gen.
1354 3277 1401 3307 22,
1415 3277 1439 3301 2.
1453 3283 1526 3308 seqq.
1538 3285 1544 3306 i
1559 3276 1605 3306 28,
1624 3276 1630 3299 l
1643 3276 1663 3300 l.
1676 3282 1731 3308 seq.
1746 3275 1908 3306 (Secundum
1922 3276 2040 3302 Glossam
2054 3275 2161 3302 ordina-

1204 3321 1277 3347 riam
1297 3328 1327 3346 ex
1347 3321 1437 3346 lsidor.
1457 3321 1506 3352 Qq.
1527 3320 1553 3344 in
1572 3325 1626 3345 vet.
1639 3323 1740 3345 testam.
1754 3320 1778 3344 in
1793 3321 1885 3345 Genes.
1899 3327 1921 3345 c.
1936 3320 1979 3346 24.
1993 3328 2018 3346 n.
2033 3322 2057 3346 2.
2071 3328 2159 3354 seqq.:

1205 3366 1330 3391 Dormitio
1351 3365 1427 3390 iacob
1447 3365 1472 3389 in
1493 3364 1595 3396 itinere,
1615 3371 1686 3389 mors
1704 3364 1798 3390 Christi
1818 3364 1843 3390 in
1864 3371 1949 3390 cruce.
1977 3365 2055 3397 Lapis
2083 3366 2161 3397 capiti

2193 1256 2272 1278 Tertia.

2206 1734 2304 1756 Christus

2188 1762 2276 1788 exponit
2283 1761 2340 1783 sui-

2215 1790 2297 1815 pluras.

2202 2157 2293 2184 Figurae

2208 2185 2287 2206 Christi

2188 2211 2301 2238 plurimae.
