<?xml version="1.0" encoding="UTF-8"?>
<!DOCTYPE html PUBLIC "-//W3C//DTD XHTML 1.0 Transitional//EN"
    "http://www.w3.org/TR/xhtml1/DTD/xhtml1-transitional.dtd">
<html xmlns="http://www.w3.org/1999/xhtml" xml:lang="en" lang="en">
 <head>
  <title>
</title>
<meta http-equiv="Content-Type" content="text/html;charset=utf-8" />
  <meta name='ocr-system' content='tesseract 3.04.00' />
  <meta name='ocr-capabilities' content='ocr_page ocr_carea ocr_par ocr_line ocrx_word'/>
</head>
<body>
  <div class='ocr_page' id='page_1' title='image "./doctorisseraphic07bona_0851.png"; bbox 0 0 2427 3872; ppageno 0'>
   <div class='ocr_carea' id='block_1_1' title="bbox 130 242 779 2222">
    <p class='ocr_par' dir='ltr' id='par_1_1' title="bbox 421 242 484 268">
     <span class='ocr_line' id='line_1_1' title="bbox 421 242 484 268; baseline 0 -1"><span class='ocrx_word' id='word_1_1' title='bbox 421 242 484 268; x_wconf 83' lang='lat' dir='ltr'><strong>PUB</strong></span> 
     </span>
    </p>

    <p class='ocr_par' dir='ltr' id='par_1_2' title="bbox 135 285 779 577">
     <span class='ocr_line' id='line_1_2' title="bbox 137 285 778 318; baseline -0.002 -7"><span class='ocrx_word' id='word_1_2' title='bbox 137 285 306 318; x_wconf 84' lang='lat' dir='ltr'><strong>vectigalium</strong></span> <span class='ocrx_word' id='word_1_3' title='bbox 326 286 368 312; x_wconf 88' lang='lat' dir='ltr'><strong>vel</strong></span> <span class='ocrx_word' id='word_1_4' title='bbox 386 292 476 312; x_wconf 91' lang='lat' dir='ltr'><strong>rerum</strong></span> <span class='ocrx_word' id='word_1_5' title='bbox 497 285 663 318; x_wconf 89' lang='lat' dir='ltr'><strong>publicarum</strong></span> <span class='ocrx_word' id='word_1_6' title='bbox 683 285 717 311; x_wconf 88' lang='grc'><strong>’76</strong></span> <span class='ocrx_word' id='word_1_7' title='bbox 737 286 778 311; x_wconf 89' lang='grc'><strong>28.</strong></span> 
     </span>
     <span class='ocr_line' id='line_1_3' title="bbox 136 329 778 362; baseline -0.002 -6"><span class='ocrx_word' id='word_1_8' title='bbox 136 331 187 358; x_wconf 89' lang='grc'><strong>382</strong></span> <span class='ocrx_word' id='word_1_9' title='bbox 207 331 223 356; x_wconf 90' lang='grc'><strong>2</strong></span> <span class='ocrx_word' id='word_1_10' title='bbox 242 345 277 349; x_wconf 88' lang='lat'><strong>—-</strong></span> <span class='ocrx_word' id='word_1_11' title='bbox 290 329 446 356; x_wconf 88' lang='lat' dir='ltr'><strong>dicebantur</strong></span> <span class='ocrx_word' id='word_1_12' title='bbox 458 333 592 357; x_wconf 84' lang='lat' dir='ltr'><strong>exactores</strong></span> <span class='ocrx_word' id='word_1_13' title='bbox 610 330 778 362; x_wconf 83' lang='lat' dir='ltr'><strong>vectigalium</strong></span> 
     </span>
     <span class='ocr_line' id='line_1_4' title="bbox 135 373 779 407; baseline -0.002 -7"><span class='ocrx_word' id='word_1_14' title='bbox 135 373 304 406; x_wconf 90' lang='lat' dir='ltr'><strong>publicorum</strong></span> <span class='ocrx_word' id='word_1_15' title='bbox 324 374 376 400; x_wconf 87' lang='grc'><strong>453</strong></span> <span class='ocrx_word' id='word_1_16' title='bbox 391 374 425 400; x_wconf 90' lang='grc'><strong>45</strong></span> <span class='ocrx_word' id='word_1_17' title='bbox 443 388 478 393; x_wconf 84' lang='lat'>—</span> <span class='ocrx_word' id='word_1_18' title='bbox 498 373 655 400; x_wconf 88' lang='lat' dir='ltr'><strong>dicebantur</strong></span> <span class='ocrx_word' id='word_1_19' title='bbox 673 374 719 407; x_wconf 87' lang='lat' dir='ltr'><strong>qui</strong></span> <span class='ocrx_word' id='word_1_20' title='bbox 733 381 779 406; x_wconf 90' lang='lat' dir='ltr'><strong>pu-</strong></span> 
     </span>
     <span class='ocr_line' id='line_1_5' title="bbox 136 417 779 451; baseline 0 -7"><span class='ocrx_word' id='word_1_21' title='bbox 136 417 203 444; x_wconf 89' lang='lat' dir='ltr'><strong>blice</strong></span> <span class='ocrx_word' id='word_1_22' title='bbox 221 417 381 450; x_wconf 79' lang='lat' dir='ltr'>peccabant,</span> <span class='ocrx_word' id='word_1_23' title='bbox 399 419 442 447; x_wconf 85' lang='lat' dir='ltr'><strong>vel</strong></span> <span class='ocrx_word' id='word_1_24' title='bbox 455 418 501 451; x_wconf 91' lang='lat' dir='ltr'><strong>qui</strong></span> <span class='ocrx_word' id='word_1_25' title='bbox 517 425 619 444; x_wconf 57' lang='lat' dir='ltr'><strong>merces</strong></span> <span class='ocrx_word' id='word_1_26' title='bbox 637 418 779 444; x_wconf 89' lang='lat' dir='ltr'><strong>vendendo</strong></span> 
     </span>
     <span class='ocr_line' id='line_1_6' title="bbox 136 461 779 494; baseline 0 -6"><span class='ocrx_word' id='word_1_27' title='bbox 136 461 260 488; x_wconf 90' lang='lat' dir='ltr'><strong>omnibus</strong></span> <span class='ocrx_word' id='word_1_28' title='bbox 285 462 455 494; x_wconf 74' lang='lat' dir='ltr'>publicabant</span> <span class='ocrx_word' id='word_1_29' title='bbox 478 463 528 488; x_wconf 98' lang='grc'><strong>429</strong></span> <span class='ocrx_word' id='word_1_30' title='bbox 548 463 583 488; x_wconf 92' lang='grc'><strong>65</strong></span> <span class='ocrx_word' id='word_1_31' title='bbox 601 477 637 482; x_wconf 95' lang='grc'><strong>-</strong></span> <span class='ocrx_word' id='word_1_32' title='bbox 655 461 779 488; x_wconf 92' lang='lat' dir='ltr'><strong>diceban-</strong></span> 
     </span>
     <span class='ocr_line' id='line_1_7' title="bbox 135 506 775 540; baseline 0 -8"><span class='ocrx_word' id='word_1_33' title='bbox 135 510 178 533; x_wconf 91' lang='lat' dir='ltr'><strong>tur</strong></span> <span class='ocrx_word' id='word_1_34' title='bbox 196 507 242 540; x_wconf 89' lang='lat' dir='ltr'><strong>qui</strong></span> <span class='ocrx_word' id='word_1_35' title='bbox 261 506 366 539; x_wconf 92' lang='lat' dir='ltr'><strong>publica</strong></span> <span class='ocrx_word' id='word_1_36' title='bbox 381 507 518 539; x_wconf 86' lang='lat' dir='ltr'><strong>vectigalia</strong></span> <span class='ocrx_word' id='word_1_37' title='bbox 532 506 672 539; x_wconf 75' lang='lat' dir='ltr'><strong>exigebant</strong></span> <span class='ocrx_word' id='word_1_38' title='bbox 684 507 718 533; x_wconf 87' lang='lat'><strong>76</strong></span> <span class='ocrx_word' id='word_1_39' title='bbox 733 507 775 532; x_wconf 90' lang='grc'><strong>28.</strong></span> 
     </span>
     <span class='ocr_line' id='line_1_8' title="bbox 136 551 242 577; baseline 0.009 -1"><span class='ocrx_word' id='word_1_40' title='bbox 136 551 188 577; x_wconf 90' lang='grc'><strong>429</strong></span> <span class='ocrx_word' id='word_1_41' title='bbox 207 551 242 577; x_wconf 88' lang='grc'><strong>65</strong></span> 
     </span>
    </p>

    <p class='ocr_par' dir='ltr' id='par_1_3' title="bbox 135 595 777 716">
     <span class='ocr_line' id='line_1_9' title="bbox 189 595 777 622; baseline -0.002 -1"><span class='ocrx_word' id='word_1_42' title='bbox 189 609 224 615; x_wconf 93' lang='grc'>-</span> <span class='ocrx_word' id='word_1_43' title='bbox 247 596 367 622; x_wconf 83' lang='lat' dir='ltr'><strong>Officium</strong></span> <span class='ocrx_word' id='word_1_44' title='bbox 396 596 499 622; x_wconf 91' lang='lat' dir='ltr'><strong>illorum</strong></span> <span class='ocrx_word' id='word_1_45' title='bbox 525 599 581 621; x_wconf 89' lang='lat' dir='ltr'><strong>erat</strong></span> <span class='ocrx_word' id='word_1_46' title='bbox 610 596 708 621; x_wconf 88' lang='lat' dir='ltr'><strong>infame</strong></span> <span class='ocrx_word' id='word_1_47' title='bbox 733 595 777 621; x_wconf 92' lang='lat' dir='ltr'><strong>Vll</strong></span> 
     </span>
     <span class='ocr_line' id='line_1_10' title="bbox 135 639 776 666; baseline -0.003 0"><span class='ocrx_word' id='word_1_48' title='bbox 135 640 168 666; x_wconf 88' lang='lat'><strong>76</strong></span> <span class='ocrx_word' id='word_1_49' title='bbox 183 641 217 666; x_wconf 88' lang='grc'><strong>30</strong></span> <span class='ocrx_word' id='word_1_50' title='bbox 236 653 272 661; x_wconf 83' lang='lat'><strong>—</strong></span> <span class='ocrx_word' id='word_1_51' title='bbox 291 643 365 666; x_wconf 87' lang='lat' dir='ltr'><strong>erant</strong></span> <span class='ocrx_word' id='word_1_52' title='bbox 378 640 467 666; x_wconf 91' lang='lat' dir='ltr'><strong>multis</strong></span> <span class='ocrx_word' id='word_1_53' title='bbox 480 640 559 666; x_wconf 87' lang='lat' dir='ltr'><strong>lucris</strong></span> <span class='ocrx_word' id='word_1_54' title='bbox 572 639 673 665; x_wconf 89' lang='lat' dir='ltr'><strong>iniustis</strong></span> <span class='ocrx_word' id='word_1_55' title='bbox 687 639 776 665; x_wconf 87' lang='lat' dir='ltr'><strong>intenti</strong></span> 
     </span>
     <span class='ocr_line' id='line_1_11' title="bbox 135 682 741 716; baseline -0.003 -5"><span class='ocrx_word' id='word_1_56' title='bbox 135 685 186 711; x_wconf 86' lang='grc'><strong>382</strong></span> <span class='ocrx_word' id='word_1_57' title='bbox 206 685 222 710; x_wconf 92' lang='grc'><strong>2</strong></span> <span class='ocrx_word' id='word_1_58' title='bbox 241 698 276 704; x_wconf 94' lang='grc'>-</span> <span class='ocrx_word' id='word_1_59' title='bbox 295 687 369 711; x_wconf 87' lang='lat' dir='ltr'><strong>erant</strong></span> <span class='ocrx_word' id='word_1_60' title='bbox 388 683 488 716; x_wconf 80' lang='lat' dir='ltr'>publici</span> <span class='ocrx_word' id='word_1_61' title='bbox 507 688 660 716; x_wconf 89' lang='lat' dir='ltr'><strong>peccatores</strong></span> <span class='ocrx_word' id='word_1_62' title='bbox 679 682 741 710; x_wconf 82' lang='lat' dir='ltr'><em>ibid.</em></span> 
     </span>
    </p>

    <p class='ocr_par' dir='ltr' id='par_1_4' title="bbox 133 727 779 978">
     <span class='ocr_line' id='line_1_12' title="bbox 189 727 778 761; baseline -0.003 -6"><span class='ocrx_word' id='word_1_63' title='bbox 189 743 222 748; x_wconf 93' lang='lat'><strong>—-</strong></span> <span class='ocrx_word' id='word_1_64' title='bbox 241 729 301 755; x_wconf 89' lang='lat' dir='ltr'><strong>licet</strong></span> <span class='ocrx_word' id='word_1_65' title='bbox 319 729 459 755; x_wconf 89' lang='lat' dir='ltr'><strong>videantur</strong></span> <span class='ocrx_word' id='word_1_66' title='bbox 482 728 625 761; x_wconf 88' lang='lat' dir='ltr'><strong>repellendi</strong></span> <span class='ocrx_word' id='word_1_67' title='bbox 653 735 684 754; x_wconf 88' lang='lat' dir='ltr'><strong>ex</strong></span> <span class='ocrx_word' id='word_1_68' title='bbox 709 727 778 754; x_wconf 91' lang='lat' dir='ltr'><strong>iusti-</strong></span> 
     </span>
     <span class='ocr_line' id='line_1_13' title="bbox 135 772 777 806; baseline 0 -7"><span class='ocrx_word' id='word_1_69' title='bbox 135 773 182 806; x_wconf 85' lang='lat' dir='ltr'><strong>tia,</strong></span> <span class='ocrx_word' id='word_1_70' title='bbox 196 774 376 806; x_wconf 89' lang='lat' dir='ltr'><strong>suscipiuntur</strong></span> <span class='ocrx_word' id='word_1_71' title='bbox 394 780 424 799; x_wconf 89' lang='lat' dir='ltr'><strong>ex</strong></span> <span class='ocrx_word' id='word_1_72' title='bbox 439 772 617 799; x_wconf 87' lang='lat' dir='ltr'><strong>misericordia</strong></span> <span class='ocrx_word' id='word_1_73' title='bbox 632 772 675 798; x_wconf 89' lang='lat' dir='ltr'><strong>Vll</strong></span> <span class='ocrx_word' id='word_1_74' title='bbox 696 773 747 798; x_wconf 84' lang='lat'><strong>382</strong></span> <span class='ocrx_word' id='word_1_75' title='bbox 761 773 777 799; x_wconf 98' lang='grc'><strong>2</strong></span> 
     </span>
     <span class='ocr_line' id='line_1_14' title="bbox 134 817 778 850; baseline -0.003 -6"><span class='ocrx_word' id='word_1_76' title='bbox 134 832 170 838; x_wconf 91' lang='grc'>-</span> <span class='ocrx_word' id='word_1_77' title='bbox 189 824 252 844; x_wconf 86' lang='lat' dir='ltr'><strong>vere</strong></span> <span class='ocrx_word' id='word_1_78' title='bbox 270 821 344 844; x_wconf 88' lang='lat' dir='ltr'><strong>erant</strong></span> <span class='ocrx_word' id='word_1_79' title='bbox 367 817 611 850; x_wconf 76' lang='lat' dir='ltr'><strong>appropinquantes</strong></span> <span class='ocrx_word' id='word_1_80' title='bbox 634 817 669 843; x_wconf 86' lang='lat' dir='ltr'><strong>ad</strong></span> <span class='ocrx_word' id='word_1_81' title='bbox 693 818 778 843; x_wconf 88' lang='lat' dir='ltr'><strong>lesum</strong></span> 
     </span>
     <span class='ocr_line' id='line_1_15' title="bbox 135 861 778 895; baseline -0.003 -6"><span class='ocrx_word' id='word_1_82' title='bbox 135 861 169 889; x_wconf 84' lang='lat' dir='ltr'><strong>ib.</strong></span> <span class='ocrx_word' id='word_1_83' title='bbox 188 863 203 888; x_wconf 87' lang='grc'>3</span> <span class='ocrx_word' id='word_1_84' title='bbox 217 877 252 881; x_wconf 94' lang='grc'>-</span> <span class='ocrx_word' id='word_1_85' title='bbox 266 861 452 889; x_wconf 74' lang='lat' dir='ltr'><strong>desiderabant</strong></span> <span class='ocrx_word' id='word_1_86' title='bbox 470 862 580 888; x_wconf 89' lang='lat' dir='ltr'><strong>salutem</strong></span> <span class='ocrx_word' id='word_1_87' title='bbox 599 861 684 893; x_wconf 85' lang='lat' dir='ltr'><strong>magis</strong></span> <span class='ocrx_word' id='word_1_88' title='bbox 696 868 778 895; x_wconf 89' lang='lat' dir='ltr'><strong>quam</strong></span> 
     </span>
     <span class='ocr_line' id='line_1_16' title="bbox 133 905 779 938; baseline -0.003 -5"><span class='ocrx_word' id='word_1_89' title='bbox 133 906 237 933; x_wconf 88' lang='lat' dir='ltr'><strong>scribae</strong></span> <span class='ocrx_word' id='word_1_90' title='bbox 255 906 289 932; x_wconf 88' lang='lat'><strong>76</strong></span> <span class='ocrx_word' id='word_1_91' title='bbox 310 908 343 932; x_wconf 93' lang='grc'><strong>28</strong></span> <span class='ocrx_word' id='word_1_92' title='bbox 363 920 397 925; x_wconf 89' lang='grc'><strong>-</strong></span> <span class='ocrx_word' id='word_1_93' title='bbox 416 909 559 938; x_wconf 87' lang='lat' dir='ltr'><strong>venerunt,</strong></span> <span class='ocrx_word' id='word_1_94' title='bbox 577 909 606 932; x_wconf 89' lang='lat' dir='ltr'><strong>ut</strong></span> <span class='ocrx_word' id='word_1_95' title='bbox 618 905 779 938; x_wconf 87' lang='lat' dir='ltr'><strong>baptizaren-</strong></span> 
     </span>
     <span class='ocr_line' id='line_1_17' title="bbox 134 950 448 978; baseline -0.006 0"><span class='ocrx_word' id='word_1_96' title='bbox 134 954 176 978; x_wconf 87' lang='lat' dir='ltr'><strong>tur</strong></span> <span class='ocrx_word' id='word_1_97' title='bbox 195 958 209 977; x_wconf 90' lang='lat' dir='ltr'><strong>a</strong></span> <span class='ocrx_word' id='word_1_98' title='bbox 229 952 324 977; x_wconf 82' lang='lat' dir='ltr'><strong>Ioanne</strong></span> <span class='ocrx_word' id='word_1_99' title='bbox 344 951 394 976; x_wconf 87' lang='grc'><strong>480</strong></span> <span class='ocrx_word' id='word_1_100' title='bbox 414 950 448 977; x_wconf 89' lang='grc'><strong>54</strong></span> 
     </span>
    </p>

    <p class='ocr_par' dir='ltr' id='par_1_5' title="bbox 133 995 779 1161">
     <span class='ocr_line' id='line_1_18' title="bbox 188 995 779 1027; baseline 0 -6"><span class='ocrx_word' id='word_1_101' title='bbox 188 1009 222 1015; x_wconf 87' lang='grc'>-</span> <span class='ocrx_word' id='word_1_102' title='bbox 234 995 393 1021; x_wconf 78' lang='lat' dir='ltr'><strong>Publicanos</strong></span> <span class='ocrx_word' id='word_1_103' title='bbox 407 996 560 1027; x_wconf 76' lang='lat' dir='ltr'><strong>Matthaeus,</strong></span> <span class='ocrx_word' id='word_1_104' title='bbox 572 996 631 1021; x_wconf 90' lang='lat' dir='ltr'><strong>licet</strong></span> <span class='ocrx_word' id='word_1_105' title='bbox 641 998 709 1021; x_wconf 86' lang='lat' dir='ltr'><strong>esset</strong></span> <span class='ocrx_word' id='word_1_106' title='bbox 719 1002 779 1027; x_wconf 82' lang='lat' dir='ltr'><strong>pec-</strong></span> 
     </span>
     <span class='ocr_line' id='line_1_19' title="bbox 134 1039 777 1071; baseline -0.002 -6"><span class='ocrx_word' id='word_1_107' title='bbox 134 1043 207 1066; x_wconf 89' lang='lat' dir='ltr'><strong>cator</strong></span> <span class='ocrx_word' id='word_1_108' title='bbox 227 1039 253 1065; x_wconf 89' lang='lat' dir='ltr'><strong>in</strong></span> <span class='ocrx_word' id='word_1_109' title='bbox 279 1041 360 1071; x_wconf 86' lang='lat' dir='ltr'><strong>facto,</strong></span> <span class='ocrx_word' id='word_1_110' title='bbox 388 1042 444 1065; x_wconf 88' lang='lat' dir='ltr'><strong>erat</strong></span> <span class='ocrx_word' id='word_1_111' title='bbox 462 1042 549 1066; x_wconf 88' lang='lat' dir='ltr'><strong>tamen</strong></span> <span class='ocrx_word' id='word_1_112' title='bbox 577 1040 676 1066; x_wconf 84' lang='lat' dir='ltr'><strong>electus</strong></span> <span class='ocrx_word' id='word_1_113' title='bbox 696 1040 722 1065; x_wconf 90' lang='lat' dir='ltr'><strong>in</strong></span> <span class='ocrx_word' id='word_1_114' title='bbox 742 1039 777 1065; x_wconf 92' lang='lat' dir='ltr'><strong>di-</strong></span> 
     </span>
     <span class='ocr_line' id='line_1_20' title="bbox 133 1084 779 1116; baseline 0 -6"><span class='ocrx_word' id='word_1_115' title='bbox 133 1084 197 1110; x_wconf 90' lang='lat' dir='ltr'><strong>vino</strong></span> <span class='ocrx_word' id='word_1_116' title='bbox 221 1084 358 1116; x_wconf 88' lang='lat' dir='ltr'><strong>proposito</strong></span> <span class='ocrx_word' id='word_1_117' title='bbox 379 1084 420 1110; x_wconf 95' lang='lat' dir='ltr'><strong>Vll</strong></span> <span class='ocrx_word' id='word_1_118' title='bbox 444 1085 492 1110; x_wconf 86' lang='grc'><strong>429</strong></span> <span class='ocrx_word' id='word_1_119' title='bbox 513 1084 546 1110; x_wconf 88' lang='grc'><strong>64</strong></span> <span class='ocrx_word' id='word_1_120' title='bbox 565 1098 600 1104; x_wconf 95' lang='grc'>-</span> <span class='ocrx_word' id='word_1_121' title='bbox 619 1084 676 1110; x_wconf 90' lang='lat' dir='ltr'><strong>eius</strong></span> <span class='ocrx_word' id='word_1_122' title='bbox 700 1091 779 1110; x_wconf 90' lang='lat' dir='ltr'><strong>voca-</strong></span> 
     </span>
     <span class='ocr_line' id='line_1_21' title="bbox 133 1128 723 1161; baseline 0 -7"><span class='ocrx_word' id='word_1_123' title='bbox 133 1128 169 1155; x_wconf 86' lang='lat' dir='ltr'><strong>tio</strong></span> <span class='ocrx_word' id='word_1_124' title='bbox 188 1128 323 1161; x_wconf 69' lang='lat' dir='ltr'><strong>tripliciter</strong></span> <span class='ocrx_word' id='word_1_125' title='bbox 342 1130 456 1161; x_wconf 87' lang='lat' dir='ltr'><strong>perfecta</strong></span> <span class='ocrx_word' id='word_1_126' title='bbox 482 1129 529 1154; x_wconf 84' lang='lat' dir='ltr'><strong>suit</strong></span> <span class='ocrx_word' id='word_1_127' title='bbox 550 1129 600 1154; x_wconf 89' lang='grc'><strong>428</strong></span> <span class='ocrx_word' id='word_1_128' title='bbox 620 1128 668 1160; x_wconf 81' lang='grc'><strong>64,</strong></span> <span class='ocrx_word' id='word_1_129' title='bbox 689 1128 723 1154; x_wconf 88' lang='grc'><strong>65</strong></span> 
     </span>
    </p>

    <p class='ocr_par' dir='ltr' id='par_1_6' title="bbox 131 1173 778 1556">
     <span class='ocr_line' id='line_1_22' title="bbox 187 1173 778 1205; baseline 0 -6"><span class='ocrx_word' id='word_1_130' title='bbox 187 1188 222 1192; x_wconf 85' lang='grc'><strong>-</strong></span> <span class='ocrx_word' id='word_1_131' title='bbox 241 1176 296 1199; x_wconf 92' lang='lat' dir='ltr'><strong>erat</strong></span> <span class='ocrx_word' id='word_1_132' title='bbox 316 1176 434 1205; x_wconf 91' lang='lat' dir='ltr'><strong>patenter</strong></span> <span class='ocrx_word' id='word_1_133' title='bbox 453 1173 537 1199; x_wconf 92' lang='lat' dir='ltr'><strong>malus</strong></span> <span class='ocrx_word' id='word_1_134' title='bbox 557 1173 599 1199; x_wconf 93' lang='lat' dir='ltr'><strong>Vll</strong></span> <span class='ocrx_word' id='word_1_135' title='bbox 619 1173 669 1199; x_wconf 87' lang='grc'><strong>453</strong></span> <span class='ocrx_word' id='word_1_136' title='bbox 692 1173 725 1199; x_wconf 92' lang='grc'><strong>45</strong></span> <span class='ocrx_word' id='word_1_137' title='bbox 742 1187 778 1192; x_wconf 95' lang='grc'><strong>-</strong></span> 
     </span>
     <span class='ocr_line' id='line_1_23' title="bbox 133 1218 778 1250; baseline 0.002 -7"><span class='ocrx_word' id='word_1_138' title='bbox 133 1224 182 1250; x_wconf 90' lang='lat' dir='ltr'><strong>per</strong></span> <span class='ocrx_word' id='word_1_139' title='bbox 200 1218 387 1250; x_wconf 74' lang='lat' dir='ltr'><strong>poenitentiam</strong></span> <span class='ocrx_word' id='word_1_140' title='bbox 412 1225 488 1244; x_wconf 89' lang='lat' dir='ltr'><strong>suam</strong></span> <span class='ocrx_word' id='word_1_141' title='bbox 514 1218 665 1244; x_wconf 90' lang='lat' dir='ltr'><strong>iniustitiam</strong></span> <span class='ocrx_word' id='word_1_142' title='bbox 685 1225 778 1250; x_wconf 76' lang='lat' dir='ltr'><strong>expur-</strong></span> 
     </span>
     <span class='ocr_line' id='line_1_24' title="bbox 134 1261 778 1295; baseline 0 -7"><span class='ocrx_word' id='word_1_143' title='bbox 134 1261 215 1294; x_wconf 83' lang='lat' dir='ltr'><strong>gabat</strong></span> <span class='ocrx_word' id='word_1_144' title='bbox 239 1261 300 1288; x_wconf 84' lang='lat' dir='ltr'><strong>ibid.</strong></span> <span class='ocrx_word' id='word_1_145' title='bbox 319 1276 356 1282; x_wconf 92' lang='lat'>—</span> <span class='ocrx_word' id='word_1_146' title='bbox 374 1269 425 1288; x_wconf 93' lang='lat' dir='ltr'><strong>non</strong></span> <span class='ocrx_word' id='word_1_147' title='bbox 451 1263 558 1295; x_wconf 82' lang='lat' dir='ltr'><strong>aspicit,</strong></span> <span class='ocrx_word' id='word_1_148' title='bbox 583 1265 612 1288; x_wconf 93' lang='lat' dir='ltr'><strong>ut</strong></span> <span class='ocrx_word' id='word_1_149' title='bbox 636 1263 778 1295; x_wconf 91' lang='lat' dir='ltr'><strong>aspiciatur</strong></span> 
     </span>
     <span class='ocr_line' id='line_1_25' title="bbox 133 1306 777 1339; baseline 0.002 -7"><span class='ocrx_word' id='word_1_150' title='bbox 133 1306 186 1333; x_wconf 89' lang='grc'><strong>455</strong></span> <span class='ocrx_word' id='word_1_151' title='bbox 210 1307 239 1332; x_wconf 89' lang='grc'><strong>21</strong></span> <span class='ocrx_word' id='word_1_152' title='bbox 271 1321 307 1325; x_wconf 88' lang='grc'><strong>-</strong></span> <span class='ocrx_word' id='word_1_153' title='bbox 332 1306 554 1339; x_wconf 82' lang='lat' dir='ltr'><strong>recognoscebat,</strong></span> <span class='ocrx_word' id='word_1_154' title='bbox 582 1314 611 1333; x_wconf 89' lang='lat' dir='ltr'><strong>se</strong></span> <span class='ocrx_word' id='word_1_155' title='bbox 636 1307 777 1333; x_wconf 77' lang='lat' dir='ltr'><strong>offendisse</strong></span> 
     </span>
     <span class='ocr_line' id='line_1_26' title="bbox 132 1350 776 1377; baseline 0 0"><span class='ocrx_word' id='word_1_156' title='bbox 132 1351 217 1377; x_wconf 89' lang='lat' dir='ltr'><strong>Deum</strong></span> <span class='ocrx_word' id='word_1_157' title='bbox 236 1351 300 1377; x_wconf 88' lang='lat' dir='ltr'><strong>caeli</strong></span> <span class='ocrx_word' id='word_1_158' title='bbox 320 1350 382 1377; x_wconf 85' lang='lat' dir='ltr'><strong>ibid.</strong></span> <span class='ocrx_word' id='word_1_159' title='bbox 401 1366 436 1371; x_wconf 97' lang='lat'><strong>—</strong></span> <span class='ocrx_word' id='word_1_160' title='bbox 454 1352 481 1377; x_wconf 92' lang='lat' dir='ltr'><strong>ln</strong></span> <span class='ocrx_word' id='word_1_161' title='bbox 504 1352 561 1377; x_wconf 91' lang='lat' dir='ltr'><strong>eius</strong></span> <span class='ocrx_word' id='word_1_162' title='bbox 585 1351 704 1377; x_wconf 85' lang='lat' dir='ltr'><strong>oratione</strong></span> <span class='ocrx_word' id='word_1_163' title='bbox 729 1352 776 1377; x_wconf 90' lang='lat' dir='ltr'><strong>tria</strong></span> 
     </span>
     <span class='ocr_line' id='line_1_27' title="bbox 132 1395 777 1428; baseline 0.002 -7"><span class='ocrx_word' id='word_1_164' title='bbox 132 1396 208 1428; x_wconf 88' lang='lat' dir='ltr'><strong>signa</strong></span> <span class='ocrx_word' id='word_1_165' title='bbox 228 1396 381 1422; x_wconf 90' lang='lat' dir='ltr'><strong>humilitatis</strong></span> <span class='ocrx_word' id='word_1_166' title='bbox 400 1399 529 1428; x_wconf 81' lang='lat' dir='ltr'><strong>apparent</strong></span> <span class='ocrx_word' id='word_1_167' title='bbox 543 1395 605 1422; x_wconf 85' lang='lat' dir='ltr'><strong>ibid.</strong></span> <span class='ocrx_word' id='word_1_168' title='bbox 618 1410 655 1415; x_wconf 98' lang='lat'><strong>—</strong></span> <span class='ocrx_word' id='word_1_169' title='bbox 668 1403 719 1422; x_wconf 92' lang='lat' dir='ltr'><strong>non</strong></span> <span class='ocrx_word' id='word_1_170' title='bbox 733 1403 777 1422; x_wconf 90' lang='lat' dir='ltr'><strong>au-</strong></span> 
     </span>
     <span class='ocr_line' id='line_1_28' title="bbox 133 1440 776 1473; baseline 0 -7"><span class='ocrx_word' id='word_1_171' title='bbox 133 1440 213 1467; x_wconf 88' lang='lat' dir='ltr'><strong>debat</strong></span> <span class='ocrx_word' id='word_1_172' title='bbox 231 1441 320 1466; x_wconf 88' lang='lat' dir='ltr'><strong>levare</strong></span> <span class='ocrx_word' id='word_1_173' title='bbox 338 1440 431 1466; x_wconf 82' lang='lat' dir='ltr'><strong>faciem</strong></span> <span class='ocrx_word' id='word_1_174' title='bbox 451 1442 559 1473; x_wconf 89' lang='lat' dir='ltr'><strong>propter</strong></span> <span class='ocrx_word' id='word_1_175' title='bbox 582 1440 683 1472; x_wconf 87' lang='lat' dir='ltr'><strong>peccati</strong></span> <span class='ocrx_word' id='word_1_176' title='bbox 704 1447 776 1466; x_wconf 84' lang='lat' dir='ltr'><strong>vere-</strong></span> 
     </span>
     <span class='ocr_line' id='line_1_29' title="bbox 133 1484 776 1517; baseline -0.002 -6"><span class='ocrx_word' id='word_1_177' title='bbox 133 1485 255 1511; x_wconf 89' lang='lat' dir='ltr'><strong>cundiam</strong></span> <span class='ocrx_word' id='word_1_178' title='bbox 275 1484 339 1512; x_wconf 84' lang='lat' dir='ltr'><strong>ibid.</strong></span> <span class='ocrx_word' id='word_1_179' title='bbox 356 1499 392 1504; x_wconf 90' lang='lat'>—</span> <span class='ocrx_word' id='word_1_180' title='bbox 412 1492 476 1517; x_wconf 93' lang='lat' dir='ltr'><strong>prae</strong></span> <span class='ocrx_word' id='word_1_181' title='bbox 494 1485 588 1510; x_wconf 87' lang='lat' dir='ltr'><strong>timore</strong></span> <span class='ocrx_word' id='word_1_182' title='bbox 608 1484 718 1511; x_wconf 88' lang='lat' dir='ltr'><strong>iustitiae</strong></span> <span class='ocrx_word' id='word_1_183' title='bbox 732 1492 776 1510; x_wconf 91' lang='lat' dir='ltr'><strong>no-</strong></span> 
     </span>
     <span class='ocr_line' id='line_1_30' title="bbox 131 1529 751 1556; baseline -0.002 -1"><span class='ocrx_word' id='word_1_184' title='bbox 131 1529 202 1555; x_wconf 88' lang='lat' dir='ltr'><strong>lebat</strong></span> <span class='ocrx_word' id='word_1_185' title='bbox 220 1530 311 1556; x_wconf 91' lang='lat' dir='ltr'><strong>oculos</strong></span> <span class='ocrx_word' id='word_1_186' title='bbox 329 1529 363 1556; x_wconf 89' lang='lat' dir='ltr'><strong>ad</strong></span> <span class='ocrx_word' id='word_1_187' title='bbox 382 1530 483 1555; x_wconf 88' lang='lat' dir='ltr'><strong>caelum</strong></span> <span class='ocrx_word' id='word_1_188' title='bbox 504 1530 592 1555; x_wconf 90' lang='lat' dir='ltr'><strong>levare</strong></span> <span class='ocrx_word' id='word_1_189' title='bbox 612 1529 644 1554; x_wconf 95' lang='lat' dir='ltr'><strong>Vl</strong></span> <span class='ocrx_word' id='word_1_190' title='bbox 664 1529 716 1555; x_wconf 89' lang='grc'><strong>560</strong></span> <span class='ocrx_word' id='word_1_191' title='bbox 735 1529 751 1555; x_wconf 90' lang='grc'><strong>3</strong></span> 
     </span>
    </p>

    <p class='ocr_par' dir='ltr' id='par_1_7' title="bbox 130 1572 775 2050">
     <span class='ocr_line' id='line_1_31' title="bbox 184 1572 774 1606; baseline 0 -6"><span class='ocrx_word' id='word_1_192' title='bbox 184 1587 220 1593; x_wconf 91' lang='grc'>-</span> <span class='ocrx_word' id='word_1_193' title='bbox 247 1573 375 1600; x_wconf 90' lang='lat' dir='ltr'><strong>reddebat</strong></span> <span class='ocrx_word' id='word_1_194' title='bbox 403 1574 538 1606; x_wconf 88' lang='lat' dir='ltr'><strong>seipsum</strong></span> <span class='ocrx_word' id='word_1_195' title='bbox 564 1572 723 1606; x_wconf 83' lang='lat' dir='ltr'><strong>culpabilem</strong></span> <span class='ocrx_word' id='word_1_196' title='bbox 749 1577 774 1600; x_wconf 89' lang='lat' dir='ltr'><strong>et</strong></span> 
     </span>
     <span class='ocr_line' id='line_1_32' title="bbox 131 1617 774 1650; baseline 0 -6"><span class='ocrx_word' id='word_1_197' title='bbox 131 1617 288 1644; x_wconf 84' lang='lat' dir='ltr'><strong>ostendebat</strong></span> <span class='ocrx_word' id='word_1_198' title='bbox 312 1619 444 1645; x_wconf 85' lang='lat' dir='ltr'><strong>dolentem</strong></span> <span class='ocrx_word' id='word_1_199' title='bbox 470 1618 512 1644; x_wconf 91' lang='lat' dir='ltr'><strong>Vll</strong></span> <span class='ocrx_word' id='word_1_200' title='bbox 538 1618 590 1644; x_wconf 89' lang='grc'><strong>455</strong></span> <span class='ocrx_word' id='word_1_201' title='bbox 610 1619 643 1644; x_wconf 90' lang='grc'><strong>22</strong></span> <span class='ocrx_word' id='word_1_202' title='bbox 662 1633 698 1637; x_wconf 86' lang='grc'>-</span> <span class='ocrx_word' id='word_1_203' title='bbox 717 1625 774 1650; x_wconf 90' lang='lat' dir='ltr'><strong>per-</strong></span> 
     </span>
     <span class='ocr_line' id='line_1_33' title="bbox 131 1662 774 1696; baseline -0.002 -7"><span class='ocrx_word' id='word_1_204' title='bbox 131 1662 247 1689; x_wconf 90' lang='lat' dir='ltr'><strong>cutiebat</strong></span> <span class='ocrx_word' id='word_1_205' title='bbox 265 1666 359 1695; x_wconf 90' lang='lat' dir='ltr'><strong>pectus</strong></span> <span class='ocrx_word' id='word_1_206' title='bbox 377 1663 452 1696; x_wconf 89' lang='lat' dir='ltr'><strong>quasi</strong></span> <span class='ocrx_word' id='word_1_207' title='bbox 471 1663 623 1695; x_wconf 84' lang='lat' dir='ltr'><strong>indignatus</strong></span> <span class='ocrx_word' id='word_1_208' title='bbox 642 1667 732 1689; x_wconf 84' lang='lat' dir='ltr'><strong>contra</strong></span> <span class='ocrx_word' id='word_1_209' title='bbox 745 1669 774 1688; x_wconf 89' lang='lat' dir='ltr'><strong>se</strong></span> 
     </span>
     <span class='ocr_line' id='line_1_34' title="bbox 131 1707 775 1740; baseline 0 -7"><span class='ocrx_word' id='word_1_210' title='bbox 131 1707 219 1740; x_wconf 90' lang='lat' dir='ltr'><strong>ipsum</strong></span> <span class='ocrx_word' id='word_1_211' title='bbox 240 1707 291 1733; x_wconf 89' lang='grc'><strong>456</strong></span> <span class='ocrx_word' id='word_1_212' title='bbox 312 1708 344 1733; x_wconf 89' lang='grc'><strong>22</strong></span> <span class='ocrx_word' id='word_1_213' title='bbox 358 1722 394 1726; x_wconf 88' lang='grc'>-</span> <span class='ocrx_word' id='word_1_214' title='bbox 407 1715 486 1733; x_wconf 91' lang='lat' dir='ltr'><strong>orans</strong></span> <span class='ocrx_word' id='word_1_215' title='bbox 505 1715 533 1733; x_wconf 91' lang='lat' dir='ltr'><strong>se</strong></span> <span class='ocrx_word' id='word_1_216' title='bbox 547 1707 633 1740; x_wconf 91' lang='lat' dir='ltr'><strong>ipsum</strong></span> <span class='ocrx_word' id='word_1_217' title='bbox 654 1708 775 1734; x_wconf 86' lang='lat' dir='ltr'><strong>humiliat</strong></span> 
     </span>
     <span class='ocr_line' id='line_1_35' title="bbox 131 1751 775 1784; baseline 0.002 -7"><span class='ocrx_word' id='word_1_218' title='bbox 131 1755 157 1778; x_wconf 89' lang='lat' dir='ltr'><strong>et</strong></span> <span class='ocrx_word' id='word_1_219' title='bbox 175 1752 259 1778; x_wconf 84' lang='lat' dir='ltr'><strong>Deum</strong></span> <span class='ocrx_word' id='word_1_220' title='bbox 279 1752 372 1778; x_wconf 83' lang='lat' dir='ltr'><strong>exaltat</strong></span> <span class='ocrx_word' id='word_1_221' title='bbox 389 1751 425 1778; x_wconf 86' lang='lat' dir='ltr'><strong>ib.</strong></span> <span class='ocrx_word' id='word_1_222' title='bbox 444 1753 477 1777; x_wconf 85' lang='lat'><strong>23</strong></span> <span class='ocrx_word' id='word_1_223' title='bbox 497 1767 532 1770; x_wconf 97' lang='lat'><strong>—</strong></span> <span class='ocrx_word' id='word_1_224' title='bbox 551 1752 635 1778; x_wconf 90' lang='lat' dir='ltr'><strong>Deum</strong></span> <span class='ocrx_word' id='word_1_225' title='bbox 656 1752 775 1784; x_wconf 81' lang='lat' dir='ltr'><strong>magnifi-</strong></span> 
     </span>
     <span class='ocr_line' id='line_1_36' title="bbox 130 1796 774 1828; baseline 0.002 -6"><span class='ocrx_word' id='word_1_226' title='bbox 130 1799 172 1822; x_wconf 91' lang='lat' dir='ltr'><strong>cat</strong></span> <span class='ocrx_word' id='word_1_227' title='bbox 190 1796 322 1822; x_wconf 88' lang='lat' dir='ltr'><strong>humiliter</strong></span> <span class='ocrx_word' id='word_1_228' title='bbox 340 1796 446 1822; x_wconf 87' lang='lat' dir='ltr'><strong>veniam</strong></span> <span class='ocrx_word' id='word_1_229' title='bbox 470 1796 585 1828; x_wconf 91' lang='lat' dir='ltr'><strong>petendo</strong></span> <span class='ocrx_word' id='word_1_230' title='bbox 608 1799 634 1822; x_wconf 91' lang='lat' dir='ltr'><strong>et</strong></span> <span class='ocrx_word' id='word_1_231' title='bbox 652 1797 774 1823; x_wconf 88' lang='lat' dir='ltr'><strong>vocando</strong></span> 
     </span>
     <span class='ocr_line' id='line_1_37' title="bbox 131 1840 774 1873; baseline 0.002 -7"><span class='ocrx_word' id='word_1_232' title='bbox 131 1840 218 1873; x_wconf 89' lang='lat' dir='ltr'><strong>ipsum</strong></span> <span class='ocrx_word' id='word_1_233' title='bbox 239 1840 321 1866; x_wconf 86' lang='lat' dir='ltr'><strong>Deum</strong></span> <span class='ocrx_word' id='word_1_234' title='bbox 346 1848 469 1866; x_wconf 88' lang='lat' dir='ltr'><strong>summae</strong></span> <span class='ocrx_word' id='word_1_235' title='bbox 493 1841 636 1867; x_wconf 85' lang='lat' dir='ltr'><strong>maiestatis</strong></span> <span class='ocrx_word' id='word_1_236' title='bbox 658 1840 719 1867; x_wconf 78' lang='lat' dir='ltr'><strong>ibid.</strong></span> <span class='ocrx_word' id='word_1_237' title='bbox 741 1856 774 1860; x_wconf 94' lang='lat'><strong>—</strong></span> 
     </span>
     <span class='ocr_line' id='line_1_38' title="bbox 131 1885 773 1911; baseline 0.002 -1"><span class='ocrx_word' id='word_1_238' title='bbox 131 1885 268 1911; x_wconf 85' lang='lat' dir='ltr'><strong>descendit</strong></span> <span class='ocrx_word' id='word_1_239' title='bbox 287 1885 441 1911; x_wconf 90' lang='lat' dir='ltr'><strong>iustificatus</strong></span> <span class='ocrx_word' id='word_1_240' title='bbox 459 1885 606 1911; x_wconf 89' lang='lat' dir='ltr'><strong>secundum</strong></span> <span class='ocrx_word' id='word_1_241' title='bbox 635 1886 773 1911; x_wconf 86' lang='lat' dir='ltr'><strong>veritatem</strong></span> 
     </span>
     <span class='ocr_line' id='line_1_39' title="bbox 131 1929 774 1962; baseline 0.002 -8"><span class='ocrx_word' id='word_1_242' title='bbox 131 1929 183 1955; x_wconf 89' lang='grc'><strong>457</strong></span> <span class='ocrx_word' id='word_1_243' title='bbox 212 1929 245 1955; x_wconf 89' lang='grc'><strong>24</strong></span> <span class='ocrx_word' id='word_1_244' title='bbox 276 1943 309 1948; x_wconf 89' lang='grc'>-</span> <span class='ocrx_word' id='word_1_245' title='bbox 337 1929 459 1961; x_wconf 86' lang='lat' dir='ltr'><strong>designat</strong></span> <span class='ocrx_word' id='word_1_246' title='bbox 486 1930 616 1962; x_wconf 88' lang='lat' dir='ltr'><strong>populum</strong></span> <span class='ocrx_word' id='word_1_247' title='bbox 649 1930 774 1961; x_wconf 83' lang='lat' dir='ltr'><strong>gentilem</strong></span> 
     </span>
     <span class='ocr_line' id='line_1_40' title="bbox 130 1973 774 2006; baseline 0.002 -7"><span class='ocrx_word' id='word_1_248' title='bbox 130 1973 193 2000; x_wconf 76' lang='lat' dir='ltr'><strong>ibid.</strong></span> <span class='ocrx_word' id='word_1_249' title='bbox 213 1988 247 1992; x_wconf 97' lang='lat'><strong>—</strong></span> <span class='ocrx_word' id='word_1_250' title='bbox 266 1976 375 2006; x_wconf 87' lang='lat' dir='ltr'><strong>propter</strong></span> <span class='ocrx_word' id='word_1_251' title='bbox 397 1973 583 2000; x_wconf 85' lang='lat' dir='ltr'><strong>conscientiam</strong></span> <span class='ocrx_word' id='word_1_252' title='bbox 603 1974 664 2000; x_wconf 91' lang='lat' dir='ltr'><strong>mali</strong></span> <span class='ocrx_word' id='word_1_253' title='bbox 688 1974 774 2000; x_wconf 90' lang='lat' dir='ltr'><strong>meriti</strong></span> 
     </span>
     <span class='ocr_line' id='line_1_41' title="bbox 132 2017 771 2050; baseline 0 -6"><span class='ocrx_word' id='word_1_254' title='bbox 132 2018 166 2044; x_wconf 91' lang='lat' dir='ltr'><strong>de</strong></span> <span class='ocrx_word' id='word_1_255' title='bbox 184 2025 212 2044; x_wconf 89' lang='lat' dir='ltr'><strong>se</strong></span> <span class='ocrx_word' id='word_1_256' title='bbox 231 2017 439 2050; x_wconf 85' lang='lat' dir='ltr'><strong>compellebatur</strong></span> <span class='ocrx_word' id='word_1_257' title='bbox 459 2018 549 2044; x_wconf 84' lang='lat' dir='ltr'><strong>intima</strong></span> <span class='ocrx_word' id='word_1_258' title='bbox 568 2019 665 2044; x_wconf 88' lang='lat' dir='ltr'><strong>sentire</strong></span> <span class='ocrx_word' id='word_1_259' title='bbox 684 2017 718 2045; x_wconf 88' lang='lat' dir='ltr'><strong>ib.</strong></span> <span class='ocrx_word' id='word_1_260' title='bbox 737 2019 771 2044; x_wconf 97' lang='grc'><strong>26</strong></span> 
     </span>
    </p>

    <p class='ocr_par' dir='ltr' id='par_1_8' title="bbox 131 2062 775 2222">
     <span class='ocr_line' id='line_1_42' title="bbox 184 2062 775 2095; baseline 0 -7"><span class='ocrx_word' id='word_1_261' title='bbox 184 2077 220 2082; x_wconf 90' lang='grc'>-</span> <span class='ocrx_word' id='word_1_262' title='bbox 239 2062 366 2088; x_wconf 87' lang='lat' dir='ltr'><strong>Dominus</strong></span> <span class='ocrx_word' id='word_1_263' title='bbox 385 2062 507 2088; x_wconf 88' lang='lat' dir='ltr'><strong>liberavit</strong></span> <span class='ocrx_word' id='word_1_264' title='bbox 531 2062 702 2095; x_wconf 87' lang='lat' dir='ltr'><strong>publicanum</strong></span> <span class='ocrx_word' id='word_1_265' title='bbox 722 2063 775 2088; x_wconf 84' lang='lat' dir='ltr'><strong>cul-</strong></span> 
     </span>
     <span class='ocr_line' id='line_1_43' title="bbox 131 2106 774 2140; baseline 0.002 -8"><span class='ocrx_word' id='word_1_266' title='bbox 131 2114 193 2140; x_wconf 88' lang='lat' dir='ltr'><strong>pam</strong></span> <span class='ocrx_word' id='word_1_267' title='bbox 213 2107 369 2133; x_wconf 87' lang='lat' dir='ltr'><strong>dimittendo</strong></span> <span class='ocrx_word' id='word_1_268' title='bbox 393 2107 424 2132; x_wconf 90' lang='lat' dir='ltr'><strong>vt</strong></span> <span class='ocrx_word' id='word_1_269' title='bbox 449 2106 500 2132; x_wconf 86' lang='lat'><strong>573</strong></span> <span class='ocrx_word' id='word_1_270' title='bbox 527 2108 543 2133; x_wconf 88' lang='grc'><strong>3</strong></span> <span class='ocrx_word' id='word_1_271' title='bbox 562 2120 598 2127; x_wconf 95' lang='grc'>-</span> <span class='ocrx_word' id='word_1_272' title='bbox 615 2107 722 2134; x_wconf 89' lang='lat' dir='ltr'><strong>intravit</strong></span> <span class='ocrx_word' id='word_1_273' title='bbox 740 2107 774 2133; x_wconf 91' lang='lat' dir='ltr'><strong>ad</strong></span> 
     </span>
     <span class='ocr_line' id='line_1_44' title="bbox 133 2151 774 2184; baseline 0.002 -8"><span class='ocrx_word' id='word_1_274' title='bbox 133 2151 320 2184; x_wconf 90' lang='lat' dir='ltr'><strong>poenitentiam</strong></span> <span class='ocrx_word' id='word_1_275' title='bbox 341 2158 389 2183; x_wconf 91' lang='lat' dir='ltr'><strong>per</strong></span> <span class='ocrx_word' id='word_1_276' title='bbox 401 2151 639 2177; x_wconf 84' lang='lat' dir='ltr'><strong>considerationem</strong></span> <span class='ocrx_word' id='word_1_277' title='bbox 659 2152 774 2177; x_wconf 80' lang='lat' dir='ltr'><strong>offensae</strong></span> 
     </span>
     <span class='ocr_line' id='line_1_45' title="bbox 131 2195 476 2222; baseline 0 -1"><span class='ocrx_word' id='word_1_278' title='bbox 131 2195 244 2222; x_wconf 90' lang='lat' dir='ltr'><strong>iustitiae</strong></span> <span class='ocrx_word' id='word_1_279' title='bbox 263 2195 369 2222; x_wconf 85' lang='lat' dir='ltr'><strong>divinae</strong></span> <span class='ocrx_word' id='word_1_280' title='bbox 389 2195 440 2221; x_wconf 88' lang='grc'><strong>560</strong></span> <span class='ocrx_word' id='word_1_281' title='bbox 460 2196 476 2221; x_wconf 89' lang='grc'><strong>3</strong></span> 
     </span>
    </p>
   </div>
   <div class='ocr_carea' id='block_1_2' title="bbox 131 2482 775 2957">
    <p class='ocr_par' dir='ltr' id='par_1_9' title="bbox 132 2482 770 2553">
     <span class='ocr_line' id='line_1_46' title="bbox 185 2482 770 2515; baseline 0 -7"><span class='ocrx_word' id='word_1_282' title='bbox 185 2483 322 2515; x_wconf 63' lang='lat' dir='ltr'><strong>Quaenam:</strong></span> <span class='ocrx_word' id='word_1_283' title='bbox 342 2496 375 2501; x_wconf 89' lang='lat'><strong>—-</strong></span> <span class='ocrx_word' id='word_1_284' title='bbox 394 2482 501 2515; x_wconf 87' lang='lat' dir='ltr'><strong>respicit</strong></span> <span class='ocrx_word' id='word_1_285' title='bbox 519 2485 607 2509; x_wconf 90' lang='lat' dir='ltr'><strong>actum</strong></span> <span class='ocrx_word' id='word_1_286' title='bbox 626 2482 714 2508; x_wconf 84' lang='lat' dir='ltr'><strong>cordis</strong></span> <span class='ocrx_word' id='word_1_287' title='bbox 729 2483 770 2508; x_wconf 95' lang='lat' dir='ltr'><strong>Vll</strong></span> 
     </span>
     <span class='ocr_line' id='line_1_47' title="bbox 132 2526 236 2553; baseline 0 -1"><span class='ocrx_word' id='word_1_288' title='bbox 132 2526 184 2553; x_wconf 92' lang='grc'><strong>285</strong></span> <span class='ocrx_word' id='word_1_289' title='bbox 203 2527 236 2552; x_wconf 94' lang='grc'><strong>26</strong></span> 
     </span>
    </p>

    <p class='ocr_par' dir='ltr' id='par_1_10' title="bbox 131 2571 772 2698">
     <span class='ocr_line' id='line_1_48' title="bbox 184 2571 772 2605; baseline 0.002 -9"><span class='ocrx_word' id='word_1_290' title='bbox 184 2584 220 2590; x_wconf 89' lang='grc'><strong>-</strong></span> <span class='ocrx_word' id='word_1_291' title='bbox 240 2571 289 2604; x_wconf 86' lang='lat' dir='ltr'><strong>Qui</strong></span> <span class='ocrx_word' id='word_1_292' title='bbox 309 2571 449 2603; x_wconf 84' lang='lat' dir='ltr'><strong>diligenter</strong></span> <span class='ocrx_word' id='word_1_293' title='bbox 473 2572 577 2605; x_wconf 86' lang='lat' dir='ltr'><strong>quaerit</strong></span> <span class='ocrx_word' id='word_1_294' title='bbox 602 2572 702 2598; x_wconf 86' lang='lat' dir='ltr'><strong>invenit</strong></span> <span class='ocrx_word' id='word_1_295' title='bbox 729 2572 772 2598; x_wconf 94' lang='lat' dir='ltr'><strong>Vll</strong></span> 
     </span>
     <span class='ocr_line' id='line_1_49' title="bbox 132 2615 772 2650; baseline 0.003 -10"><span class='ocrx_word' id='word_1_296' title='bbox 132 2615 166 2640; x_wconf 88' lang='grc'><strong>97</strong></span> <span class='ocrx_word' id='word_1_297' title='bbox 186 2615 220 2641; x_wconf 91' lang='grc'><strong>35</strong></span> <span class='ocrx_word' id='word_1_298' title='bbox 234 2629 268 2634; x_wconf 95' lang='grc'><strong>-</strong></span> <span class='ocrx_word' id='word_1_299' title='bbox 282 2616 331 2648; x_wconf 90' lang='lat' dir='ltr'><strong>Qui</strong></span> <span class='ocrx_word' id='word_1_300' title='bbox 353 2615 468 2642; x_wconf 89' lang='lat' dir='ltr'><strong>indebite</strong></span> <span class='ocrx_word' id='word_1_301' title='bbox 486 2620 618 2650; x_wconf 88' lang='lat' dir='ltr'><strong>quaerunt</strong></span> <span class='ocrx_word' id='word_1_302' title='bbox 630 2624 681 2642; x_wconf 93' lang='lat' dir='ltr'><strong>non</strong></span> <span class='ocrx_word' id='word_1_303' title='bbox 701 2616 772 2642; x_wconf 90' lang='lat' dir='ltr'><strong>inve-</strong></span> 
     </span>
     <span class='ocr_line' id='line_1_50' title="bbox 131 2659 383 2698; baseline 0.004 -13"><span class='ocrx_word' id='word_1_304' title='bbox 131 2659 206 2685; x_wconf 90' lang='lat' dir='ltr'><strong>niunt</strong></span> <span class='ocrx_word' id='word_1_305' title='bbox 226 2660 277 2685; x_wconf 78' lang='grc'><strong>286</strong></span> <span class='ocrx_word' id='word_1_306' title='bbox 298 2661 331 2686; x_wconf 88' lang='grc'><strong>28</strong></span> <span class='ocrx_word' id='word_1_307' title='bbox 381 2695 383 2698; x_wconf 91' lang='lat'><strong>.</strong></span> 
     </span>
    </p>

    <p class='ocr_par' dir='ltr' id='par_1_11' title="bbox 132 2703 775 2957">
     <span class='ocr_line' id='line_1_51' title="bbox 184 2703 772 2738; baseline 0.003 -9"><span class='ocrx_word' id='word_1_308' title='bbox 184 2718 220 2722; x_wconf 94' lang='lat'>—</span> <span class='ocrx_word' id='word_1_309' title='bbox 239 2703 309 2730; x_wconf 86' lang='lat' dir='ltr'><strong>Deus</strong></span> <span class='ocrx_word' id='word_1_310' title='bbox 328 2704 425 2731; x_wconf 85' lang='lat' dir='ltr'><strong>directe</strong></span> <span class='ocrx_word' id='word_1_311' title='bbox 443 2705 613 2738; x_wconf 86' lang='lat' dir='ltr'><strong>quaerendus</strong></span> <span class='ocrx_word' id='word_1_312' title='bbox 627 2706 659 2731; x_wconf 93' lang='lat' dir='ltr'><strong>Vl</strong></span> <span class='ocrx_word' id='word_1_313' title='bbox 674 2705 725 2731; x_wconf 91' lang='grc'><strong>262</strong></span> <span class='ocrx_word' id='word_1_314' title='bbox 738 2706 772 2731; x_wconf 91' lang='grc'><strong>76</strong></span> 
     </span>
     <span class='ocr_line' id='line_1_52' title="bbox 132 2748 774 2782; baseline 0.005 -9"><span class='ocrx_word' id='word_1_315' title='bbox 132 2761 167 2767; x_wconf 95' lang='grc'>-</span> <span class='ocrx_word' id='word_1_316' title='bbox 187 2748 256 2774; x_wconf 80' lang='lat' dir='ltr'><strong>Deus</strong></span> <span class='ocrx_word' id='word_1_317' title='bbox 283 2749 451 2782; x_wconf 91' lang='lat' dir='ltr'><strong>quaerendus</strong></span> <span class='ocrx_word' id='word_1_318' title='bbox 479 2749 534 2775; x_wconf 87' lang='lat' dir='ltr'><strong>sine</strong></span> <span class='ocrx_word' id='word_1_319' title='bbox 558 2750 714 2782; x_wconf 79' lang='lat' dir='ltr'><strong>evagatione</strong></span> <span class='ocrx_word' id='word_1_320' title='bbox 732 2756 774 2776; x_wconf 89' lang='lat' dir='ltr'><strong>ra—</strong></span> 
     </span>
     <span class='ocr_line' id='line_1_53' title="bbox 132 2792 773 2825; baseline 0.003 -8"><span class='ocrx_word' id='word_1_321' title='bbox 132 2792 209 2818; x_wconf 84' lang='lat' dir='ltr'><strong>tionis</strong></span> <span class='ocrx_word' id='word_1_322' title='bbox 223 2799 270 2824; x_wconf 92' lang='lat' dir='ltr'><strong>per</strong></span> <span class='ocrx_word' id='word_1_323' title='bbox 284 2793 415 2819; x_wconf 89' lang='lat' dir='ltr'><strong>curiosam</strong></span> <span class='ocrx_word' id='word_1_324' title='bbox 429 2793 629 2825; x_wconf 79' lang='lat' dir='ltr'><strong>cogitationem,</strong></span> <span class='ocrx_word' id='word_1_325' title='bbox 642 2794 699 2819; x_wconf 90' lang='lat' dir='ltr'><strong>sine</strong></span> <span class='ocrx_word' id='word_1_326' title='bbox 712 2793 773 2820; x_wconf 88' lang='lat' dir='ltr'><strong>obli-</strong></span> 
     </span>
     <span class='ocr_line' id='line_1_54' title="bbox 132 2835 775 2869; baseline 0.005 -8"><span class='ocrx_word' id='word_1_327' title='bbox 132 2836 230 2869; x_wconf 84' lang='lat' dir='ltr'><strong>quitate</strong></span> <span class='ocrx_word' id='word_1_328' title='bbox 249 2835 397 2863; x_wconf 88' lang='lat' dir='ltr'><strong>intentionis</strong></span> <span class='ocrx_word' id='word_1_329' title='bbox 417 2843 463 2869; x_wconf 90' lang='lat' dir='ltr'><strong>per</strong></span> <span class='ocrx_word' id='word_1_330' title='bbox 482 2838 659 2863; x_wconf 77' lang='lat' dir='ltr'><strong>carnalitatem</strong></span> <span class='ocrx_word' id='word_1_331' title='bbox 677 2839 718 2864; x_wconf 90' lang='lat' dir='ltr'><strong>vel</strong></span> <span class='ocrx_word' id='word_1_332' title='bbox 732 2846 775 2864; x_wconf 89' lang='lat' dir='ltr'><strong>cu-</strong></span> 
     </span>
     <span class='ocr_line' id='line_1_55' title="bbox 133 2880 774 2914; baseline 0.003 -8"><span class='ocrx_word' id='word_1_333' title='bbox 133 2880 276 2906; x_wconf 90' lang='lat' dir='ltr'><strong>riositatem</strong></span> <span class='ocrx_word' id='word_1_334' title='bbox 297 2883 323 2906; x_wconf 90' lang='lat' dir='ltr'><strong>et</strong></span> <span class='ocrx_word' id='word_1_335' title='bbox 341 2881 398 2906; x_wconf 88' lang='lat' dir='ltr'><strong>sine</strong></span> <span class='ocrx_word' id='word_1_336' title='bbox 417 2881 573 2907; x_wconf 88' lang='lat' dir='ltr'><strong>remissione</strong></span> <span class='ocrx_word' id='word_1_337' title='bbox 591 2882 680 2914; x_wconf 86' lang='lat' dir='ltr'><strong>operis</strong></span> <span class='ocrx_word' id='word_1_338' title='bbox 693 2882 744 2908; x_wconf 91' lang='grc'><strong>572</strong></span> <span class='ocrx_word' id='word_1_339' title='bbox 759 2882 774 2909; x_wconf 88' lang='grc'>4</span> 
     </span>
     <span class='ocr_line' id='line_1_56' title="bbox 134 2924 774 2957; baseline 0.003 -7"><span class='ocrx_word' id='word_1_340' title='bbox 134 2938 167 2942; x_wconf 95' lang='grc'><strong>-</strong></span> <span class='ocrx_word' id='word_1_341' title='bbox 187 2924 341 2957; x_wconf 84' lang='lat' dir='ltr'><strong>Quaerenda</strong></span> <span class='ocrx_word' id='word_1_342' title='bbox 370 2927 409 2951; x_wconf 83' lang='lat' dir='ltr'><strong>est</strong></span> <span class='ocrx_word' id='word_1_343' title='bbox 436 2925 519 2957; x_wconf 82' lang='lat' dir='ltr'><strong>gratia</strong></span> <span class='ocrx_word' id='word_1_344' title='bbox 548 2925 591 2951; x_wconf 91' lang='lat' dir='ltr'><strong>Vll</strong></span> <span class='ocrx_word' id='word_1_345' title='bbox 616 2926 667 2951; x_wconf 89' lang='grc'><strong>285</strong></span> <span class='ocrx_word' id='word_1_346' title='bbox 687 2926 721 2952; x_wconf 88' lang='grc'><strong>27</strong></span> <span class='ocrx_word' id='word_1_347' title='bbox 739 2941 774 2946; x_wconf 91' lang='lat'>—</span> 
     </span>
    </p>
   </div>
   <div class='ocr_carea' id='block_1_3' title="bbox 187 3211 773 3238">
    <p class='ocr_par' dir='ltr' id='par_1_12' title="bbox 187 3211 773 3238">
     <span class='ocr_line' id='line_1_57' title="bbox 187 3211 773 3238; baseline -0.002 -1"><span class='ocrx_word' id='word_1_348' title='bbox 187 3211 258 3237; x_wconf 61' lang='lat' dir='ltr'><strong>nnn</strong></span> <span class='ocrx_word' id='word_1_349' title='bbox 277 3226 312 3230; x_wconf 92' lang='lat'><em>-</em></span> <span class='ocrx_word' id='word_1_350' title='bbox 332 3212 455 3238; x_wconf 83' lang='lat' dir='ltr'><strong>meretrix</strong></span> <span class='ocrx_word' id='word_1_351' title='bbox 482 3212 580 3237; x_wconf 85' lang='lat' dir='ltr'><strong>salvata</strong></span> <span class='ocrx_word' id='word_1_352' title='bbox 609 3214 648 3237; x_wconf 85' lang='lat' dir='ltr'><strong>cst</strong></span> <span class='ocrx_word' id='word_1_353' title='bbox 672 3211 697 3237; x_wconf 94' lang='lat' dir='ltr'><strong>in</strong></span> <span class='ocrx_word' id='word_1_354' title='bbox 717 3212 773 3238; x_wconf 86' lang='lat' dir='ltr'><strong>leri-</strong></span> 
     </span>
    </p>
   </div>
   <div class='ocr_carea' id='block_1_4' title="bbox 806 196 1465 231">
    <p class='ocr_par' dir='ltr' id='par_1_13' title="bbox 806 196 1465 231">
     <span class='ocr_line' id='line_1_58' title="bbox 806 196 1465 231; baseline 0.002 -2"><span class='ocrx_word' id='word_1_355' title='bbox 806 197 843 229; x_wconf 90' lang='lat' dir='ltr'><strong>lN</strong></span> <span class='ocrx_word' id='word_1_356' title='bbox 867 196 1161 230; x_wconf 80' lang='lat' dir='ltr'><strong>COMMENTARIOS</strong></span> <span class='ocrx_word' id='word_1_357' title='bbox 1184 198 1214 230; x_wconf 92' lang='lat' dir='ltr'><strong>S.</strong></span> <span class='ocrx_word' id='word_1_358' title='bbox 1238 197 1465 231; x_wconf 72' lang='lat' dir='ltr'><strong>SCRlPTURAE</strong></span> 
     </span>
    </p>
   </div>
   <div class='ocr_carea' id='block_1_5' title="bbox 810 285 1460 2229">
    <p class='ocr_par' dir='ltr' id='par_1_14' title="bbox 816 285 1459 406">
     <span class='ocr_line' id='line_1_59' title="bbox 871 285 1457 318; baseline 0.002 -7"><span class='ocrx_word' id='word_1_359' title='bbox 871 286 999 311; x_wconf 70' lang='lat' dir='ltr'><strong>Punicum</strong></span> <span class='ocrx_word' id='word_1_360' title='bbox 1024 299 1060 305; x_wconf 92' lang='lat'><strong>—</strong></span> <span class='ocrx_word' id='word_1_361' title='bbox 1085 285 1132 311; x_wconf 87' lang='lat' dir='ltr'><strong>etsi</strong></span> <span class='ocrx_word' id='word_1_362' title='bbox 1157 289 1284 317; x_wconf 82' lang='lat' dir='ltr'><strong>appareat</strong></span> <span class='ocrx_word' id='word_1_363' title='bbox 1303 287 1328 312; x_wconf 93' lang='lat' dir='ltr'><strong>in</strong></span> <span class='ocrx_word' id='word_1_364' title='bbox 1352 287 1457 318; x_wconf 87' lang='lat' dir='ltr'><strong>integri—</strong></span> 
     </span>
     <span class='ocr_line' id='line_1_60' title="bbox 817 329 1459 362; baseline 0.005 -8"><span class='ocrx_word' id='word_1_365' title='bbox 817 332 868 354; x_wconf 90' lang='lat' dir='ltr'><strong>tate</strong></span> <span class='ocrx_word' id='word_1_366' title='bbox 887 329 987 360; x_wconf 87' lang='lat' dir='ltr'><strong>carnis,</strong></span> <span class='ocrx_word' id='word_1_367' title='bbox 1007 330 1121 355; x_wconf 88' lang='lat' dir='ltr'><strong>maxime</strong></span> <span class='ocrx_word' id='word_1_368' title='bbox 1134 330 1251 356; x_wconf 84' lang='lat' dir='ltr'><strong>consistit</strong></span> <span class='ocrx_word' id='word_1_369' title='bbox 1264 331 1288 356; x_wconf 91' lang='lat' dir='ltr'><strong>in</strong></span> <span class='ocrx_word' id='word_1_370' title='bbox 1312 331 1459 362; x_wconf 75' lang='lat' dir='ltr'><strong>integritate</strong></span> 
     </span>
     <span class='ocr_line' id='line_1_61' title="bbox 816 373 1458 406; baseline 0.005 -8"><span class='ocrx_word' id='word_1_371' title='bbox 816 373 877 399; x_wconf 87' lang='lat' dir='ltr'><strong>fidei</strong></span> <span class='ocrx_word' id='word_1_372' title='bbox 886 373 928 399; x_wconf 95' lang='lat' dir='ltr'><strong>Vll</strong></span> <span class='ocrx_word' id='word_1_373' title='bbox 937 373 988 400; x_wconf 84' lang='grc'><strong>397</strong></span> <span class='ocrx_word' id='word_1_374' title='bbox 999 374 1033 399; x_wconf 87' lang='grc'><strong>38</strong></span> <span class='ocrx_word' id='word_1_375' title='bbox 1043 388 1078 392; x_wconf 93' lang='lat'><strong>—-</strong></span> <span class='ocrx_word' id='word_1_376' title='bbox 1090 374 1115 400; x_wconf 90' lang='lat' dir='ltr'><strong>in</strong></span> <span class='ocrx_word' id='word_1_377' title='bbox 1125 374 1253 406; x_wconf 84' lang='lat' dir='ltr'><strong>operibus</strong></span> <span class='ocrx_word' id='word_1_378' title='bbox 1263 374 1384 401; x_wconf 86' lang='lat' dir='ltr'><strong>habenda</strong></span> <span class='ocrx_word' id='word_1_379' title='bbox 1395 374 1458 401; x_wconf 84' lang='lat' dir='ltr'><strong>ibid.</strong></span> 
     </span>
    </p>

    <p class='ocr_par' dir='ltr' id='par_1_15' title="bbox 815 417 1459 583">
     <span class='ocr_line' id='line_1_62' title="bbox 870 417 1459 451; baseline 0.003 -8"><span class='ocrx_word' id='word_1_380' title='bbox 870 419 956 444; x_wconf 79' lang='lat' dir='ltr'><strong>Punoa</strong></span> <span class='ocrx_word' id='word_1_381' title='bbox 968 431 1004 437; x_wconf 88' lang='lat'><strong>-—</strong></span> <span class='ocrx_word' id='word_1_382' title='bbox 1016 417 1152 450; x_wconf 88' lang='lat' dir='ltr'><strong>opprobrii</strong></span> <span class='ocrx_word' id='word_1_383' title='bbox 1165 418 1245 444; x_wconf 88' lang='lat' dir='ltr'><strong>debet</strong></span> <span class='ocrx_word' id='word_1_384' title='bbox 1258 420 1392 445; x_wconf 89' lang='lat' dir='ltr'><strong>hominem</strong></span> <span class='ocrx_word' id='word_1_385' title='bbox 1406 420 1459 451; x_wconf 90' lang='lat' dir='ltr'><strong>pol-</strong></span> 
     </span>
     <span class='ocr_line' id='line_1_63' title="bbox 815 462 1459 490; baseline 0.003 -2"><span class='ocrx_word' id='word_1_386' title='bbox 815 463 899 488; x_wconf 92' lang='lat' dir='ltr'><strong>lutum</strong></span> <span class='ocrx_word' id='word_1_387' title='bbox 918 462 953 488; x_wconf 91' lang='lat' dir='ltr'><strong>ad</strong></span> <span class='ocrx_word' id='word_1_388' title='bbox 973 463 1129 488; x_wconf 88' lang='lat' dir='ltr'><strong>munditiam</strong></span> <span class='ocrx_word' id='word_1_389' title='bbox 1144 470 1253 489; x_wconf 86' lang='lat' dir='ltr'><strong>movere</strong></span> <span class='ocrx_word' id='word_1_390' title='bbox 1270 464 1303 490; x_wconf 90' lang='lat' dir='ltr'><strong>Vt</strong></span> <span class='ocrx_word' id='word_1_391' title='bbox 1323 464 1374 489; x_wconf 88' lang='grc'><strong>600</strong></span> <span class='ocrx_word' id='word_1_392' title='bbox 1395 465 1411 490; x_wconf 93' lang='grc'>5</span> <span class='ocrx_word' id='word_1_393' title='bbox 1424 479 1459 483; x_wconf 90' lang='grc'><strong>-</strong></span> 
     </span>
     <span class='ocr_line' id='line_1_64' title="bbox 816 507 1459 540; baseline 0.003 -8"><span class='ocrx_word' id='word_1_394' title='bbox 816 507 900 532; x_wconf 90' lang='lat' dir='ltr'><strong>malus</strong></span> <span class='ocrx_word' id='word_1_395' title='bbox 919 507 982 539; x_wconf 86' lang='lat' dir='ltr'><strong>ligat</strong></span> <span class='ocrx_word' id='word_1_396' title='bbox 1010 507 1103 532; x_wconf 87' lang='lat' dir='ltr'><strong>faciem</strong></span> <span class='ocrx_word' id='word_1_397' title='bbox 1132 507 1248 539; x_wconf 87' lang='lat' dir='ltr'><strong>animae,</strong></span> <span class='ocrx_word' id='word_1_398' title='bbox 1278 515 1311 534; x_wconf 89' lang='lat' dir='ltr'><strong>ne</strong></span> <span class='ocrx_word' id='word_1_399' title='bbox 1336 512 1459 540; x_wconf 83' lang='lat' dir='ltr'><strong>peccator</strong></span> 
     </span>
     <span class='ocr_line' id='line_1_65' title="bbox 815 551 1297 583; baseline 0.002 -6"><span class='ocrx_word' id='word_1_400' title='bbox 815 554 952 583; x_wconf 88' lang='lat' dir='ltr'><strong>peccatum</strong></span> <span class='ocrx_word' id='word_1_401' title='bbox 972 551 1126 577; x_wconf 75' lang='lat' dir='ltr'><strong>confiteatur</strong></span> <span class='ocrx_word' id='word_1_402' title='bbox 1145 552 1197 577; x_wconf 89' lang='grc'><strong>593</strong></span> <span class='ocrx_word' id='word_1_403' title='bbox 1217 559 1243 578; x_wconf 87' lang='grc' dir='ltr'><strong>ν.</strong></span> <span class='ocrx_word' id='word_1_404' title='bbox 1265 552 1297 578; x_wconf 89' lang='grc'><strong>44</strong></span> 
     </span>
    </p>

    <p class='ocr_par' dir='ltr' id='par_1_16' title="bbox 815 595 1459 666">
     <span class='ocr_line' id='line_1_66' title="bbox 867 595 1459 629; baseline 0.002 -8"><span class='ocrx_word' id='word_1_405' title='bbox 867 596 936 622; x_wconf 77' lang='lat' dir='ltr'><strong>Puau</strong></span> <span class='ocrx_word' id='word_1_406' title='bbox 955 609 991 615; x_wconf 90' lang='lat'><strong>—-</strong></span> <span class='ocrx_word' id='word_1_407' title='bbox 1009 595 1128 622; x_wconf 85' lang='lat' dir='ltr'><strong>Christus</strong></span> <span class='ocrx_word' id='word_1_408' title='bbox 1144 596 1240 622; x_wconf 89' lang='lat' dir='ltr'><strong>dicitur</strong></span> <span class='ocrx_word' id='word_1_409' title='bbox 1260 603 1327 629; x_wconf 91' lang='lat' dir='ltr'><strong>puer</strong></span> <span class='ocrx_word' id='word_1_410' title='bbox 1350 600 1459 628; x_wconf 89' lang='lat' dir='ltr'><strong>propter</strong></span> 
     </span>
     <span class='ocr_line' id='line_1_67' title="bbox 815 640 1198 666; baseline 0.003 -1"><span class='ocrx_word' id='word_1_411' title='bbox 815 640 992 666; x_wconf 88' lang='lat' dir='ltr'><strong>innocentiam</strong></span> <span class='ocrx_word' id='word_1_412' title='bbox 1014 640 1046 666; x_wconf 88' lang='lat' dir='ltr'><strong>Vl</strong></span> <span class='ocrx_word' id='word_1_413' title='bbox 1067 640 1095 666; x_wconf 91' lang='grc'><strong>44</strong></span> <span class='ocrx_word' id='word_1_414' title='bbox 1115 648 1142 666; x_wconf 96' lang='lat' dir='ltr'><strong>v.</strong></span> <span class='ocrx_word' id='word_1_415' title='bbox 1166 641 1198 666; x_wconf 87' lang='grc'><strong>46</strong></span> 
     </span>
    </p>

    <p class='ocr_par' dir='ltr' id='par_1_17' title="bbox 814 684 1458 806">
     <span class='ocr_line' id='line_1_68' title="bbox 868 684 1458 717; baseline 0 -7"><span class='ocrx_word' id='word_1_416' title='bbox 868 698 903 704; x_wconf 91' lang='grc'><strong>--</strong></span> <span class='ocrx_word' id='word_1_417' title='bbox 921 687 998 710; x_wconf 88' lang='lat' dir='ltr'><strong>nocet</strong></span> <span class='ocrx_word' id='word_1_418' title='bbox 1017 687 1115 715; x_wconf 88' lang='lat' dir='ltr'><strong>terrae,</strong></span> <span class='ocrx_word' id='word_1_419' title='bbox 1136 685 1179 710; x_wconf 91' lang='lat' dir='ltr'><strong>cui</strong></span> <span class='ocrx_word' id='word_1_420' title='bbox 1198 684 1348 717; x_wconf 76' lang='lat' dir='ltr'><strong>praeficitur</strong></span> <span class='ocrx_word' id='word_1_421' title='bbox 1373 685 1405 711; x_wconf 88' lang='lat' dir='ltr'><strong>Vl</strong></span> <span class='ocrx_word' id='word_1_422' title='bbox 1425 686 1458 710; x_wconf 88' lang='lat'><strong>86</strong></span> 
     </span>
     <span class='ocr_line' id='line_1_69' title="bbox 815 728 1458 761; baseline 0.003 -7"><span class='ocrx_word' id='word_1_423' title='bbox 815 736 840 754; x_wconf 95' lang='lat' dir='ltr'><strong>v.</strong></span> <span class='ocrx_word' id='word_1_424' title='bbox 861 729 894 754; x_wconf 91' lang='grc'><strong>46</strong></span> <span class='ocrx_word' id='word_1_425' title='bbox 913 744 948 747; x_wconf 92' lang='grc'><strong>-</strong></span> <span class='ocrx_word' id='word_1_426' title='bbox 968 729 1121 761; x_wconf 85' lang='lat' dir='ltr'><strong>passionum</strong></span> <span class='ocrx_word' id='word_1_427' title='bbox 1134 732 1174 755; x_wconf 89' lang='lat' dir='ltr'><strong>est</strong></span> <span class='ocrx_word' id='word_1_428' title='bbox 1191 729 1324 755; x_wconf 85' lang='lat' dir='ltr'><strong>insecutor</strong></span> <span class='ocrx_word' id='word_1_429' title='bbox 1342 728 1404 756; x_wconf 87' lang='lat' dir='ltr'><strong>ibid.</strong></span> <span class='ocrx_word' id='word_1_430' title='bbox 1425 744 1458 748; x_wconf 93' lang='lat'><em>—</em></span> 
     </span>
     <span class='ocr_line' id='line_1_70' title="bbox 814 773 1457 806; baseline 0 -7"><span class='ocrx_word' id='word_1_431' title='bbox 814 774 1080 806; x_wconf 86' lang='lat' dir='ltr'><strong>suntquisequuntur</strong></span> <span class='ocrx_word' id='word_1_432' title='bbox 1090 774 1218 799; x_wconf 86' lang='lat' dir='ltr'><strong>desideria</strong></span> <span class='ocrx_word' id='word_1_433' title='bbox 1231 774 1354 800; x_wconf 91' lang='lat' dir='ltr'><strong>iuvenilia</strong></span> <span class='ocrx_word' id='word_1_434' title='bbox 1365 773 1416 799; x_wconf 90' lang='grc'><strong>294</strong></span> <span class='ocrx_word' id='word_1_435' title='bbox 1425 774 1457 800; x_wconf 91' lang='grc'><strong>33</strong></span> 
     </span>
    </p>

    <p class='ocr_par' dir='ltr' id='par_1_18' title="bbox 815 818 1460 895">
     <span class='ocr_line' id='line_1_71' title="bbox 868 818 1460 850; baseline 0 -6"><span class='ocrx_word' id='word_1_436' title='bbox 868 832 903 837; x_wconf 92' lang='lat'>—</span> <span class='ocrx_word' id='word_1_437' title='bbox 922 818 992 844; x_wconf 90' lang='lat' dir='ltr'><strong>Deus</strong></span> <span class='ocrx_word' id='word_1_438' title='bbox 1019 819 1166 850; x_wconf 85' lang='lat' dir='ltr'><strong>acceptavit</strong></span> <span class='ocrx_word' id='word_1_439' title='bbox 1195 818 1349 850; x_wconf 87' lang='lat' dir='ltr'><strong>martyrium</strong></span> <span class='ocrx_word' id='word_1_440' title='bbox 1378 819 1460 844; x_wconf 87' lang='lat' dir='ltr'><strong>infan—</strong></span> 
     </span>
     <span class='ocr_line' id='line_1_72' title="bbox 815 863 1233 895; baseline 0.002 -7"><span class='ocrx_word' id='word_1_441' title='bbox 815 863 879 888; x_wconf 91' lang='lat' dir='ltr'><strong>tium</strong></span> <span class='ocrx_word' id='word_1_442' title='bbox 900 870 1043 895; x_wconf 91' lang='lat' dir='ltr'><strong>puerorum</strong></span> <span class='ocrx_word' id='word_1_443' title='bbox 1064 863 1107 888; x_wconf 91' lang='lat' dir='ltr'><strong>Vll</strong></span> <span class='ocrx_word' id='word_1_444' title='bbox 1128 863 1178 889; x_wconf 85' lang='grc'><strong>458</strong></span> <span class='ocrx_word' id='word_1_445' title='bbox 1200 863 1233 889; x_wconf 86' lang='grc'><strong>29</strong></span> 
     </span>
    </p>

    <p class='ocr_par' dir='ltr' id='par_1_19' title="bbox 815 907 1458 1066">
     <span class='ocr_line' id='line_1_73' title="bbox 868 907 1457 940; baseline 0 -7"><span class='ocrx_word' id='word_1_446' title='bbox 868 908 952 933; x_wconf 55' lang='lat' dir='ltr'><strong>Pura-{A</strong></span> <span class='ocrx_word' id='word_1_447' title='bbox 965 921 1001 926; x_wconf 97' lang='lat'><strong>—</strong></span> <span class='ocrx_word' id='word_1_448' title='bbox 1016 907 1170 933; x_wconf 88' lang='lat' dir='ltr'><strong>Volentibus</strong></span> <span class='ocrx_word' id='word_1_449' title='bbox 1183 908 1256 933; x_wconf 89' lang='lat' dir='ltr'><strong>adire</strong></span> <span class='ocrx_word' id='word_1_450' title='bbox 1274 915 1387 940; x_wconf 83' lang='lat' dir='ltr'><strong>regnum</strong></span> <span class='ocrx_word' id='word_1_451' title='bbox 1402 915 1457 933; x_wconf 90' lang='lat' dir='ltr'><strong>cae-</strong></span> 
     </span>
     <span class='ocr_line' id='line_1_74' title="bbox 816 951 1458 985; baseline 0 -8"><span class='ocrx_word' id='word_1_452' title='bbox 816 952 900 978; x_wconf 91' lang='lat' dir='ltr'><strong>lorum</strong></span> <span class='ocrx_word' id='word_1_453' title='bbox 921 951 1042 977; x_wconf 81' lang='lat' dir='ltr'><strong>obstabat</strong></span> <span class='ocrx_word' id='word_1_454' title='bbox 1061 952 1279 984; x_wconf 86' lang='lat' dir='ltr'><strong>impedimentum</strong></span> <span class='ocrx_word' id='word_1_455' title='bbox 1297 958 1419 985; x_wconf 80' lang='lat' dir='ltr'><strong>pugnae,</strong></span> <span class='ocrx_word' id='word_1_456' title='bbox 1433 952 1458 978; x_wconf 90' lang='lat' dir='ltr'><strong>in</strong></span> 
     </span>
     <span class='ocr_line' id='line_1_75' title="bbox 815 996 1452 1030; baseline 0 -8"><span class='ocrx_word' id='word_1_457' title='bbox 815 1004 868 1030; x_wconf 88' lang='lat' dir='ltr'><strong>qua</strong></span> <span class='ocrx_word' id='word_1_458' title='bbox 887 996 1005 1023; x_wconf 85' lang='lat' dir='ltr'><strong>Christus</strong></span> <span class='ocrx_word' id='word_1_459' title='bbox 1024 1003 1118 1029; x_wconf 87' lang='lat' dir='ltr'><strong>passus</strong></span> <span class='ocrx_word' id='word_1_460' title='bbox 1136 997 1196 1022; x_wconf 87' lang='lat' dir='ltr'><strong>fecit</strong></span> <span class='ocrx_word' id='word_1_461' title='bbox 1208 997 1344 1023; x_wconf 89' lang='lat' dir='ltr'><strong>victoriam</strong></span> <span class='ocrx_word' id='word_1_462' title='bbox 1359 997 1391 1023; x_wconf 91' lang='lat' dir='ltr'><strong>Vl</strong></span> <span class='ocrx_word' id='word_1_463' title='bbox 1406 997 1452 1022; x_wconf 86' lang='grc'><strong>624</strong></span> 
     </span>
     <span class='ocr_line' id='line_1_76' title="bbox 816 1041 895 1066; baseline 0 0"><span class='ocrx_word' id='word_1_464' title='bbox 816 1048 842 1066; x_wconf 86' lang='lat' dir='ltr'><strong>v.</strong></span> <span class='ocrx_word' id='word_1_465' title='bbox 863 1041 895 1066; x_wconf 93' lang='grc'><strong>47</strong></span> 
     </span>
    </p>

    <p class='ocr_par' dir='ltr' id='par_1_20' title="bbox 812 1085 1458 1555">
     <span class='ocr_line' id='line_1_77' title="bbox 867 1085 1457 1117; baseline -0.002 -6"><span class='ocrx_word' id='word_1_466' title='bbox 867 1100 903 1104; x_wconf 83' lang='lat'><strong>—-</strong></span> <span class='ocrx_word' id='word_1_467' title='bbox 910 1086 1061 1117; x_wconf 80' lang='lat' dir='ltr'><strong>Pugnantcs</strong></span> <span class='ocrx_word' id='word_1_468' title='bbox 1070 1087 1250 1112; x_wconf 81' lang='lat' dir='ltr'><strong>confortantur</strong></span> <span class='ocrx_word' id='word_1_469' title='bbox 1260 1086 1376 1112; x_wconf 90' lang='lat' dir='ltr'><strong>videndo</strong></span> <span class='ocrx_word' id='word_1_470' title='bbox 1386 1085 1457 1112; x_wconf 91' lang='lat' dir='ltr'><strong>Chri-</strong></span> 
     </span>
     <span class='ocr_line' id='line_1_78' title="bbox 814 1130 1458 1162; baseline 0 -6"><span class='ocrx_word' id='word_1_471' title='bbox 814 1132 884 1156; x_wconf 89' lang='lat' dir='ltr'><strong>stum</strong></span> <span class='ocrx_word' id='word_1_472' title='bbox 906 1130 1112 1162; x_wconf 80' lang='lat' dir='ltr'><strong>triumphantem</strong></span> <span class='ocrx_word' id='word_1_473' title='bbox 1130 1131 1162 1156; x_wconf 95' lang='lat' dir='ltr'><strong>Vl</strong></span> <span class='ocrx_word' id='word_1_474' title='bbox 1177 1130 1227 1156; x_wconf 85' lang='lat'><strong>628</strong></span> <span class='ocrx_word' id='word_1_475' title='bbox 1243 1131 1257 1156; x_wconf 87' lang='grc'><strong>3</strong></span> <span class='ocrx_word' id='word_1_476' title='bbox 1273 1145 1305 1150; x_wconf 73' lang='lat'>—</span> <span class='ocrx_word' id='word_1_477' title='bbox 1320 1130 1393 1156; x_wconf 91' lang='lat' dir='ltr'><strong>Visio</strong></span> <span class='ocrx_word' id='word_1_478' title='bbox 1407 1130 1458 1162; x_wconf 92' lang='lat' dir='ltr'><strong>spi-</strong></span> 
     </span>
     <span class='ocr_line' id='line_1_79' title="bbox 814 1174 1456 1208; baseline 0 -8"><span class='ocrx_word' id='word_1_479' title='bbox 814 1174 914 1201; x_wconf 89' lang='lat' dir='ltr'><strong>ritualis</strong></span> <span class='ocrx_word' id='word_1_480' title='bbox 927 1175 1069 1200; x_wconf 87' lang='lat' dir='ltr'><strong>Salvatoris</strong></span> <span class='ocrx_word' id='word_1_481' title='bbox 1078 1176 1207 1200; x_wconf 80' lang='lat' dir='ltr'><strong>confortat</strong></span> <span class='ocrx_word' id='word_1_482' title='bbox 1220 1177 1380 1207; x_wconf 85' lang='lat' dir='ltr'><strong>pugnantes,</strong></span> <span class='ocrx_word' id='word_1_483' title='bbox 1394 1175 1456 1208; x_wconf 93' lang='lat' dir='ltr'><strong>quia</strong></span> 
     </span>
     <span class='ocr_line' id='line_1_80' title="bbox 813 1218 1455 1251; baseline 0.002 -7"><span class='ocrx_word' id='word_1_484' title='bbox 813 1219 858 1245; x_wconf 90' lang='lat' dir='ltr'><strong>dat</strong></span> <span class='ocrx_word' id='word_1_485' title='bbox 870 1219 1009 1245; x_wconf 89' lang='lat' dir='ltr'><strong>audaciam</strong></span> <span class='ocrx_word' id='word_1_486' title='bbox 1024 1218 1249 1251; x_wconf 82' lang='lat' dir='ltr'><strong>aggredientibus,</strong></span> <span class='ocrx_word' id='word_1_487' title='bbox 1268 1219 1455 1245; x_wconf 80' lang='lat' dir='ltr'><strong>confidentiam</strong></span> 
     </span>
     <span class='ocr_line' id='line_1_81' title="bbox 813 1261 1456 1296; baseline 0 -7"><span class='ocrx_word' id='word_1_488' title='bbox 813 1263 989 1295; x_wconf 86' lang='lat' dir='ltr'><strong>certantibus,</strong></span> <span class='ocrx_word' id='word_1_489' title='bbox 1008 1263 1145 1289; x_wconf 91' lang='lat' dir='ltr'><strong>victoriam</strong></span> <span class='ocrx_word' id='word_1_490' title='bbox 1166 1261 1366 1296; x_wconf 76' lang='lat' dir='ltr'><strong>perseveranter</strong></span> <span class='ocrx_word' id='word_1_491' title='bbox 1379 1264 1456 1290; x_wconf 88' lang='lat' dir='ltr'><strong>susti-</strong></span> 
     </span>
     <span class='ocr_line' id='line_1_82' title="bbox 813 1308 1455 1340; baseline 0 -6"><span class='ocrx_word' id='word_1_492' title='bbox 813 1308 937 1334; x_wconf 90' lang='lat' dir='ltr'><strong>nentibus</strong></span> <span class='ocrx_word' id='word_1_493' title='bbox 956 1308 1007 1334; x_wconf 91' lang='grc'><strong>629</strong></span> <span class='ocrx_word' id='word_1_494' title='bbox 1030 1308 1056 1334; x_wconf 88' lang='grc'><strong>44</strong></span> <span class='ocrx_word' id='word_1_495' title='bbox 1076 1323 1108 1327; x_wconf 89' lang='grc'>-</span> <span class='ocrx_word' id='word_1_496' title='bbox 1123 1309 1274 1340; x_wconf 80' lang='lat' dir='ltr'><strong>Pugnantes</strong></span> <span class='ocrx_word' id='word_1_497' title='bbox 1292 1309 1455 1335; x_wconf 80' lang='lat' dir='ltr'><strong>salvatorem</strong></span> 
     </span>
     <span class='ocr_line' id='line_1_83' title="bbox 813 1352 1457 1385; baseline 0.002 -7"><span class='ocrx_word' id='word_1_498' title='bbox 813 1353 846 1379; x_wconf 90' lang='lat' dir='ltr'><strong>ad</strong></span> <span class='ocrx_word' id='word_1_499' title='bbox 870 1353 1052 1379; x_wconf 88' lang='lat' dir='ltr'><strong>adiuvandum</strong></span> <span class='ocrx_word' id='word_1_500' title='bbox 1078 1352 1242 1379; x_wconf 88' lang='lat' dir='ltr'><strong>assistentem</strong></span> <span class='ocrx_word' id='word_1_501' title='bbox 1268 1353 1387 1385; x_wconf 89' lang='lat' dir='ltr'><strong>aspicere</strong></span> <span class='ocrx_word' id='word_1_502' title='bbox 1410 1353 1457 1379; x_wconf 88' lang='lat' dir='ltr'><strong>de-</strong></span> 
     </span>
     <span class='ocr_line' id='line_1_84' title="bbox 813 1397 1450 1428; baseline 0 -5"><span class='ocrx_word' id='word_1_503' title='bbox 813 1397 886 1428; x_wconf 89' lang='lat' dir='ltr'><strong>bent,</strong></span> <span class='ocrx_word' id='word_1_504' title='bbox 907 1400 936 1423; x_wconf 93' lang='lat' dir='ltr'><strong>ut</strong></span> <span class='ocrx_word' id='word_1_505' title='bbox 954 1397 1004 1423; x_wconf 92' lang='lat' dir='ltr'><strong>sint</strong></span> <span class='ocrx_word' id='word_1_506' title='bbox 1024 1397 1113 1423; x_wconf 78' lang='lat' dir='ltr'><strong>viriles</strong></span> <span class='ocrx_word' id='word_1_507' title='bbox 1132 1401 1158 1423; x_wconf 92' lang='lat' dir='ltr'><strong>et</strong></span> <span class='ocrx_word' id='word_1_508' title='bbox 1176 1400 1325 1423; x_wconf 80' lang='lat' dir='ltr'><strong>constantes</strong></span> <span class='ocrx_word' id='word_1_509' title='bbox 1349 1398 1401 1423; x_wconf 89' lang='grc'><strong>630</strong></span> <span class='ocrx_word' id='word_1_510' title='bbox 1423 1398 1450 1423; x_wconf 90' lang='grc'><strong>44</strong></span> 
     </span>
     <span class='ocr_line' id='line_1_85' title="bbox 812 1441 1456 1473; baseline 0 -5"><span class='ocrx_word' id='word_1_511' title='bbox 812 1455 847 1461; x_wconf 93' lang='grc'>-</span> <span class='ocrx_word' id='word_1_512' title='bbox 865 1441 984 1468; x_wconf 85' lang='lat' dir='ltr'><strong>Christus</strong></span> <span class='ocrx_word' id='word_1_513' title='bbox 1002 1441 1086 1467; x_wconf 87' lang='lat' dir='ltr'><strong>salvat</strong></span> <span class='ocrx_word' id='word_1_514' title='bbox 1104 1448 1119 1466; x_wconf 89' lang='lat' dir='ltr'><strong>a</strong></span> <span class='ocrx_word' id='word_1_515' title='bbox 1139 1441 1207 1467; x_wconf 91' lang='lat' dir='ltr'><strong>malo</strong></span> <span class='ocrx_word' id='word_1_516' title='bbox 1226 1442 1320 1473; x_wconf 88' lang='lat' dir='ltr'><strong>culpae</strong></span> <span class='ocrx_word' id='word_1_517' title='bbox 1339 1444 1456 1468; x_wconf 89' lang='lat' dir='ltr'><strong>constan-</strong></span> 
     </span>
     <span class='ocr_line' id='line_1_86' title="bbox 812 1485 1453 1517; baseline 0.002 -6"><span class='ocrx_word' id='word_1_518' title='bbox 812 1488 850 1511; x_wconf 88' lang='lat' dir='ltr'><strong>tes</strong></span> <span class='ocrx_word' id='word_1_519' title='bbox 870 1485 922 1512; x_wconf 88' lang='lat'><strong>557</strong></span> <span class='ocrx_word' id='word_1_520' title='bbox 950 1493 976 1511; x_wconf 92' lang='lat' dir='ltr'><strong>v.</strong></span> <span class='ocrx_word' id='word_1_521' title='bbox 1002 1485 1035 1510; x_wconf 89' lang='grc'><strong>42</strong></span> <span class='ocrx_word' id='word_1_522' title='bbox 1056 1499 1089 1503; x_wconf 92' lang='grc'>-</span> <span class='ocrx_word' id='word_1_523' title='bbox 1108 1486 1135 1511; x_wconf 83' lang='grc' dir='ltr'><strong>4η</strong></span> <span class='ocrx_word' id='word_1_524' title='bbox 1155 1492 1246 1517; x_wconf 89' lang='lat' dir='ltr'><strong>pugna</strong></span> <span class='ocrx_word' id='word_1_525' title='bbox 1274 1487 1354 1512; x_wconf 92' lang='lat' dir='ltr'><strong>homo</strong></span> <span class='ocrx_word' id='word_1_526' title='bbox 1373 1486 1453 1512; x_wconf 88' lang='lat' dir='ltr'><strong>debet</strong></span> 
     </span>
     <span class='ocr_line' id='line_1_87' title="bbox 812 1529 1184 1555; baseline 0 0"><span class='ocrx_word' id='word_1_527' title='bbox 812 1529 909 1555; x_wconf 90' lang='lat' dir='ltr'><strong>habere</strong></span> <span class='ocrx_word' id='word_1_528' title='bbox 929 1529 1101 1555; x_wconf 89' lang='lat' dir='ltr'><strong>constantiam</strong></span> <span class='ocrx_word' id='word_1_529' title='bbox 1121 1529 1184 1555; x_wconf 84' lang='lat' dir='ltr'><strong>ibid.</strong></span> 
     </span>
    </p>

    <p class='ocr_par' dir='ltr' id='par_1_21' title="bbox 810 1574 1456 1779">
     <span class='ocr_line' id='line_1_88' title="bbox 864 1574 1455 1607; baseline 0.002 -8"><span class='ocrx_word' id='word_1_530' title='bbox 864 1588 899 1593; x_wconf 97' lang='lat'><strong>—</strong></span> <span class='ocrx_word' id='word_1_531' title='bbox 918 1574 968 1607; x_wconf 83' lang='lat' dir='ltr'><strong>Qui</strong></span> <span class='ocrx_word' id='word_1_532' title='bbox 988 1580 1063 1599; x_wconf 89' lang='lat' dir='ltr'><strong>suam</strong></span> <span class='ocrx_word' id='word_1_533' title='bbox 1086 1574 1253 1606; x_wconf 82' lang='lat' dir='ltr'><strong>recognoscit</strong></span> <span class='ocrx_word' id='word_1_534' title='bbox 1277 1574 1455 1600; x_wconf 86' lang='lat' dir='ltr'><strong>infirmitatem</strong></span> 
     </span>
     <span class='ocr_line' id='line_1_89' title="bbox 810 1617 1456 1651; baseline 0.002 -7"><span class='ocrx_word' id='word_1_535' title='bbox 810 1621 931 1651; x_wconf 86' lang='lat' dir='ltr'><strong>respectu</strong></span> <span class='ocrx_word' id='word_1_536' title='bbox 951 1618 1096 1645; x_wconf 87' lang='lat' dir='ltr'><strong>adversarii</strong></span> <span class='ocrx_word' id='word_1_537' title='bbox 1115 1617 1217 1644; x_wconf 88' lang='lat' dir='ltr'><strong>laborat</strong></span> <span class='ocrx_word' id='word_1_538' title='bbox 1235 1618 1269 1644; x_wconf 93' lang='lat' dir='ltr'><strong>ad</strong></span> <span class='ocrx_word' id='word_1_539' title='bbox 1288 1626 1397 1651; x_wconf 86' lang='lat' dir='ltr'><strong>pugnae</strong></span> <span class='ocrx_word' id='word_1_540' title='bbox 1410 1619 1456 1645; x_wconf 90' lang='lat' dir='ltr'><strong>de-</strong></span> 
     </span>
     <span class='ocr_line' id='line_1_90' title="bbox 810 1663 1454 1696; baseline -0.002 -6"><span class='ocrx_word' id='word_1_541' title='bbox 810 1663 975 1691; x_wconf 88' lang='lat' dir='ltr'><strong>clinationem</strong></span> <span class='ocrx_word' id='word_1_542' title='bbox 1002 1663 1044 1689; x_wconf 90' lang='lat' dir='ltr'><strong>Vll</strong></span> <span class='ocrx_word' id='word_1_543' title='bbox 1071 1663 1122 1688; x_wconf 88' lang='grc'><strong>379</strong></span> <span class='ocrx_word' id='word_1_544' title='bbox 1148 1663 1181 1689; x_wconf 87' lang='grc'><strong>64</strong></span> <span class='ocrx_word' id='word_1_545' title='bbox 1201 1678 1236 1681; x_wconf 91' lang='grc'><strong>-</strong></span> <span class='ocrx_word' id='word_1_546' title='bbox 1255 1664 1378 1696; x_wconf 87' lang='lat' dir='ltr'><strong>Pugnans</strong></span> <span class='ocrx_word' id='word_1_547' title='bbox 1403 1670 1454 1689; x_wconf 86' lang='lat' dir='ltr'><strong>non</strong></span> 
     </span>
     <span class='ocr_line' id='line_1_91' title="bbox 811 1708 1456 1740; baseline 0 -6"><span class='ocrx_word' id='word_1_548' title='bbox 811 1711 897 1740; x_wconf 89' lang='lat' dir='ltr'><strong>potest</strong></span> <span class='ocrx_word' id='word_1_549' title='bbox 915 1715 1008 1734; x_wconf 88' lang='lat' dir='ltr'><strong>secure</strong></span> <span class='ocrx_word' id='word_1_550' title='bbox 1027 1714 1145 1740; x_wconf 83' lang='lat' dir='ltr'><strong>pugnam</strong></span> <span class='ocrx_word' id='word_1_551' title='bbox 1165 1708 1276 1740; x_wconf 87' lang='lat' dir='ltr'><strong>aggredi</strong></span> <span class='ocrx_word' id='word_1_552' title='bbox 1296 1708 1352 1734; x_wconf 89' lang='lat' dir='ltr'><strong>sine</strong></span> <span class='ocrx_word' id='word_1_553' title='bbox 1372 1708 1456 1734; x_wconf 91' lang='lat' dir='ltr'><strong>militi-</strong></span> 
     </span>
     <span class='ocr_line' id='line_1_92' title="bbox 811 1752 987 1779; baseline 0 0"><span class='ocrx_word' id='word_1_554' title='bbox 811 1752 862 1779; x_wconf 86' lang='lat' dir='ltr'><strong>bus</strong></span> <span class='ocrx_word' id='word_1_555' title='bbox 881 1752 932 1778; x_wconf 87' lang='grc'><strong>380</strong></span> <span class='ocrx_word' id='word_1_556' title='bbox 953 1752 987 1779; x_wconf 90' lang='grc'><strong>65</strong></span> 
     </span>
    </p>

    <p class='ocr_par' dir='ltr' id='par_1_22' title="bbox 811 1795 1456 2046">
     <span class='ocr_line' id='line_1_93' title="bbox 865 1795 1456 1830; baseline 0 -7"><span class='ocrx_word' id='word_1_557' title='bbox 865 1798 1023 1823; x_wconf 77' lang='lat' dir='ltr'><strong>Potcarruoo</strong></span> <span class='ocrx_word' id='word_1_558' title='bbox 1041 1811 1077 1816; x_wconf 99' lang='lat'><strong>—</strong></span> <span class='ocrx_word' id='word_1_559' title='bbox 1096 1795 1188 1823; x_wconf 66' lang='lat' dir='ltr'><strong>anima</strong></span> <span class='ocrx_word' id='word_1_560' title='bbox 1208 1801 1279 1823; x_wconf 90' lang='lat' dir='ltr'><strong>casta</strong></span> <span class='ocrx_word' id='word_1_561' title='bbox 1299 1798 1390 1830; x_wconf 91' lang='lat' dir='ltr'><strong>pulcra</strong></span> <span class='ocrx_word' id='word_1_562' title='bbox 1417 1800 1456 1824; x_wconf 92' lang='lat' dir='ltr'><strong>est</strong></span> 
     </span>
     <span class='ocr_line' id='line_1_94' title="bbox 811 1841 1454 1874; baseline 0 -7"><span class='ocrx_word' id='word_1_563' title='bbox 811 1842 987 1874; x_wconf 88' lang='lat' dir='ltr'><strong>pulcritudine</strong></span> <span class='ocrx_word' id='word_1_564' title='bbox 1005 1841 1132 1874; x_wconf 86' lang='lat' dir='ltr'><strong>spirituali</strong></span> <span class='ocrx_word' id='word_1_565' title='bbox 1151 1842 1182 1867; x_wconf 96' lang='lat' dir='ltr'><strong>Vl</strong></span> <span class='ocrx_word' id='word_1_566' title='bbox 1203 1842 1248 1867; x_wconf 88' lang='grc'><strong>434</strong></span> <span class='ocrx_word' id='word_1_567' title='bbox 1273 1849 1299 1868; x_wconf 83' lang='grc' dir='ltr'><strong>ν.</strong></span> <span class='ocrx_word' id='word_1_568' title='bbox 1320 1843 1330 1868; x_wconf 90' lang='grc'><strong>4</strong></span> <span class='ocrx_word' id='word_1_569' title='bbox 1356 1856 1389 1861; x_wconf 94' lang='grc'>-</span> <span class='ocrx_word' id='word_1_570' title='bbox 1404 1842 1454 1874; x_wconf 89' lang='lat' dir='ltr'><strong>spi-</strong></span> 
     </span>
     <span class='ocr_line' id='line_1_95' title="bbox 811 1886 1453 1918; baseline 0 -6"><span class='ocrx_word' id='word_1_571' title='bbox 811 1887 911 1912; x_wconf 88' lang='lat' dir='ltr'><strong>ritualis</strong></span> <span class='ocrx_word' id='word_1_572' title='bbox 930 1886 1092 1918; x_wconf 90' lang='lat' dir='ltr'><strong>praeeminet</strong></span> <span class='ocrx_word' id='word_1_573' title='bbox 1104 1887 1236 1918; x_wconf 86' lang='lat' dir='ltr'><strong>corporali</strong></span> <span class='ocrx_word' id='word_1_574' title='bbox 1256 1887 1306 1912; x_wconf 90' lang='grc'><strong>459</strong></span> <span class='ocrx_word' id='word_1_575' title='bbox 1325 1894 1350 1912; x_wconf 95' lang='lat' dir='ltr'><strong>v.</strong></span> <span class='ocrx_word' id='word_1_576' title='bbox 1371 1887 1404 1912; x_wconf 90' lang='grc'><strong>29</strong></span> <span class='ocrx_word' id='word_1_577' title='bbox 1418 1901 1453 1906; x_wconf 96' lang='grc'>-</span> 
     </span>
     <span class='ocr_line' id='line_1_96' title="bbox 811 1931 1455 1963; baseline 0 -7"><span class='ocrx_word' id='word_1_578' title='bbox 811 1938 915 1957; x_wconf 89' lang='lat' dir='ltr'><strong>summa</strong></span> <span class='ocrx_word' id='word_1_579' title='bbox 944 1935 983 1957; x_wconf 90' lang='lat' dir='ltr'><strong>est</strong></span> <span class='ocrx_word' id='word_1_580' title='bbox 1008 1931 1033 1956; x_wconf 95' lang='lat' dir='ltr'><strong>in</strong></span> <span class='ocrx_word' id='word_1_581' title='bbox 1058 1931 1162 1957; x_wconf 87' lang='lat' dir='ltr'><strong>caelesti</strong></span> <span class='ocrx_word' id='word_1_582' title='bbox 1186 1931 1270 1963; x_wconf 89' lang='lat' dir='ltr'><strong>patria</strong></span> <span class='ocrx_word' id='word_1_583' title='bbox 1295 1932 1347 1957; x_wconf 88' lang='grc'><strong>323</strong></span> <span class='ocrx_word' id='word_1_584' title='bbox 1367 1932 1401 1957; x_wconf 88' lang='grc'><strong>32</strong></span> <span class='ocrx_word' id='word_1_585' title='bbox 1421 1946 1455 1950; x_wconf 93' lang='grc'>-</span> 
     </span>
     <span class='ocr_line' id='line_1_97' title="bbox 811 1966 1455 2002; baseline 0.002 -1"><span class='ocrx_word' id='word_1_586' title='bbox 811 1966 899 2001; x_wconf 76' lang='lat' dir='ltr'><strong>carnis&#39;</strong></span> <span class='ocrx_word' id='word_1_587' title='bbox 915 1982 983 2001; x_wconf 88' lang='lat' dir='ltr'><strong>vana</strong></span> <span class='ocrx_word' id='word_1_588' title='bbox 1002 1977 1042 2001; x_wconf 86' lang='lat' dir='ltr'><strong>est</strong></span> <span class='ocrx_word' id='word_1_589' title='bbox 1060 1975 1076 2000; x_wconf 88' lang='lat'>5</span> <span class='ocrx_word' id='word_1_590' title='bbox 1096 1975 1124 2000; x_wconf 91' lang='grc'><strong>44</strong></span> <span class='ocrx_word' id='word_1_591' title='bbox 1149 1989 1184 1995; x_wconf 91' lang='grc'>-</span> <span class='ocrx_word' id='word_1_592' title='bbox 1203 1975 1315 2002; x_wconf 87' lang='lat' dir='ltr'><strong>exterior</strong></span> <span class='ocrx_word' id='word_1_593' title='bbox 1334 1983 1402 2002; x_wconf 90' lang='lat' dir='ltr'><strong>vana</strong></span> <span class='ocrx_word' id='word_1_594' title='bbox 1416 1979 1455 2002; x_wconf 88' lang='lat' dir='ltr'><strong>est</strong></span> 
     </span>
     <span class='ocr_line' id='line_1_98' title="bbox 813 2019 964 2046; baseline 0 -1"><span class='ocrx_word' id='word_1_595' title='bbox 813 2019 863 2046; x_wconf 84' lang='grc'><strong>453</strong></span> <span class='ocrx_word' id='word_1_596' title='bbox 883 2027 910 2046; x_wconf 94' lang='lat' dir='ltr'><strong>v.</strong></span> <span class='ocrx_word' id='word_1_597' title='bbox 931 2020 964 2045; x_wconf 93' lang='grc'><strong>40</strong></span> 
     </span>
    </p>

    <p class='ocr_par' dir='ltr' id='par_1_23' title="bbox 812 2064 1457 2134">
     <span class='ocr_line' id='line_1_99' title="bbox 866 2064 1457 2097; baseline 0 -7"><span class='ocrx_word' id='word_1_598' title='bbox 866 2064 959 2090; x_wconf 80' lang='lat' dir='ltr'><strong>Puttus</strong></span> <span class='ocrx_word' id='word_1_599' title='bbox 969 2078 1001 2083; x_wconf 92' lang='lat'>—</span> <span class='ocrx_word' id='word_1_600' title='bbox 1016 2064 1064 2090; x_wconf 81' lang='lat' dir='ltr'><strong>Per</strong></span> <span class='ocrx_word' id='word_1_601' title='bbox 1077 2064 1179 2096; x_wconf 90' lang='lat' dir='ltr'><strong>pullum</strong></span> <span class='ocrx_word' id='word_1_602' title='bbox 1193 2065 1324 2097; x_wconf 69' lang='lat' dir='ltr'><strong>gentilitas</strong></span> <span class='ocrx_word' id='word_1_603' title='bbox 1336 2064 1457 2096; x_wconf 82' lang='lat' dir='ltr'><strong>designa—</strong></span> 
     </span>
     <span class='ocr_line' id='line_1_100' title="bbox 812 2108 1311 2134; baseline 0.002 -1"><span class='ocrx_word' id='word_1_604' title='bbox 812 2110 854 2133; x_wconf 90' lang='lat' dir='ltr'><strong>tur</strong></span> <span class='ocrx_word' id='word_1_605' title='bbox 874 2108 916 2134; x_wconf 90' lang='lat' dir='ltr'><strong>Vll</strong></span> <span class='ocrx_word' id='word_1_606' title='bbox 937 2108 988 2134; x_wconf 89' lang='grc'><strong>488</strong></span> <span class='ocrx_word' id='word_1_607' title='bbox 1010 2108 1052 2133; x_wconf 90' lang='grc'><strong>46.</strong></span> <span class='ocrx_word' id='word_1_608' title='bbox 1072 2108 1123 2134; x_wconf 92' lang='grc'><strong>490</strong></span> <span class='ocrx_word' id='word_1_609' title='bbox 1144 2108 1187 2134; x_wconf 90' lang='grc'><strong>48.</strong></span> <span class='ocrx_word' id='word_1_610' title='bbox 1207 2108 1253 2134; x_wconf 90' lang='grc'><strong>494</strong></span> <span class='ocrx_word' id='word_1_611' title='bbox 1278 2108 1311 2134; x_wconf 88' lang='grc'><strong>52</strong></span> 
     </span>
    </p>

    <p class='ocr_par' dir='ltr' id='par_1_24' title="bbox 812 2152 1456 2229">
     <span class='ocr_line' id='line_1_101' title="bbox 865 2152 1456 2186; baseline 0.002 -9"><span class='ocrx_word' id='word_1_612' title='bbox 865 2152 1021 2178; x_wconf 71' lang='lat' dir='ltr'><strong>Putuauruu</strong></span> <span class='ocrx_word' id='word_1_613' title='bbox 1034 2166 1070 2170; x_wconf 97' lang='lat'><strong>—</strong></span> <span class='ocrx_word' id='word_1_614' title='bbox 1083 2152 1179 2178; x_wconf 87' lang='lat' dir='ltr'><strong>dicitur</strong></span> <span class='ocrx_word' id='word_1_615' title='bbox 1197 2159 1290 2185; x_wconf 89' lang='lat' dir='ltr'><strong>omne,</strong></span> <span class='ocrx_word' id='word_1_616' title='bbox 1310 2160 1364 2186; x_wconf 92' lang='lat' dir='ltr'><strong>quo</strong></span> <span class='ocrx_word' id='word_1_617' title='bbox 1378 2153 1456 2185; x_wconf 87' lang='lat' dir='ltr'><strong>panis</strong></span> 
     </span>
     <span class='ocr_line' id='line_1_102' title="bbox 812 2196 1246 2229; baseline 0.002 -8"><span class='ocrx_word' id='word_1_618' title='bbox 812 2196 942 2229; x_wconf 87' lang='lat' dir='ltr'><strong>conditur,</strong></span> <span class='ocrx_word' id='word_1_619' title='bbox 955 2199 983 2222; x_wconf 93' lang='lat' dir='ltr'><strong>ut</strong></span> <span class='ocrx_word' id='word_1_620' title='bbox 1001 2196 1086 2228; x_wconf 89' lang='lat' dir='ltr'><strong>sapiat</strong></span> <span class='ocrx_word' id='word_1_621' title='bbox 1106 2196 1138 2222; x_wconf 89' lang='lat' dir='ltr'><strong>Vl</strong></span> <span class='ocrx_word' id='word_1_622' title='bbox 1159 2197 1210 2222; x_wconf 89' lang='grc'><strong>520</strong></span> <span class='ocrx_word' id='word_1_623' title='bbox 1230 2196 1246 2222; x_wconf 91' lang='grc'><strong>7</strong></span> 
     </span>
    </p>
   </div>
   <div class='ocr_carea' id='block_1_6' title="bbox 1097 2335 1146 2401">
    <p class='ocr_par' dir='ltr' id='par_1_25' title="bbox 1097 2335 1146 2401">
     <span class='ocr_line' id='line_1_103' title="bbox 1097 2335 1146 2401; baseline 0 0"><span class='ocrx_word' id='word_1_624' title='bbox 1097 2335 1146 2401; x_wconf 83' lang='lat' dir='ltr'>Q</span> 
     </span>
    </p>
   </div>
   <div class='ocr_carea' id='block_1_7' title="bbox 809 2481 1454 2965">
    <p class='ocr_par' dir='ltr' id='par_1_26' title="bbox 809 2481 1454 2559">
     <span class='ocr_line' id='line_1_104' title="bbox 809 2481 1454 2514; baseline 0.002 -7"><span class='ocrx_word' id='word_1_625' title='bbox 809 2481 908 2507; x_wconf 79' lang='lat' dir='ltr'><strong>debent</strong></span> <span class='ocrx_word' id='word_1_626' title='bbox 926 2482 1106 2514; x_wconf 79' lang='lat' dir='ltr'><strong>proficientes,</strong></span> <span class='ocrx_word' id='word_1_627' title='bbox 1126 2482 1237 2514; x_wconf 88' lang='lat' dir='ltr'><strong>legendo</strong></span> <span class='ocrx_word' id='word_1_628' title='bbox 1256 2482 1281 2508; x_wconf 92' lang='lat' dir='ltr'><strong>in</strong></span> <span class='ocrx_word' id='word_1_629' title='bbox 1301 2482 1368 2509; x_wconf 90' lang='lat' dir='ltr'><strong>libro</strong></span> <span class='ocrx_word' id='word_1_630' title='bbox 1389 2483 1454 2508; x_wconf 85' lang='lat' dir='ltr'><strong>Scri-</strong></span> 
     </span>
     <span class='ocr_line' id='line_1_105' title="bbox 811 2525 1184 2559; baseline 0 -7"><span class='ocrx_word' id='word_1_631' title='bbox 811 2529 903 2559; x_wconf 87' lang='lat' dir='ltr'><strong>pturae</strong></span> <span class='ocrx_word' id='word_1_632' title='bbox 923 2530 948 2552; x_wconf 88' lang='lat' dir='ltr'><strong>et</strong></span> <span class='ocrx_word' id='word_1_633' title='bbox 967 2529 1102 2552; x_wconf 86' lang='lat' dir='ltr'><strong>creaturae</strong></span> <span class='ocrx_word' id='word_1_634' title='bbox 1121 2525 1184 2553; x_wconf 91' lang='lat' dir='ltr'><strong>ibid.</strong></span> 
     </span>
    </p>

    <p class='ocr_par' dir='ltr' id='par_1_27' title="bbox 811 2571 1454 2731">
     <span class='ocr_line' id='line_1_106' title="bbox 865 2571 1453 2604; baseline 0.002 -8"><span class='ocrx_word' id='word_1_635' title='bbox 865 2585 897 2590; x_wconf 87' lang='lat'>-</span> <span class='ocrx_word' id='word_1_636' title='bbox 929 2571 1016 2597; x_wconf 82' lang='lat' dir='ltr'><strong>Tarde</strong></span> <span class='ocrx_word' id='word_1_637' title='bbox 1047 2575 1204 2604; x_wconf 84' lang='lat' dir='ltr'><strong>quaerentes</strong></span> <span class='ocrx_word' id='word_1_638' title='bbox 1234 2579 1286 2597; x_wconf 89' lang='lat' dir='ltr'><strong>non</strong></span> <span class='ocrx_word' id='word_1_639' title='bbox 1318 2571 1453 2598; x_wconf 90' lang='lat' dir='ltr'><strong>invenient</strong></span> 
     </span>
     <span class='ocr_line' id='line_1_107' title="bbox 811 2615 1454 2650; baseline 0.002 -9"><span class='ocrx_word' id='word_1_640' title='bbox 811 2616 943 2642; x_wconf 82' lang='lat' dir='ltr'><strong>Christum</strong></span> <span class='ocrx_word' id='word_1_641' title='bbox 965 2616 997 2642; x_wconf 80' lang='lat' dir='ltr'><strong>Vl</strong></span> <span class='ocrx_word' id='word_1_642' title='bbox 1019 2616 1070 2642; x_wconf 85' lang='grc'><strong>348</strong></span> <span class='ocrx_word' id='word_1_643' title='bbox 1091 2615 1123 2641; x_wconf 84' lang='grc'><strong>49</strong></span> <span class='ocrx_word' id='word_1_644' title='bbox 1137 2630 1172 2635; x_wconf 93' lang='grc'><strong>-</strong></span> <span class='ocrx_word' id='word_1_645' title='bbox 1186 2616 1236 2649; x_wconf 87' lang='lat' dir='ltr'><strong>Qui</strong></span> <span class='ocrx_word' id='word_1_646' title='bbox 1256 2623 1309 2642; x_wconf 91' lang='lat' dir='ltr'><strong>non</strong></span> <span class='ocrx_word' id='word_1_647' title='bbox 1323 2619 1454 2650; x_wconf 88' lang='lat' dir='ltr'><strong>quaerunt</strong></span> 
     </span>
     <span class='ocr_line' id='line_1_108' title="bbox 811 2661 1454 2693; baseline 0 -6"><span class='ocrx_word' id='word_1_648' title='bbox 811 2661 844 2687; x_wconf 92' lang='lat' dir='ltr'><strong>de</strong></span> <span class='ocrx_word' id='word_1_649' title='bbox 864 2661 907 2687; x_wconf 90' lang='lat' dir='ltr'><strong>die</strong></span> <span class='ocrx_word' id='word_1_650' title='bbox 926 2661 1026 2693; x_wconf 89' lang='lat' dir='ltr'><strong>gratiae</strong></span> <span class='ocrx_word' id='word_1_651' title='bbox 1038 2667 1088 2686; x_wconf 83' lang='lat' dir='ltr'><strong>nec.</strong></span> <span class='ocrx_word' id='word_1_652' title='bbox 1102 2661 1224 2687; x_wconf 87' lang='lat' dir='ltr'><strong>continue</strong></span> <span class='ocrx_word' id='word_1_653' title='bbox 1237 2668 1286 2686; x_wconf 90' lang='lat' dir='ltr'><strong>nec</strong></span> <span class='ocrx_word' id='word_1_654' title='bbox 1299 2661 1454 2693; x_wconf 83' lang='lat' dir='ltr'><strong>tempestive</strong></span> 
     </span>
     <span class='ocr_line' id='line_1_109' title="bbox 811 2705 1280 2731; baseline -0.002 0"><span class='ocrx_word' id='word_1_655' title='bbox 811 2713 862 2731; x_wconf 90' lang='lat' dir='ltr'><strong>uon</strong></span> <span class='ocrx_word' id='word_1_656' title='bbox 882 2705 1020 2731; x_wconf 79' lang='lat' dir='ltr'><strong>inveniunt</strong></span> <span class='ocrx_word' id='word_1_657' title='bbox 1038 2705 1171 2731; x_wconf 80' lang='lat' dir='ltr'><strong>Christum</strong></span> <span class='ocrx_word' id='word_1_658' title='bbox 1192 2705 1243 2731; x_wconf 87' lang='grc'><strong>572</strong></span> <span class='ocrx_word' id='word_1_659' title='bbox 1265 2706 1280 2730; x_wconf 88' lang='grc'><strong>2</strong></span> 
     </span>
    </p>

    <p class='ocr_par' dir='ltr' id='par_1_28' title="bbox 811 2749 1454 2820">
     <span class='ocr_line' id='line_1_110' title="bbox 864 2749 1454 2783; baseline 0 -8"><span class='ocrx_word' id='word_1_660' title='bbox 864 2764 899 2768; x_wconf 84' lang='grc'>-</span> <span class='ocrx_word' id='word_1_661' title='bbox 919 2750 975 2775; x_wconf 89' lang='lat' dir='ltr'><strong>Non</strong></span> <span class='ocrx_word' id='word_1_662' title='bbox 1003 2750 1186 2783; x_wconf 86' lang='lat' dir='ltr'><strong>quaerendum</strong></span> <span class='ocrx_word' id='word_1_663' title='bbox 1215 2749 1249 2776; x_wconf 90' lang='lat' dir='ltr'><strong>de</strong></span> <span class='ocrx_word' id='word_1_664' title='bbox 1274 2749 1355 2776; x_wconf 91' lang='lat' dir='ltr'><strong>rebus</strong></span> <span class='ocrx_word' id='word_1_665' title='bbox 1374 2750 1454 2776; x_wconf 88' lang='lat' dir='ltr'><strong>nimis</strong></span> 
     </span>
     <span class='ocr_line' id='line_1_111' title="bbox 811 2794 1049 2820; baseline 0.004 -1"><span class='ocrx_word' id='word_1_666' title='bbox 811 2794 869 2820; x_wconf 87' lang='lat' dir='ltr'><strong>altis</strong></span> <span class='ocrx_word' id='word_1_667' title='bbox 888 2794 922 2820; x_wconf 87' lang='lat' dir='ltr'><strong>Vl</strong></span> <span class='ocrx_word' id='word_1_668' title='bbox 943 2794 989 2820; x_wconf 88' lang='grc'><strong>494</strong></span> <span class='ocrx_word' id='word_1_669' title='bbox 1017 2795 1049 2820; x_wconf 91' lang='grc'><strong>40</strong></span> 
     </span>
    </p>

    <p class='ocr_par' dir='ltr' id='par_1_29' title="bbox 812 2838 1453 2965">
     <span class='ocr_line' id='line_1_112' title="bbox 865 2838 1452 2872; baseline -0.002 -8"><span class='ocrx_word' id='word_1_670' title='bbox 865 2839 942 2872; x_wconf 73' lang='lat' dir='ltr'><strong>Quies</strong></span> <span class='ocrx_word' id='word_1_671' title='bbox 961 2853 994 2857; x_wconf 91' lang='lat'><strong>-——</strong></span> <span class='ocrx_word' id='word_1_672' title='bbox 1015 2838 1191 2870; x_wconf 86' lang='lat' dir='ltr'><strong>multipliciter</strong></span> <span class='ocrx_word' id='word_1_673' title='bbox 1204 2838 1331 2870; x_wconf 89' lang='lat' dir='ltr'><strong>accipitur</strong></span> <span class='ocrx_word' id='word_1_674' title='bbox 1345 2839 1386 2864; x_wconf 92' lang='lat' dir='ltr'><strong>Vll</strong></span> <span class='ocrx_word' id='word_1_675' title='bbox 1401 2839 1452 2864; x_wconf 87' lang='lat'><strong>586</strong></span> 
     </span>
     <span class='ocr_line' id='line_1_113' title="bbox 813 2882 1453 2915; baseline 0 -7"><span class='ocrx_word' id='word_1_676' title='bbox 813 2883 846 2908; x_wconf 90' lang='grc'><strong>69</strong></span> <span class='ocrx_word' id='word_1_677' title='bbox 865 2898 900 2901; x_wconf 92' lang='grc'><strong>-</strong></span> <span class='ocrx_word' id='word_1_678' title='bbox 919 2883 1081 2915; x_wconf 79' lang='lat' dir='ltr'><strong>significatur</strong></span> <span class='ocrx_word' id='word_1_679' title='bbox 1101 2889 1149 2914; x_wconf 88' lang='lat' dir='ltr'><strong>per</strong></span> <span class='ocrx_word' id='word_1_680' title='bbox 1171 2882 1317 2908; x_wconf 89' lang='lat' dir='ltr'><strong>Sabbatum</strong></span> <span class='ocrx_word' id='word_1_681' title='bbox 1337 2882 1400 2909; x_wconf 85' lang='lat' dir='ltr'><strong>ibid.</strong></span> <span class='ocrx_word' id='word_1_682' title='bbox 1418 2896 1453 2902; x_wconf 90' lang='lat'><strong>-—-</strong></span> 
     </span>
     <span class='ocr_line' id='line_1_114' title="bbox 812 2927 1453 2965; baseline -0.002 -12"><span class='ocrx_word' id='word_1_683' title='bbox 812 2927 903 2965; x_wconf 33' lang='lat' dir='ltr'><strong>Quieti.</strong></span> <span class='ocrx_word' id='word_1_684' title='bbox 917 2930 1066 2960; x_wconf 81' lang='lat' dir='ltr'><strong>repugnant</strong></span> <span class='ocrx_word' id='word_1_685' title='bbox 1085 2927 1196 2953; x_wconf 85' lang='lat' dir='ltr'><strong>exterior</strong></span> <span class='ocrx_word' id='word_1_686' title='bbox 1215 2927 1328 2952; x_wconf 88' lang='lat' dir='ltr'><strong>turbatio</strong></span> <span class='ocrx_word' id='word_1_687' title='bbox 1348 2931 1373 2952; x_wconf 89' lang='lat' dir='ltr'><strong>et</strong></span> <span class='ocrx_word' id='word_1_688' title='bbox 1391 2927 1453 2953; x_wconf 88' lang='lat' dir='ltr'><strong>inte-</strong></span> 
     </span>
    </p>
   </div>
   <div class='ocr_carea' id='block_1_8' title="bbox 1117 3067 1169 3120">
    <p class='ocr_par' dir='ltr' id='par_1_30' title="bbox 1117 3067 1169 3120">
     <span class='ocr_line' id='line_1_115' title="bbox 1117 3067 1169 3120; baseline 0 0"><span class='ocrx_word' id='word_1_689' title='bbox 1117 3067 1169 3120; x_wconf 84' lang='lat' dir='ltr'><strong>R</strong></span> 
     </span>
    </p>
   </div>
   <div class='ocr_carea' id='block_1_9' title="bbox 865 3213 1452 3245">
    <p class='ocr_par' dir='ltr' id='par_1_31' title="bbox 865 3213 1452 3245">
     <span class='ocr_line' id='line_1_116' title="bbox 865 3213 1452 3245; baseline 0.002 -7"><span class='ocrx_word' id='word_1_690' title='bbox 865 3214 952 3239; x_wconf 63' lang='lat' dir='ltr'><strong>Banna</strong></span> <span class='ocrx_word' id='word_1_691' title='bbox 973 3228 1006 3233; x_wconf 87' lang='lat'>-</span> <span class='ocrx_word' id='word_1_692' title='bbox 1025 3217 1065 3240; x_wconf 86' lang='lat' dir='ltr'><strong>est</strong></span> <span class='ocrx_word' id='word_1_693' title='bbox 1077 3213 1220 3239; x_wconf 84' lang='lat' dir='ltr'><strong>interiectio</strong></span> <span class='ocrx_word' id='word_1_694' title='bbox 1235 3213 1395 3245; x_wconf 83' lang='lat' dir='ltr'><strong>indignantis</strong></span> <span class='ocrx_word' id='word_1_695' title='bbox 1410 3213 1452 3239; x_wconf 88' lang='lat' dir='ltr'><strong>Vll</strong></span> 
     </span>
    </p>
   </div>
   <div class='ocr_carea' id='block_1_10' title="bbox 134 3255 917 3289">
    <p class='ocr_par' dir='ltr' id='par_1_32' title="bbox 134 3255 917 3289">
     <span class='ocr_line' id='line_1_117' title="bbox 134 3255 917 3289; baseline 0.001 -8"><span class='ocrx_word' id='word_1_696' title='bbox 134 3256 193 3286; x_wconf 88' lang='lat' dir='ltr'><strong>cho,</strong></span> <span class='ocrx_word' id='word_1_697' title='bbox 207 3255 270 3289; x_wconf 86' lang='lat' dir='ltr'><strong>quia</strong></span> <span class='ocrx_word' id='word_1_698' title='bbox 283 3255 395 3282; x_wconf 90' lang='lat' dir='ltr'><strong>credidit</strong></span> <span class='ocrx_word' id='word_1_699' title='bbox 414 3256 511 3282; x_wconf 88' lang='lat' dir='ltr'><strong>nuntiis</strong></span> <span class='ocrx_word' id='word_1_700' title='bbox 525 3257 599 3282; x_wconf 90' lang='lat' dir='ltr'><strong>losue</strong></span> <span class='ocrx_word' id='word_1_701' title='bbox 612 3259 638 3282; x_wconf 88' lang='lat' dir='ltr'><strong>et</strong></span> <span class='ocrx_word' id='word_1_702' title='bbox 650 3256 722 3288; x_wconf 89' lang='lat' dir='ltr'><strong>ipsos</strong></span> <span class='ocrx_word' id='word_1_703' title='bbox 733 3263 773 3281; x_wconf 80' lang='lat' dir='ltr'><strong>re·</strong></span> <span class='ocrx_word' id='word_1_704' title='bbox 813 3256 863 3282; x_wconf 80' lang='grc'><strong>494</strong></span> <span class='ocrx_word' id='word_1_705' title='bbox 883 3257 917 3282; x_wconf 85' lang='grc'><strong>59</strong></span> 
     </span>
    </p>
   </div>
   <div class='ocr_carea' id='block_1_11' title="bbox 133 3299 782 3332">
    <p class='ocr_par' dir='ltr' id='par_1_33' title="bbox 133 3299 782 3332">
     <span class='ocr_line' id='line_1_118' title="bbox 133 3299 782 3332; baseline 0.002 -8"><span class='ocrx_word' id='word_1_706' title='bbox 133 3299 204 3331; x_wconf 84' lang='lat' dir='ltr'><strong>cepit</strong></span> <span class='ocrx_word' id='word_1_707' title='bbox 231 3299 274 3325; x_wconf 91' lang='lat' dir='ltr'><strong>Vll</strong></span> <span class='ocrx_word' id='word_1_708' title='bbox 303 3299 354 3325; x_wconf 87' lang='grc'><strong>474</strong></span> <span class='ocrx_word' id='word_1_709' title='bbox 381 3299 398 3325; x_wconf 88' lang='grc'><strong>7</strong></span> <span class='ocrx_word' id='word_1_710' title='bbox 425 3314 459 3319; x_wconf 92' lang='grc'>-</span> <span class='ocrx_word' id='word_1_711' title='bbox 483 3300 614 3332; x_wconf 79' lang='lat' dir='ltr'><strong>significat</strong></span> <span class='ocrx_word' id='word_1_712' title='bbox 631 3300 782 3326; x_wconf 86' lang='lat' dir='ltr'><strong>Ecclesiam.</strong></span> 
     </span>
    </p>
   </div>
   <div class='ocr_carea' id='block_1_12' title="bbox 135 3342 715 3424">
    <p class='ocr_par' dir='ltr' id='par_1_34' title="bbox 135 3342 715 3424">
     <span class='ocr_line' id='line_1_119' title="bbox 135 3342 715 3374; baseline 0.003 -6"><span class='ocrx_word' id='word_1_713' title='bbox 135 3342 251 3374; x_wconf 84' lang='lat' dir='ltr'><strong>gentium</strong></span> <span class='ocrx_word' id='word_1_714' title='bbox 272 3343 306 3369; x_wconf 87' lang='lat' dir='ltr'><strong>ad</strong></span> <span class='ocrx_word' id='word_1_715' title='bbox 324 3343 456 3370; x_wconf 86' lang='lat' dir='ltr'><strong>Christum</strong></span> <span class='ocrx_word' id='word_1_716' title='bbox 475 3351 632 3370; x_wconf 87' lang='lat' dir='ltr'><strong>conversam</strong></span> <span class='ocrx_word' id='word_1_717' title='bbox 653 3343 715 3370; x_wconf 87' lang='lat' dir='ltr'><strong>ibid.</strong></span> 
     </span>
     <span class='ocr_line' id='line_1_120' title="bbox 241 3395 600 3424; baseline 0.006 -2"><span class='ocrx_word' id='word_1_718' title='bbox 241 3395 272 3422; x_wconf 90' lang='lat' dir='ltr'><strong>S.</strong></span> <span class='ocrx_word' id='word_1_719' title='bbox 290 3396 394 3423; x_wconf 84' lang='lat' dir='ltr'><strong>Bonav.</strong></span> <span class='ocrx_word' id='word_1_720' title='bbox 405 3410 440 3416; x_wconf 93' lang='lat'><strong>——</strong></span> <span class='ocrx_word' id='word_1_721' title='bbox 454 3397 533 3424; x_wconf 86' lang='lat' dir='ltr'><strong>Tom.</strong></span> <span class='ocrx_word' id='word_1_722' title='bbox 545 3398 600 3424; x_wconf 91' lang='lat' dir='ltr'><strong>Vll.</strong></span> 
     </span>
    </p>
   </div>
   <div class='ocr_carea' id='block_1_13' title="bbox 812 3301 1450 3376">
    <p class='ocr_par' dir='ltr' id='par_1_35' title="bbox 812 3301 1450 3376">
     <span class='ocr_line' id='line_1_121' title="bbox 865 3301 1450 3333; baseline -0.002 -6"><span class='ocrx_word' id='word_1_723' title='bbox 865 3301 967 3327; x_wconf 64' lang='lat' dir='ltr'><strong>uacant</strong></span> <span class='ocrx_word' id='word_1_724' title='bbox 985 3315 1021 3321; x_wconf 91' lang='lat'><strong>—</strong></span> <span class='ocrx_word' id='word_1_725' title='bbox 1041 3302 1089 3327; x_wconf 82' lang='lat' dir='ltr'><strong>Per</strong></span> <span class='ocrx_word' id='word_1_726' title='bbox 1108 3301 1204 3327; x_wconf 81' lang='lat' dir='ltr'><strong>Rachel</strong></span> <span class='ocrx_word' id='word_1_727' title='bbox 1224 3301 1335 3333; x_wconf 86' lang='lat' dir='ltr'><strong>flgurata</strong></span> <span class='ocrx_word' id='word_1_728' title='bbox 1355 3304 1394 3326; x_wconf 86' lang='lat' dir='ltr'><strong>est</strong></span> <span class='ocrx_word' id='word_1_729' title='bbox 1413 3308 1450 3326; x_wconf 84' lang='lat' dir='ltr'><strong>re-</strong></span> 
     </span>
     <span class='ocr_line' id='line_1_122' title="bbox 812 3344 1063 3376; baseline 0.004 -7"><span class='ocrx_word' id='word_1_730' title='bbox 812 3344 875 3376; x_wconf 84' lang='lat' dir='ltr'><strong>ligio</strong></span> <span class='ocrx_word' id='word_1_731' title='bbox 895 3345 927 3370; x_wconf 93' lang='lat' dir='ltr'><strong>Vl</strong></span> <span class='ocrx_word' id='word_1_732' title='bbox 947 3344 981 3370; x_wconf 88' lang='grc'><strong>75</strong></span> <span class='ocrx_word' id='word_1_733' title='bbox 1001 3353 1027 3371; x_wconf 86' lang='grc' dir='ltr'><strong>ν.</strong></span> <span class='ocrx_word' id='word_1_734' title='bbox 1047 3346 1063 3370; x_wconf 88' lang='grc'><strong>9</strong></span> 
     </span>
    </p>
   </div>
   <div class='ocr_carea' id='block_1_14' title="bbox 1786 204 2136 271">
    <p class='ocr_par' dir='ltr' id='par_1_36' title="bbox 1786 204 2136 271">
     <span class='ocr_line' id='line_1_123' title="bbox 2073 204 2136 237; baseline 0.016 -1"><span class='ocrx_word' id='word_1_735' title='bbox 2073 204 2136 237; x_wconf 80' lang='grc'><strong>825</strong></span> 
     </span>
     <span class='ocr_line' id='line_1_124' title="bbox 1786 245 1853 271; baseline 0.015 -1"><span class='ocrx_word' id='word_1_736' title='bbox 1786 245 1853 271; x_wconf 63' lang='grc' dir='ltr'><strong>ΒΑΜ</strong></span> 
     </span>
    </p>
   </div>
   <div class='ocr_carea' id='block_1_15' title="bbox 1492 287 2139 1964">
    <p class='ocr_par' dir='ltr' id='par_1_37' title="bbox 1497 287 2139 541">
     <span class='ocr_line' id='line_1_125' title="bbox 1550 287 2138 323; baseline 0.009 -10"><span class='ocrx_word' id='word_1_737' title='bbox 1550 287 1662 314; x_wconf 60' lang='lat' dir='ltr'><strong>pumina</strong></span> <span class='ocrx_word' id='word_1_738' title='bbox 1683 303 1715 307; x_wconf 85' lang='lat'><strong>——</strong></span> <span class='ocrx_word' id='word_1_739' title='bbox 1735 290 1841 321; x_wconf 88' lang='lat' dir='ltr'><strong>respicit</strong></span> <span class='ocrx_word' id='word_1_740' title='bbox 1869 293 1955 317; x_wconf 82' lang='lat' dir='ltr'><strong>actum</strong></span> <span class='ocrx_word' id='word_1_741' title='bbox 1985 293 2073 323; x_wconf 82' lang='lat' dir='ltr'><strong>operis</strong></span> <span class='ocrx_word' id='word_1_742' title='bbox 2097 291 2138 318; x_wconf 83' lang='lat' dir='ltr'><strong>Vll</strong></span> 
     </span>
     <span class='ocr_line' id='line_1_126' title="bbox 1497 332 2139 367; baseline 0.009 -11"><span class='ocrx_word' id='word_1_743' title='bbox 1497 332 1601 357; x_wconf 82' lang='grc'><strong>28526</strong></span> <span class='ocrx_word' id='word_1_744' title='bbox 1615 347 1649 350; x_wconf 93' lang='grc'><strong>-</strong></span> <span class='ocrx_word' id='word_1_745' title='bbox 1661 333 1709 365; x_wconf 88' lang='lat' dir='ltr'><strong>Qui</strong></span> <span class='ocrx_word' id='word_1_746' title='bbox 1732 334 1816 365; x_wconf 84' lang='lat' dir='ltr'><strong>pulsat</strong></span> <span class='ocrx_word' id='word_1_747' title='bbox 1836 342 1915 361; x_wconf 85' lang='lat' dir='ltr'><strong>manu</strong></span> <span class='ocrx_word' id='word_1_748' title='bbox 1930 336 2012 367; x_wconf 79' lang='lat' dir='ltr'><strong>tangit</strong></span> <span class='ocrx_word' id='word_1_749' title='bbox 2031 340 2056 361; x_wconf 87' lang='lat' dir='ltr'><strong>et</strong></span> <span class='ocrx_word' id='word_1_750' title='bbox 2075 337 2139 362; x_wconf 85' lang='lat' dir='ltr'><strong>exci-</strong></span> 
     </span>
     <span class='ocr_line' id='line_1_127' title="bbox 1498 375 2138 411; baseline 0.006 -10"><span class='ocrx_word' id='word_1_751' title='bbox 1498 378 1533 401; x_wconf 81' lang='lat' dir='ltr'><strong>tat</strong></span> <span class='ocrx_word' id='word_1_752' title='bbox 1545 375 1607 402; x_wconf 83' lang='lat' dir='ltr'><strong>ibid.</strong></span> <span class='ocrx_word' id='word_1_753' title='bbox 1620 390 1655 395; x_wconf 94' lang='lat'><strong>—</strong></span> <span class='ocrx_word' id='word_1_754' title='bbox 1671 377 1767 403; x_wconf 87' lang='lat' dir='ltr'><strong>debent</strong></span> <span class='ocrx_word' id='word_1_755' title='bbox 1786 379 1892 409; x_wconf 89' lang='lat' dir='ltr'><strong>perfecti</strong></span> <span class='ocrx_word' id='word_1_756' title='bbox 1907 380 2056 411; x_wconf 82' lang='lat' dir='ltr'><strong>plangendo</strong></span> <span class='ocrx_word' id='word_1_757' title='bbox 2076 380 2138 407; x_wconf 82' lang='lat' dir='ltr'><strong>ibid.</strong></span> 
     </span>
     <span class='ocr_line' id='line_1_128' title="bbox 1497 420 2139 453; baseline 0.009 -9"><span class='ocrx_word' id='word_1_758' title='bbox 1497 434 1531 438; x_wconf 89' lang='lat'><strong>—</strong></span> <span class='ocrx_word' id='word_1_759' title='bbox 1545 420 1683 446; x_wconf 80' lang='lat' dir='ltr'><strong>Pulsamus</strong></span> <span class='ocrx_word' id='word_1_760' title='bbox 1695 422 1814 453; x_wconf 82' lang='lat' dir='ltr'><strong>caritate,</strong></span> <span class='ocrx_word' id='word_1_761' title='bbox 1835 423 1898 449; x_wconf 89' lang='lat' dir='ltr'><strong>dum</strong></span> <span class='ocrx_word' id='word_1_762' title='bbox 1918 423 2053 450; x_wconf 88' lang='lat' dir='ltr'><strong>laboribus</strong></span> <span class='ocrx_word' id='word_1_763' title='bbox 2071 425 2139 451; x_wconf 89' lang='lat' dir='ltr'><strong>insu-</strong></span> 
     </span>
     <span class='ocr_line' id='line_1_129' title="bbox 1497 464 2139 500; baseline 0.009 -11"><span class='ocrx_word' id='word_1_764' title='bbox 1497 464 1600 497; x_wconf 89' lang='lat' dir='ltr'><strong>damus,</strong></span> <span class='ocrx_word' id='word_1_765' title='bbox 1614 468 1642 490; x_wconf 93' lang='lat' dir='ltr'><strong>ut</strong></span> <span class='ocrx_word' id='word_1_766' title='bbox 1663 467 1734 498; x_wconf 86' lang='lat' dir='ltr'><strong>quod</strong></span> <span class='ocrx_word' id='word_1_767' title='bbox 1750 467 1862 498; x_wconf 79' lang='lat' dir='ltr'><strong>petimus</strong></span> <span class='ocrx_word' id='word_1_768' title='bbox 1876 471 1902 493; x_wconf 86' lang='lat' dir='ltr'><strong>et</strong></span> <span class='ocrx_word' id='word_1_769' title='bbox 1914 469 2067 500; x_wconf 82' lang='lat' dir='ltr'><strong>quaerimus</strong></span> <span class='ocrx_word' id='word_1_770' title='bbox 2080 476 2139 495; x_wconf 87' lang='lat' dir='ltr'><strong>con-</strong></span> 
     </span>
     <span class='ocr_line' id='line_1_130' title="bbox 1497 509 1746 541; baseline 0.008 -8"><span class='ocrx_word' id='word_1_771' title='bbox 1497 515 1641 541; x_wconf 82' lang='lat' dir='ltr'><strong>sequamur</strong></span> <span class='ocrx_word' id='word_1_772' title='bbox 1659 509 1692 536; x_wconf 91' lang='lat' dir='ltr'><strong>ib.</strong></span> <span class='ocrx_word' id='word_1_773' title='bbox 1713 511 1746 535; x_wconf 88' lang='grc'><strong>27</strong></span> 
     </span>
    </p>

    <p class='ocr_par' dir='ltr' id='par_1_38' title="bbox 1496 554 2139 755">
     <span class='ocr_line' id='line_1_131' title="bbox 1550 554 2137 589; baseline 0.009 -11"><span class='ocrx_word' id='word_1_774' title='bbox 1550 567 1585 572; x_wconf 89' lang='grc'>-</span> <span class='ocrx_word' id='word_1_775' title='bbox 1606 554 1717 579; x_wconf 72' lang='grc' dir='ltr'><strong>Ρυὶεεηῑί</strong></span> <span class='ocrx_word' id='word_1_776' title='bbox 1739 555 1898 581; x_wconf 57' lang='lat' dir='ltr'><strong>incessanter</strong></span> <span class='ocrx_word' id='word_1_777' title='bbox 1917 558 2038 589; x_wconf 81' lang='lat' dir='ltr'><strong>usquein</strong></span> <span class='ocrx_word' id='word_1_778' title='bbox 2060 558 2137 583; x_wconf 84' lang='lat' dir='ltr'><strong>finem</strong></span> 
     </span>
     <span class='ocr_line' id='line_1_132' title="bbox 1497 597 2138 630; baseline 0.009 -9"><span class='ocrx_word' id='word_1_779' title='bbox 1497 597 1630 627; x_wconf 89' lang='lat' dir='ltr'><strong>aperietur</strong></span> <span class='ocrx_word' id='word_1_780' title='bbox 1654 598 1749 623; x_wconf 88' lang='lat' dir='ltr'><strong>ostium</strong></span> <span class='ocrx_word' id='word_1_781' title='bbox 1775 600 1873 630; x_wconf 78' lang='lat' dir='ltr'><strong>gloriae</strong></span> <span class='ocrx_word' id='word_1_782' title='bbox 1900 601 1940 626; x_wconf 66' lang='lat' dir='ltr'><strong>Vll</strong></span> <span class='ocrx_word' id='word_1_783' title='bbox 1968 602 2018 626; x_wconf 82' lang='grc'><strong>286</strong></span> <span class='ocrx_word' id='word_1_784' title='bbox 2046 603 2078 626; x_wconf 81' lang='grc'><strong>28</strong></span> <span class='ocrx_word' id='word_1_785' title='bbox 2105 617 2138 621; x_wconf 92' lang='grc'>-</span> 
     </span>
     <span class='ocr_line' id='line_1_133' title="bbox 1497 640 2139 674; baseline 0.009 -9"><span class='ocrx_word' id='word_1_786' title='bbox 1497 640 1604 667; x_wconf 88' lang='lat' dir='ltr'><strong>Caelum</strong></span> <span class='ocrx_word' id='word_1_787' title='bbox 1624 642 1740 673; x_wconf 87' lang='lat' dir='ltr'><strong>aperitur</strong></span> <span class='ocrx_word' id='word_1_788' title='bbox 1760 644 1924 674; x_wconf 83' lang='lat' dir='ltr'><strong>pulsantibus</strong></span> <span class='ocrx_word' id='word_1_789' title='bbox 1945 645 1975 670; x_wconf 88' lang='lat' dir='ltr'><strong>Vl</strong></span> <span class='ocrx_word' id='word_1_790' title='bbox 1997 645 2047 670; x_wconf 88' lang='grc'><strong>544</strong></span> <span class='ocrx_word' id='word_1_791' title='bbox 2068 647 2083 670; x_wconf 89' lang='grc'><strong>2</strong></span> <span class='ocrx_word' id='word_1_792' title='bbox 2104 660 2139 665; x_wconf 91' lang='grc'>-</span> 
     </span>
     <span class='ocr_line' id='line_1_134' title="bbox 1498 685 2138 718; baseline 0.011 -9"><span class='ocrx_word' id='word_1_793' title='bbox 1498 685 1602 711; x_wconf 84' lang='lat' dir='ltr'><strong>Pulsare</strong></span> <span class='ocrx_word' id='word_1_794' title='bbox 1622 685 1751 717; x_wconf 87' lang='lat' dir='ltr'><strong>debemus</strong></span> <span class='ocrx_word' id='word_1_795' title='bbox 1772 694 1818 718; x_wconf 87' lang='lat' dir='ltr'><strong>per</strong></span> <span class='ocrx_word' id='word_1_796' title='bbox 1841 688 1987 714; x_wconf 83' lang='lat' dir='ltr'><strong>instantiam</strong></span> <span class='ocrx_word' id='word_1_797' title='bbox 2014 691 2138 716; x_wconf 81' lang='lat' dir='ltr'><strong>orationis</strong></span> 
     </span>
     <span class='ocr_line' id='line_1_135' title="bbox 1496 726 1558 755; baseline 0 -1"><span class='ocrx_word' id='word_1_798' title='bbox 1496 726 1558 755; x_wconf 88' lang='lat' dir='ltr'><strong>ibid.</strong></span> 
     </span>
    </p>

    <p class='ocr_par' dir='ltr' id='par_1_39' title="bbox 1496 774 2137 851">
     <span class='ocr_line' id='line_1_136' title="bbox 1549 774 2137 804; baseline 0.01 -6"><span class='ocrx_word' id='word_1_799' title='bbox 1549 787 1584 792; x_wconf 96' lang='lat'><strong>—</strong></span> <span class='ocrx_word' id='word_1_800' title='bbox 1604 774 1696 800; x_wconf 84' lang='lat' dir='ltr'><strong>Pulsus</strong></span> <span class='ocrx_word' id='word_1_801' title='bbox 1715 775 1820 801; x_wconf 87' lang='lat' dir='ltr'><strong>divinae</strong></span> <span class='ocrx_word' id='word_1_802' title='bbox 1838 777 2006 803; x_wconf 77' lang='lat' dir='ltr'><strong>correctionis</strong></span> <span class='ocrx_word' id='word_1_803' title='bbox 2019 778 2137 804; x_wconf 84' lang='lat' dir='ltr'><strong>excitata</strong></span> 
     </span>
     <span class='ocr_line' id='line_1_137' title="bbox 1496 819 1919 851; baseline 0 -6"><span class='ocrx_word' id='word_1_804' title='bbox 1496 825 1591 845; x_wconf 89' lang='lat' dir='ltr'><strong>somno</strong></span> <span class='ocrx_word' id='word_1_805' title='bbox 1609 819 1702 851; x_wconf 86' lang='lat' dir='ltr'><strong>culpae</strong></span> <span class='ocrx_word' id='word_1_806' title='bbox 1722 820 1754 845; x_wconf 93' lang='lat' dir='ltr'><strong>Vl</strong></span> <span class='ocrx_word' id='word_1_807' title='bbox 1774 820 1824 845; x_wconf 84' lang='lat'><strong>588</strong></span> <span class='ocrx_word' id='word_1_808' title='bbox 1846 828 1870 845; x_wconf 88' lang='lat' dir='ltr'><strong>v.</strong></span> <span class='ocrx_word' id='word_1_809' title='bbox 1893 822 1919 845; x_wconf 83' lang='lat' dir='ltr'><strong>tt</strong></span> 
     </span>
    </p>

    <p class='ocr_par' dir='ltr' id='par_1_40' title="bbox 1495 864 2139 1029">
     <span class='ocr_line' id='line_1_138' title="bbox 1550 864 2136 892; baseline 0.005 -3"><span class='ocrx_word' id='word_1_810' title='bbox 1550 864 1639 889; x_wconf 80' lang='lat' dir='ltr'><strong>Potvis</strong></span> <span class='ocrx_word' id='word_1_811' title='bbox 1658 878 1691 882; x_wconf 88' lang='lat'>—</span> <span class='ocrx_word' id='word_1_812' title='bbox 1711 864 1847 890; x_wconf 85' lang='lat' dir='ltr'><strong>Pulverem</strong></span> <span class='ocrx_word' id='word_1_813' title='bbox 1873 869 1993 891; x_wconf 85' lang='lat' dir='ltr'><strong>excutere</strong></span> <span class='ocrx_word' id='word_1_814' title='bbox 2018 869 2057 891; x_wconf 86' lang='lat' dir='ltr'><strong>est</strong></span> <span class='ocrx_word' id='word_1_815' title='bbox 2075 867 2136 892; x_wconf 86' lang='lat' dir='ltr'><strong>nihil</strong></span> 
     </span>
     <span class='ocr_line' id='line_1_139' title="bbox 1495 907 2137 941; baseline 0.005 -8"><span class='ocrx_word' id='word_1_816' title='bbox 1495 907 1529 934; x_wconf 86' lang='lat' dir='ltr'><strong>de</strong></span> <span class='ocrx_word' id='word_1_817' title='bbox 1548 915 1616 934; x_wconf 88' lang='lat' dir='ltr'><strong>vana</strong></span> <span class='ocrx_word' id='word_1_818' title='bbox 1642 908 1725 940; x_wconf 85' lang='lat' dir='ltr'><strong>gloria</strong></span> <span class='ocrx_word' id='word_1_819' title='bbox 1749 909 1886 934; x_wconf 88' lang='lat' dir='ltr'><strong>hominum</strong></span> <span class='ocrx_word' id='word_1_820' title='bbox 1914 910 2064 941; x_wconf 86' lang='lat' dir='ltr'><strong>permittere</strong></span> <span class='ocrx_word' id='word_1_821' title='bbox 2084 911 2137 937; x_wconf 86' lang='lat' dir='ltr'><strong>suis</strong></span> 
     </span>
     <span class='ocr_line' id='line_1_140' title="bbox 1496 952 2139 981; baseline 0.005 -3"><span class='ocrx_word' id='word_1_822' title='bbox 1496 952 1633 979; x_wconf 73' lang='lat' dir='ltr'><strong>affectibus</strong></span> <span class='ocrx_word' id='word_1_823' title='bbox 1651 953 1796 979; x_wconf 88' lang='lat' dir='ltr'><strong>adhaerere</strong></span> <span class='ocrx_word' id='word_1_824' title='bbox 1814 953 1855 979; x_wconf 91' lang='lat' dir='ltr'><strong>Vll</strong></span> <span class='ocrx_word' id='word_1_825' title='bbox 1876 954 1928 980; x_wconf 88' lang='grc'><strong>249</strong></span> <span class='ocrx_word' id='word_1_826' title='bbox 1945 955 1960 979; x_wconf 90' lang='grc'><strong>9</strong></span> <span class='ocrx_word' id='word_1_827' title='bbox 1974 969 2008 972; x_wconf 93' lang='grc'><strong>-</strong></span> <span class='ocrx_word' id='word_1_828' title='bbox 2022 956 2139 981; x_wconf 84' lang='lat' dir='ltr'><strong>elevatur</strong></span> 
     </span>
     <span class='ocr_line' id='line_1_141' title="bbox 1496 997 1755 1029; baseline 0.008 -7"><span class='ocrx_word' id='word_1_829' title='bbox 1496 1004 1544 1029; x_wconf 89' lang='lat' dir='ltr'><strong>per</strong></span> <span class='ocrx_word' id='word_1_830' title='bbox 1564 1000 1672 1023; x_wconf 91' lang='lat' dir='ltr'><strong>ventum</strong></span> <span class='ocrx_word' id='word_1_831' title='bbox 1693 997 1755 1024; x_wconf 84' lang='lat' dir='ltr'><strong>ibid.</strong></span> 
     </span>
    </p>

    <p class='ocr_par' dir='ltr' id='par_1_41' title="bbox 1496 1043 2139 1201">
     <span class='ocr_line' id='line_1_142' title="bbox 1550 1043 2139 1075; baseline 0.002 -7"><span class='ocrx_word' id='word_1_832' title='bbox 1550 1043 1668 1068; x_wconf 68' lang='lat' dir='ltr'><strong>Puacana</strong></span> <span class='ocrx_word' id='word_1_833' title='bbox 1688 1056 1723 1061; x_wconf 91' lang='lat'><strong>——</strong></span> <span class='ocrx_word' id='word_1_834' title='bbox 1742 1043 1812 1068; x_wconf 87' lang='lat' dir='ltr'><strong>Deus</strong></span> <span class='ocrx_word' id='word_1_835' title='bbox 1826 1046 1922 1075; x_wconf 87' lang='lat' dir='ltr'><strong>purgat</strong></span> <span class='ocrx_word' id='word_1_836' title='bbox 1941 1044 2073 1069; x_wconf 88' lang='lat' dir='ltr'><strong>hominem</strong></span> <span class='ocrx_word' id='word_1_837' title='bbox 2092 1051 2139 1075; x_wconf 89' lang='lat' dir='ltr'><strong>per</strong></span> 
     </span>
     <span class='ocr_line' id='line_1_143' title="bbox 1496 1086 2137 1119; baseline 0.002 -7"><span class='ocrx_word' id='word_1_838' title='bbox 1496 1086 1682 1118; x_wconf 85' lang='lat' dir='ltr'><strong>poenitentiam</strong></span> <span class='ocrx_word' id='word_1_839' title='bbox 1706 1090 1731 1112; x_wconf 90' lang='lat' dir='ltr'><strong>et</strong></span> <span class='ocrx_word' id='word_1_840' title='bbox 1750 1087 1901 1119; x_wconf 87' lang='lat' dir='ltr'><strong>patientiam</strong></span> <span class='ocrx_word' id='word_1_841' title='bbox 1927 1087 1960 1113; x_wconf 81' lang='lat' dir='ltr'><strong>Vl</strong></span> <span class='ocrx_word' id='word_1_842' title='bbox 1988 1087 2038 1113; x_wconf 91' lang='grc'><strong>447</strong></span> <span class='ocrx_word' id='word_1_843' title='bbox 2065 1089 2079 1113; x_wconf 97' lang='grc'><strong>3</strong></span> <span class='ocrx_word' id='word_1_844' title='bbox 2103 1104 2137 1107; x_wconf 84' lang='lat'><em>-</em></span> 
     </span>
     <span class='ocr_line' id='line_1_144' title="bbox 1496 1131 2136 1164; baseline 0.005 -8"><span class='ocrx_word' id='word_1_845' title='bbox 1496 1131 1544 1156; x_wconf 84' lang='lat' dir='ltr'><strong>Per</strong></span> <span class='ocrx_word' id='word_1_846' title='bbox 1563 1138 1713 1157; x_wconf 84' lang='lat' dir='ltr'><strong>sermonem</strong></span> <span class='ocrx_word' id='word_1_847' title='bbox 1729 1131 1823 1158; x_wconf 85' lang='lat' dir='ltr'><strong>Christi</strong></span> <span class='ocrx_word' id='word_1_848' title='bbox 1841 1139 1987 1164; x_wconf 87' lang='lat' dir='ltr'><strong>purgamur</strong></span> <span class='ocrx_word' id='word_1_849' title='bbox 2000 1132 2034 1158; x_wconf 89' lang='lat' dir='ltr'><strong>ab</strong></span> <span class='ocrx_word' id='word_1_850' title='bbox 2048 1140 2136 1159; x_wconf 89' lang='lat' dir='ltr'><strong>errore</strong></span> 
     </span>
     <span class='ocr_line' id='line_1_145' title="bbox 1497 1175 1601 1201; baseline 0 0"><span class='ocrx_word' id='word_1_851' title='bbox 1497 1175 1547 1201; x_wconf 89' lang='grc'><strong>473</strong></span> <span class='ocrx_word' id='word_1_852' title='bbox 1568 1176 1601 1201; x_wconf 88' lang='grc'><strong>29</strong></span> 
     </span>
    </p>

    <p class='ocr_par' dir='ltr' id='par_1_42' title="bbox 1494 1221 2139 1342">
     <span class='ocr_line' id='line_1_146' title="bbox 1548 1221 2139 1248; baseline 0.003 -2"><span class='ocrx_word' id='word_1_853' title='bbox 1548 1221 1707 1246; x_wconf 71' lang='lat' dir='ltr'><strong>Puairicnio</strong></span> <span class='ocrx_word' id='word_1_854' title='bbox 1721 1235 1755 1239; x_wconf 88' lang='lat'><strong>—</strong></span> <span class='ocrx_word' id='word_1_855' title='bbox 1768 1221 1873 1247; x_wconf 85' lang='lat' dir='ltr'><strong>Festum</strong></span> <span class='ocrx_word' id='word_1_856' title='bbox 1893 1221 2082 1247; x_wconf 76' lang='lat' dir='ltr'><strong>PurificationiS</strong></span> <span class='ocrx_word' id='word_1_857' title='bbox 2100 1222 2139 1248; x_wconf 89' lang='lat' dir='ltr'><strong>di-</strong></span> 
     </span>
     <span class='ocr_line' id='line_1_147' title="bbox 1494 1264 2138 1297; baseline 0.003 -7"><span class='ocrx_word' id='word_1_858' title='bbox 1494 1264 1561 1291; x_wconf 92' lang='lat' dir='ltr'><strong>citur</strong></span> <span class='ocrx_word' id='word_1_859' title='bbox 1571 1265 1730 1297; x_wconf 83' lang='lat' dir='ltr'><strong>Hypapanti,</strong></span> <span class='ocrx_word' id='word_1_860' title='bbox 1742 1265 1766 1291; x_wconf 90' lang='lat' dir='ltr'><strong>id</strong></span> <span class='ocrx_word' id='word_1_861' title='bbox 1778 1268 1818 1291; x_wconf 88' lang='lat' dir='ltr'><strong>est</strong></span> <span class='ocrx_word' id='word_1_862' title='bbox 1827 1265 1992 1292; x_wconf 87' lang='lat' dir='ltr'><strong>obviantium</strong></span> <span class='ocrx_word' id='word_1_863' title='bbox 2009 1267 2048 1292; x_wconf 89' lang='lat' dir='ltr'><strong>Vll</strong></span> <span class='ocrx_word' id='word_1_864' title='bbox 2060 1267 2092 1292; x_wconf 86' lang='grc'><strong>63</strong></span> <span class='ocrx_word' id='word_1_865' title='bbox 2105 1267 2138 1292; x_wconf 89' lang='grc'><strong>87</strong></span> 
     </span>
     <span class='ocr_line' id='line_1_148' title="bbox 1494 1309 2138 1342; baseline 0.003 -7"><span class='ocrx_word' id='word_1_866' title='bbox 1494 1324 1529 1328; x_wconf 93' lang='grc'><strong>-</strong></span> <span class='ocrx_word' id='word_1_867' title='bbox 1540 1310 1566 1336; x_wconf 90' lang='lat' dir='ltr'><strong>ln</strong></span> <span class='ocrx_word' id='word_1_868' title='bbox 1577 1311 1626 1335; x_wconf 89' lang='lat' dir='ltr'><strong>hac</strong></span> <span class='ocrx_word' id='word_1_869' title='bbox 1639 1309 1682 1335; x_wconf 90' lang='lat' dir='ltr'><strong>die</strong></span> <span class='ocrx_word' id='word_1_870' title='bbox 1695 1310 1876 1336; x_wconf 86' lang='lat' dir='ltr'><strong>universaliter</strong></span> <span class='ocrx_word' id='word_1_871' title='bbox 1891 1311 1919 1336; x_wconf 88' lang='lat' dir='ltr'><strong>fit</strong></span> <span class='ocrx_word' id='word_1_872' title='bbox 1933 1312 2066 1342; x_wconf 86' lang='lat' dir='ltr'><strong>processio</strong></span> <span class='ocrx_word' id='word_1_873' title='bbox 2078 1310 2138 1338; x_wconf 82' lang='lat' dir='ltr'><strong>ibid.</strong></span> 
     </span>
    </p>

    <p class='ocr_par' dir='ltr' id='par_1_43' title="bbox 1546 1354 1978 1386">
     <span class='ocr_line' id='line_1_149' title="bbox 1546 1354 1978 1386; baseline 0.002 -7"><span class='ocrx_word' id='word_1_874' title='bbox 1546 1368 1583 1373; x_wconf 99' lang='lat'><strong>—</strong></span> <span class='ocrx_word' id='word_1_875' title='bbox 1601 1354 1678 1380; x_wconf 86' lang='lat' dir='ltr'><strong>Fides</strong></span> <span class='ocrx_word' id='word_1_876' title='bbox 1697 1354 1818 1386; x_wconf 89' lang='lat' dir='ltr'><strong>purificat</strong></span> <span class='ocrx_word' id='word_1_877' title='bbox 1839 1355 1869 1380; x_wconf 89' lang='lat' dir='ltr'><strong>Vl</strong></span> <span class='ocrx_word' id='word_1_878' title='bbox 1891 1355 1941 1381; x_wconf 86' lang='grc'><strong>447</strong></span> <span class='ocrx_word' id='word_1_879' title='bbox 1964 1355 1978 1380; x_wconf 93' lang='grc'><strong>4</strong></span> 
     </span>
    </p>

    <p class='ocr_par' dir='ltr' id='par_1_44' title="bbox 1492 1398 2138 1557">
     <span class='ocr_line' id='line_1_150' title="bbox 1548 1398 2138 1426; baseline 0.002 -2"><span class='ocrx_word' id='word_1_880' title='bbox 1548 1399 1657 1424; x_wconf 68' lang='lat' dir='ltr'><strong>Paulus</strong></span> <span class='ocrx_word' id='word_1_881' title='bbox 1673 1412 1710 1418; x_wconf 95' lang='lat'>—</span> <span class='ocrx_word' id='word_1_882' title='bbox 1729 1401 1863 1425; x_wconf 86' lang='lat' dir='ltr'><strong>attestatur</strong></span> <span class='ocrx_word' id='word_1_883' title='bbox 1877 1398 1984 1425; x_wconf 88' lang='lat' dir='ltr'><strong>bonitati</strong></span> <span class='ocrx_word' id='word_1_884' title='bbox 2005 1401 2036 1425; x_wconf 93' lang='lat' dir='ltr'><strong>Vl</strong></span> <span class='ocrx_word' id='word_1_885' title='bbox 2057 1400 2107 1425; x_wconf 85' lang='grc'><strong>536</strong></span> <span class='ocrx_word' id='word_1_886' title='bbox 2123 1401 2138 1426; x_wconf 88' lang='grc'><strong>4</strong></span> 
     </span>
     <span class='ocr_line' id='line_1_151' title="bbox 1492 1443 2136 1475; baseline 0.003 -7"><span class='ocrx_word' id='word_1_887' title='bbox 1492 1456 1529 1462; x_wconf 88' lang='lat'><strong>·—-</strong></span> <span class='ocrx_word' id='word_1_888' title='bbox 1547 1443 1599 1475; x_wconf 88' lang='lat' dir='ltr'><strong>Qui</strong></span> <span class='ocrx_word' id='word_1_889' title='bbox 1618 1450 1646 1468; x_wconf 92' lang='lat' dir='ltr'><strong>se</strong></span> <span class='ocrx_word' id='word_1_890' title='bbox 1671 1450 1718 1475; x_wconf 86' lang='lat' dir='ltr'><strong>per</strong></span> <span class='ocrx_word' id='word_1_891' title='bbox 1741 1443 1847 1468; x_wconf 90' lang='lat' dir='ltr'><strong>divinae</strong></span> <span class='ocrx_word' id='word_1_892' title='bbox 1867 1444 1966 1475; x_wconf 86' lang='lat' dir='ltr'><strong>gratiae</strong></span> <span class='ocrx_word' id='word_1_893' title='bbox 1978 1444 2136 1470; x_wconf 88' lang='lat' dir='ltr'><strong>adiutorium</strong></span> 
     </span>
     <span class='ocr_line' id='line_1_152' title="bbox 1494 1487 2137 1520; baseline 0.003 -8"><span class='ocrx_word' id='word_1_894' title='bbox 1494 1487 1518 1512; x_wconf 94' lang='lat' dir='ltr'><strong>in</strong></span> <span class='ocrx_word' id='word_1_895' title='bbox 1539 1487 1653 1519; x_wconf 91' lang='lat' dir='ltr'><strong>puritate</strong></span> <span class='ocrx_word' id='word_1_896' title='bbox 1680 1487 1794 1513; x_wconf 88' lang='lat' dir='ltr'><strong>custodit</strong></span> <span class='ocrx_word' id='word_1_897' title='bbox 1822 1488 1932 1513; x_wconf 88' lang='lat' dir='ltr'><strong>vestitur</strong></span> <span class='ocrx_word' id='word_1_898' title='bbox 1963 1489 2027 1514; x_wconf 88' lang='lat' dir='ltr'><strong>stola</strong></span> <span class='ocrx_word' id='word_1_899' title='bbox 2052 1489 2137 1520; x_wconf 87' lang='lat' dir='ltr'><strong>prima</strong></span> 
     </span>
     <span class='ocr_line' id='line_1_153' title="bbox 1494 1531 1663 1557; baseline -0.006 0"><span class='ocrx_word' id='word_1_900' title='bbox 1494 1531 1536 1557; x_wconf 94' lang='lat' dir='ltr'><strong>Vll</strong></span> <span class='ocrx_word' id='word_1_901' title='bbox 1557 1531 1608 1556; x_wconf 90' lang='grc'><strong>396</strong></span> <span class='ocrx_word' id='word_1_902' title='bbox 1629 1531 1663 1556; x_wconf 92' lang='grc'><strong>37</strong></span> 
     </span>
    </p>

    <p class='ocr_par' dir='ltr' id='par_1_45' title="bbox 1492 1575 2137 1785">
     <span class='ocr_line' id='line_1_154' title="bbox 1547 1575 2137 1608; baseline 0.003 -8"><span class='ocrx_word' id='word_1_903' title='bbox 1547 1575 1664 1601; x_wconf 68' lang='lat' dir='ltr'><strong>Puerum</strong></span> <span class='ocrx_word' id='word_1_904' title='bbox 1684 1590 1719 1593; x_wconf 97' lang='lat'><strong>—</strong></span> <span class='ocrx_word' id='word_1_905' title='bbox 1742 1578 1781 1601; x_wconf 88' lang='lat' dir='ltr'><strong>est</strong></span> <span class='ocrx_word' id='word_1_906' title='bbox 1804 1576 1875 1601; x_wconf 90' lang='lat' dir='ltr'><strong>color</strong></span> <span class='ocrx_word' id='word_1_907' title='bbox 1898 1576 1964 1608; x_wconf 82' lang='lat' dir='ltr'><strong>regii</strong></span> <span class='ocrx_word' id='word_1_908' title='bbox 1984 1576 2103 1608; x_wconf 88' lang='lat' dir='ltr'><strong>habitus,</strong></span> <span class='ocrx_word' id='word_1_909' title='bbox 2122 1584 2137 1602; x_wconf 89' lang='lat' dir='ltr'><strong>e</strong></span> 
     </span>
     <span class='ocr_line' id='line_1_155' title="bbox 1493 1620 2135 1647; baseline 0.002 -2"><span class='ocrx_word' id='word_1_910' title='bbox 1493 1620 1600 1646; x_wconf 90' lang='lat' dir='ltr'><strong>conchis</strong></span> <span class='ocrx_word' id='word_1_911' title='bbox 1618 1620 1726 1645; x_wconf 91' lang='lat' dir='ltr'><strong>marinis</strong></span> <span class='ocrx_word' id='word_1_912' title='bbox 1755 1621 1823 1645; x_wconf 86' lang='lat' dir='ltr'><strong>ferro</strong></span> <span class='ocrx_word' id='word_1_913' title='bbox 1851 1621 2013 1646; x_wconf 89' lang='lat' dir='ltr'><strong>circumcisis</strong></span> <span class='ocrx_word' id='word_1_914' title='bbox 2040 1621 2135 1647; x_wconf 89' lang='lat' dir='ltr'><strong>emissa</strong></span> 
     </span>
     <span class='ocr_line' id='line_1_156' title="bbox 1495 1664 2135 1697; baseline 0.002 -8"><span class='ocrx_word' id='word_1_915' title='bbox 1495 1664 1536 1689; x_wconf 87' lang='lat' dir='ltr'><strong>Vll</strong></span> <span class='ocrx_word' id='word_1_916' title='bbox 1558 1664 1608 1690; x_wconf 89' lang='grc'><strong>446</strong></span> <span class='ocrx_word' id='word_1_917' title='bbox 1628 1664 1661 1690; x_wconf 87' lang='grc'><strong>37</strong></span> <span class='ocrx_word' id='word_1_918' title='bbox 1684 1678 1715 1682; x_wconf 89' lang='grc'><strong>-</strong></span> <span class='ocrx_word' id='word_1_919' title='bbox 1735 1668 1774 1690; x_wconf 89' lang='lat' dir='ltr'><strong>est</strong></span> <span class='ocrx_word' id='word_1_920' title='bbox 1793 1664 1873 1690; x_wconf 80' lang='lat' dir='ltr'><strong>vestis</strong></span> <span class='ocrx_word' id='word_1_921' title='bbox 1893 1665 1987 1697; x_wconf 86' lang='lat' dir='ltr'><strong>regalis</strong></span> <span class='ocrx_word' id='word_1_922' title='bbox 2001 1665 2032 1691; x_wconf 96' lang='lat' dir='ltr'><strong>Vl</strong></span> <span class='ocrx_word' id='word_1_923' title='bbox 2049 1665 2099 1691; x_wconf 88' lang='grc'><strong>490</strong></span> <span class='ocrx_word' id='word_1_924' title='bbox 2120 1666 2135 1690; x_wconf 91' lang='grc'><strong>2</strong></span> 
     </span>
     <span class='ocr_line' id='line_1_157' title="bbox 1492 1708 2136 1741; baseline 0.002 -7"><span class='ocrx_word' id='word_1_925' title='bbox 1492 1722 1528 1728; x_wconf 92' lang='lat'><strong>--</strong></span> <span class='ocrx_word' id='word_1_926' title='bbox 1547 1709 1650 1740; x_wconf 78' lang='lat' dir='ltr'><strong>Purpur</strong></span> <span class='ocrx_word' id='word_1_927' title='bbox 1669 1708 1861 1734; x_wconf 90' lang='lat' dir='ltr'><strong>circumdatum</strong></span> <span class='ocrx_word' id='word_1_928' title='bbox 1882 1708 1984 1735; x_wconf 89' lang='lat' dir='ltr'><strong>Christo</strong></span> <span class='ocrx_word' id='word_1_929' title='bbox 2007 1710 2136 1741; x_wconf 89' lang='lat' dir='ltr'><strong>significat</strong></span> 
     </span>
     <span class='ocr_line' id='line_1_158' title="bbox 1492 1752 1808 1785; baseline 0.003 -7"><span class='ocrx_word' id='word_1_930' title='bbox 1492 1753 1550 1779; x_wconf 90' lang='lat' dir='ltr'><strong>eius</strong></span> <span class='ocrx_word' id='word_1_931' title='bbox 1569 1753 1725 1785; x_wconf 84' lang='lat' dir='ltr'><strong>sanguinem</strong></span> <span class='ocrx_word' id='word_1_932' title='bbox 1746 1752 1808 1779; x_wconf 87' lang='lat' dir='ltr'><strong>ibid.</strong></span> 
     </span>
    </p>

    <p class='ocr_par' dir='ltr' id='par_1_46' title="bbox 1492 1797 2137 1964">
     <span class='ocr_line' id='line_1_159' title="bbox 1547 1797 2134 1830; baseline 0 -7"><span class='ocrx_word' id='word_1_933' title='bbox 1547 1797 1643 1823; x_wconf 78' lang='lat' dir='ltr'><strong>Pusuu</strong></span> <span class='ocrx_word' id='word_1_934' title='bbox 1662 1812 1697 1816; x_wconf 90' lang='lat'>—</span> <span class='ocrx_word' id='word_1_935' title='bbox 1723 1800 1783 1823; x_wconf 87' lang='lat' dir='ltr'><strong>sunt</strong></span> <span class='ocrx_word' id='word_1_936' title='bbox 1810 1804 1941 1830; x_wconf 89' lang='lat' dir='ltr'><strong>pauperes</strong></span> <span class='ocrx_word' id='word_1_937' title='bbox 1969 1798 2060 1830; x_wconf 89' lang='lat' dir='ltr'><strong>spiritu</strong></span> <span class='ocrx_word' id='word_1_938' title='bbox 2091 1799 2134 1824; x_wconf 84' lang='lat' dir='ltr'><strong>Vll</strong></span> 
     </span>
     <span class='ocr_line' id='line_1_160' title="bbox 1493 1841 2135 1875; baseline 0.002 -8"><span class='ocrx_word' id='word_1_939' title='bbox 1493 1842 1545 1868; x_wconf 86' lang='grc'><strong>322</strong></span> <span class='ocrx_word' id='word_1_940' title='bbox 1565 1841 1598 1867; x_wconf 85' lang='grc'><strong>44</strong></span> <span class='ocrx_word' id='word_1_941' title='bbox 1612 1857 1646 1860; x_wconf 92' lang='grc'><strong>-</strong></span> <span class='ocrx_word' id='word_1_942' title='bbox 1660 1842 1760 1868; x_wconf 84' lang='lat' dir='ltr'><strong>Pusillis</strong></span> <span class='ocrx_word' id='word_1_943' title='bbox 1777 1843 1938 1874; x_wconf 89' lang='lat' dir='ltr'><strong>promittitur</strong></span> <span class='ocrx_word' id='word_1_944' title='bbox 1957 1850 2070 1875; x_wconf 83' lang='lat' dir='ltr'><strong>regnum</strong></span> <span class='ocrx_word' id='word_1_945' title='bbox 2091 1843 2135 1869; x_wconf 87' lang='lat' dir='ltr'><strong>Dei</strong></span> 
     </span>
     <span class='ocr_line' id='line_1_161' title="bbox 1492 1885 2137 1918; baseline 0.002 -6"><span class='ocrx_word' id='word_1_946' title='bbox 1492 1885 1569 1917; x_wconf 62' lang='lat' dir='ltr'><strong>ibid„</strong></span> <span class='ocrx_word' id='word_1_947' title='bbox 1598 1886 1632 1912; x_wconf 88' lang='grc'><strong>45</strong></span> <span class='ocrx_word' id='word_1_948' title='bbox 1662 1900 1698 1905; x_wconf 82' lang='grc'>-</span> <span class='ocrx_word' id='word_1_949' title='bbox 1729 1886 1878 1912; x_wconf 86' lang='lat' dir='ltr'><strong>desiderant</strong></span> <span class='ocrx_word' id='word_1_950' title='bbox 1906 1890 2022 1918; x_wconf 87' lang='lat' dir='ltr'><strong>aeterna,</strong></span> <span class='ocrx_word' id='word_1_951' title='bbox 2049 1891 2137 1913; x_wconf 89' lang='lat' dir='ltr'><strong>conte-</strong></span> 
     </span>
     <span class='ocr_line' id='line_1_162' title="bbox 1493 1931 2133 1964; baseline 0.002 -8"><span class='ocrx_word' id='word_1_952' title='bbox 1493 1934 1586 1957; x_wconf 90' lang='lat' dir='ltr'><strong>mnunt</strong></span> <span class='ocrx_word' id='word_1_953' title='bbox 1604 1931 1769 1963; x_wconf 84' lang='lat' dir='ltr'><strong>temporalia,</strong></span> <span class='ocrx_word' id='word_1_954' title='bbox 1785 1931 1977 1963; x_wconf 76' lang='lat' dir='ltr'><strong>amplectuntur</strong></span> <span class='ocrx_word' id='word_1_955' title='bbox 1991 1932 2133 1964; x_wconf 83' lang='lat' dir='ltr'><strong>spiritualIa</strong></span> 
     </span>
    </p>
   </div>
   <div class='ocr_carea' id='block_1_16' title="bbox 1479 1974 2136 2007">
    <p class='ocr_par' dir='ltr' id='par_1_47' title="bbox 1479 1974 2136 2007">
     <span class='ocr_line' id='line_1_163' title="bbox 1479 1974 2136 2007; baseline 0.003 -7"><span class='ocrx_word' id='word_1_956' title='bbox 1479 1974 1525 2001; x_wconf 66' lang='lat' dir='ltr'><strong>ib.</strong></span> <span class='ocrx_word' id='word_1_957' title='bbox 1548 1975 1580 2001; x_wconf 85' lang='grc'><strong>45</strong></span> <span class='ocrx_word' id='word_1_958' title='bbox 1599 1989 1634 1995; x_wconf 97' lang='grc'>-</span> <span class='ocrx_word' id='word_1_959' title='bbox 1653 1976 1728 2001; x_wconf 85' lang='lat' dir='ltr'><strong>Pater</strong></span> <span class='ocrx_word' id='word_1_960' title='bbox 1741 1976 1858 2001; x_wconf 90' lang='lat' dir='ltr'><strong>caelestis</strong></span> <span class='ocrx_word' id='word_1_961' title='bbox 1871 1975 1944 2002; x_wconf 87' lang='lat' dir='ltr'><strong>dabit</strong></span> <span class='ocrx_word' id='word_1_962' title='bbox 1963 1976 2001 2002; x_wconf 89' lang='lat' dir='ltr'><strong>eis</strong></span> <span class='ocrx_word' id='word_1_963' title='bbox 2017 1977 2136 2007; x_wconf 84' lang='lat' dir='ltr'><strong>veniam,</strong></span> 
     </span>
    </p>
   </div>
   <div class='ocr_carea' id='block_1_17' title="bbox 1492 2019 2135 2230">
    <p class='ocr_par' dir='ltr' id='par_1_48' title="bbox 1492 2019 2133 2090">
     <span class='ocr_line' id='line_1_164' title="bbox 1492 2019 2133 2052; baseline 0.002 -7"><span class='ocrx_word' id='word_1_964' title='bbox 1492 2019 1618 2052; x_wconf 81' lang='lat' dir='ltr'><strong>gratiam,</strong></span> <span class='ocrx_word' id='word_1_965' title='bbox 1637 2020 1791 2052; x_wconf 85' lang='lat' dir='ltr'><strong>sapientiam</strong></span> <span class='ocrx_word' id='word_1_966' title='bbox 1818 2025 1843 2046; x_wconf 87' lang='lat' dir='ltr'><strong>et</strong></span> <span class='ocrx_word' id='word_1_967' title='bbox 1867 2021 1977 2052; x_wconf 81' lang='lat' dir='ltr'><strong>gloriam</strong></span> <span class='ocrx_word' id='word_1_968' title='bbox 2001 2024 2133 2046; x_wconf 90' lang='lat' dir='ltr'><strong>aeternam</strong></span> 
     </span>
     <span class='ocr_line' id='line_1_165' title="bbox 1493 2064 1598 2090; baseline 0.01 -1"><span class='ocrx_word' id='word_1_969' title='bbox 1493 2064 1544 2090; x_wconf 88' lang='grc'><strong>323</strong></span> <span class='ocrx_word' id='word_1_970' title='bbox 1565 2064 1598 2090; x_wconf 85' lang='grc'><strong>45</strong></span> 
     </span>
    </p>

    <p class='ocr_par' dir='ltr' id='par_1_49' title="bbox 1492 2109 2135 2230">
     <span class='ocr_line' id='line_1_166' title="bbox 1546 2109 2135 2142; baseline 0 -7"><span class='ocrx_word' id='word_1_971' title='bbox 1546 2109 1711 2135; x_wconf 69' lang='grc' dir='ltr'><strong>ΡγτιιΑοοιιΑς</strong></span> <span class='ocrx_word' id='word_1_972' title='bbox 1729 2123 1764 2129; x_wconf 87' lang='grc'>-</span> <span class='ocrx_word' id='word_1_973' title='bbox 1778 2109 1933 2142; x_wconf 90' lang='lat' dir='ltr'><strong>Disciplinae</strong></span> <span class='ocrx_word' id='word_1_974' title='bbox 1946 2110 2135 2141; x_wconf 81' lang='lat' dir='ltr'><strong>Pythagoricae</strong></span> 
     </span>
     <span class='ocr_line' id='line_1_167' title="bbox 1492 2153 2135 2187; baseline 0.003 -9"><span class='ocrx_word' id='word_1_975' title='bbox 1492 2156 1531 2178; x_wconf 89' lang='lat' dir='ltr'><strong>est</strong></span> <span class='ocrx_word' id='word_1_976' title='bbox 1551 2160 1598 2185; x_wconf 90' lang='lat' dir='ltr'><strong>per</strong></span> <span class='ocrx_word' id='word_1_977' title='bbox 1617 2153 1827 2186; x_wconf 86' lang='lat' dir='ltr'><strong>quinquennium</strong></span> <span class='ocrx_word' id='word_1_978' title='bbox 1848 2157 1947 2187; x_wconf 88' lang='lat' dir='ltr'><strong>tacere,</strong></span> <span class='ocrx_word' id='word_1_979' title='bbox 1966 2158 1992 2180; x_wconf 85' lang='lat' dir='ltr'><strong>et</strong></span> <span class='ocrx_word' id='word_1_980' title='bbox 2005 2157 2064 2186; x_wconf 88' lang='lat' dir='ltr'><strong>post</strong></span> <span class='ocrx_word' id='word_1_981' title='bbox 2077 2161 2135 2179; x_wconf 88' lang='lat' dir='ltr'><strong>eru-</strong></span> 
     </span>
     <span class='ocr_line' id='line_1_168' title="bbox 1493 2197 1843 2230; baseline 0.006 -8"><span class='ocrx_word' id='word_1_982' title='bbox 1493 2197 1562 2223; x_wconf 87' lang='lat' dir='ltr'><strong>ditos</strong></span> <span class='ocrx_word' id='word_1_983' title='bbox 1581 2198 1653 2230; x_wconf 88' lang='lat' dir='ltr'><strong>loqui</strong></span> <span class='ocrx_word' id='word_1_984' title='bbox 1672 2197 1716 2223; x_wconf 92' lang='lat' dir='ltr'><strong>Vll</strong></span> <span class='ocrx_word' id='word_1_985' title='bbox 1736 2198 1787 2223; x_wconf 83' lang='lat'><strong>603</strong></span> <span class='ocrx_word' id='word_1_986' title='bbox 1809 2198 1843 2224; x_wconf 89' lang='grc'><strong>62</strong></span> 
     </span>
    </p>
   </div>
   <div class='ocr_carea' id='block_1_18' title="bbox 1491 2483 2133 2953">
    <p class='ocr_par' dir='ltr' id='par_1_50' title="bbox 1491 2483 2132 2599">
     <span class='ocr_line' id='line_1_169' title="bbox 1491 2483 2132 2511; baseline 0.005 -3"><span class='ocrx_word' id='word_1_987' title='bbox 1491 2483 1545 2508; x_wconf 89' lang='lat' dir='ltr'><strong>rior</strong></span> <span class='ocrx_word' id='word_1_988' title='bbox 1563 2484 1668 2509; x_wconf 86' lang='lat' dir='ltr'><strong>afl&#39;lictio</strong></span> <span class='ocrx_word' id='word_1_989' title='bbox 1688 2484 1721 2509; x_wconf 91' lang='lat' dir='ltr'><strong>Vl</strong></span> <span class='ocrx_word' id='word_1_990' title='bbox 1743 2484 1792 2510; x_wconf 82' lang='grc'><strong>464</strong></span> <span class='ocrx_word' id='word_1_991' title='bbox 1812 2492 1838 2510; x_wconf 82' lang='grc' dir='ltr'><strong>ν.</strong></span> <span class='ocrx_word' id='word_1_992' title='bbox 1860 2485 1891 2510; x_wconf 90' lang='grc'><strong>46</strong></span> <span class='ocrx_word' id='word_1_993' title='bbox 1905 2499 1939 2503; x_wconf 92' lang='grc'>-</span> <span class='ocrx_word' id='word_1_994' title='bbox 1954 2485 1993 2510; x_wconf 78' lang='lat' dir='ltr'><strong>Ad</strong></span> <span class='ocrx_word' id='word_1_995' title='bbox 2007 2492 2132 2511; x_wconf 85' lang='lat' dir='ltr'><strong>somnum</strong></span> 
     </span>
     <span class='ocr_line' id='line_1_170' title="bbox 1491 2528 2131 2562; baseline 0.003 -9"><span class='ocrx_word' id='word_1_996' title='bbox 1491 2528 1586 2561; x_wconf 89' lang='lat' dir='ltr'><strong>quietis</strong></span> <span class='ocrx_word' id='word_1_997' title='bbox 1613 2535 1665 2554; x_wconf 91' lang='lat' dir='ltr'><strong>non</strong></span> <span class='ocrx_word' id='word_1_998' title='bbox 1692 2529 1845 2560; x_wconf 86' lang='lat' dir='ltr'><strong>pervenitur</strong></span> <span class='ocrx_word' id='word_1_999' title='bbox 1865 2529 1913 2556; x_wconf 88' lang='lat' dir='ltr'><strong>nisi</strong></span> <span class='ocrx_word' id='word_1_1000' title='bbox 1934 2536 1980 2562; x_wconf 89' lang='lat' dir='ltr'><strong>per</strong></span> <span class='ocrx_word' id='word_1_1001' title='bbox 1999 2530 2131 2555; x_wconf 87' lang='lat' dir='ltr'><strong>senarium</strong></span> 
     </span>
     <span class='ocr_line' id='line_1_171' title="bbox 1492 2572 1774 2599; baseline 0.004 -1"><span class='ocrx_word' id='word_1_1002' title='bbox 1492 2572 1589 2598; x_wconf 86' lang='lat' dir='ltr'><strong>laboris</strong></span> <span class='ocrx_word' id='word_1_1003' title='bbox 1609 2573 1649 2598; x_wconf 92' lang='lat' dir='ltr'><strong>Vll</strong></span> <span class='ocrx_word' id='word_1_1004' title='bbox 1670 2573 1721 2598; x_wconf 87' lang='grc'><strong>369</strong></span> <span class='ocrx_word' id='word_1_1005' title='bbox 1741 2573 1774 2599; x_wconf 87' lang='grc'><strong>33</strong></span> 
     </span>
    </p>

    <p class='ocr_par' dir='ltr' id='par_1_51' title="bbox 1491 2617 2133 2828">
     <span class='ocr_line' id='line_1_172' title="bbox 1545 2617 2133 2652; baseline 0 -9"><span class='ocrx_word' id='word_1_1006' title='bbox 1545 2632 1580 2635; x_wconf 92' lang='grc'><strong>-</strong></span> <span class='ocrx_word' id='word_1_1007' title='bbox 1599 2617 1689 2643; x_wconf 76' lang='lat' dir='ltr'><strong>Acidia</strong></span> <span class='ocrx_word' id='word_1_1008' title='bbox 1716 2625 1768 2643; x_wconf 87' lang='lat' dir='ltr'><strong>non</strong></span> <span class='ocrx_word' id='word_1_1009' title='bbox 1793 2618 1928 2644; x_wconf 85' lang='lat' dir='ltr'><strong>inveniens</strong></span> <span class='ocrx_word' id='word_1_1010' title='bbox 1952 2619 2068 2652; x_wconf 82' lang='lat' dir='ltr'><strong>quietem</strong></span> <span class='ocrx_word' id='word_1_1011' title='bbox 2097 2618 2133 2644; x_wconf 90' lang='lat' dir='ltr'><strong>in-</strong></span> 
     </span>
     <span class='ocr_line' id='line_1_173' title="bbox 1492 2662 2132 2695; baseline 0.002 -8"><span class='ocrx_word' id='word_1_1012' title='bbox 1492 2662 1573 2687; x_wconf 89' lang='lat' dir='ltr'><strong>terius</strong></span> <span class='ocrx_word' id='word_1_1013' title='bbox 1606 2662 1709 2695; x_wconf 88' lang='lat' dir='ltr'><strong>quaerit</strong></span> <span class='ocrx_word' id='word_1_1014' title='bbox 1737 2663 1849 2689; x_wconf 78' lang='lat' dir='ltr'><strong>exterius</strong></span> <span class='ocrx_word' id='word_1_1015' title='bbox 1878 2663 1911 2688; x_wconf 82' lang='lat' dir='ltr'><strong>Vl</strong></span> <span class='ocrx_word' id='word_1_1016' title='bbox 1941 2664 1974 2688; x_wconf 90' lang='grc'><strong>20</strong></span> <span class='ocrx_word' id='word_1_1017' title='bbox 2004 2670 2029 2688; x_wconf 79' lang='lat' dir='ltr'><strong>v.</strong></span> <span class='ocrx_word' id='word_1_1018' title='bbox 2056 2664 2064 2688; x_wconf 83' lang='grc'><strong>4</strong></span> <span class='ocrx_word' id='word_1_1019' title='bbox 2097 2676 2132 2682; x_wconf 89' lang='grc'>-</span> 
     </span>
     <span class='ocr_line' id='line_1_174' title="bbox 1492 2706 2132 2739; baseline 0.003 -8"><span class='ocrx_word' id='word_1_1020' title='bbox 1492 2706 1686 2739; x_wconf 89' lang='lat' dir='ltr'><strong>Quiescendum</strong></span> <span class='ocrx_word' id='word_1_1021' title='bbox 1718 2710 1757 2733; x_wconf 91' lang='lat' dir='ltr'><strong>est</strong></span> <span class='ocrx_word' id='word_1_1022' title='bbox 1789 2707 1815 2733; x_wconf 85' lang='lat' dir='ltr'><strong>in</strong></span> <span class='ocrx_word' id='word_1_1023' title='bbox 1846 2707 1926 2733; x_wconf 87' lang='lat' dir='ltr'><strong>domo</strong></span> <span class='ocrx_word' id='word_1_1024' title='bbox 1957 2707 2132 2733; x_wconf 85' lang='lat' dir='ltr'><strong>conscientiae</strong></span> 
     </span>
     <span class='ocr_line' id='line_1_175' title="bbox 1491 2750 2131 2785; baseline 0.002 -9"><span class='ocrx_word' id='word_1_1025' title='bbox 1491 2750 1596 2784; x_wconf 85' lang='lat' dir='ltr'><strong>quietae</strong></span> <span class='ocrx_word' id='word_1_1026' title='bbox 1615 2751 1647 2776; x_wconf 87' lang='grc'><strong>22</strong></span> <span class='ocrx_word' id='word_1_1027' title='bbox 1669 2758 1694 2776; x_wconf 96' lang='lat' dir='ltr'><strong>v.</strong></span> <span class='ocrx_word' id='word_1_1028' title='bbox 1715 2751 1730 2776; x_wconf 91' lang='grc'><strong>8</strong></span> <span class='ocrx_word' id='word_1_1029' title='bbox 1749 2765 1784 2770; x_wconf 93' lang='grc'>-</span> <span class='ocrx_word' id='word_1_1030' title='bbox 1804 2752 1884 2777; x_wconf 85' lang='lat' dir='ltr'><strong>Amor</strong></span> <span class='ocrx_word' id='word_1_1031' title='bbox 1912 2752 2023 2785; x_wconf 89' lang='lat' dir='ltr'><strong>quiescit</strong></span> <span class='ocrx_word' id='word_1_1032' title='bbox 2049 2752 2074 2777; x_wconf 85' lang='lat' dir='ltr'><strong>in</strong></span> <span class='ocrx_word' id='word_1_1033' title='bbox 2099 2759 2131 2777; x_wconf 91' lang='lat' dir='ltr'><strong>eo</strong></span> 
     </span>
     <span class='ocr_line' id='line_1_176' title="bbox 1491 2794 1976 2828; baseline 0.002 -8"><span class='ocrx_word' id='word_1_1034' title='bbox 1491 2794 1564 2828; x_wconf 90' lang='lat' dir='ltr'><strong>quod</strong></span> <span class='ocrx_word' id='word_1_1035' title='bbox 1583 2798 1690 2827; x_wconf 87' lang='lat' dir='ltr'><strong>propter</strong></span> <span class='ocrx_word' id='word_1_1036' title='bbox 1710 2802 1737 2820; x_wconf 88' lang='lat' dir='ltr'><strong>se</strong></span> <span class='ocrx_word' id='word_1_1037' title='bbox 1757 2796 1842 2827; x_wconf 85' lang='lat' dir='ltr'><strong>diligit</strong></span> <span class='ocrx_word' id='word_1_1038' title='bbox 1861 2797 1894 2822; x_wconf 89' lang='grc'><strong>52</strong></span> <span class='ocrx_word' id='word_1_1039' title='bbox 1915 2803 1941 2828; x_wconf 89' lang='lat' dir='ltr'><strong>q.</strong></span> <span class='ocrx_word' id='word_1_1040' title='bbox 1961 2796 1976 2821; x_wconf 89' lang='grc'><strong>3</strong></span> 
     </span>
    </p>

    <p class='ocr_par' dir='ltr' id='par_1_52' title="bbox 1491 2839 2132 2953">
     <span class='ocr_line' id='line_1_177' title="bbox 1546 2839 2132 2872; baseline 0.002 -8"><span class='ocrx_word' id='word_1_1041' title='bbox 1546 2839 1606 2871; x_wconf 79' lang='lat' dir='ltr'><strong>QUts</strong></span> <span class='ocrx_word' id='word_1_1042' title='bbox 1623 2853 1658 2857; x_wconf 81' lang='lat'><strong>——</strong></span> <span class='ocrx_word' id='word_1_1043' title='bbox 1677 2839 1780 2872; x_wconf 86' lang='lat' dir='ltr'><strong>quaerit</strong></span> <span class='ocrx_word' id='word_1_1044' title='bbox 1808 2839 1994 2871; x_wconf 85' lang='lat' dir='ltr'><strong>substantiam,</strong></span> <span class='ocrx_word' id='word_1_1045' title='bbox 2021 2841 2061 2865; x_wconf 82' lang='lat' dir='ltr'><strong>vel</strong></span> <span class='ocrx_word' id='word_1_1046' title='bbox 2087 2847 2132 2865; x_wconf 88' lang='lat' dir='ltr'><strong>no-</strong></span> 
     </span>
     <span class='ocr_line' id='line_1_178' title="bbox 1491 2883 2130 2914; baseline 0 -5"><span class='ocrx_word' id='word_1_1047' title='bbox 1491 2889 1566 2913; x_wconf 90' lang='lat' dir='ltr'><strong>men,</strong></span> <span class='ocrx_word' id='word_1_1048' title='bbox 1596 2883 1638 2908; x_wconf 89' lang='lat' dir='ltr'><strong>vel</strong></span> <span class='ocrx_word' id='word_1_1049' title='bbox 1670 2883 1823 2914; x_wconf 86' lang='lat' dir='ltr'><strong>dignitatem</strong></span> <span class='ocrx_word' id='word_1_1050' title='bbox 1856 2887 1881 2909; x_wconf 89' lang='lat' dir='ltr'><strong>et</strong></span> <span class='ocrx_word' id='word_1_1051' title='bbox 1909 2884 2071 2909; x_wconf 88' lang='lat' dir='ltr'><strong>conditiones</strong></span> <span class='ocrx_word' id='word_1_1052' title='bbox 2100 2884 2130 2909; x_wconf 70' lang='lat' dir='ltr'><strong>vt</strong></span> 
     </span>
     <span class='ocr_line' id='line_1_179' title="bbox 1491 2926 1595 2953; baseline -0.01 -1"><span class='ocrx_word' id='word_1_1053' title='bbox 1491 2927 1541 2953; x_wconf 84' lang='grc'><strong>257</strong></span> <span class='ocrx_word' id='word_1_1054' title='bbox 1562 2926 1595 2952; x_wconf 87' lang='grc'><strong>50</strong></span> 
     </span>
    </p>
   </div>
   <div class='ocr_carea' id='block_1_19' title="bbox 1489 3212 2127 3333">
    <p class='ocr_par' dir='ltr' id='par_1_53' title="bbox 1489 3212 2127 3333">
     <span class='ocr_line' id='line_1_180' title="bbox 1542 3212 2127 3244; baseline -0.003 -5"><span class='ocrx_word' id='word_1_1055' title='bbox 1542 3214 1638 3239; x_wconf 63' lang='lat' dir='ltr'><strong>Rimas</strong></span> <span class='ocrx_word' id='word_1_1056' title='bbox 1654 3226 1690 3232; x_wconf 89' lang='lat'>—</span> <span class='ocrx_word' id='word_1_1057' title='bbox 1709 3212 1833 3238; x_wconf 82' lang='lat' dir='ltr'><strong>absorbet</strong></span> <span class='ocrx_word' id='word_1_1058' title='bbox 1853 3219 1948 3244; x_wconf 88' lang='lat' dir='ltr'><strong>aquam</strong></span> <span class='ocrx_word' id='word_1_1059' title='bbox 1966 3212 2080 3243; x_wconf 84' lang='lat' dir='ltr'><strong>potentia</strong></span> <span class='ocrx_word' id='word_1_1060' title='bbox 2094 3212 2127 3237; x_wconf 68' lang='lat' dir='ltr'><strong>Vl</strong></span> 
     </span>
     <span class='ocr_line' id='line_1_181' title="bbox 1489 3256 1593 3282; baseline 0 0"><span class='ocrx_word' id='word_1_1061' title='bbox 1489 3256 1540 3282; x_wconf 88' lang='grc'><strong>524</strong></span> <span class='ocrx_word' id='word_1_1062' title='bbox 1561 3258 1593 3282; x_wconf 87' lang='grc'><strong>28</strong></span> 
     </span>
     <span class='ocr_line' id='line_1_182' title="bbox 1542 3300 2127 3333; baseline 0 -7"><span class='ocrx_word' id='word_1_1063' title='bbox 1542 3301 1667 3327; x_wconf 56' lang='lat' dir='ltr'><strong>Ram-raa</strong></span> <span class='ocrx_word' id='word_1_1064' title='bbox 1687 3315 1722 3320; x_wconf 98' lang='lat'><strong>—</strong></span> <span class='ocrx_word' id='word_1_1065' title='bbox 1741 3300 1810 3326; x_wconf 86' lang='lat' dir='ltr'><strong>idem</strong></span> <span class='ocrx_word' id='word_1_1066' title='bbox 1825 3303 1862 3326; x_wconf 85' lang='lat' dir='ltr'><strong>est</strong></span> <span class='ocrx_word' id='word_1_1067' title='bbox 1876 3300 1947 3333; x_wconf 86' lang='lat' dir='ltr'><strong>quod</strong></span> <span class='ocrx_word' id='word_1_1068' title='bbox 1962 3300 2127 3327; x_wconf 73' lang='lat' dir='ltr'><strong>Arimathaea</strong></span> 
     </span>
    </p>
   </div>
   <div class='ocr_carea' id='block_1_20' title="bbox 1489 3345 2018 3405">
    <p class='ocr_par' dir='ltr' id='par_1_54' title="bbox 1489 3345 2018 3405">
     <span class='ocr_line' id='line_1_183' title="bbox 1489 3345 1651 3370; baseline 0 0"><span class='ocrx_word' id='word_1_1069' title='bbox 1489 3345 1532 3370; x_wconf 85' lang='lat' dir='ltr'><strong>Vll</strong></span> <span class='ocrx_word' id='word_1_1070' title='bbox 1552 3345 1602 3370; x_wconf 82' lang='lat'><strong>583</strong></span> <span class='ocrx_word' id='word_1_1071' title='bbox 1623 3345 1651 3370; x_wconf 79' lang='lat' dir='ltr'><strong>fit</strong></span> 
     </span>
     <span class='ocr_line' id='line_1_184' title="bbox 1971 3380 2018 3405; baseline 0 0"><span class='ocrx_word' id='word_1_1072' title='bbox 1971 3380 2018 3405; x_wconf 79' lang='grc'><strong>404</strong></span> 
     </span>
    </p>
   </div>
  </div>
 </body>
</html>
