<?xml version="1.0" encoding="UTF-8"?>
<!DOCTYPE html PUBLIC "-//W3C//DTD XHTML 1.0 Transitional//EN"
    "http://www.w3.org/TR/xhtml1/DTD/xhtml1-transitional.dtd">
<html xmlns="http://www.w3.org/1999/xhtml" xml:lang="en" lang="en">
 <head>
  <title>
</title>
<meta http-equiv="Content-Type" content="text/html;charset=utf-8" />
  <meta name='ocr-system' content='tesseract 3.04.00' />
  <meta name='ocr-capabilities' content='ocr_page ocr_carea ocr_par ocr_line ocrx_word'/>
</head>
<body>
  <div class='ocr_page' id='page_1' title='image "./doctorisseraphic07bona_0733.png"; bbox 0 0 2427 3872; ppageno 0'>
   <div class='ocr_carea' id='block_1_1' title="bbox 85 212 737 3358">
    <p class='ocr_par' dir='ltr' id='par_1_1' title="bbox 343 212 484 245">
     <span class='ocr_line' id='line_1_1' title="bbox 343 212 484 245; baseline -0.014 -6"><span class='ocrx_word' id='word_1_1' title='bbox 343 212 408 239; x_wconf 67' lang='lat' dir='ltr'>CHP·</span> <span class='ocrx_word' id='word_1_2' title='bbox 429 212 484 245; x_wconf 81' lang='grc'><strong>(18)</strong></span> 
     </span>
    </p>

    <p class='ocr_par' dir='ltr' id='par_1_2' title="bbox 94 255 737 461">
     <span class='ocr_line' id='line_1_2' title="bbox 97 255 735 283; baseline -0.002 0"><span class='ocrx_word' id='word_1_3' title='bbox 97 264 125 283; x_wconf 84' lang='grc'>50</span> <span class='ocrx_word' id='word_1_4' title='bbox 144 264 159 282; x_wconf 92' lang='lat' dir='ltr'>a</span> <span class='ocrx_word' id='word_1_5' title='bbox 179 257 281 283; x_wconf 88' lang='lat' dir='ltr'>ludaeis</span> <span class='ocrx_word' id='word_1_6' title='bbox 307 255 547 283; x_wconf 77' lang='lat' dir='ltr'>contradicentibus</span> <span class='ocrx_word' id='word_1_7' title='bbox 575 256 621 282; x_wconf 89' lang='grc'>421</span> <span class='ocrx_word' id='word_1_8' title='bbox 646 257 680 282; x_wconf 83' lang='grc'>55</span> <span class='ocrx_word' id='word_1_9' title='bbox 698 270 735 276; x_wconf 88' lang='lat'>—·</span> 
     </span>
     <span class='ocr_line' id='line_1_3' title="bbox 96 301 734 334; baseline -0.003 -6"><span class='ocrx_word' id='word_1_10' title='bbox 96 309 125 328; x_wconf 85' lang='lat' dir='ltr'>se</span> <span class='ocrx_word' id='word_1_11' title='bbox 143 302 267 332; x_wconf 90' lang='lat' dir='ltr'>occultat,</span> <span class='ocrx_word' id='word_1_12' title='bbox 294 304 323 327; x_wconf 92' lang='lat' dir='ltr'>ut</span> <span class='ocrx_word' id='word_1_13' title='bbox 346 301 432 333; x_wconf 87' lang='lat' dir='ltr'>magis</span> <span class='ocrx_word' id='word_1_14' title='bbox 456 301 673 334; x_wconf 79' lang='lat' dir='ltr'>requiratur.511</span> <span class='ocrx_word' id='word_1_15' title='bbox 701 302 734 327; x_wconf 89' lang='grc'>33</span> 
     </span>
     <span class='ocr_line' id='line_1_4' title="bbox 94 345 735 377; baseline -0.002 -5"><span class='ocrx_word' id='word_1_16' title='bbox 94 360 131 366; x_wconf 89' lang='grc'>-</span> <span class='ocrx_word' id='word_1_17' title='bbox 157 346 183 372; x_wconf 89' lang='grc'>10</span> <span class='ocrx_word' id='word_1_18' title='bbox 208 345 385 371; x_wconf 80' lang='lat' dir='ltr'>subtractione</span> <span class='ocrx_word' id='word_1_19' title='bbox 405 345 569 377; x_wconf 88' lang='lat' dir='ltr'>praesentiae</span> <span class='ocrx_word' id='word_1_20' title='bbox 592 345 735 377; x_wconf 89' lang='lat' dir='ltr'>corporalis</span> 
     </span>
     <span class='ocr_line' id='line_1_5' title="bbox 95 389 737 422; baseline -0.003 -5"><span class='ocrx_word' id='word_1_21' title='bbox 95 390 188 417; x_wconf 83' lang='lat' dir='ltr'>excitat</span> <span class='ocrx_word' id='word_1_22' title='bbox 200 390 234 416; x_wconf 88' lang='lat' dir='ltr'>ad</span> <span class='ocrx_word' id='word_1_23' title='bbox 253 390 417 416; x_wconf 85' lang='lat' dir='ltr'>desiderium</span> <span class='ocrx_word' id='word_1_24' title='bbox 433 390 595 421; x_wconf 89' lang='lat' dir='ltr'>praesentiae</span> <span class='ocrx_word' id='word_1_25' title='bbox 613 389 737 422; x_wconf 89' lang='lat' dir='ltr'>spiritua-</span> 
     </span>
     <span class='ocr_line' id='line_1_6' title="bbox 95 434 311 461; baseline -0.005 0"><span class='ocrx_word' id='word_1_26' title='bbox 95 435 125 461; x_wconf 85' lang='lat' dir='ltr'>lis</span> <span class='ocrx_word' id='word_1_27' title='bbox 145 435 188 461; x_wconf 88' lang='lat' dir='ltr'>Vll</span> <span class='ocrx_word' id='word_1_28' title='bbox 207 434 259 461; x_wconf 90' lang='grc'>597</span> <span class='ocrx_word' id='word_1_29' title='bbox 278 434 311 460; x_wconf 92' lang='grc'>39</span> 
     </span>
    </p>

    <p class='ocr_par' dir='ltr' id='par_1_3' title="bbox 94 478 735 905">
     <span class='ocr_line' id='line_1_7' title="bbox 148 478 734 511; baseline 0 -7"><span class='ocrx_word' id='word_1_30' title='bbox 148 493 184 498; x_wconf 93' lang='grc'><strong>-</strong></span> <span class='ocrx_word' id='word_1_31' title='bbox 204 478 308 505; x_wconf 78' lang='lat' dir='ltr'>nolebat</span> <span class='ocrx_word' id='word_1_32' title='bbox 332 486 380 511; x_wconf 90' lang='lat' dir='ltr'>per</span> <span class='ocrx_word' id='word_1_33' title='bbox 404 479 548 505; x_wconf 87' lang='lat' dir='ltr'>daemones</span> <span class='ocrx_word' id='word_1_34' title='bbox 576 478 734 505; x_wconf 77' lang='lat' dir='ltr'>manifestari</span> 
     </span>
     <span class='ocr_line' id='line_1_8' title="bbox 95 521 734 550; baseline -0.002 0"><span class='ocrx_word' id='word_1_35' title='bbox 95 521 139 550; x_wconf 86' lang='lat' dir='ltr'>Vll</span> <span class='ocrx_word' id='word_1_36' title='bbox 163 523 210 550; x_wconf 88' lang='grc'>110</span> <span class='ocrx_word' id='word_1_37' title='bbox 230 523 258 548; x_wconf 86' lang='grc'>91</span> <span class='ocrx_word' id='word_1_38' title='bbox 283 538 318 541; x_wconf 91' lang='grc'><strong>-</strong></span> <span class='ocrx_word' id='word_1_39' title='bbox 336 522 476 549; x_wconf 76' lang='lat' dir='ltr'>abscondit</span> <span class='ocrx_word' id='word_1_40' title='bbox 491 530 520 549; x_wconf 90' lang='lat' dir='ltr'>se</span> <span class='ocrx_word' id='word_1_41' title='bbox 542 530 557 549; x_wconf 93' lang='lat' dir='ltr'>a</span> <span class='ocrx_word' id='word_1_42' title='bbox 577 523 661 549; x_wconf 88' lang='lat' dir='ltr'>turbis</span> <span class='ocrx_word' id='word_1_43' title='bbox 680 530 734 549; x_wconf 90' lang='lat' dir='ltr'>car-</span> 
     </span>
     <span class='ocr_line' id='line_1_9' title="bbox 95 567 733 600; baseline 0.002 -7"><span class='ocrx_word' id='word_1_44' title='bbox 95 567 186 594; x_wconf 90' lang='lat' dir='ltr'>naliter</span> <span class='ocrx_word' id='word_1_45' title='bbox 213 567 386 593; x_wconf 77' lang='lat' dir='ltr'>sentientibus</span> <span class='ocrx_word' id='word_1_46' title='bbox 412 567 447 593; x_wconf 91' lang='lat' dir='ltr'>ad</span> <span class='ocrx_word' id='word_1_47' title='bbox 478 568 674 600; x_wconf 89' lang='lat' dir='ltr'>corripiendum</span> <span class='ocrx_word' id='word_1_48' title='bbox 701 568 733 594; x_wconf 94' lang='lat' dir='ltr'>Vl</span> 
     </span>
     <span class='ocr_line' id='line_1_10' title="bbox 95 611 734 644; baseline -0.002 -6"><span class='ocrx_word' id='word_1_49' title='bbox 95 611 146 638; x_wconf 83' lang='lat'>577</span> <span class='ocrx_word' id='word_1_50' title='bbox 173 613 188 638; x_wconf 89' lang='grc'>2</span> <span class='ocrx_word' id='word_1_51' title='bbox 213 625 250 631; x_wconf 90' lang='grc'>-</span> <span class='ocrx_word' id='word_1_52' title='bbox 274 611 412 638; x_wconf 83' lang='lat' dir='ltr'>abscondit</span> <span class='ocrx_word' id='word_1_53' title='bbox 439 619 468 638; x_wconf 87' lang='lat' dir='ltr'>se</span> <span class='ocrx_word' id='word_1_54' title='bbox 496 619 511 637; x_wconf 92' lang='lat' dir='ltr'>a</span> <span class='ocrx_word' id='word_1_55' title='bbox 531 612 681 644; x_wconf 71' lang='lat' dir='ltr'>magdalena</span> <span class='ocrx_word' id='word_1_56' title='bbox 701 613 734 638; x_wconf 87' lang='lat' dir='ltr'>la-</span> 
     </span>
     <span class='ocr_line' id='line_1_11' title="bbox 95 656 734 689; baseline 0 -7"><span class='ocrx_word' id='word_1_57' title='bbox 95 656 187 688; x_wconf 89' lang='lat' dir='ltr'>tendo,</span> <span class='ocrx_word' id='word_1_58' title='bbox 204 657 251 682; x_wconf 90' lang='lat' dir='ltr'>sed</span> <span class='ocrx_word' id='word_1_59' title='bbox 278 663 331 682; x_wconf 90' lang='lat' dir='ltr'>non</span> <span class='ocrx_word' id='word_1_60' title='bbox 353 656 505 682; x_wconf 90' lang='lat' dir='ltr'>recedendo</span> <span class='ocrx_word' id='word_1_61' title='bbox 531 660 639 689; x_wconf 90' lang='lat' dir='ltr'>propter</span> <span class='ocrx_word' id='word_1_62' title='bbox 667 657 734 683; x_wconf 90' lang='lat' dir='ltr'>illius</span> 
     </span>
     <span class='ocr_line' id='line_1_12' title="bbox 95 699 735 733; baseline 0.002 -7"><span class='ocrx_word' id='word_1_63' title='bbox 95 701 229 727; x_wconf 79' lang='lat' dir='ltr'>utilitatem</span> <span class='ocrx_word' id='word_1_64' title='bbox 249 699 282 727; x_wconf 85' lang='lat' dir='ltr'>ib.</span> <span class='ocrx_word' id='word_1_65' title='bbox 303 701 319 726; x_wconf 87' lang='lat'><strong>3</strong></span> <span class='ocrx_word' id='word_1_66' title='bbox 337 715 373 720; x_wconf 91' lang='lat'>—-</span> <span class='ocrx_word' id='word_1_67' title='bbox 391 700 527 727; x_wconf 80' lang='lat' dir='ltr'>abscondit</span> <span class='ocrx_word' id='word_1_68' title='bbox 545 708 574 727; x_wconf 89' lang='lat' dir='ltr'>se</span> <span class='ocrx_word' id='word_1_69' title='bbox 587 708 601 726; x_wconf 91' lang='lat' dir='ltr'>a</span> <span class='ocrx_word' id='word_1_70' title='bbox 621 701 735 733; x_wconf 84' lang='lat' dir='ltr'>discipu·</span> 
     </span>
     <span class='ocr_line' id='line_1_13' title="bbox 94 745 732 772; baseline 0.002 -1"><span class='ocrx_word' id='word_1_71' title='bbox 94 746 130 771; x_wconf 87' lang='lat' dir='ltr'>lis</span> <span class='ocrx_word' id='word_1_72' title='bbox 152 745 276 771; x_wconf 90' lang='lat' dir='ltr'>euntibus</span> <span class='ocrx_word' id='word_1_73' title='bbox 300 745 327 771; x_wconf 92' lang='lat' dir='ltr'>in</span> <span class='ocrx_word' id='word_1_74' title='bbox 355 746 480 771; x_wconf 84' lang='lat' dir='ltr'>Emmaus</span> <span class='ocrx_word' id='word_1_75' title='bbox 505 745 539 771; x_wconf 86' lang='lat' dir='ltr'>ad</span> <span class='ocrx_word' id='word_1_76' title='bbox 567 746 732 772; x_wconf 85' lang='lat' dir='ltr'>excitandam</span> 
     </span>
     <span class='ocr_line' id='line_1_14' title="bbox 94 789 733 822; baseline 0 -7"><span class='ocrx_word' id='word_1_77' title='bbox 94 790 226 816; x_wconf 85' lang='lat' dir='ltr'>caritatem</span> <span class='ocrx_word' id='word_1_78' title='bbox 248 789 299 815; x_wconf 82' lang='lat'><strong>578</strong></span> <span class='ocrx_word' id='word_1_79' title='bbox 319 790 334 815; x_wconf 89' lang='grc'><strong>3</strong></span> <span class='ocrx_word' id='word_1_80' title='bbox 353 803 390 809; x_wconf 90' lang='grc'><strong>-</strong></span> <span class='ocrx_word' id='word_1_81' title='bbox 409 790 480 816; x_wconf 90' lang='lat' dir='ltr'>venit</span> <span class='ocrx_word' id='word_1_82' title='bbox 498 790 532 816; x_wconf 89' lang='lat' dir='ltr'>ad</span> <span class='ocrx_word' id='word_1_83' title='bbox 556 797 605 816; x_wconf 92' lang='lat' dir='ltr'>nos</span> <span class='ocrx_word' id='word_1_84' title='bbox 628 797 675 822; x_wconf 89' lang='lat' dir='ltr'>per</span> <span class='ocrx_word' id='word_1_85' title='bbox 698 790 733 815; x_wconf 93' lang='lat' dir='ltr'>in-</span> 
     </span>
     <span class='ocr_line' id='line_1_15' title="bbox 94 834 735 867; baseline 0 -7"><span class='ocrx_word' id='word_1_86' title='bbox 94 834 262 866; x_wconf 81' lang='lat' dir='ltr'>spirationem</span> <span class='ocrx_word' id='word_1_87' title='bbox 272 855 278 867; x_wconf 86' lang='lat'>,</span> <span class='ocrx_word' id='word_1_88' title='bbox 297 841 344 867; x_wconf 93' lang='lat' dir='ltr'>per</span> <span class='ocrx_word' id='word_1_89' title='bbox 358 838 469 860; x_wconf 90' lang='lat' dir='ltr'>mortem</span> <span class='ocrx_word' id='word_1_90' title='bbox 483 838 509 860; x_wconf 90' lang='lat' dir='ltr'>et</span> <span class='ocrx_word' id='word_1_91' title='bbox 522 842 569 867; x_wconf 90' lang='lat' dir='ltr'>per</span> <span class='ocrx_word' id='word_1_92' title='bbox 588 835 664 861; x_wconf 76' lang='lat' dir='ltr'>finale</span> <span class='ocrx_word' id='word_1_93' title='bbox 678 841 735 861; x_wconf 85' lang='lat' dir='ltr'>exa-</span> 
     </span>
     <span class='ocr_line' id='line_1_16' title="bbox 94 878 336 905; baseline 0 -1"><span class='ocrx_word' id='word_1_94' title='bbox 94 885 154 905; x_wconf 88' lang='lat' dir='ltr'>men</span> <span class='ocrx_word' id='word_1_95' title='bbox 175 879 216 905; x_wconf 90' lang='lat' dir='ltr'>Vll</span> <span class='ocrx_word' id='word_1_96' title='bbox 237 878 288 904; x_wconf 85' lang='grc'>364</span> <span class='ocrx_word' id='word_1_97' title='bbox 308 879 336 904; x_wconf 90' lang='grc'>21</span> 
     </span>
    </p>

    <p class='ocr_par' dir='ltr' id='par_1_4' title="bbox 92 922 732 1134">
     <span class='ocr_line' id='line_1_17' title="bbox 145 922 732 955; baseline 0.002 -7"><span class='ocrx_word' id='word_1_98' title='bbox 145 937 182 942; x_wconf 94' lang='grc'><strong>-</strong></span> <span class='ocrx_word' id='word_1_99' title='bbox 200 923 282 949; x_wconf 90' lang='lat' dir='ltr'>Nemo</span> <span class='ocrx_word' id='word_1_100' title='bbox 311 925 396 955; x_wconf 88' lang='lat' dir='ltr'>potest</span> <span class='ocrx_word' id='word_1_101' title='bbox 423 923 514 949; x_wconf 92' lang='lat' dir='ltr'>venire</span> <span class='ocrx_word' id='word_1_102' title='bbox 539 923 573 949; x_wconf 90' lang='lat' dir='ltr'>ad</span> <span class='ocrx_word' id='word_1_103' title='bbox 600 922 732 949; x_wconf 89' lang='lat' dir='ltr'>Christum</span> 
     </span>
     <span class='ocr_line' id='line_1_18' title="bbox 92 967 732 1001; baseline 0.002 -8"><span class='ocrx_word' id='word_1_104' title='bbox 92 967 141 993; x_wconf 91' lang='lat' dir='ltr'>nisi</span> <span class='ocrx_word' id='word_1_105' title='bbox 154 974 234 1001; x_wconf 89' lang='lat' dir='ltr'>quem</span> <span class='ocrx_word' id='word_1_106' title='bbox 254 968 328 993; x_wconf 83' lang='lat' dir='ltr'>Pater</span> <span class='ocrx_word' id='word_1_107' title='bbox 341 968 418 993; x_wconf 89' lang='lat' dir='ltr'>trahit</span> <span class='ocrx_word' id='word_1_108' title='bbox 437 974 484 1000; x_wconf 91' lang='lat' dir='ltr'>per</span> <span class='ocrx_word' id='word_1_109' title='bbox 499 967 685 994; x_wconf 80' lang='lat' dir='ltr'>revelationem</span> <span class='ocrx_word' id='word_1_110' title='bbox 699 969 732 994; x_wconf 91' lang='lat' dir='ltr'>Vl</span> 
     </span>
     <span class='ocr_line' id='line_1_19' title="bbox 94 1012 732 1044; baseline 0.002 -7"><span class='ocrx_word' id='word_1_111' title='bbox 94 1012 144 1038; x_wconf 88' lang='lat'>330</span> <span class='ocrx_word' id='word_1_112' title='bbox 176 1012 223 1043; x_wconf 90' lang='lat'>68,</span> <span class='ocrx_word' id='word_1_113' title='bbox 253 1012 286 1037; x_wconf 86' lang='grc'>69</span> <span class='ocrx_word' id='word_1_114' title='bbox 305 1026 341 1031; x_wconf 95' lang='grc'>-</span> <span class='ocrx_word' id='word_1_115' title='bbox 359 1012 442 1038; x_wconf 84' lang='grc' dir='ltr'><strong>Νο100</strong></span> <span class='ocrx_word' id='word_1_116' title='bbox 470 1015 556 1044; x_wconf 89' lang='lat' dir='ltr'>potest</span> <span class='ocrx_word' id='word_1_117' title='bbox 580 1013 671 1038; x_wconf 88' lang='lat' dir='ltr'>venire</span> <span class='ocrx_word' id='word_1_118' title='bbox 699 1013 732 1038; x_wconf 89' lang='lat' dir='ltr'>ad</span> 
     </span>
     <span class='ocr_line' id='line_1_20' title="bbox 92 1056 732 1089; baseline 0 -7"><span class='ocrx_word' id='word_1_119' title='bbox 92 1056 239 1088; x_wconf 76' lang='lat' dir='ltr'>Christum,</span> <span class='ocrx_word' id='word_1_120' title='bbox 263 1056 310 1083; x_wconf 86' lang='lat' dir='ltr'>nisi</span> <span class='ocrx_word' id='word_1_121' title='bbox 334 1057 424 1082; x_wconf 89' lang='lat' dir='ltr'>datum</span> <span class='ocrx_word' id='word_1_122' title='bbox 449 1057 526 1083; x_wconf 82' lang='lat' dir='ltr'>suerit</span> <span class='ocrx_word' id='word_1_123' title='bbox 548 1057 571 1082; x_wconf 91' lang='lat' dir='ltr'>ei</span> <span class='ocrx_word' id='word_1_124' title='bbox 600 1064 614 1082; x_wconf 93' lang='lat' dir='ltr'>a</span> <span class='ocrx_word' id='word_1_125' title='bbox 644 1058 732 1089; x_wconf 78' lang='lat' dir='ltr'>Patre,</span> 
     </span>
     <span class='ocr_line' id='line_1_21' title="bbox 92 1101 679 1134; baseline 0 -7"><span class='ocrx_word' id='word_1_126' title='bbox 92 1101 154 1134; x_wconf 92' lang='lat' dir='ltr'>quia</span> <span class='ocrx_word' id='word_1_127' title='bbox 173 1102 224 1127; x_wconf 91' lang='lat' dir='ltr'>hoc</span> <span class='ocrx_word' id='word_1_128' title='bbox 242 1104 282 1127; x_wconf 89' lang='lat' dir='ltr'>est</span> <span class='ocrx_word' id='word_1_129' title='bbox 300 1101 391 1127; x_wconf 91' lang='lat' dir='ltr'>datum</span> <span class='ocrx_word' id='word_1_130' title='bbox 411 1101 541 1133; x_wconf 89' lang='lat' dir='ltr'>optimum</span> <span class='ocrx_word' id='word_1_131' title='bbox 561 1101 612 1127; x_wconf 91' lang='grc'>337</span> <span class='ocrx_word' id='word_1_132' title='bbox 633 1102 679 1127; x_wconf 82' lang='grc'>101</span> 
     </span>
    </p>

    <p class='ocr_par' dir='ltr' id='par_1_5' title="bbox 91 1146 733 1572">
     <span class='ocr_line' id='line_1_22' title="bbox 145 1146 730 1177; baseline 0.002 -6"><span class='ocrx_word' id='word_1_133' title='bbox 145 1160 180 1164; x_wconf 79' lang='lat'>——</span> <span class='ocrx_word' id='word_1_134' title='bbox 199 1148 289 1177; x_wconf 83' lang='lat' dir='ltr'>vocat,</span> <span class='ocrx_word' id='word_1_135' title='bbox 309 1149 338 1172; x_wconf 90' lang='grc'>01</span> <span class='ocrx_word' id='word_1_136' title='bbox 356 1146 390 1172; x_wconf 89' lang='lat' dir='ltr'>ad</span> <span class='ocrx_word' id='word_1_137' title='bbox 408 1153 437 1172; x_wconf 88' lang='lat' dir='ltr'>se</span> <span class='ocrx_word' id='word_1_138' title='bbox 460 1149 597 1172; x_wconf 87' lang='lat' dir='ltr'>convertat</span> <span class='ocrx_word' id='word_1_139' title='bbox 616 1147 659 1172; x_wconf 84' lang='lat' dir='ltr'>Vll</span> <span class='ocrx_word' id='word_1_140' title='bbox 681 1147 730 1173; x_wconf 96' lang='grc'>129</span> 
     </span>
     <span class='ocr_line' id='line_1_23' title="bbox 92 1185 733 1224; baseline 0.002 -8"><span class='ocrx_word' id='word_1_141' title='bbox 92 1190 126 1216; x_wconf 91' lang='grc'>67</span> <span class='ocrx_word' id='word_1_142' title='bbox 144 1204 181 1210; x_wconf 90' lang='grc'><strong>-</strong></span> <span class='ocrx_word' id='word_1_143' title='bbox 199 1197 251 1216; x_wconf 90' lang='grc'>000</span> <span class='ocrx_word' id='word_1_144' title='bbox 264 1191 336 1217; x_wconf 91' lang='lat' dir='ltr'>venit</span> <span class='ocrx_word' id='word_1_145' title='bbox 354 1185 451 1217; x_wconf 81' lang='lat' dir='ltr'>vocare</span> <span class='ocrx_word' id='word_1_146' title='bbox 463 1191 510 1224; x_wconf 89' lang='lat' dir='ltr'>qui</span> <span class='ocrx_word' id='word_1_147' title='bbox 528 1198 556 1217; x_wconf 80' lang='lat' dir='ltr'>se</span> <span class='ocrx_word' id='word_1_148' title='bbox 575 1191 733 1224; x_wconf 85' lang='lat' dir='ltr'>reputabant</span> 
     </span>
     <span class='ocr_line' id='line_1_24' title="bbox 91 1235 732 1268; baseline 0.003 -8"><span class='ocrx_word' id='word_1_149' title='bbox 91 1235 174 1261; x_wconf 90' lang='lat' dir='ltr'>iustos</span> <span class='ocrx_word' id='word_1_150' title='bbox 196 1235 344 1261; x_wconf 86' lang='lat' dir='ltr'>secundum</span> <span class='ocrx_word' id='word_1_151' title='bbox 369 1236 479 1268; x_wconf 81' lang='lat' dir='ltr'>Legem,</span> <span class='ocrx_word' id='word_1_152' title='bbox 502 1236 550 1261; x_wconf 90' lang='lat' dir='ltr'>sed</span> <span class='ocrx_word' id='word_1_153' title='bbox 578 1236 666 1268; x_wconf 90' lang='lat' dir='ltr'>potius</span> <span class='ocrx_word' id='word_1_154' title='bbox 692 1243 732 1263; x_wconf 86' lang='lat' dir='ltr'>ex-</span> 
     </span>
     <span class='ocr_line' id='line_1_25' title="bbox 91 1280 731 1313; baseline 0 -7"><span class='ocrx_word' id='word_1_155' title='bbox 91 1286 199 1306; x_wconf 75' lang='lat' dir='ltr'>caecare</span> <span class='ocrx_word' id='word_1_156' title='bbox 218 1280 269 1305; x_wconf 82' lang='grc'>132</span> <span class='ocrx_word' id='word_1_157' title='bbox 288 1280 322 1305; x_wconf 88' lang='grc'>78</span> <span class='ocrx_word' id='word_1_158' title='bbox 342 1294 377 1298; x_wconf 93' lang='grc'>-</span> <span class='ocrx_word' id='word_1_159' title='bbox 395 1280 497 1313; x_wconf 92' lang='lat' dir='ltr'>quaerit</span> <span class='ocrx_word' id='word_1_160' title='bbox 520 1280 616 1312; x_wconf 88' lang='lat' dir='ltr'>dignos</span> <span class='ocrx_word' id='word_1_161' title='bbox 636 1280 731 1307; x_wconf 80' lang='lat' dir='ltr'>beneti-</span> 
     </span>
     <span class='ocr_line' id='line_1_26' title="bbox 91 1324 732 1357; baseline 0.003 -8"><span class='ocrx_word' id='word_1_162' title='bbox 91 1324 138 1350; x_wconf 89' lang='lat' dir='ltr'>ciis</span> <span class='ocrx_word' id='word_1_163' title='bbox 156 1324 211 1350; x_wconf 91' lang='lat' dir='ltr'>suis</span> <span class='ocrx_word' id='word_1_164' title='bbox 231 1324 281 1350; x_wconf 89' lang='grc'>167</span> <span class='ocrx_word' id='word_1_165' title='bbox 302 1324 317 1349; x_wconf 92' lang='grc'>6</span> <span class='ocrx_word' id='word_1_166' title='bbox 335 1339 371 1342; x_wconf 91' lang='grc'><strong>-</strong></span> <span class='ocrx_word' id='word_1_167' title='bbox 390 1327 621 1357; x_wconf 75' lang='grc'><strong>10011101111105505</strong></span> <span class='ocrx_word' id='word_1_168' title='bbox 640 1325 732 1351; x_wconf 86' lang='lat' dir='ltr'>labori-</span> 
     </span>
     <span class='ocr_line' id='line_1_27' title="bbox 91 1367 732 1402; baseline 0.003 -8"><span class='ocrx_word' id='word_1_169' title='bbox 91 1367 142 1394; x_wconf 87' lang='lat' dir='ltr'>bus</span> <span class='ocrx_word' id='word_1_170' title='bbox 160 1368 194 1394; x_wconf 91' lang='lat' dir='ltr'>Vl</span> <span class='ocrx_word' id='word_1_171' title='bbox 209 1368 260 1394; x_wconf 87' lang='grc'>294</span> <span class='ocrx_word' id='word_1_172' title='bbox 279 1369 312 1394; x_wconf 89' lang='grc'>29</span> <span class='ocrx_word' id='word_1_173' title='bbox 326 1382 361 1388; x_wconf 90' lang='grc'><strong>-</strong></span> <span class='ocrx_word' id='word_1_174' title='bbox 373 1369 527 1402; x_wconf 88' lang='lat' dir='ltr'>quaerendo</span> <span class='ocrx_word' id='word_1_175' title='bbox 546 1369 639 1395; x_wconf 84' lang='lat' dir='ltr'>excitat</span> <span class='ocrx_word' id='word_1_176' title='bbox 654 1373 680 1396; x_wconf 91' lang='lat' dir='ltr'>et</span> <span class='ocrx_word' id='word_1_177' title='bbox 691 1377 732 1396; x_wconf 87' lang='lat' dir='ltr'>ex-</span> 
     </span>
     <span class='ocr_line' id='line_1_28' title="bbox 91 1412 730 1446; baseline 0.003 -8"><span class='ocrx_word' id='word_1_178' title='bbox 91 1412 195 1439; x_wconf 87' lang='lat' dir='ltr'>citando</span> <span class='ocrx_word' id='word_1_179' title='bbox 213 1416 304 1446; x_wconf 87' lang='lat' dir='ltr'>vocat,</span> <span class='ocrx_word' id='word_1_180' title='bbox 329 1416 357 1439; x_wconf 91' lang='lat' dir='ltr'>ut</span> <span class='ocrx_word' id='word_1_181' title='bbox 379 1412 510 1439; x_wconf 88' lang='lat' dir='ltr'>abiectum</span> <span class='ocrx_word' id='word_1_182' title='bbox 535 1414 661 1446; x_wconf 86' lang='lat' dir='ltr'>suscipiat</span> <span class='ocrx_word' id='word_1_183' title='bbox 678 1415 730 1440; x_wconf 88' lang='grc'>380</span> 
     </span>
     <span class='ocr_line' id='line_1_29' title="bbox 92 1457 731 1491; baseline 0.005 -9"><span class='ocrx_word' id='word_1_184' title='bbox 92 1457 124 1482; x_wconf 91' lang='grc'>46</span> <span class='ocrx_word' id='word_1_185' title='bbox 145 1471 178 1476; x_wconf 91' lang='grc'>-</span> <span class='ocrx_word' id='word_1_186' title='bbox 197 1460 275 1483; x_wconf 83' lang='lat' dir='ltr'>vocat</span> <span class='ocrx_word' id='word_1_187' title='bbox 294 1464 342 1490; x_wconf 92' lang='lat' dir='ltr'>per</span> <span class='ocrx_word' id='word_1_188' title='bbox 360 1458 482 1484; x_wconf 79' lang='lat' dir='ltr'>affectum</span> <span class='ocrx_word' id='word_1_189' title='bbox 502 1457 669 1491; x_wconf 75' lang='lat' dir='ltr'>benignitatis</span> <span class='ocrx_word' id='word_1_190' title='bbox 688 1460 731 1485; x_wconf 94' lang='lat' dir='ltr'>Vll</span> 
     </span>
     <span class='ocr_line' id='line_1_30' title="bbox 91 1501 732 1537; baseline 0.003 -10"><span class='ocrx_word' id='word_1_191' title='bbox 91 1501 142 1527; x_wconf 85' lang='grc'>343</span> <span class='ocrx_word' id='word_1_192' title='bbox 163 1501 197 1527; x_wconf 89' lang='grc'>25</span> <span class='ocrx_word' id='word_1_193' title='bbox 217 1516 250 1520; x_wconf 89' lang='grc'><strong>-</strong></span> <span class='ocrx_word' id='word_1_194' title='bbox 269 1504 355 1534; x_wconf 89' lang='lat' dir='ltr'>potest</span> <span class='ocrx_word' id='word_1_195' title='bbox 374 1503 476 1528; x_wconf 84' lang='lat' dir='ltr'>trahere</span> <span class='ocrx_word' id='word_1_196' title='bbox 494 1503 529 1529; x_wconf 91' lang='lat' dir='ltr'>ad</span> <span class='ocrx_word' id='word_1_197' title='bbox 548 1510 576 1529; x_wconf 91' lang='lat' dir='ltr'>se</span> <span class='ocrx_word' id='word_1_198' title='bbox 595 1511 662 1537; x_wconf 88' lang='lat' dir='ltr'>quos</span> <span class='ocrx_word' id='word_1_199' title='bbox 675 1504 732 1530; x_wconf 90' lang='lat' dir='ltr'>vult</span> 
     </span>
     <span class='ocr_line' id='line_1_31' title="bbox 91 1546 190 1572; baseline 0.01 -1"><span class='ocrx_word' id='word_1_200' title='bbox 91 1546 141 1571; x_wconf 87' lang='grc'>130</span> <span class='ocrx_word' id='word_1_201' title='bbox 160 1546 190 1572; x_wconf 89' lang='grc'>71</span> 
     </span>
    </p>

    <p class='ocr_par' dir='ltr' id='par_1_6' title="bbox 88 1591 731 1841">
     <span class='ocr_line' id='line_1_32' title="bbox 142 1591 731 1627; baseline 0.003 -10"><span class='ocrx_word' id='word_1_202' title='bbox 142 1605 178 1610; x_wconf 92' lang='grc'>-</span> <span class='ocrx_word' id='word_1_203' title='bbox 196 1591 270 1623; x_wconf 84' lang='lat' dir='ltr'>prius</span> <span class='ocrx_word' id='word_1_204' title='bbox 289 1592 362 1618; x_wconf 81' lang='lat' dir='ltr'>videt</span> <span class='ocrx_word' id='word_1_205' title='bbox 379 1595 405 1618; x_wconf 91' lang='lat' dir='ltr'>et</span> <span class='ocrx_word' id='word_1_206' title='bbox 423 1593 526 1625; x_wconf 86' lang='lat' dir='ltr'>quaerit</span> <span class='ocrx_word' id='word_1_207' title='bbox 543 1600 624 1626; x_wconf 90' lang='lat' dir='ltr'>quam</span> <span class='ocrx_word' id='word_1_208' title='bbox 650 1601 731 1627; x_wconf 85' lang='lat' dir='ltr'>quae-</span> 
     </span>
     <span class='ocr_line' id='line_1_33' title="bbox 89 1636 731 1664; baseline 0.005 -3"><span class='ocrx_word' id='word_1_209' title='bbox 89 1638 161 1661; x_wconf 88' lang='lat' dir='ltr'>ratur</span> <span class='ocrx_word' id='word_1_210' title='bbox 180 1636 214 1661; x_wconf 92' lang='lat' dir='ltr'>Vl</span> <span class='ocrx_word' id='word_1_211' title='bbox 228 1636 280 1662; x_wconf 83' lang='lat'>267</span> <span class='ocrx_word' id='word_1_212' title='bbox 300 1637 334 1663; x_wconf 88' lang='grc'>95</span> <span class='ocrx_word' id='word_1_213' title='bbox 347 1650 382 1656; x_wconf 90' lang='grc'>-</span> <span class='ocrx_word' id='word_1_214' title='bbox 395 1637 467 1663; x_wconf 85' lang='lat' dir='ltr'>venit</span> <span class='ocrx_word' id='word_1_215' title='bbox 485 1637 519 1663; x_wconf 85' lang='lat' dir='ltr'>ad</span> <span class='ocrx_word' id='word_1_216' title='bbox 533 1644 626 1664; x_wconf 88' lang='lat' dir='ltr'>omnes</span> <span class='ocrx_word' id='word_1_217' title='bbox 644 1638 731 1664; x_wconf 74' lang='lat' dir='ltr'>voten-</span> 
     </span>
     <span class='ocr_line' id='line_1_34' title="bbox 89 1681 730 1714; baseline 0.003 -8"><span class='ocrx_word' id='word_1_218' title='bbox 89 1683 128 1706; x_wconf 89' lang='lat' dir='ltr'>tes</span> <span class='ocrx_word' id='word_1_219' title='bbox 146 1687 207 1707; x_wconf 87' lang='lat' dir='ltr'>cum</span> <span class='ocrx_word' id='word_1_220' title='bbox 227 1682 362 1713; x_wconf 83' lang='lat' dir='ltr'>suscipere</span> <span class='ocrx_word' id='word_1_221' title='bbox 381 1681 424 1707; x_wconf 88' lang='lat' dir='ltr'>Vll</span> <span class='ocrx_word' id='word_1_222' title='bbox 444 1681 496 1708; x_wconf 84' lang='grc'>543</span> <span class='ocrx_word' id='word_1_223' title='bbox 521 1683 550 1708; x_wconf 89' lang='grc'>15</span> <span class='ocrx_word' id='word_1_224' title='bbox 570 1697 604 1701; x_wconf 96' lang='lat'>—</span> <span class='ocrx_word' id='word_1_225' title='bbox 622 1689 730 1714; x_wconf 86' lang='lat' dir='ltr'>praeve-</span> 
     </span>
     <span class='ocr_line' id='line_1_35' title="bbox 88 1725 729 1759; baseline 0.005 -9"><span class='ocrx_word' id='word_1_226' title='bbox 88 1725 127 1750; x_wconf 88' lang='lat' dir='ltr'>nit</span> <span class='ocrx_word' id='word_1_227' title='bbox 145 1732 191 1751; x_wconf 89' lang='lat' dir='ltr'>eos</span> <span class='ocrx_word' id='word_1_228' title='bbox 218 1726 265 1759; x_wconf 89' lang='lat' dir='ltr'>qui</span> <span class='ocrx_word' id='word_1_229' title='bbox 293 1726 380 1758; x_wconf 89' lang='lat' dir='ltr'>ipsum</span> <span class='ocrx_word' id='word_1_230' title='bbox 408 1727 597 1758; x_wconf 85' lang='lat' dir='ltr'>concupiscunt</span> <span class='ocrx_word' id='word_1_231' title='bbox 625 1727 658 1753; x_wconf 92' lang='lat' dir='ltr'>Vl</span> <span class='ocrx_word' id='word_1_232' title='bbox 681 1727 729 1753; x_wconf 96' lang='grc'>148</span> 
     </span>
     <span class='ocr_line' id='line_1_36' title="bbox 88 1769 729 1804; baseline 0.003 -9"><span class='ocrx_word' id='word_1_233' title='bbox 88 1776 115 1795; x_wconf 92' lang='lat' dir='ltr'>v.</span> <span class='ocrx_word' id='word_1_234' title='bbox 136 1769 168 1795; x_wconf 81' lang='grc'>14</span> <span class='ocrx_word' id='word_1_235' title='bbox 188 1784 223 1788; x_wconf 94' lang='grc'>-</span> <span class='ocrx_word' id='word_1_236' title='bbox 242 1770 326 1801; x_wconf 89' lang='lat' dir='ltr'>venit,</span> <span class='ocrx_word' id='word_1_237' title='bbox 347 1771 388 1796; x_wconf 76' lang='lat' dir='ltr'>via</span> <span class='ocrx_word' id='word_1_238' title='bbox 408 1774 563 1803; x_wconf 90' lang='lat' dir='ltr'>praeparata</span> <span class='ocrx_word' id='word_1_239' title='bbox 583 1778 631 1803; x_wconf 88' lang='lat' dir='ltr'>per</span> <span class='ocrx_word' id='word_1_240' title='bbox 657 1779 729 1804; x_wconf 90' lang='lat' dir='ltr'>prae-</span> 
     </span>
     <span class='ocr_line' id='line_1_37' title="bbox 88 1814 415 1841; baseline 0.006 -2"><span class='ocrx_word' id='word_1_241' title='bbox 88 1814 246 1840; x_wconf 81' lang='lat' dir='ltr'>dicationem</span> <span class='ocrx_word' id='word_1_242' title='bbox 267 1815 309 1841; x_wconf 89' lang='lat' dir='ltr'>Vll</span> <span class='ocrx_word' id='word_1_243' title='bbox 329 1816 380 1841; x_wconf 89' lang='grc'>253</span> <span class='ocrx_word' id='word_1_244' title='bbox 400 1816 415 1840; x_wconf 90' lang='grc'><strong>3</strong></span> 
     </span>
    </p>

    <p class='ocr_par' dir='ltr' id='par_1_7' title="bbox 86 1859 728 2293">
     <span class='ocr_line' id='line_1_38' title="bbox 143 1859 728 1892; baseline 0.003 -8"><span class='ocrx_word' id='word_1_245' title='bbox 143 1874 177 1877; x_wconf 93' lang='grc'><strong>-</strong></span> <span class='ocrx_word' id='word_1_246' title='bbox 204 1859 276 1885; x_wconf 89' lang='lat' dir='ltr'>venit</span> <span class='ocrx_word' id='word_1_247' title='bbox 303 1860 335 1885; x_wconf 89' lang='lat' dir='ltr'>ad</span> <span class='ocrx_word' id='word_1_248' title='bbox 365 1860 471 1892; x_wconf 88' lang='lat' dir='ltr'>nuptias</span> <span class='ocrx_word' id='word_1_249' title='bbox 503 1860 634 1886; x_wconf 85' lang='lat' dir='ltr'>faciendas</span> <span class='ocrx_word' id='word_1_250' title='bbox 662 1860 728 1886; x_wconf 89' lang='lat' dir='ltr'>inter</span> 
     </span>
     <span class='ocr_line' id='line_1_39' title="bbox 87 1903 728 1930; baseline 0.002 -1"><span class='ocrx_word' id='word_1_251' title='bbox 87 1903 172 1929; x_wconf 90' lang='lat' dir='ltr'>Deum</span> <span class='ocrx_word' id='word_1_252' title='bbox 191 1906 217 1929; x_wconf 87' lang='lat' dir='ltr'>et</span> <span class='ocrx_word' id='word_1_253' title='bbox 234 1903 349 1929; x_wconf 89' lang='lat' dir='ltr'>animam</span> <span class='ocrx_word' id='word_1_254' title='bbox 370 1904 494 1930; x_wconf 85' lang='lat' dir='ltr'>invitatus</span> <span class='ocrx_word' id='word_1_255' title='bbox 513 1904 546 1929; x_wconf 81' lang='lat' dir='ltr'>vt</span> <span class='ocrx_word' id='word_1_256' title='bbox 566 1904 612 1930; x_wconf 89' lang='grc'>271</span> <span class='ocrx_word' id='word_1_257' title='bbox 638 1905 670 1930; x_wconf 89' lang='grc'>13</span> <span class='ocrx_word' id='word_1_258' title='bbox 692 1918 728 1924; x_wconf 94' lang='lat'>—-</span> 
     </span>
     <span class='ocr_line' id='line_1_40' title="bbox 86 1948 728 1974; baseline 0.003 -2"><span class='ocrx_word' id='word_1_259' title='bbox 86 1961 122 1966; x_wconf 96' lang='lat'>—</span> <span class='ocrx_word' id='word_1_260' title='bbox 141 1948 265 1973; x_wconf 87' lang='lat' dir='ltr'>invitatus</span> <span class='ocrx_word' id='word_1_261' title='bbox 284 1948 317 1974; x_wconf 88' lang='lat' dir='ltr'>ad</span> <span class='ocrx_word' id='word_1_262' title='bbox 336 1948 489 1974; x_wconf 86' lang='lat' dir='ltr'>convivium</span> <span class='ocrx_word' id='word_1_263' title='bbox 516 1948 728 1974; x_wconf 86' lang='lat' dir='ltr'>communicabat</span> 
     </span>
     <span class='ocr_line' id='line_1_41' title="bbox 87 1991 728 2019; baseline 0.003 -2"><span class='ocrx_word' id='word_1_264' title='bbox 87 1992 121 2018; x_wconf 86' lang='lat' dir='ltr'>de</span> <span class='ocrx_word' id='word_1_265' title='bbox 139 1991 216 2018; x_wconf 91' lang='lat' dir='ltr'>bonis</span> <span class='ocrx_word' id='word_1_266' title='bbox 234 1992 289 2018; x_wconf 88' lang='lat' dir='ltr'>suis</span> <span class='ocrx_word' id='word_1_267' title='bbox 309 1992 351 2018; x_wconf 85' lang='lat' dir='ltr'>Vll</span> <span class='ocrx_word' id='word_1_268' title='bbox 373 1993 424 2018; x_wconf 87' lang='grc'>130</span> <span class='ocrx_word' id='word_1_269' title='bbox 448 1993 492 2018; x_wconf 88' lang='grc'>72,</span> <span class='ocrx_word' id='word_1_270' title='bbox 512 1993 558 2018; x_wconf 89' lang='grc'>131</span> <span class='ocrx_word' id='word_1_271' title='bbox 582 1992 617 2019; x_wconf 90' lang='grc'>74</span> <span class='ocrx_word' id='word_1_272' title='bbox 636 2007 671 2012; x_wconf 93' lang='grc'>-</span> <span class='ocrx_word' id='word_1_273' title='bbox 690 1994 728 2019; x_wconf 87' lang='lat' dir='ltr'>in-</span> 
     </span>
     <span class='ocr_line' id='line_1_42' title="bbox 86 2036 728 2069; baseline 0.002 -7"><span class='ocrx_word' id='word_1_274' title='bbox 86 2037 151 2062; x_wconf 89' lang='lat' dir='ltr'>vitat</span> <span class='ocrx_word' id='word_1_275' title='bbox 168 2043 218 2062; x_wconf 91' lang='lat' dir='ltr'>nos</span> <span class='ocrx_word' id='word_1_276' title='bbox 235 2037 270 2062; x_wconf 91' lang='lat' dir='ltr'>ad</span> <span class='ocrx_word' id='word_1_277' title='bbox 290 2037 394 2069; x_wconf 78' lang='lat' dir='ltr'>nuptias</span> <span class='ocrx_word' id='word_1_278' title='bbox 413 2036 464 2063; x_wconf 83' lang='lat'>364</span> <span class='ocrx_word' id='word_1_279' title='bbox 485 2037 513 2062; x_wconf 90' lang='grc'>21</span> <span class='ocrx_word' id='word_1_280' title='bbox 537 2052 572 2056; x_wconf 92' lang='grc'>--</span> <span class='ocrx_word' id='word_1_281' title='bbox 591 2038 617 2063; x_wconf 87' lang='grc'>111</span> <span class='ocrx_word' id='word_1_282' title='bbox 641 2038 728 2063; x_wconf 91' lang='lat' dir='ltr'>convi-</span> 
     </span>
     <span class='ocr_line' id='line_1_43' title="bbox 86 2081 728 2114; baseline 0.003 -8"><span class='ocrx_word' id='word_1_283' title='bbox 86 2081 131 2107; x_wconf 91' lang='lat' dir='ltr'>vio</span> <span class='ocrx_word' id='word_1_284' title='bbox 150 2081 277 2114; x_wconf 84' lang='lat' dir='ltr'>spirituali</span> <span class='ocrx_word' id='word_1_285' title='bbox 295 2085 334 2108; x_wconf 91' lang='lat' dir='ltr'>est</span> <span class='ocrx_word' id='word_1_286' title='bbox 352 2081 441 2113; x_wconf 89' lang='lat' dir='ltr'>cibus,</span> <span class='ocrx_word' id='word_1_287' title='bbox 454 2082 568 2108; x_wconf 90' lang='lat' dir='ltr'>conviva</span> <span class='ocrx_word' id='word_1_288' title='bbox 587 2085 612 2108; x_wconf 90' lang='lat' dir='ltr'>et</span> <span class='ocrx_word' id='word_1_289' title='bbox 625 2083 728 2114; x_wconf 89' lang='lat' dir='ltr'>dispen-</span> 
     </span>
     <span class='ocr_line' id='line_1_44' title="bbox 86 2126 728 2160; baseline 0.002 -8"><span class='ocrx_word' id='word_1_290' title='bbox 86 2129 170 2158; x_wconf 82' lang='lat' dir='ltr'>sator,</span> <span class='ocrx_word' id='word_1_291' title='bbox 197 2126 260 2160; x_wconf 88' lang='lat' dir='ltr'>quia</span> <span class='ocrx_word' id='word_1_292' title='bbox 288 2126 343 2158; x_wconf 89' lang='lat' dir='ltr'>ipse</span> <span class='ocrx_word' id='word_1_293' title='bbox 371 2126 514 2152; x_wconf 86' lang='lat' dir='ltr'>delectatur</span> <span class='ocrx_word' id='word_1_294' title='bbox 539 2126 678 2153; x_wconf 89' lang='lat' dir='ltr'>nobiseum</span> <span class='ocrx_word' id='word_1_295' title='bbox 703 2130 728 2153; x_wconf 89' lang='lat' dir='ltr'>et</span> 
     </span>
     <span class='ocr_line' id='line_1_45' title="bbox 86 2171 727 2203; baseline 0 -7"><span class='ocrx_word' id='word_1_296' title='bbox 86 2177 135 2197; x_wconf 88' lang='grc'><strong>1105</strong></span> <span class='ocrx_word' id='word_1_297' title='bbox 152 2177 213 2196; x_wconf 89' lang='grc'><strong>01101</strong></span> <span class='ocrx_word' id='word_1_298' title='bbox 233 2171 291 2203; x_wconf 89' lang='lat' dir='ltr'>ipso</span> <span class='ocrx_word' id='word_1_299' title='bbox 310 2171 432 2197; x_wconf 91' lang='lat' dir='ltr'>delectari</span> <span class='ocrx_word' id='word_1_300' title='bbox 446 2171 505 2197; x_wconf 81' lang='lat' dir='ltr'>facit</span> <span class='ocrx_word' id='word_1_301' title='bbox 524 2171 575 2197; x_wconf 87' lang='grc'>398</span> <span class='ocrx_word' id='word_1_302' title='bbox 597 2171 629 2197; x_wconf 87' lang='grc'>40</span> <span class='ocrx_word' id='word_1_303' title='bbox 649 2186 683 2191; x_wconf 94' lang='grc'><strong>-</strong></span> <span class='ocrx_word' id='word_1_304' title='bbox 702 2172 727 2197; x_wconf 90' lang='grc'>10</span> 
     </span>
     <span class='ocr_line' id='line_1_46' title="bbox 88 2215 727 2248; baseline 0.002 -7"><span class='ocrx_word' id='word_1_305' title='bbox 88 2215 187 2247; x_wconf 87' lang='lat' dir='ltr'>nuptiis</span> <span class='ocrx_word' id='word_1_306' title='bbox 200 2215 266 2248; x_wconf 85' lang='lat' dir='ltr'>Agni</span> <span class='ocrx_word' id='word_1_307' title='bbox 280 2216 329 2241; x_wconf 90' lang='lat' dir='ltr'>erit</span> <span class='ocrx_word' id='word_1_308' title='bbox 346 2222 473 2248; x_wconf 87' lang='lat' dir='ltr'>sponsus,</span> <span class='ocrx_word' id='word_1_309' title='bbox 496 2215 584 2247; x_wconf 88' lang='lat' dir='ltr'>cibus,</span> <span class='ocrx_word' id='word_1_310' title='bbox 603 2216 727 2242; x_wconf 89' lang='lat' dir='ltr'>dominus</span> 
     </span>
     <span class='ocr_line' id='line_1_47' title="bbox 88 2259 727 2293; baseline 0.003 -9"><span class='ocrx_word' id='word_1_311' title='bbox 88 2262 113 2286; x_wconf 88' lang='grc'>01</span> <span class='ocrx_word' id='word_1_312' title='bbox 130 2260 260 2291; x_wconf 82' lang='lat' dir='ltr'>minister,</span> <span class='ocrx_word' id='word_1_313' title='bbox 279 2259 325 2293; x_wconf 91' lang='lat' dir='ltr'>qui</span> <span class='ocrx_word' id='word_1_314' title='bbox 344 2260 472 2286; x_wconf 87' lang='lat' dir='ltr'>ministrat</span> <span class='ocrx_word' id='word_1_315' title='bbox 484 2263 510 2286; x_wconf 88' lang='lat' dir='ltr'>et</span> <span class='ocrx_word' id='word_1_316' title='bbox 523 2260 614 2286; x_wconf 86' lang='lat' dir='ltr'>invitat</span> <span class='ocrx_word' id='word_1_317' title='bbox 627 2261 678 2286; x_wconf 90' lang='grc'>326</span> <span class='ocrx_word' id='word_1_318' title='bbox 693 2261 727 2286; x_wconf 88' lang='grc'>56</span> 
     </span>
    </p>

    <p class='ocr_par' dir='ltr' id='par_1_8' title="bbox 85 2304 728 2781">
     <span class='ocr_line' id='line_1_48' title="bbox 139 2304 727 2331; baseline 0 -1"><span class='ocrx_word' id='word_1_319' title='bbox 139 2318 176 2323; x_wconf 95' lang='grc'>-</span> <span class='ocrx_word' id='word_1_320' title='bbox 194 2304 233 2330; x_wconf 80' lang='lat' dir='ltr'>Ad</span> <span class='ocrx_word' id='word_1_321' title='bbox 258 2305 343 2330; x_wconf 89' lang='lat' dir='ltr'>lesum</span> <span class='ocrx_word' id='word_1_322' title='bbox 372 2305 532 2331; x_wconf 88' lang='lat' dir='ltr'>veniendum</span> <span class='ocrx_word' id='word_1_323' title='bbox 561 2305 594 2330; x_wconf 86' lang='lat' dir='ltr'>Vl</span> <span class='ocrx_word' id='word_1_324' title='bbox 623 2305 673 2331; x_wconf 89' lang='grc'>263</span> <span class='ocrx_word' id='word_1_325' title='bbox 694 2306 727 2330; x_wconf 90' lang='grc'>80</span> 
     </span>
     <span class='ocr_line' id='line_1_49' title="bbox 86 2348 726 2381; baseline 0.002 -7"><span class='ocrx_word' id='word_1_326' title='bbox 86 2362 122 2368; x_wconf 94' lang='grc'>-</span> <span class='ocrx_word' id='word_1_327' title='bbox 149 2348 258 2381; x_wconf 78' lang='lat' dir='ltr'>suscipit</span> <span class='ocrx_word' id='word_1_328' title='bbox 285 2349 421 2375; x_wconf 86' lang='lat' dir='ltr'>venientes</span> <span class='ocrx_word' id='word_1_329' title='bbox 447 2350 481 2375; x_wconf 91' lang='lat' dir='ltr'>ad</span> <span class='ocrx_word' id='word_1_330' title='bbox 505 2357 534 2375; x_wconf 89' lang='lat' dir='ltr'>se</span> <span class='ocrx_word' id='word_1_331' title='bbox 553 2348 614 2376; x_wconf 80' lang='lat' dir='ltr'>ibid.</span> <span class='ocrx_word' id='word_1_332' title='bbox 633 2363 668 2369; x_wconf 89' lang='lat'>-—</span> <span class='ocrx_word' id='word_1_333' title='bbox 688 2350 726 2375; x_wconf 82' lang='lat' dir='ltr'>Ad</span> 
     </span>
     <span class='ocr_line' id='line_1_50' title="bbox 86 2393 727 2426; baseline 0.002 -7"><span class='ocrx_word' id='word_1_334' title='bbox 86 2393 218 2419; x_wconf 87' lang='lat' dir='ltr'>Christum</span> <span class='ocrx_word' id='word_1_335' title='bbox 237 2394 397 2419; x_wconf 85' lang='lat' dir='ltr'>veniendum</span> <span class='ocrx_word' id='word_1_336' title='bbox 423 2394 490 2420; x_wconf 68' lang='lat' dir='ltr'>slcut</span> <span class='ocrx_word' id='word_1_337' title='bbox 514 2394 548 2420; x_wconf 91' lang='lat' dir='ltr'>ad</span> <span class='ocrx_word' id='word_1_338' title='bbox 571 2394 727 2426; x_wconf 88' lang='lat' dir='ltr'>magistrum</span> 
     </span>
     <span class='ocr_line' id='line_1_51' title="bbox 85 2438 728 2471; baseline 0.002 -8"><span class='ocrx_word' id='word_1_339' title='bbox 85 2441 111 2463; x_wconf 88' lang='lat' dir='ltr'>ct</span> <span class='ocrx_word' id='word_1_340' title='bbox 130 2438 277 2469; x_wconf 85' lang='lat' dir='ltr'>medicum,</span> <span class='ocrx_word' id='word_1_341' title='bbox 296 2445 387 2464; x_wconf 88' lang='lat' dir='ltr'>amore</span> <span class='ocrx_word' id='word_1_342' title='bbox 405 2439 522 2465; x_wconf 86' lang='lat' dir='ltr'>veritatis</span> <span class='ocrx_word' id='word_1_343' title='bbox 545 2439 728 2471; x_wconf 85' lang='lat' dir='ltr'>intelligendae</span> 
     </span>
     <span class='ocr_line' id='line_1_52' title="bbox 86 2482 728 2515; baseline 0.003 -8"><span class='ocrx_word' id='word_1_344' title='bbox 86 2485 112 2507; x_wconf 89' lang='lat' dir='ltr'>et</span> <span class='ocrx_word' id='word_1_345' title='bbox 130 2482 246 2509; x_wconf 88' lang='lat' dir='ltr'>sanitatis</span> <span class='ocrx_word' id='word_1_346' title='bbox 263 2482 434 2515; x_wconf 86' lang='lat' dir='ltr'>obtinendae,</span> <span class='ocrx_word' id='word_1_347' title='bbox 453 2483 511 2515; x_wconf 89' lang='lat' dir='ltr'>ipso</span> <span class='ocrx_word' id='word_1_348' title='bbox 525 2483 634 2509; x_wconf 90' lang='lat' dir='ltr'>docente</span> <span class='ocrx_word' id='word_1_349' title='bbox 653 2488 677 2510; x_wconf 86' lang='lat' dir='ltr'>et</span> <span class='ocrx_word' id='word_1_350' title='bbox 690 2490 728 2509; x_wconf 94' lang='lat' dir='ltr'>re-</span> 
     </span>
     <span class='ocr_line' id='line_1_53' title="bbox 88 2526 726 2555; baseline 0.002 -3"><span class='ocrx_word' id='word_1_351' title='bbox 88 2526 190 2553; x_wconf 81' lang='lat' dir='ltr'>ficiente</span> <span class='ocrx_word' id='word_1_352' title='bbox 201 2527 243 2553; x_wconf 91' lang='lat' dir='ltr'>Vll</span> <span class='ocrx_word' id='word_1_353' title='bbox 256 2527 307 2553; x_wconf 78' lang='lat'><strong>¹146</strong></span> <span class='ocrx_word' id='word_1_354' title='bbox 321 2527 354 2553; x_wconf 91' lang='lat'>44</span> <span class='ocrx_word' id='word_1_355' title='bbox 365 2543 400 2546; x_wconf 97' lang='lat'><strong>—</strong></span> <span class='ocrx_word' id='word_1_356' title='bbox 411 2528 450 2554; x_wconf 84' lang='lat' dir='ltr'>Ad</span> <span class='ocrx_word' id='word_1_357' title='bbox 464 2528 596 2555; x_wconf 83' lang='lat' dir='ltr'>Christum</span> <span class='ocrx_word' id='word_1_358' title='bbox 609 2528 726 2554; x_wconf 90' lang='lat' dir='ltr'>eundum</span> 
     </span>
     <span class='ocr_line' id='line_1_54' title="bbox 87 2572 727 2605; baseline 0.002 -8"><span class='ocrx_word' id='word_1_359' title='bbox 87 2574 126 2597; x_wconf 89' lang='lat' dir='ltr'>est</span> <span class='ocrx_word' id='word_1_360' title='bbox 144 2574 272 2598; x_wconf 88' lang='lat' dir='ltr'>nocturno</span> <span class='ocrx_word' id='word_1_361' title='bbox 290 2572 404 2605; x_wconf 84' lang='lat' dir='ltr'>silentio,</span> <span class='ocrx_word' id='word_1_362' title='bbox 424 2573 466 2598; x_wconf 88' lang='lat' dir='ltr'>vel</span> <span class='ocrx_word' id='word_1_363' title='bbox 485 2573 512 2598; x_wconf 93' lang='lat' dir='ltr'>in</span> <span class='ocrx_word' id='word_1_364' title='bbox 526 2576 601 2598; x_wconf 89' lang='lat' dir='ltr'>nocte</span> <span class='ocrx_word' id='word_1_365' title='bbox 621 2572 727 2598; x_wconf 89' lang='lat' dir='ltr'>tribula-</span> 
     </span>
     <span class='ocr_line' id='line_1_55' title="bbox 86 2616 727 2650; baseline 0.002 -8"><span class='ocrx_word' id='word_1_366' title='bbox 86 2616 162 2642; x_wconf 92' lang='lat' dir='ltr'>tionis</span> <span class='ocrx_word' id='word_1_367' title='bbox 182 2616 233 2642; x_wconf 86' lang='grc'>284</span> <span class='ocrx_word' id='word_1_368' title='bbox 253 2617 286 2642; x_wconf 89' lang='grc'>23</span> <span class='ocrx_word' id='word_1_369' title='bbox 304 2631 340 2635; x_wconf 94' lang='grc'>-</span> <span class='ocrx_word' id='word_1_370' title='bbox 358 2617 633 2650; x_wconf 76' lang='lat' dir='ltr'>Appropinquandum</span> <span class='ocrx_word' id='word_1_371' title='bbox 653 2616 727 2643; x_wconf 89' lang='lat' dir='ltr'>Chri-</span> 
     </span>
     <span class='ocr_line' id='line_1_56' title="bbox 87 2661 727 2694; baseline 0.002 -8"><span class='ocrx_word' id='word_1_372' title='bbox 87 2664 127 2687; x_wconf 87' lang='lat' dir='ltr'>sto</span> <span class='ocrx_word' id='word_1_373' title='bbox 152 2663 276 2694; x_wconf 87' lang='lat' dir='ltr'>tanquam</span> <span class='ocrx_word' id='word_1_374' title='bbox 296 2661 497 2688; x_wconf 87' lang='lat' dir='ltr'>clementissimo</span> <span class='ocrx_word' id='word_1_375' title='bbox 516 2662 624 2688; x_wconf 89' lang='lat' dir='ltr'>domino</span> <span class='ocrx_word' id='word_1_376' title='bbox 643 2664 669 2687; x_wconf 89' lang='lat' dir='ltr'>et</span> <span class='ocrx_word' id='word_1_377' title='bbox 684 2669 727 2694; x_wconf 83' lang='lat' dir='ltr'>pe·</span> 
     </span>
     <span class='ocr_line' id='line_1_57' title="bbox 86 2705 726 2737; baseline 0.002 -6"><span class='ocrx_word' id='word_1_378' title='bbox 86 2705 210 2731; x_wconf 89' lang='lat' dir='ltr'>ritissimo</span> <span class='ocrx_word' id='word_1_379' title='bbox 229 2706 356 2737; x_wconf 83' lang='lat' dir='ltr'>magistro</span> <span class='ocrx_word' id='word_1_380' title='bbox 375 2706 427 2731; x_wconf 91' lang='grc'>382</span> <span class='ocrx_word' id='word_1_381' title='bbox 447 2707 462 2732; x_wconf 90' lang='grc'>2</span> <span class='ocrx_word' id='word_1_382' title='bbox 475 2721 511 2725; x_wconf 87' lang='grc'><strong>-</strong></span> <span class='ocrx_word' id='word_1_383' title='bbox 524 2713 585 2732; x_wconf 89' lang='grc'><strong>0010</strong></span> <span class='ocrx_word' id='word_1_384' title='bbox 605 2706 726 2732; x_wconf 88' lang='lat' dir='ltr'>instantia</span> 
     </span>
     <span class='ocr_line' id='line_1_58' title="bbox 86 2749 503 2781; baseline 0.002 -6"><span class='ocrx_word' id='word_1_385' title='bbox 86 2749 235 2781; x_wconf 87' lang='lat' dir='ltr'>rogandus,</span> <span class='ocrx_word' id='word_1_386' title='bbox 254 2753 283 2776; x_wconf 93' lang='lat' dir='ltr'>ut</span> <span class='ocrx_word' id='word_1_387' title='bbox 302 2750 379 2776; x_wconf 86' lang='lat' dir='ltr'>intret</span> <span class='ocrx_word' id='word_1_388' title='bbox 398 2751 448 2776; x_wconf 89' lang='grc'>209</span> <span class='ocrx_word' id='word_1_389' title='bbox 468 2750 503 2776; x_wconf 90' lang='grc'>74</span> 
     </span>
    </p>

    <p class='ocr_par' dir='ltr' id='par_1_9' title="bbox 87 2793 727 2959">
     <span class='ocr_line' id='line_1_59' title="bbox 140 2793 727 2829; baseline 0.003 -10"><span class='ocrx_word' id='word_1_390' title='bbox 140 2807 176 2813; x_wconf 82' lang='grc'><strong>-</strong></span> <span class='ocrx_word' id='word_1_391' title='bbox 188 2794 284 2820; x_wconf 84' lang='lat' dir='ltr'>devote</span> <span class='ocrx_word' id='word_1_392' title='bbox 296 2793 469 2829; x_wconf 69' lang='lat' dir='ltr'>quaerendus,</span> <span class='ocrx_word' id='word_1_393' title='bbox 483 2795 548 2821; x_wconf 91' lang='lat' dir='ltr'>dum</span> <span class='ocrx_word' id='word_1_394' title='bbox 568 2798 673 2828; x_wconf 88' lang='lat' dir='ltr'>tempus</span> <span class='ocrx_word' id='word_1_395' title='bbox 687 2798 727 2821; x_wconf 84' lang='lat' dir='ltr'>est</span> 
     </span>
     <span class='ocr_line' id='line_1_60' title="bbox 87 2837 726 2872; baseline 0.003 -9"><span class='ocrx_word' id='word_1_396' title='bbox 87 2837 130 2863; x_wconf 76' lang='lat' dir='ltr'>vu</span> <span class='ocrx_word' id='word_1_397' title='bbox 151 2838 197 2863; x_wconf 83' lang='lat' dir='ltr'>lli</span> <span class='ocrx_word' id='word_1_398' title='bbox 216 2839 250 2864; x_wconf 89' lang='grc'>95</span> <span class='ocrx_word' id='word_1_399' title='bbox 264 2853 297 2857; x_wconf 96' lang='grc'>-</span> <span class='ocrx_word' id='word_1_400' title='bbox 310 2839 478 2872; x_wconf 88' lang='lat' dir='ltr'>quaerendus</span> <span class='ocrx_word' id='word_1_401' title='bbox 491 2839 558 2865; x_wconf 91' lang='lat' dir='ltr'>bona</span> <span class='ocrx_word' id='word_1_402' title='bbox 573 2840 726 2871; x_wconf 89' lang='lat' dir='ltr'>intentione,</span> 
     </span>
     <span class='ocr_line' id='line_1_61' title="bbox 87 2882 727 2916; baseline 0.005 -9"><span class='ocrx_word' id='word_1_403' title='bbox 87 2889 140 2907; x_wconf 95' lang='lat' dir='ltr'>non</span> <span class='ocrx_word' id='word_1_404' title='bbox 158 2889 189 2908; x_wconf 88' lang='lat' dir='ltr'>ex</span> <span class='ocrx_word' id='word_1_405' title='bbox 208 2882 269 2909; x_wconf 89' lang='lat' dir='ltr'>odio</span> <span class='ocrx_word' id='word_1_406' title='bbox 289 2883 322 2909; x_wconf 94' lang='lat' dir='ltr'>Vl</span> <span class='ocrx_word' id='word_1_407' title='bbox 336 2883 382 2908; x_wconf 89' lang='grc'>341</span> <span class='ocrx_word' id='word_1_408' title='bbox 408 2884 455 2914; x_wconf 84' lang='grc'>12,</span> <span class='ocrx_word' id='word_1_409' title='bbox 476 2884 508 2909; x_wconf 87' lang='grc'>13</span> <span class='ocrx_word' id='word_1_410' title='bbox 527 2897 563 2903; x_wconf 91' lang='grc'><strong>-</strong></span> <span class='ocrx_word' id='word_1_411' title='bbox 581 2887 651 2910; x_wconf 86' lang='lat' dir='ltr'>extra</span> <span class='ocrx_word' id='word_1_412' title='bbox 665 2891 727 2916; x_wconf 90' lang='lat' dir='ltr'>por—</span> 
     </span>
     <span class='ocr_line' id='line_1_62' title="bbox 87 2927 508 2959; baseline 0.005 -8"><span class='ocrx_word' id='word_1_413' title='bbox 87 2929 141 2951; x_wconf 88' lang='lat' dir='ltr'>tam</span> <span class='ocrx_word' id='word_1_414' title='bbox 159 2927 327 2959; x_wconf 86' lang='lat' dir='ltr'>quaerendus</span> <span class='ocrx_word' id='word_1_415' title='bbox 345 2930 385 2953; x_wconf 92' lang='lat' dir='ltr'>est</span> <span class='ocrx_word' id='word_1_416' title='bbox 403 2927 453 2953; x_wconf 90' lang='grc'>297</span> <span class='ocrx_word' id='word_1_417' title='bbox 474 2928 508 2954; x_wconf 87' lang='grc'>50</span> 
     </span>
    </p>

    <p class='ocr_par' dir='ltr' id='par_1_10' title="bbox 86 2971 727 3268">
     <span class='ocr_line' id='line_1_63' title="bbox 140 2971 726 3004; baseline 0.003 -8"><span class='ocrx_word' id='word_1_418' title='bbox 140 2984 176 2990; x_wconf 93' lang='grc'><strong>-</strong></span> <span class='ocrx_word' id='word_1_419' title='bbox 194 2977 255 2997; x_wconf 93' lang='grc'><strong>011111</strong></span> <span class='ocrx_word' id='word_1_420' title='bbox 269 2971 401 2997; x_wconf 89' lang='lat' dir='ltr'>desiderio</span> <span class='ocrx_word' id='word_1_421' title='bbox 413 2973 605 3004; x_wconf 84' lang='lat' dir='ltr'>exspectandus</span> <span class='ocrx_word' id='word_1_422' title='bbox 618 2973 661 2999; x_wconf 94' lang='lat' dir='ltr'>Vll</span> <span class='ocrx_word' id='word_1_423' title='bbox 675 2973 726 2998; x_wconf 90' lang='grc'>209</span> 
     </span>
     <span class='ocr_line' id='line_1_64' title="bbox 87 3014 727 3050; baseline 0.005 -10"><span class='ocrx_word' id='word_1_424' title='bbox 87 3014 120 3040; x_wconf 88' lang='grc'>73</span> <span class='ocrx_word' id='word_1_425' title='bbox 134 3029 169 3033; x_wconf 88' lang='lat'>——</span> <span class='ocrx_word' id='word_1_426' title='bbox 182 3021 244 3041; x_wconf 91' lang='lat' dir='ltr'>cum</span> <span class='ocrx_word' id='word_1_427' title='bbox 263 3015 357 3041; x_wconf 87' lang='lat' dir='ltr'>laetitia</span> <span class='ocrx_word' id='word_1_428' title='bbox 370 3016 511 3048; x_wconf 91' lang='lat' dir='ltr'>suscipitur</span> <span class='ocrx_word' id='word_1_429' title='bbox 523 3024 537 3042; x_wconf 93' lang='lat' dir='ltr'>a</span> <span class='ocrx_word' id='word_1_430' title='bbox 553 3016 643 3049; x_wconf 86' lang='lat' dir='ltr'>plebe,</span> <span class='ocrx_word' id='word_1_431' title='bbox 657 3024 727 3050; x_wconf 87' lang='lat' dir='ltr'>quae</span> 
     </span>
     <span class='ocr_line' id='line_1_65' title="bbox 86 3058 726 3091; baseline 0.005 -7"><span class='ocrx_word' id='word_1_432' title='bbox 86 3058 254 3091; x_wconf 84' lang='lat' dir='ltr'>exspectabat</span> <span class='ocrx_word' id='word_1_433' title='bbox 274 3066 336 3085; x_wconf 89' lang='lat' dir='ltr'>eum</span> <span class='ocrx_word' id='word_1_434' title='bbox 363 3066 425 3085; x_wconf 91' lang='lat' dir='ltr'>cum</span> <span class='ocrx_word' id='word_1_435' title='bbox 447 3060 578 3087; x_wconf 87' lang='lat' dir='ltr'>desiderio</span> <span class='ocrx_word' id='word_1_436' title='bbox 604 3060 666 3087; x_wconf 82' lang='lat' dir='ltr'>ibid.</span> <span class='ocrx_word' id='word_1_437' title='bbox 690 3076 726 3079; x_wconf 90' lang='lat'>——</span> 
     </span>
     <span class='ocr_line' id='line_1_66' title="bbox 87 3103 726 3136; baseline 0.005 -8"><span class='ocrx_word' id='word_1_438' title='bbox 87 3109 193 3135; x_wconf 86' lang='lat' dir='ltr'>semper</span> <span class='ocrx_word' id='word_1_439' title='bbox 211 3103 318 3130; x_wconf 90' lang='lat' dir='ltr'>sollicite</span> <span class='ocrx_word' id='word_1_440' title='bbox 336 3105 527 3136; x_wconf 83' lang='lat' dir='ltr'>exspectandus</span> <span class='ocrx_word' id='word_1_441' title='bbox 545 3112 559 3130; x_wconf 92' lang='lat' dir='ltr'>a</span> <span class='ocrx_word' id='word_1_442' title='bbox 579 3104 656 3131; x_wconf 89' lang='lat' dir='ltr'>bonis</span> <span class='ocrx_word' id='word_1_443' title='bbox 675 3106 726 3131; x_wconf 83' lang='grc'>324</span> 
     </span>
     <span class='ocr_line' id='line_1_67' title="bbox 88 3147 727 3181; baseline 0.006 -10"><span class='ocrx_word' id='word_1_444' title='bbox 88 3147 117 3172; x_wconf 79' lang='grc'>51</span> <span class='ocrx_word' id='word_1_445' title='bbox 140 3161 176 3166; x_wconf 94' lang='grc'><strong>-</strong></span> <span class='ocrx_word' id='word_1_446' title='bbox 194 3148 302 3173; x_wconf 87' lang='lat' dir='ltr'>veniens</span> <span class='ocrx_word' id='word_1_447' title='bbox 320 3155 382 3174; x_wconf 92' lang='grc'><strong>0001</strong></span> <span class='ocrx_word' id='word_1_448' title='bbox 396 3148 526 3174; x_wconf 90' lang='lat' dir='ltr'>desiderio</span> <span class='ocrx_word' id='word_1_449' title='bbox 542 3149 727 3181; x_wconf 89' lang='lat' dir='ltr'>suscipiendus</span> 
     </span>
     <span class='ocr_line' id='line_1_68' title="bbox 88 3190 727 3225; baseline 0.005 -9"><span class='ocrx_word' id='word_1_450' title='bbox 88 3190 150 3217; x_wconf 83' lang='lat' dir='ltr'>ibid.</span> <span class='ocrx_word' id='word_1_451' title='bbox 161 3205 197 3210; x_wconf 85' lang='lat'><strong>—</strong></span> <span class='ocrx_word' id='word_1_452' title='bbox 209 3193 401 3224; x_wconf 79' lang='lat' dir='ltr'>exspectandus</span> <span class='ocrx_word' id='word_1_453' title='bbox 417 3196 457 3218; x_wconf 84' lang='lat' dir='ltr'>est</span> <span class='ocrx_word' id='word_1_454' title='bbox 469 3193 593 3224; x_wconf 75' lang='lat' dir='ltr'>fidenter,</span> <span class='ocrx_word' id='word_1_455' title='bbox 612 3193 727 3225; x_wconf 87' lang='lat' dir='ltr'>gauden—</span> 
     </span>
     <span class='ocr_line' id='line_1_69' title="bbox 88 3236 452 3268; baseline 0.008 -8"><span class='ocrx_word' id='word_1_456' title='bbox 88 3238 126 3260; x_wconf 89' lang='lat' dir='ltr'>ter</span> <span class='ocrx_word' id='word_1_457' title='bbox 144 3240 170 3261; x_wconf 89' lang='lat' dir='ltr'>et</span> <span class='ocrx_word' id='word_1_458' title='bbox 188 3236 327 3268; x_wconf 83' lang='lat' dir='ltr'>vigilanter</span> <span class='ocrx_word' id='word_1_459' title='bbox 345 3237 398 3262; x_wconf 88' lang='grc'>325</span> <span class='ocrx_word' id='word_1_460' title='bbox 417 3237 452 3263; x_wconf 81' lang='grc'>55</span> 
     </span>
    </p>

    <p class='ocr_par' dir='ltr' id='par_1_11' title="bbox 86 3279 727 3358">
     <span class='ocr_line' id='line_1_70' title="bbox 141 3279 727 3314; baseline 0.003 -9"><span class='ocrx_word' id='word_1_461' title='bbox 141 3293 175 3297; x_wconf 96' lang='grc'><strong>-</strong></span> <span class='ocrx_word' id='word_1_462' title='bbox 195 3286 209 3305; x_wconf 83' lang='grc'>3</span> <span class='ocrx_word' id='word_1_463' title='bbox 223 3279 299 3306; x_wconf 90' lang='lat' dir='ltr'>bonis</span> <span class='ocrx_word' id='word_1_464' title='bbox 311 3281 446 3313; x_wconf 91' lang='lat' dir='ltr'>quaeritur</span> <span class='ocrx_word' id='word_1_465' title='bbox 458 3283 484 3307; x_wconf 93' lang='lat' dir='ltr'>et</span> <span class='ocrx_word' id='word_1_466' title='bbox 496 3281 641 3314; x_wconf 81' lang='lat' dir='ltr'>invenitur,</span> <span class='ocrx_word' id='word_1_467' title='bbox 661 3288 675 3307; x_wconf 94' lang='lat' dir='ltr'>a</span> <span class='ocrx_word' id='word_1_468' title='bbox 688 3288 727 3307; x_wconf 88' lang='lat' dir='ltr'>re-</span> 
     </span>
     <span class='ocr_line' id='line_1_71' title="bbox 86 3322 727 3358; baseline 0.006 -10"><span class='ocrx_word' id='word_1_469' title='bbox 86 3322 178 3355; x_wconf 83' lang='lat' dir='ltr'>probis</span> <span class='ocrx_word' id='word_1_470' title='bbox 196 3327 283 3350; x_wconf 88' lang='lat' dir='ltr'>autem</span> <span class='ocrx_word' id='word_1_471' title='bbox 302 3325 452 3358; x_wconf 64' lang='lat' dir='ltr'>quaeritur,</span> <span class='ocrx_word' id='word_1_472' title='bbox 463 3325 509 3351; x_wconf 87' lang='lat' dir='ltr'>sed</span> <span class='ocrx_word' id='word_1_473' title='bbox 523 3332 576 3351; x_wconf 94' lang='lat' dir='ltr'>non</span> <span class='ocrx_word' id='word_1_474' title='bbox 596 3326 727 3352; x_wconf 84' lang='lat' dir='ltr'>invenitur</span> 
     </span>
    </p>
   </div>
   <div class='ocr_carea' id='block_1_2' title="bbox 748 695 754 1453">
    <p class='ocr_par' dir='ltr' id='par_1_12' title="bbox 748 695 754 1453">
     <span class='ocr_line' id='line_1_72' title="bbox 748 695 754 1453; baseline 0 0"><span class='ocrx_word' id='word_1_475' title='bbox 748 695 754 1453; x_wconf 95' lang='lat' dir='ltr'> </span> 
     </span>
    </p>
   </div>
   <div class='ocr_carea' id='block_1_3' title="bbox 762 168 1419 205">
    <p class='ocr_par' dir='ltr' id='par_1_13' title="bbox 762 168 1419 205">
     <span class='ocr_line' id='line_1_73' title="bbox 762 168 1419 205; baseline 0.006 -4"><span class='ocrx_word' id='word_1_476' title='bbox 762 169 800 202; x_wconf 81' lang='grc' dir='ltr'>ΙΝ</span> <span class='ocrx_word' id='word_1_477' title='bbox 823 168 1117 202; x_wconf 73' lang='lat' dir='ltr'>COMMENTARlOS</span> <span class='ocrx_word' id='word_1_478' title='bbox 1139 170 1168 202; x_wconf 89' lang='lat' dir='ltr'>S.</span> <span class='ocrx_word' id='word_1_479' title='bbox 1194 171 1419 205; x_wconf 73' lang='lat' dir='ltr'>SCRIPTURAE</span> 
     </span>
    </p>
   </div>
   <div class='ocr_carea' id='block_1_4' title="bbox 772 256 1411 292">
    <p class='ocr_par' dir='ltr' id='par_1_14' title="bbox 772 256 1411 292">
     <span class='ocr_line' id='line_1_74' title="bbox 772 256 1411 292; baseline 0.005 -10"><span class='ocrx_word' id='word_1_480' title='bbox 772 256 805 282; x_wconf 94' lang='lat' dir='ltr'>Vl</span> <span class='ocrx_word' id='word_1_481' title='bbox 824 257 870 282; x_wconf 94' lang='grc'>571</span> <span class='ocrx_word' id='word_1_482' title='bbox 896 257 906 282; x_wconf 86' lang='grc'>1</span> <span class='ocrx_word' id='word_1_483' title='bbox 931 271 965 276; x_wconf 81' lang='lat'>——</span> <span class='ocrx_word' id='word_1_484' title='bbox 980 264 1032 283; x_wconf 93' lang='grc'>000</span> <span class='ocrx_word' id='word_1_485' title='bbox 1046 258 1176 284; x_wconf 91' lang='lat' dir='ltr'>invenitur</span> <span class='ocrx_word' id='word_1_486' title='bbox 1188 265 1202 284; x_wconf 93' lang='lat' dir='ltr'>a</span> <span class='ocrx_word' id='word_1_487' title='bbox 1213 259 1411 292; x_wconf 85' lang='lat' dir='ltr'>quaerentibus,</span> 
     </span>
    </p>
   </div>
   <div class='ocr_carea' id='block_1_5' title="bbox 1696 179 2085 252">
    <p class='ocr_par' dir='ltr' id='par_1_15' title="bbox 1696 179 2085 252">
     <span class='ocr_line' id='line_1_75' title="bbox 2022 179 2085 211; baseline 0 -1"><span class='ocrx_word' id='word_1_488' title='bbox 2022 179 2085 211; x_wconf 88' lang='grc'>707</span> 
     </span>
     <span class='ocr_line' id='line_1_76' title="bbox 1696 218 1837 252; baseline 0.007 -8"><span class='ocrx_word' id='word_1_489' title='bbox 1696 218 1760 245; x_wconf 77' lang='lat' dir='ltr'>cua</span> <span class='ocrx_word' id='word_1_490' title='bbox 1781 220 1837 252; x_wconf 70' lang='grc'><strong>(111)</strong></span> 
     </span>
    </p>
   </div>
   <div class='ocr_carea' id='block_1_6' title="bbox 1502 262 2087 294">
    <p class='ocr_par' dir='ltr' id='par_1_16' title="bbox 1502 262 2087 294">
     <span class='ocr_line' id='line_1_77' title="bbox 1502 262 2087 294; baseline 0.01 -8"><span class='ocrx_word' id='word_1_491' title='bbox 1502 276 1535 280; x_wconf 86' lang='grc'>--</span> <span class='ocrx_word' id='word_1_492' title='bbox 1556 262 1668 294; x_wconf 84' lang='lat' dir='ltr'>Quidam</span> <span class='ocrx_word' id='word_1_493' title='bbox 1688 264 1822 290; x_wconf 84' lang='lat' dir='ltr'>venientes</span> <span class='ocrx_word' id='word_1_494' title='bbox 1840 265 1874 291; x_wconf 88' lang='lat' dir='ltr'>ad</span> <span class='ocrx_word' id='word_1_495' title='bbox 1893 264 2024 291; x_wconf 79' lang='lat' dir='ltr'>Christum</span> <span class='ocrx_word' id='word_1_496' title='bbox 2044 266 2087 292; x_wconf 83' lang='lat' dir='ltr'>ab·</span> 
     </span>
    </p>
   </div>
   <div class='ocr_carea' id='block_1_7' title="bbox 771 300 2086 386">
    <p class='ocr_par' dir='ltr' id='par_1_17' title="bbox 771 300 2086 386">
     <span class='ocr_line' id='line_1_78' title="bbox 771 300 2085 343; baseline 0.008 -18"><span class='ocrx_word' id='word_1_497' title='bbox 771 301 880 334; x_wconf 90' lang='lat' dir='ltr'>quando</span> <span class='ocrx_word' id='word_1_498' title='bbox 899 305 925 327; x_wconf 90' lang='lat' dir='ltr'>et</span> <span class='ocrx_word' id='word_1_499' title='bbox 943 300 988 327; x_wconf 89' lang='lat' dir='ltr'>ubi</span> <span class='ocrx_word' id='word_1_500' title='bbox 1001 305 1027 327; x_wconf 91' lang='lat' dir='ltr'>et</span> <span class='ocrx_word' id='word_1_501' title='bbox 1045 302 1156 334; x_wconf 86' lang='lat' dir='ltr'>qualiter</span> <span class='ocrx_word' id='word_1_502' title='bbox 1169 303 1278 329; x_wconf 87' lang='lat' dir='ltr'>inveniri</span> <span class='ocrx_word' id='word_1_503' title='bbox 1291 311 1343 329; x_wconf 90' lang='lat' dir='ltr'>non</span> <span class='ocrx_word' id='word_1_504' title='bbox 1358 307 1412 336; x_wconf 91' lang='lat' dir='ltr'>pot·</span> <span class='ocrx_word' id='word_1_505' title='bbox 1449 309 1511 331; x_wconf 91' lang='lat' dir='ltr'>eunt</span> <span class='ocrx_word' id='word_1_506' title='bbox 1538 312 1628 332; x_wconf 91' lang='lat' dir='ltr'>amore</span> <span class='ocrx_word' id='word_1_507' title='bbox 1655 308 1766 333; x_wconf 77' lang='lat' dir='ltr'>carnalis</span> <span class='ocrx_word' id='word_1_508' title='bbox 1794 309 1948 341; x_wconf 83' lang='lat' dir='ltr'>voluptatis,</span> <span class='ocrx_word' id='word_1_509' title='bbox 1977 310 2085 343; x_wconf 88' lang='lat' dir='ltr'>quidam</span> 
     </span>
     <span class='ocr_line' id='line_1_79' title="bbox 772 344 2086 386; baseline 0.008 -16"><span class='ocrx_word' id='word_1_510' title='bbox 772 348 812 370; x_wconf 86' lang='lat' dir='ltr'>est</span> <span class='ocrx_word' id='word_1_511' title='bbox 823 344 886 371; x_wconf 83' lang='lat' dir='ltr'>ibid.</span> <span class='ocrx_word' id='word_1_512' title='bbox 898 359 934 364; x_wconf 83' lang='lat'><strong>—</strong></span> <span class='ocrx_word' id='word_1_513' title='bbox 946 346 1058 371; x_wconf 89' lang='lat' dir='ltr'>inveniri</span> <span class='ocrx_word' id='word_1_514' title='bbox 1071 353 1123 372; x_wconf 92' lang='lat' dir='ltr'>non</span> <span class='ocrx_word' id='word_1_515' title='bbox 1144 350 1230 378; x_wconf 86' lang='lat' dir='ltr'>potest</span> <span class='ocrx_word' id='word_1_516' title='bbox 1242 354 1256 373; x_wconf 83' lang='lat' dir='ltr'>a</span> <span class='ocrx_word' id='word_1_517' title='bbox 1270 355 1321 373; x_wconf 91' lang='lat' dir='ltr'>non</span> <span class='ocrx_word' id='word_1_518' title='bbox 1334 355 1412 381; x_wconf 89' lang='lat' dir='ltr'>quae·</span> <span class='ocrx_word' id='word_1_519' title='bbox 1449 356 1539 375; x_wconf 91' lang='lat' dir='ltr'>amore</span> <span class='ocrx_word' id='word_1_520' title='bbox 1551 353 1670 376; x_wconf 83' lang='lat' dir='ltr'>terrenae</span> <span class='ocrx_word' id='word_1_521' title='bbox 1684 353 1858 385; x_wconf 81' lang='lat' dir='ltr'>proprietatis,</span> <span class='ocrx_word' id='word_1_522' title='bbox 1871 354 1979 386; x_wconf 87' lang='lat' dir='ltr'>quidam</span> <span class='ocrx_word' id='word_1_523' title='bbox 1997 361 2086 380; x_wconf 87' lang='lat' dir='ltr'>amore</span> 
     </span>
    </p>
   </div>
   <div class='ocr_carea' id='block_1_8' title="bbox 763 389 1412 3269">
    <p class='ocr_par' dir='ltr' id='par_1_18' title="bbox 770 389 1412 860">
     <span class='ocr_line' id='line_1_80' title="bbox 772 389 1411 424; baseline 0.006 -10"><span class='ocrx_word' id='word_1_524' title='bbox 772 389 891 415; x_wconf 85' lang='lat' dir='ltr'>rentibus</span> <span class='ocrx_word' id='word_1_525' title='bbox 914 389 948 415; x_wconf 92' lang='lat' dir='ltr'>de</span> <span class='ocrx_word' id='word_1_526' title='bbox 966 390 1024 421; x_wconf 89' lang='lat' dir='ltr'>die,</span> <span class='ocrx_word' id='word_1_527' title='bbox 1043 391 1167 416; x_wconf 91' lang='lat' dir='ltr'>continue</span> <span class='ocrx_word' id='word_1_528' title='bbox 1191 392 1233 417; x_wconf 88' lang='lat' dir='ltr'>vel</span> <span class='ocrx_word' id='word_1_529' title='bbox 1256 392 1411 424; x_wconf 79' lang='lat' dir='ltr'>tempestive</span> 
     </span>
     <span class='ocr_line' id='line_1_81' title="bbox 772 432 1412 462; baseline 0.005 -3"><span class='ocrx_word' id='word_1_530' title='bbox 772 432 805 460; x_wconf 83' lang='lat' dir='ltr'>ib.</span> <span class='ocrx_word' id='word_1_531' title='bbox 825 434 841 459; x_wconf 90' lang='grc'>2</span> <span class='ocrx_word' id='word_1_532' title='bbox 854 447 888 453; x_wconf 89' lang='grc'><strong>-</strong></span> <span class='ocrx_word' id='word_1_533' title='bbox 902 441 953 460; x_wconf 86' lang='grc'>000</span> <span class='ocrx_word' id='word_1_534' title='bbox 972 434 1105 460; x_wconf 90' lang='lat' dir='ltr'>invenitur</span> <span class='ocrx_word' id='word_1_535' title='bbox 1118 435 1142 460; x_wconf 95' lang='lat' dir='ltr'>in</span> <span class='ocrx_word' id='word_1_536' title='bbox 1163 436 1229 461; x_wconf 90' lang='lat' dir='ltr'>lecto</span> <span class='ocrx_word' id='word_1_537' title='bbox 1245 437 1354 462; x_wconf 86' lang='lat' dir='ltr'>carnalis</span> <span class='ocrx_word' id='word_1_538' title='bbox 1368 444 1412 462; x_wconf 91' lang='lat' dir='ltr'>vo-</span> 
     </span>
     <span class='ocr_line' id='line_1_82' title="bbox 772 478 1412 512; baseline 0.006 -9"><span class='ocrx_word' id='word_1_539' title='bbox 772 478 877 510; x_wconf 85' lang='lat' dir='ltr'>luptatis</span> <span class='ocrx_word' id='word_1_540' title='bbox 894 485 944 504; x_wconf 88' lang='grc'>000</span> <span class='ocrx_word' id='word_1_541' title='bbox 964 479 989 504; x_wconf 88' lang='grc'>10</span> <span class='ocrx_word' id='word_1_542' title='bbox 1008 480 1064 505; x_wconf 78' lang='lat' dir='ltr'>toro</span> <span class='ocrx_word' id='word_1_543' title='bbox 1083 480 1232 505; x_wconf 88' lang='lat' dir='ltr'>mundanae</span> <span class='ocrx_word' id='word_1_544' title='bbox 1257 481 1412 512; x_wconf 81' lang='lat' dir='ltr'>negotiatio-</span> 
     </span>
     <span class='ocr_line' id='line_1_83' title="bbox 771 522 1410 555; baseline 0.006 -8"><span class='ocrx_word' id='word_1_545' title='bbox 771 522 811 547; x_wconf 91' lang='lat' dir='ltr'>nis</span> <span class='ocrx_word' id='word_1_546' title='bbox 829 529 878 548; x_wconf 90' lang='lat' dir='ltr'>nec</span> <span class='ocrx_word' id='word_1_547' title='bbox 897 523 922 548; x_wconf 90' lang='lat' dir='ltr'>in</span> <span class='ocrx_word' id='word_1_548' title='bbox 942 524 1023 549; x_wconf 90' lang='lat' dir='ltr'>choro</span> <span class='ocrx_word' id='word_1_549' title='bbox 1035 530 1150 555; x_wconf 87' lang='lat' dir='ltr'>pompae</span> <span class='ocrx_word' id='word_1_550' title='bbox 1169 525 1309 550; x_wconf 85' lang='lat' dir='ltr'>saecularis</span> <span class='ocrx_word' id='word_1_551' title='bbox 1330 525 1380 551; x_wconf 83' lang='grc'>572</span> <span class='ocrx_word' id='word_1_552' title='bbox 1395 526 1410 551; x_wconf 89' lang='grc'>3</span> 
     </span>
     <span class='ocr_line' id='line_1_84' title="bbox 771 567 1411 601; baseline 0.006 -10"><span class='ocrx_word' id='word_1_553' title='bbox 771 581 806 585; x_wconf 83' lang='grc'>-</span> <span class='ocrx_word' id='word_1_554' title='bbox 824 573 878 592; x_wconf 88' lang='grc'>000</span> <span class='ocrx_word' id='word_1_555' title='bbox 898 567 1029 593; x_wconf 85' lang='lat' dir='ltr'>invenitur</span> <span class='ocrx_word' id='word_1_556' title='bbox 1045 575 1059 593; x_wconf 93' lang='lat' dir='ltr'>a</span> <span class='ocrx_word' id='word_1_557' title='bbox 1072 568 1260 601; x_wconf 87' lang='lat' dir='ltr'>quaerentibus</span> <span class='ocrx_word' id='word_1_558' title='bbox 1278 576 1339 594; x_wconf 93' lang='lat' dir='ltr'>cum</span> <span class='ocrx_word' id='word_1_559' title='bbox 1352 576 1411 595; x_wconf 74' lang='lat' dir='ltr'>cva-</span> 
     </span>
     <span class='ocr_line' id='line_1_85' title="bbox 772 611 1411 646; baseline 0.005 -10"><span class='ocrx_word' id='word_1_560' title='bbox 772 611 876 642; x_wconf 86' lang='lat' dir='ltr'>gatione</span> <span class='ocrx_word' id='word_1_561' title='bbox 895 612 1016 642; x_wconf 84' lang='lat' dir='ltr'>rationis,</span> <span class='ocrx_word' id='word_1_562' title='bbox 1034 619 1095 638; x_wconf 91' lang='lat' dir='ltr'>cum</span> <span class='ocrx_word' id='word_1_563' title='bbox 1115 612 1268 646; x_wconf 89' lang='lat' dir='ltr'>obliquitate</span> <span class='ocrx_word' id='word_1_564' title='bbox 1292 614 1411 640; x_wconf 87' lang='lat' dir='ltr'>intentio-</span> 
     </span>
     <span class='ocr_line' id='line_1_86' title="bbox 771 656 1411 694; baseline 0.006 -14"><span class='ocrx_word' id='word_1_565' title='bbox 771 656 811 681; x_wconf 90' lang='lat' dir='ltr'>nis</span> <span class='ocrx_word' id='word_1_566' title='bbox 830 656 962 688; x_wconf 82' lang='lat' dir='ltr'>malignae</span> <span class='ocrx_word' id='word_1_567' title='bbox 981 657 1023 694; x_wconf 76' lang='lat' dir='ltr'>vel</span> <span class='ocrx_word' id='word_1_568' title='bbox 1042 657 1152 683; x_wconf 88' lang='lat' dir='ltr'>carnalis</span> <span class='ocrx_word' id='word_1_569' title='bbox 1165 658 1206 683; x_wconf 88' lang='lat' dir='ltr'>vel</span> <span class='ocrx_word' id='word_1_570' title='bbox 1225 658 1356 691; x_wconf 87' lang='lat' dir='ltr'>curiosae,</span> <span class='ocrx_word' id='word_1_571' title='bbox 1370 659 1411 684; x_wconf 90' lang='lat' dir='ltr'>vel</span> 
     </span>
     <span class='ocr_line' id='line_1_87' title="bbox 770 700 1411 735; baseline 0.005 -10"><span class='ocrx_word' id='word_1_572' title='bbox 770 707 831 726; x_wconf 86' lang='lat' dir='ltr'>cum</span> <span class='ocrx_word' id='word_1_573' title='bbox 850 700 1004 726; x_wconf 88' lang='lat' dir='ltr'>remissione</span> <span class='ocrx_word' id='word_1_574' title='bbox 1028 701 1116 733; x_wconf 86' lang='lat' dir='ltr'>operis</span> <span class='ocrx_word' id='word_1_575' title='bbox 1135 700 1169 728; x_wconf 82' lang='lat' dir='ltr'>ib.</span> <span class='ocrx_word' id='word_1_576' title='bbox 1189 701 1204 727; x_wconf 88' lang='lat'>4</span> <span class='ocrx_word' id='word_1_577' title='bbox 1224 716 1257 720; x_wconf 90' lang='lat'>—</span> <span class='ocrx_word' id='word_1_578' title='bbox 1276 703 1411 735; x_wconf 85' lang='lat' dir='ltr'>quaeritur</span> 
     </span>
     <span class='ocr_line' id='line_1_88' title="bbox 770 744 1410 778; baseline 0.006 -9"><span class='ocrx_word' id='word_1_579' title='bbox 770 744 913 777; x_wconf 86' lang='lat' dir='ltr'>aliquando</span> <span class='ocrx_word' id='word_1_580' title='bbox 932 752 1010 770; x_wconf 84' lang='lat' dir='ltr'>causa</span> <span class='ocrx_word' id='word_1_581' title='bbox 1033 746 1227 772; x_wconf 77' lang='lat' dir='ltr'>commoditatIs</span> <span class='ocrx_word' id='word_1_582' title='bbox 1245 747 1410 778; x_wconf 86' lang='lat' dir='ltr'>temporalis,</span> 
     </span>
     <span class='ocr_line' id='line_1_89' title="bbox 770 789 1410 824; baseline 0.005 -10"><span class='ocrx_word' id='word_1_583' title='bbox 770 789 912 822; x_wconf 87' lang='lat' dir='ltr'>aliquando</span> <span class='ocrx_word' id='word_1_584' title='bbox 935 796 1014 815; x_wconf 88' lang='lat' dir='ltr'>causa</span> <span class='ocrx_word' id='word_1_585' title='bbox 1039 791 1242 823; x_wconf 86' lang='lat' dir='ltr'>persecutionis,</span> <span class='ocrx_word' id='word_1_586' title='bbox 1269 791 1410 824; x_wconf 87' lang='lat' dir='ltr'>aliquando</span> 
     </span>
     <span class='ocr_line' id='line_1_90' title="bbox 770 833 1186 860; baseline 0.002 -1"><span class='ocrx_word' id='word_1_587' title='bbox 770 840 848 860; x_wconf 91' lang='lat' dir='ltr'>causa</span> <span class='ocrx_word' id='word_1_588' title='bbox 868 833 1017 859; x_wconf 87' lang='lat' dir='ltr'>devotionis</span> <span class='ocrx_word' id='word_1_589' title='bbox 1036 834 1087 859; x_wconf 87' lang='grc'>569</span> <span class='ocrx_word' id='word_1_590' title='bbox 1108 842 1134 860; x_wconf 88' lang='lat' dir='ltr'>v.</span> <span class='ocrx_word' id='word_1_591' title='bbox 1154 835 1186 860; x_wconf 87' lang='grc'>26</span> 
     </span>
    </p>

    <p class='ocr_par' dir='ltr' id='par_1_19' title="bbox 769 877 1410 1534">
     <span class='ocr_line' id='line_1_91' title="bbox 824 877 1410 912; baseline 0.005 -9"><span class='ocrx_word' id='word_1_592' title='bbox 824 892 859 897; x_wconf 95' lang='grc'>-</span> <span class='ocrx_word' id='word_1_593' title='bbox 878 878 917 904; x_wconf 82' lang='lat' dir='ltr'>Ad</span> <span class='ocrx_word' id='word_1_594' title='bbox 936 877 1068 904; x_wconf 89' lang='lat' dir='ltr'>Christum</span> <span class='ocrx_word' id='word_1_595' title='bbox 1093 879 1246 911; x_wconf 71' lang='lat' dir='ltr'>pervenitur</span> <span class='ocrx_word' id='word_1_596' title='bbox 1265 886 1312 912; x_wconf 90' lang='lat' dir='ltr'>per</span> <span class='ocrx_word' id='word_1_597' title='bbox 1332 880 1410 912; x_wconf 87' lang='lat' dir='ltr'>tripli-</span> 
     </span>
     <span class='ocr_line' id='line_1_92' title="bbox 770 923 1409 956; baseline 0.003 -8"><span class='ocrx_word' id='word_1_598' title='bbox 770 929 828 948; x_wconf 85' lang='lat' dir='ltr'>cem</span> <span class='ocrx_word' id='word_1_599' title='bbox 848 923 919 948; x_wconf 88' lang='lat' dir='ltr'>viam</span> <span class='ocrx_word' id='word_1_600' title='bbox 941 923 982 948; x_wconf 72' lang='lat' dir='ltr'>vt!</span> <span class='ocrx_word' id='word_1_601' title='bbox 1001 924 1053 949; x_wconf 85' lang='grc'>335</span> <span class='ocrx_word' id='word_1_602' title='bbox 1073 924 1106 949; x_wconf 85' lang='grc'>85</span> <span class='ocrx_word' id='word_1_603' title='bbox 1124 938 1156 942; x_wconf 86' lang='lat'>-—</span> <span class='ocrx_word' id='word_1_604' title='bbox 1176 924 1308 950; x_wconf 85' lang='lat' dir='ltr'>invenitur</span> <span class='ocrx_word' id='word_1_605' title='bbox 1332 924 1409 956; x_wconf 83' lang='lat' dir='ltr'>signo</span> 
     </span>
     <span class='ocr_line' id='line_1_93' title="bbox 770 967 1409 1000; baseline 0.002 -7"><span class='ocrx_word' id='word_1_606' title='bbox 770 967 932 1000; x_wconf 87' lang='lat' dir='ltr'>paupertatis</span> <span class='ocrx_word' id='word_1_607' title='bbox 950 971 975 993; x_wconf 89' lang='lat' dir='ltr'>et</span> <span class='ocrx_word' id='word_1_608' title='bbox 988 968 1140 994; x_wconf 88' lang='lat' dir='ltr'>humilitatis</span> <span class='ocrx_word' id='word_1_609' title='bbox 1158 968 1192 994; x_wconf 88' lang='grc'>50</span> <span class='ocrx_word' id='word_1_610' title='bbox 1212 968 1244 994; x_wconf 78' lang='grc'>27</span> <span class='ocrx_word' id='word_1_611' title='bbox 1259 983 1291 986; x_wconf 93' lang='grc'>-</span> <span class='ocrx_word' id='word_1_612' title='bbox 1305 976 1357 994; x_wconf 89' lang='grc'><strong>0011</strong></span> <span class='ocrx_word' id='word_1_613' title='bbox 1371 969 1409 994; x_wconf 87' lang='grc'>10-</span> 
     </span>
     <span class='ocr_line' id='line_1_94' title="bbox 770 1011 1408 1045; baseline 0.002 -8"><span class='ocrx_word' id='word_1_614' title='bbox 770 1012 874 1038; x_wconf 88' lang='lat' dir='ltr'>venitur</span> <span class='ocrx_word' id='word_1_615' title='bbox 892 1019 906 1037; x_wconf 93' lang='lat' dir='ltr'>a</span> <span class='ocrx_word' id='word_1_616' title='bbox 933 1011 1080 1038; x_wconf 84' lang='lat' dir='ltr'>carnalibus</span> <span class='ocrx_word' id='word_1_617' title='bbox 1098 1015 1123 1038; x_wconf 88' lang='lat' dir='ltr'>et</span> <span class='ocrx_word' id='word_1_618' title='bbox 1147 1012 1270 1045; x_wconf 88' lang='lat' dir='ltr'>superbis</span> <span class='ocrx_word' id='word_1_619' title='bbox 1292 1012 1354 1039; x_wconf 82' lang='lat' dir='ltr'>ibid.</span> <span class='ocrx_word' id='word_1_620' title='bbox 1375 1027 1408 1032; x_wconf 92' lang='lat'><em>-</em></span> 
     </span>
     <span class='ocr_line' id='line_1_95' title="bbox 769 1056 1409 1089; baseline 0 -7"><span class='ocrx_word' id='word_1_621' title='bbox 769 1056 901 1082; x_wconf 89' lang='lat' dir='ltr'>invenitur</span> <span class='ocrx_word' id='word_1_622' title='bbox 920 1063 981 1082; x_wconf 91' lang='lat' dir='ltr'>cum</span> <span class='ocrx_word' id='word_1_623' title='bbox 1001 1057 1079 1082; x_wconf 87' lang='lat' dir='ltr'>Maria</span> <span class='ocrx_word' id='word_1_624' title='bbox 1098 1060 1124 1082; x_wconf 93' lang='lat' dir='ltr'>et</span> <span class='ocrx_word' id='word_1_625' title='bbox 1142 1057 1233 1089; x_wconf 87' lang='lat' dir='ltr'>loseph</span> <span class='ocrx_word' id='word_1_626' title='bbox 1247 1060 1273 1082; x_wconf 91' lang='lat' dir='ltr'>et</span> <span class='ocrx_word' id='word_1_627' title='bbox 1291 1057 1317 1082; x_wconf 93' lang='lat' dir='ltr'>in</span> <span class='ocrx_word' id='word_1_628' title='bbox 1336 1064 1409 1089; x_wconf 88' lang='lat' dir='ltr'>prae·</span> 
     </span>
     <span class='ocr_line' id='line_1_96' title="bbox 769 1101 1407 1134; baseline 0 -7"><span class='ocrx_word' id='word_1_629' title='bbox 769 1102 858 1133; x_wconf 89' lang='lat' dir='ltr'>sepio,</span> <span class='ocrx_word' id='word_1_630' title='bbox 877 1101 939 1134; x_wconf 92' lang='lat' dir='ltr'>quia</span> <span class='ocrx_word' id='word_1_631' title='bbox 959 1108 1007 1133; x_wconf 91' lang='lat' dir='ltr'>per</span> <span class='ocrx_word' id='word_1_632' title='bbox 1033 1101 1188 1128; x_wconf 88' lang='lat' dir='ltr'>munditiam</span> <span class='ocrx_word' id='word_1_633' title='bbox 1214 1104 1335 1134; x_wconf 90' lang='lat' dir='ltr'>respectu</span> <span class='ocrx_word' id='word_1_634' title='bbox 1355 1102 1407 1134; x_wconf 86' lang='lat' dir='ltr'>sui,</span> 
     </span>
     <span class='ocr_line' id='line_1_97' title="bbox 770 1146 1409 1178; baseline 0 -7"><span class='ocrx_word' id='word_1_635' title='bbox 770 1153 817 1178; x_wconf 90' lang='lat' dir='ltr'>per</span> <span class='ocrx_word' id='word_1_636' title='bbox 836 1146 960 1171; x_wconf 89' lang='lat' dir='ltr'>iustitiam</span> <span class='ocrx_word' id='word_1_637' title='bbox 979 1149 1098 1178; x_wconf 84' lang='lat' dir='ltr'>respectu</span> <span class='ocrx_word' id='word_1_638' title='bbox 1113 1146 1240 1178; x_wconf 83' lang='lat' dir='ltr'>proximi,</span> <span class='ocrx_word' id='word_1_639' title='bbox 1259 1153 1307 1178; x_wconf 90' lang='lat' dir='ltr'>per</span> <span class='ocrx_word' id='word_1_640' title='bbox 1326 1147 1409 1172; x_wconf 89' lang='lat' dir='ltr'>humi-</span> 
     </span>
     <span class='ocr_line' id='line_1_98' title="bbox 769 1190 1408 1223; baseline 0 -7"><span class='ocrx_word' id='word_1_641' title='bbox 769 1190 866 1216; x_wconf 86' lang='lat' dir='ltr'>litatem</span> <span class='ocrx_word' id='word_1_642' title='bbox 885 1193 911 1216; x_wconf 90' lang='lat' dir='ltr'>et</span> <span class='ocrx_word' id='word_1_643' title='bbox 926 1190 1100 1223; x_wconf 83' lang='lat' dir='ltr'>reverentiam</span> <span class='ocrx_word' id='word_1_644' title='bbox 1119 1194 1240 1222; x_wconf 87' lang='lat' dir='ltr'>respectu</span> <span class='ocrx_word' id='word_1_645' title='bbox 1255 1191 1302 1216; x_wconf 83' lang='lat' dir='ltr'>Dei</span> <span class='ocrx_word' id='word_1_646' title='bbox 1321 1190 1354 1216; x_wconf 82' lang='lat'>52</span> <span class='ocrx_word' id='word_1_647' title='bbox 1375 1190 1408 1216; x_wconf 92' lang='grc'>37</span> 
     </span>
     <span class='ocr_line' id='line_1_99' title="bbox 769 1234 1409 1261; baseline 0.002 -1"><span class='ocrx_word' id='word_1_648' title='bbox 769 1249 805 1254; x_wconf 94' lang='grc'><strong>-</strong></span> <span class='ocrx_word' id='word_1_649' title='bbox 823 1235 955 1261; x_wconf 78' lang='lat' dir='ltr'>invenitur</span> <span class='ocrx_word' id='word_1_650' title='bbox 968 1235 1119 1260; x_wconf 89' lang='lat' dir='ltr'>accedendo</span> <span class='ocrx_word' id='word_1_651' title='bbox 1132 1235 1164 1261; x_wconf 92' lang='lat' dir='ltr'>ad</span> <span class='ocrx_word' id='word_1_652' title='bbox 1179 1235 1285 1260; x_wconf 82' lang='lat' dir='ltr'>Mariam</span> <span class='ocrx_word' id='word_1_653' title='bbox 1299 1234 1360 1261; x_wconf 75' lang='lat' dir='ltr'>ibid.</span> <span class='ocrx_word' id='word_1_654' title='bbox 1373 1249 1409 1254; x_wconf 96' lang='lat'>—</span> 
     </span>
     <span class='ocr_line' id='line_1_100' title="bbox 769 1279 1410 1313; baseline 0 -8"><span class='ocrx_word' id='word_1_655' title='bbox 769 1279 900 1306; x_wconf 88' lang='lat' dir='ltr'>Christum</span> <span class='ocrx_word' id='word_1_656' title='bbox 924 1280 1059 1305; x_wconf 84' lang='lat' dir='ltr'>inveniunt</span> <span class='ocrx_word' id='word_1_657' title='bbox 1076 1280 1121 1313; x_wconf 91' lang='lat' dir='ltr'>qui</span> <span class='ocrx_word' id='word_1_658' title='bbox 1147 1287 1161 1305; x_wconf 88' lang='lat' dir='ltr'>a</span> <span class='ocrx_word' id='word_1_659' title='bbox 1181 1279 1257 1306; x_wconf 91' lang='lat' dir='ltr'>turba</span> <span class='ocrx_word' id='word_1_660' title='bbox 1283 1280 1410 1306; x_wconf 86' lang='lat' dir='ltr'>recedunt</span> 
     </span>
     <span class='ocr_line' id='line_1_101' title="bbox 771 1324 1409 1356; baseline 0.002 -7"><span class='ocrx_word' id='word_1_661' title='bbox 771 1325 802 1349; x_wconf 79' lang='lat' dir='ltr'>vt</span> <span class='ocrx_word' id='word_1_662' title='bbox 822 1324 873 1350; x_wconf 87' lang='grc'>307</span> <span class='ocrx_word' id='word_1_663' title='bbox 894 1325 941 1356; x_wconf 78' lang='grc'>25,</span> <span class='ocrx_word' id='word_1_664' title='bbox 961 1324 994 1350; x_wconf 91' lang='grc'>26</span> <span class='ocrx_word' id='word_1_665' title='bbox 1015 1338 1048 1342; x_wconf 87' lang='grc'>-</span> <span class='ocrx_word' id='word_1_666' title='bbox 1067 1331 1118 1350; x_wconf 91' lang='grc'>000</span> <span class='ocrx_word' id='word_1_667' title='bbox 1136 1324 1267 1350; x_wconf 90' lang='lat' dir='ltr'>invenitur</span> <span class='ocrx_word' id='word_1_668' title='bbox 1286 1324 1351 1350; x_wconf 87' lang='lat' dir='ltr'>inter</span> <span class='ocrx_word' id='word_1_669' title='bbox 1368 1331 1409 1350; x_wconf 92' lang='lat' dir='ltr'>co-</span> 
     </span>
     <span class='ocr_line' id='line_1_102' title="bbox 769 1368 1409 1400; baseline 0 -6"><span class='ocrx_word' id='word_1_670' title='bbox 769 1372 862 1400; x_wconf 90' lang='lat' dir='ltr'>gnatos</span> <span class='ocrx_word' id='word_1_671' title='bbox 881 1369 923 1394; x_wconf 89' lang='lat' dir='ltr'>Vll</span> <span class='ocrx_word' id='word_1_672' title='bbox 942 1369 976 1394; x_wconf 89' lang='grc'>66</span> <span class='ocrx_word' id='word_1_673' title='bbox 997 1369 1029 1394; x_wconf 84' lang='grc'>98</span> <span class='ocrx_word' id='word_1_674' title='bbox 1043 1369 1223 1394; x_wconf 83' lang='lat' dir='ltr'>——invenitur</span> <span class='ocrx_word' id='word_1_675' title='bbox 1241 1368 1409 1400; x_wconf 87' lang='lat' dir='ltr'>spiritualiter</span> 
     </span>
     <span class='ocr_line' id='line_1_103' title="bbox 769 1413 1408 1445; baseline 0 -7"><span class='ocrx_word' id='word_1_676' title='bbox 769 1420 816 1445; x_wconf 93' lang='lat' dir='ltr'>per</span> <span class='ocrx_word' id='word_1_677' title='bbox 835 1413 1032 1439; x_wconf 86' lang='lat' dir='ltr'>meditationem</span> <span class='ocrx_word' id='word_1_678' title='bbox 1053 1414 1260 1445; x_wconf 72' lang='lat' dir='ltr'>scripturarum,</span> <span class='ocrx_word' id='word_1_679' title='bbox 1280 1420 1327 1445; x_wconf 88' lang='lat' dir='ltr'>per</span> <span class='ocrx_word' id='word_1_680' title='bbox 1350 1420 1408 1439; x_wconf 89' lang='lat' dir='ltr'>con-</span> 
     </span>
     <span class='ocr_line' id='line_1_104' title="bbox 769 1457 1408 1490; baseline 0 -7"><span class='ocrx_word' id='word_1_681' title='bbox 769 1458 965 1490; x_wconf 89' lang='lat' dir='ltr'>templationem</span> <span class='ocrx_word' id='word_1_682' title='bbox 990 1461 1184 1489; x_wconf 87' lang='lat' dir='ltr'>creaturarum,</span> <span class='ocrx_word' id='word_1_683' title='bbox 1212 1464 1260 1490; x_wconf 88' lang='lat' dir='ltr'>per</span> <span class='ocrx_word' id='word_1_684' title='bbox 1287 1457 1408 1489; x_wconf 88' lang='lat' dir='ltr'>degusta-</span> 
     </span>
     <span class='ocr_line' id='line_1_105' title="bbox 769 1502 1136 1534; baseline -0.003 -6"><span class='ocrx_word' id='word_1_685' title='bbox 769 1503 866 1528; x_wconf 86' lang='lat' dir='ltr'>tionem</span> <span class='ocrx_word' id='word_1_686' title='bbox 886 1502 1029 1534; x_wconf 88' lang='lat' dir='ltr'>gratiarum</span> <span class='ocrx_word' id='word_1_687' title='bbox 1049 1502 1083 1527; x_wconf 89' lang='grc'>52</span> <span class='ocrx_word' id='word_1_688' title='bbox 1103 1502 1136 1527; x_wconf 88' lang='grc'>36</span> 
     </span>
    </p>

    <p class='ocr_par' dir='ltr' id='par_1_20' title="bbox 765 1546 1408 1884">
     <span class='ocr_line' id='line_1_106' title="bbox 820 1546 1406 1579; baseline -0.002 -7"><span class='ocrx_word' id='word_1_689' title='bbox 820 1561 855 1566; x_wconf 94' lang='lat'>-</span> <span class='ocrx_word' id='word_1_690' title='bbox 874 1547 996 1572; x_wconf 79' lang='lat' dir='ltr'>inventus</span> <span class='ocrx_word' id='word_1_691' title='bbox 1014 1550 1053 1572; x_wconf 88' lang='lat' dir='ltr'>est</span> <span class='ocrx_word' id='word_1_692' title='bbox 1073 1547 1098 1572; x_wconf 94' lang='lat' dir='ltr'>in</span> <span class='ocrx_word' id='word_1_693' title='bbox 1112 1546 1263 1579; x_wconf 85' lang='lat' dir='ltr'>praesepio,</span> <span class='ocrx_word' id='word_1_694' title='bbox 1283 1546 1309 1572; x_wconf 89' lang='lat' dir='ltr'>id</span> <span class='ocrx_word' id='word_1_695' title='bbox 1328 1551 1368 1572; x_wconf 85' lang='lat' dir='ltr'>est</span> <span class='ocrx_word' id='word_1_696' title='bbox 1382 1546 1406 1571; x_wconf 93' lang='lat' dir='ltr'>in</span> 
     </span>
     <span class='ocr_line' id='line_1_107' title="bbox 768 1591 1408 1624; baseline -0.002 -7"><span class='ocrx_word' id='word_1_697' title='bbox 768 1592 855 1618; x_wconf 91' lang='lat' dir='ltr'>studio</span> <span class='ocrx_word' id='word_1_698' title='bbox 874 1599 963 1617; x_wconf 90' lang='lat' dir='ltr'>sacrae</span> <span class='ocrx_word' id='word_1_699' title='bbox 976 1592 1141 1624; x_wconf 76' lang='lat' dir='ltr'>scripturae,</span> <span class='ocrx_word' id='word_1_700' title='bbox 1161 1591 1186 1616; x_wconf 95' lang='lat' dir='ltr'>in</span> <span class='ocrx_word' id='word_1_701' title='bbox 1208 1591 1303 1622; x_wconf 86' lang='lat' dir='ltr'>domo,</span> <span class='ocrx_word' id='word_1_702' title='bbox 1323 1591 1349 1616; x_wconf 91' lang='lat' dir='ltr'>id</span> <span class='ocrx_word' id='word_1_703' title='bbox 1369 1594 1408 1616; x_wconf 90' lang='lat' dir='ltr'>est</span> 
     </span>
     <span class='ocr_line' id='line_1_108' title="bbox 768 1635 1407 1669; baseline -0.003 -7"><span class='ocrx_word' id='word_1_704' title='bbox 768 1637 793 1662; x_wconf 92' lang='lat' dir='ltr'>in</span> <span class='ocrx_word' id='word_1_705' title='bbox 813 1636 938 1662; x_wconf 84' lang='lat' dir='ltr'>scrutinio</span> <span class='ocrx_word' id='word_1_706' title='bbox 958 1635 1132 1661; x_wconf 86' lang='lat' dir='ltr'>conscientiae</span> <span class='ocrx_word' id='word_1_707' title='bbox 1156 1636 1274 1669; x_wconf 86' lang='lat' dir='ltr'>quietae,</span> <span class='ocrx_word' id='word_1_708' title='bbox 1300 1636 1326 1661; x_wconf 91' lang='lat' dir='ltr'>in</span> <span class='ocrx_word' id='word_1_709' title='bbox 1345 1639 1407 1661; x_wconf 90' lang='lat' dir='ltr'>tem-</span> 
     </span>
     <span class='ocr_line' id='line_1_109' title="bbox 768 1679 1407 1713; baseline -0.002 -7"><span class='ocrx_word' id='word_1_710' title='bbox 768 1682 825 1713; x_wconf 91' lang='lat' dir='ltr'>plo,</span> <span class='ocrx_word' id='word_1_711' title='bbox 845 1681 871 1706; x_wconf 95' lang='lat' dir='ltr'>id</span> <span class='ocrx_word' id='word_1_712' title='bbox 890 1684 929 1706; x_wconf 87' lang='lat' dir='ltr'>est</span> <span class='ocrx_word' id='word_1_713' title='bbox 955 1681 981 1706; x_wconf 92' lang='lat' dir='ltr'>in</span> <span class='ocrx_word' id='word_1_714' title='bbox 1000 1680 1132 1706; x_wconf 90' lang='lat' dir='ltr'>consortio</span> <span class='ocrx_word' id='word_1_715' title='bbox 1155 1683 1259 1705; x_wconf 88' lang='lat' dir='ltr'>sanctae</span> <span class='ocrx_word' id='word_1_716' title='bbox 1278 1679 1407 1705; x_wconf 87' lang='lat' dir='ltr'>Ecclesiae</span> 
     </span>
     <span class='ocr_line' id='line_1_110' title="bbox 768 1724 1405 1751; baseline -0.003 0"><span class='ocrx_word' id='word_1_717' title='bbox 768 1726 809 1751; x_wconf 91' lang='lat' dir='ltr'>Vll</span> <span class='ocrx_word' id='word_1_718' title='bbox 837 1725 871 1751; x_wconf 96' lang='lat'>67</span> <span class='ocrx_word' id='word_1_719' title='bbox 902 1726 948 1750; x_wconf 90' lang='grc'>102</span> <span class='ocrx_word' id='word_1_720' title='bbox 969 1739 1003 1743; x_wconf 85' lang='grc'>-</span> <span class='ocrx_word' id='word_1_721' title='bbox 1023 1732 1073 1750; x_wconf 89' lang='grc'><strong>11011</strong></span> <span class='ocrx_word' id='word_1_722' title='bbox 1102 1725 1234 1750; x_wconf 86' lang='grc' dir='ltr'><strong>1ον0011111</strong></span> <span class='ocrx_word' id='word_1_723' title='bbox 1263 1724 1289 1749; x_wconf 88' lang='grc'>10</span> <span class='ocrx_word' id='word_1_724' title='bbox 1315 1731 1405 1750; x_wconf 91' lang='lat' dir='ltr'>monu-</span> 
     </span>
     <span class='ocr_line' id='line_1_111' title="bbox 766 1769 1406 1795; baseline -0.002 0"><span class='ocrx_word' id='word_1_725' title='bbox 766 1773 855 1795; x_wconf 90' lang='lat' dir='ltr'>mento</span> <span class='ocrx_word' id='word_1_726' title='bbox 879 1770 1013 1795; x_wconf 89' lang='lat' dir='ltr'>doctrinae</span> <span class='ocrx_word' id='word_1_727' title='bbox 1037 1776 1162 1795; x_wconf 86' lang='lat' dir='ltr'>erroneae</span> <span class='ocrx_word' id='word_1_728' title='bbox 1187 1776 1236 1794; x_wconf 92' lang='lat' dir='ltr'>nee</span> <span class='ocrx_word' id='word_1_729' title='bbox 1260 1769 1287 1794; x_wconf 92' lang='lat' dir='ltr'>in</span> <span class='ocrx_word' id='word_1_730' title='bbox 1312 1769 1406 1794; x_wconf 92' lang='lat' dir='ltr'>lectulo</span> 
     </span>
     <span class='ocr_line' id='line_1_112' title="bbox 765 1813 1407 1847; baseline -0.003 -7"><span class='ocrx_word' id='word_1_731' title='bbox 765 1814 939 1840; x_wconf 89' lang='lat' dir='ltr'>conscientiae</span> <span class='ocrx_word' id='word_1_732' title='bbox 957 1814 1090 1847; x_wconf 88' lang='lat' dir='ltr'>inquietae</span> <span class='ocrx_word' id='word_1_733' title='bbox 1109 1820 1157 1838; x_wconf 86' lang='lat' dir='ltr'>nec</span> <span class='ocrx_word' id='word_1_734' title='bbox 1176 1813 1201 1838; x_wconf 91' lang='lat' dir='ltr'>in</span> <span class='ocrx_word' id='word_1_735' title='bbox 1221 1813 1353 1838; x_wconf 91' lang='lat' dir='ltr'>consortio</span> <span class='ocrx_word' id='word_1_736' title='bbox 1367 1813 1407 1838; x_wconf 93' lang='lat' dir='ltr'>vi-</span> 
     </span>
     <span class='ocr_line' id='line_1_113' title="bbox 765 1857 1054 1884; baseline -0.003 0"><span class='ocrx_word' id='word_1_737' title='bbox 765 1861 805 1884; x_wconf 84' lang='lat' dir='ltr'>tae</span> <span class='ocrx_word' id='word_1_738' title='bbox 825 1859 975 1884; x_wconf 88' lang='lat' dir='ltr'>mundanae</span> <span class='ocrx_word' id='word_1_739' title='bbox 993 1857 1054 1884; x_wconf 80' lang='lat' dir='ltr'>ibid.</span> 
     </span>
    </p>

    <p class='ocr_par' dir='ltr' id='par_1_21' title="bbox 764 1902 1406 2330">
     <span class='ocr_line' id='line_1_114' title="bbox 811 1902 1405 1934; baseline -0.002 -6"><span class='ocrx_word' id='word_1_740' title='bbox 811 1917 846 1922; x_wconf 97' lang='lat'><strong>—</strong></span> <span class='ocrx_word' id='word_1_741' title='bbox 856 1903 896 1928; x_wconf 86' lang='lat' dir='ltr'>Ad</span> <span class='ocrx_word' id='word_1_742' title='bbox 906 1902 1037 1929; x_wconf 88' lang='lat' dir='ltr'>Christum</span> <span class='ocrx_word' id='word_1_743' title='bbox 1051 1903 1155 1928; x_wconf 87' lang='lat' dir='ltr'>venitur</span> <span class='ocrx_word' id='word_1_744' title='bbox 1167 1909 1214 1934; x_wconf 88' lang='lat' dir='ltr'>per</span> <span class='ocrx_word' id='word_1_745' title='bbox 1224 1902 1303 1928; x_wconf 83' lang='lat' dir='ltr'>tidem</span> <span class='ocrx_word' id='word_1_746' title='bbox 1313 1902 1405 1927; x_wconf 80' lang='lat' dir='ltr'>verita-</span> 
     </span>
     <span class='ocr_line' id='line_1_115' title="bbox 765 1946 1406 1980; baseline -0.003 -7"><span class='ocrx_word' id='word_1_747' title='bbox 765 1947 809 1980; x_wconf 86' lang='lat' dir='ltr'>tis,</span> <span class='ocrx_word' id='word_1_748' title='bbox 828 1955 876 1979; x_wconf 89' lang='lat' dir='ltr'>per</span> <span class='ocrx_word' id='word_1_749' title='bbox 895 1954 1013 1973; x_wconf 89' lang='lat' dir='ltr'>amorem</span> <span class='ocrx_word' id='word_1_750' title='bbox 1033 1946 1155 1972; x_wconf 88' lang='lat' dir='ltr'>bonitatis</span> <span class='ocrx_word' id='word_1_751' title='bbox 1174 1950 1199 1972; x_wconf 92' lang='lat' dir='ltr'>et</span> <span class='ocrx_word' id='word_1_752' title='bbox 1213 1953 1259 1978; x_wconf 90' lang='lat' dir='ltr'>per</span> <span class='ocrx_word' id='word_1_753' title='bbox 1278 1946 1406 1978; x_wconf 65' lang='grc'><strong>011013110-</strong></span> 
     </span>
     <span class='ocr_line' id='line_1_116' title="bbox 764 1991 1405 2023; baseline -0.003 -5"><span class='ocrx_word' id='word_1_754' title='bbox 764 1999 825 2018; x_wconf 89' lang='grc'><strong>0001</strong></span> <span class='ocrx_word' id='word_1_755' title='bbox 848 1992 953 2018; x_wconf 80' lang='lat' dir='ltr'>virtutis</span> <span class='ocrx_word' id='word_1_756' title='bbox 977 1992 1010 2018; x_wconf 78' lang='lat' dir='ltr'>Vt</span> <span class='ocrx_word' id='word_1_757' title='bbox 1039 1991 1089 2017; x_wconf 80' lang='grc'>563</span> <span class='ocrx_word' id='word_1_758' title='bbox 1112 1991 1126 2017; x_wconf 89' lang='grc'>4</span> <span class='ocrx_word' id='word_1_759' title='bbox 1146 2005 1180 2010; x_wconf 89' lang='grc'>-</span> <span class='ocrx_word' id='word_1_760' title='bbox 1198 1994 1254 2016; x_wconf 83' lang='lat' dir='ltr'>erat</span> <span class='ocrx_word' id='word_1_761' title='bbox 1279 1997 1405 2023; x_wconf 87' lang='lat' dir='ltr'>praesens</span> 
     </span>
     <span class='ocr_line' id='line_1_117' title="bbox 764 2035 1405 2069; baseline -0.003 -7"><span class='ocrx_word' id='word_1_762' title='bbox 764 2035 951 2069; x_wconf 84' lang='lat' dir='ltr'>quaerentibus</span> <span class='ocrx_word' id='word_1_763' title='bbox 970 2036 1014 2061; x_wconf 90' lang='lat' dir='ltr'>Vll</span> <span class='ocrx_word' id='word_1_764' title='bbox 1028 2036 1061 2061; x_wconf 88' lang='lat'>68</span> <span class='ocrx_word' id='word_1_765' title='bbox 1079 2036 1130 2061; x_wconf 88' lang='grc'>106</span> <span class='ocrx_word' id='word_1_766' title='bbox 1143 2050 1178 2054; x_wconf 82' lang='lat'>—-</span> <span class='ocrx_word' id='word_1_767' title='bbox 1192 2042 1207 2061; x_wconf 89' lang='lat' dir='ltr'>a</span> <span class='ocrx_word' id='word_1_768' title='bbox 1219 2035 1315 2061; x_wconf 87' lang='lat' dir='ltr'>devote</span> <span class='ocrx_word' id='word_1_769' title='bbox 1328 2042 1405 2068; x_wconf 87' lang='lat' dir='ltr'>quae-</span> 
     </span>
     <span class='ocr_line' id='line_1_118' title="bbox 765 2080 1406 2107; baseline -0.003 0"><span class='ocrx_word' id='word_1_770' title='bbox 765 2080 883 2107; x_wconf 88' lang='lat' dir='ltr'>rentibus</span> <span class='ocrx_word' id='word_1_771' title='bbox 902 2081 1034 2107; x_wconf 80' lang='lat' dir='ltr'>invenitur</span> <span class='ocrx_word' id='word_1_772' title='bbox 1058 2081 1100 2106; x_wconf 85' lang='lat' dir='ltr'>ill</span> <span class='ocrx_word' id='word_1_773' title='bbox 1125 2080 1159 2105; x_wconf 83' lang='lat'>95</span> <span class='ocrx_word' id='word_1_774' title='bbox 1178 2095 1213 2099; x_wconf 89' lang='lat'>—-</span> <span class='ocrx_word' id='word_1_775' title='bbox 1232 2086 1283 2106; x_wconf 92' lang='lat' dir='ltr'>non</span> <span class='ocrx_word' id='word_1_776' title='bbox 1307 2080 1406 2105; x_wconf 83' lang='lat' dir='ltr'>inveni-</span> 
     </span>
     <span class='ocr_line' id='line_1_119' title="bbox 766 2123 1406 2158; baseline -0.003 -7"><span class='ocrx_word' id='word_1_777' title='bbox 766 2129 806 2151; x_wconf 91' lang='lat' dir='ltr'>tur</span> <span class='ocrx_word' id='word_1_778' title='bbox 825 2129 851 2151; x_wconf 90' lang='lat' dir='ltr'>et</span> <span class='ocrx_word' id='word_1_779' title='bbox 869 2125 973 2151; x_wconf 87' lang='lat' dir='ltr'>videtur</span> <span class='ocrx_word' id='word_1_780' title='bbox 991 2132 1005 2150; x_wconf 88' lang='lat' dir='ltr'>a</span> <span class='ocrx_word' id='word_1_781' title='bbox 1019 2132 1073 2151; x_wconf 94' lang='lat' dir='ltr'>non</span> <span class='ocrx_word' id='word_1_782' title='bbox 1088 2125 1205 2151; x_wconf 86' lang='lat' dir='ltr'>studiose</span> <span class='ocrx_word' id='word_1_783' title='bbox 1217 2123 1406 2158; x_wconf 85' lang='lat' dir='ltr'>quaerentibus</span> 
     </span>
     <span class='ocr_line' id='line_1_120' title="bbox 766 2162 1406 2201; baseline -0.005 -5"><span class='ocrx_word' id='word_1_784' title='bbox 766 2170 817 2196; x_wconf 88' lang='grc'>220</span> <span class='ocrx_word' id='word_1_785' title='bbox 839 2170 881 2196; x_wconf 90' lang='grc'>14.</span> <span class='ocrx_word' id='word_1_786' title='bbox 904 2169 956 2196; x_wconf 86' lang='grc'>473</span> <span class='ocrx_word' id='word_1_787' title='bbox 981 2169 995 2195; x_wconf 94' lang='grc'>4</span> <span class='ocrx_word' id='word_1_788' title='bbox 1018 2184 1050 2188; x_wconf 97' lang='grc'><strong>-</strong></span> <span class='ocrx_word' id='word_1_789' title='bbox 1069 2162 1201 2195; x_wconf 84' lang='lat' dir='ltr'>invenitur</span> <span class='ocrx_word' id='word_1_790' title='bbox 1223 2175 1237 2194; x_wconf 93' lang='grc'>3</span> <span class='ocrx_word' id='word_1_791' title='bbox 1257 2168 1406 2201; x_wconf 88' lang='lat' dir='ltr'>quaerenti-</span> 
     </span>
     <span class='ocr_line' id='line_1_121' title="bbox 766 2212 1405 2246; baseline -0.003 -6"><span class='ocrx_word' id='word_1_792' title='bbox 766 2214 816 2240; x_wconf 88' lang='lat' dir='ltr'>bus</span> <span class='ocrx_word' id='word_1_793' title='bbox 835 2217 863 2240; x_wconf 87' lang='lat' dir='ltr'>ut</span> <span class='ocrx_word' id='word_1_794' title='bbox 883 2214 1039 2246; x_wconf 84' lang='lat' dir='ltr'>margarita,</span> <span class='ocrx_word' id='word_1_795' title='bbox 1059 2217 1087 2240; x_wconf 92' lang='lat' dir='ltr'>ut</span> <span class='ocrx_word' id='word_1_796' title='bbox 1110 2215 1249 2240; x_wconf 86' lang='lat' dir='ltr'>thesaurus</span> <span class='ocrx_word' id='word_1_797' title='bbox 1267 2212 1405 2239; x_wconf 87' lang='lat' dir='ltr'>abscondi-</span> 
     </span>
     <span class='ocr_line' id='line_1_122' title="bbox 765 2258 1404 2290; baseline -0.005 -5"><span class='ocrx_word' id='word_1_798' title='bbox 765 2264 807 2285; x_wconf 89' lang='lat' dir='ltr'>tus</span> <span class='ocrx_word' id='word_1_799' title='bbox 826 2260 858 2285; x_wconf 89' lang='lat' dir='ltr'>Vl</span> <span class='ocrx_word' id='word_1_800' title='bbox 879 2260 930 2285; x_wconf 91' lang='grc'>262</span> <span class='ocrx_word' id='word_1_801' title='bbox 949 2259 983 2285; x_wconf 90' lang='grc'>79</span> <span class='ocrx_word' id='word_1_802' title='bbox 1003 2273 1038 2278; x_wconf 94' lang='grc'>-</span> <span class='ocrx_word' id='word_1_803' title='bbox 1057 2259 1182 2285; x_wconf 76' lang='lat' dir='ltr'>excitatur</span> <span class='ocrx_word' id='word_1_804' title='bbox 1200 2265 1247 2290; x_wconf 86' lang='lat' dir='ltr'>per</span> <span class='ocrx_word' id='word_1_805' title='bbox 1259 2258 1404 2283; x_wconf 90' lang='lat' dir='ltr'>orationem</span> 
     </span>
     <span class='ocr_line' id='line_1_123' title="bbox 766 2303 933 2330; baseline 0 -1"><span class='ocrx_word' id='word_1_806' title='bbox 766 2304 807 2330; x_wconf 91' lang='lat' dir='ltr'>Vll</span> <span class='ocrx_word' id='word_1_807' title='bbox 827 2304 873 2329; x_wconf 88' lang='grc'>201</span> <span class='ocrx_word' id='word_1_808' title='bbox 900 2303 933 2329; x_wconf 85' lang='grc'>45</span> 
     </span>
    </p>

    <p class='ocr_par' dir='ltr' id='par_1_22' title="bbox 764 2344 1404 2602">
     <span class='ocr_line' id='line_1_124' title="bbox 818 2344 1403 2378; baseline -0.007 -4"><span class='ocrx_word' id='word_1_809' title='bbox 818 2362 853 2367; x_wconf 95' lang='grc'>-</span> <span class='ocrx_word' id='word_1_810' title='bbox 863 2348 1002 2374; x_wconf 83' lang='lat' dir='ltr'>Venientes</span> <span class='ocrx_word' id='word_1_811' title='bbox 1015 2348 1049 2374; x_wconf 90' lang='lat' dir='ltr'>ad</span> <span class='ocrx_word' id='word_1_812' title='bbox 1059 2347 1190 2374; x_wconf 91' lang='lat' dir='ltr'>Christum</span> <span class='ocrx_word' id='word_1_813' title='bbox 1205 2346 1314 2378; x_wconf 88' lang='lat' dir='ltr'>impedit</span> <span class='ocrx_word' id='word_1_814' title='bbox 1327 2344 1403 2371; x_wconf 91' lang='lat' dir='ltr'>turba</span> 
     </span>
     <span class='ocr_line' id='line_1_125' title="bbox 767 2390 1403 2419; baseline -0.003 -2"><span class='ocrx_word' id='word_1_815' title='bbox 767 2393 806 2418; x_wconf 78' lang='lat' dir='ltr'>Vll</span> <span class='ocrx_word' id='word_1_816' title='bbox 829 2393 879 2418; x_wconf 89' lang='grc'>124</span> <span class='ocrx_word' id='word_1_817' title='bbox 900 2393 940 2418; x_wconf 92' lang='grc'>46.</span> <span class='ocrx_word' id='word_1_818' title='bbox 962 2393 1012 2418; x_wconf 88' lang='grc'>473</span> <span class='ocrx_word' id='word_1_819' title='bbox 1032 2393 1048 2419; x_wconf 89' lang='grc'><strong>5</strong></span> <span class='ocrx_word' id='word_1_820' title='bbox 1067 2407 1102 2411; x_wconf 84' lang='grc'><strong>-</strong></span> <span class='ocrx_word' id='word_1_821' title='bbox 1115 2392 1207 2417; x_wconf 78' lang='lat' dir='ltr'>Aditus</span> <span class='ocrx_word' id='word_1_822' title='bbox 1224 2391 1257 2417; x_wconf 91' lang='lat' dir='ltr'>ad</span> <span class='ocrx_word' id='word_1_823' title='bbox 1271 2390 1403 2416; x_wconf 89' lang='lat' dir='ltr'>Christum</span> 
     </span>
     <span class='ocr_line' id='line_1_126' title="bbox 765 2434 1402 2469; baseline -0.005 -7"><span class='ocrx_word' id='word_1_824' title='bbox 765 2437 908 2469; x_wconf 88' lang='lat' dir='ltr'>impeditur</span> <span class='ocrx_word' id='word_1_825' title='bbox 918 2444 931 2462; x_wconf 91' lang='lat' dir='ltr'>a</span> <span class='ocrx_word' id='word_1_826' title='bbox 942 2436 1123 2463; x_wconf 83' lang='lat' dir='ltr'>sacerdotibus</span> <span class='ocrx_word' id='word_1_827' title='bbox 1138 2436 1187 2461; x_wconf 87' lang='grc'>128</span> <span class='ocrx_word' id='word_1_828' title='bbox 1199 2436 1226 2461; x_wconf 90' lang='grc'>61</span> <span class='ocrx_word' id='word_1_829' title='bbox 1242 2449 1277 2454; x_wconf 94' lang='grc'>-</span> <span class='ocrx_word' id='word_1_830' title='bbox 1290 2434 1402 2467; x_wconf 90' lang='lat' dir='ltr'>Quidam</span> 
     </span>
     <span class='ocr_line' id='line_1_127' title="bbox 764 2479 1404 2513; baseline -0.006 -6"><span class='ocrx_word' id='word_1_831' title='bbox 764 2483 942 2513; x_wconf 89' lang='lat' dir='ltr'>retrahuntur,</span> <span class='ocrx_word' id='word_1_832' title='bbox 964 2488 996 2507; x_wconf 92' lang='lat' dir='ltr'>ne</span> <span class='ocrx_word' id='word_1_833' title='bbox 1015 2481 1049 2507; x_wconf 89' lang='lat' dir='ltr'>ad</span> <span class='ocrx_word' id='word_1_834' title='bbox 1062 2480 1193 2507; x_wconf 88' lang='lat' dir='ltr'>Christum</span> <span class='ocrx_word' id='word_1_835' title='bbox 1212 2480 1329 2510; x_wconf 83' lang='lat' dir='ltr'>veniant;</span> <span class='ocrx_word' id='word_1_836' title='bbox 1348 2479 1404 2511; x_wconf 90' lang='lat' dir='ltr'>qui-</span> 
     </span>
     <span class='ocr_line' id='line_1_128' title="bbox 764 2526 1403 2558; baseline -0.005 -7"><span class='ocrx_word' id='word_1_837' title='bbox 764 2526 826 2551; x_wconf 92' lang='lat' dir='ltr'>dam</span> <span class='ocrx_word' id='word_1_838' title='bbox 846 2527 1028 2558; x_wconf 76' lang='lat' dir='ltr'>extrahuntur,</span> <span class='ocrx_word' id='word_1_839' title='bbox 1056 2528 1196 2557; x_wconf 89' lang='lat' dir='ltr'>postquam</span> <span class='ocrx_word' id='word_1_840' title='bbox 1217 2526 1403 2556; x_wconf 89' lang='lat' dir='ltr'>pervenerunt,</span> 
     </span>
     <span class='ocr_line' id='line_1_129' title="bbox 764 2569 1302 2602; baseline -0.006 -6"><span class='ocrx_word' id='word_1_841' title='bbox 764 2577 797 2596; x_wconf 89' lang='lat' dir='ltr'>ne</span> <span class='ocrx_word' id='word_1_842' title='bbox 816 2577 877 2596; x_wconf 91' lang='lat' dir='ltr'>cum</span> <span class='ocrx_word' id='word_1_843' title='bbox 897 2570 955 2602; x_wconf 89' lang='lat' dir='ltr'>ipso</span> <span class='ocrx_word' id='word_1_844' title='bbox 976 2572 1148 2602; x_wconf 89' lang='lat' dir='ltr'>permaneant</span> <span class='ocrx_word' id='word_1_845' title='bbox 1167 2569 1200 2595; x_wconf 92' lang='lat' dir='ltr'>Vl</span> <span class='ocrx_word' id='word_1_846' title='bbox 1220 2569 1271 2594; x_wconf 89' lang='lat'>568</span> <span class='ocrx_word' id='word_1_847' title='bbox 1293 2569 1302 2593; x_wconf 95' lang='grc'>1</span> 
     </span>
    </p>

    <p class='ocr_par' dir='ltr' id='par_1_23' title="bbox 763 2612 1404 2997">
     <span class='ocr_line' id='line_1_130' title="bbox 816 2612 1403 2646; baseline -0.003 -6"><span class='ocrx_word' id='word_1_848' title='bbox 816 2628 852 2634; x_wconf 92' lang='grc'><strong>-</strong></span> <span class='ocrx_word' id='word_1_849' title='bbox 870 2622 921 2640; x_wconf 91' lang='grc'>000</span> <span class='ocrx_word' id='word_1_850' title='bbox 941 2614 1065 2646; x_wconf 87' lang='lat' dir='ltr'>recipitur</span> <span class='ocrx_word' id='word_1_851' title='bbox 1084 2621 1097 2639; x_wconf 89' lang='lat' dir='ltr'>a</span> <span class='ocrx_word' id='word_1_852' title='bbox 1119 2614 1203 2639; x_wconf 80' lang='lat' dir='ltr'>servis</span> <span class='ocrx_word' id='word_1_853' title='bbox 1221 2613 1276 2639; x_wconf 92' lang='lat' dir='ltr'>suis</span> <span class='ocrx_word' id='word_1_854' title='bbox 1295 2612 1338 2639; x_wconf 79' lang='lat' dir='ltr'>Vll</span> <span class='ocrx_word' id='word_1_855' title='bbox 1352 2612 1403 2638; x_wconf 92' lang='grc'>247</span> 
     </span>
     <span class='ocr_line' id='line_1_131' title="bbox 764 2658 1403 2691; baseline -0.003 -6"><span class='ocrx_word' id='word_1_856' title='bbox 764 2659 797 2684; x_wconf 87' lang='grc'>97</span> <span class='ocrx_word' id='word_1_857' title='bbox 818 2673 851 2677; x_wconf 93' lang='lat'>—-</span> <span class='ocrx_word' id='word_1_858' title='bbox 867 2659 998 2685; x_wconf 88' lang='lat' dir='ltr'>Christum</span> <span class='ocrx_word' id='word_1_859' title='bbox 1018 2666 1070 2684; x_wconf 91' lang='lat' dir='ltr'>non</span> <span class='ocrx_word' id='word_1_860' title='bbox 1089 2658 1207 2691; x_wconf 87' lang='lat' dir='ltr'>recipere</span> <span class='ocrx_word' id='word_1_861' title='bbox 1219 2660 1258 2684; x_wconf 86' lang='lat' dir='ltr'>est</span> <span class='ocrx_word' id='word_1_862' title='bbox 1277 2664 1403 2690; x_wconf 84' lang='lat' dir='ltr'>magnum</span> 
     </span>
     <span class='ocr_line' id='line_1_132' title="bbox 763 2701 1404 2735; baseline -0.003 -6"><span class='ocrx_word' id='word_1_863' title='bbox 763 2704 886 2730; x_wconf 89' lang='lat' dir='ltr'>delictum</span> <span class='ocrx_word' id='word_1_864' title='bbox 901 2704 952 2729; x_wconf 92' lang='grc'>219</span> <span class='ocrx_word' id='word_1_865' title='bbox 972 2704 988 2729; x_wconf 89' lang='grc'><strong>9</strong></span> <span class='ocrx_word' id='word_1_866' title='bbox 1013 2717 1049 2722; x_wconf 95' lang='grc'>-</span> <span class='ocrx_word' id='word_1_867' title='bbox 1074 2703 1129 2729; x_wconf 87' lang='lat' dir='ltr'>Noa</span> <span class='ocrx_word' id='word_1_868' title='bbox 1149 2702 1321 2735; x_wconf 88' lang='lat' dir='ltr'>suscipientes</span> <span class='ocrx_word' id='word_1_869' title='bbox 1333 2701 1404 2727; x_wconf 89' lang='lat' dir='ltr'>Chri-</span> 
     </span>
     <span class='ocr_line' id='line_1_133' title="bbox 763 2746 1404 2780; baseline -0.002 -7"><span class='ocrx_word' id='word_1_870' title='bbox 763 2752 832 2774; x_wconf 92' lang='lat' dir='ltr'>stum</span> <span class='ocrx_word' id='word_1_871' title='bbox 860 2748 1006 2780; x_wconf 87' lang='lat' dir='ltr'>suscipiunt</span> <span class='ocrx_word' id='word_1_872' title='bbox 1030 2747 1210 2773; x_wconf 89' lang='lat' dir='ltr'>antichristum</span> <span class='ocrx_word' id='word_1_873' title='bbox 1237 2746 1288 2772; x_wconf 89' lang='grc'>174</span> <span class='ocrx_word' id='word_1_874' title='bbox 1317 2747 1349 2772; x_wconf 87' lang='grc'>36</span> <span class='ocrx_word' id='word_1_875' title='bbox 1369 2760 1404 2765; x_wconf 93' lang='grc'>-</span> 
     </span>
     <span class='ocr_line' id='line_1_134' title="bbox 763 2791 1398 2825; baseline -0.003 -7"><span class='ocrx_word' id='word_1_876' title='bbox 763 2793 888 2825; x_wconf 88' lang='lat' dir='ltr'>recipitur</span> <span class='ocrx_word' id='word_1_877' title='bbox 908 2793 932 2818; x_wconf 95' lang='lat' dir='ltr'>in</span> <span class='ocrx_word' id='word_1_878' title='bbox 952 2792 1080 2818; x_wconf 85' lang='lat' dir='ltr'>membris</span> <span class='ocrx_word' id='word_1_879' title='bbox 1103 2792 1158 2818; x_wconf 84' lang='lat' dir='ltr'>suis</span> <span class='ocrx_word' id='word_1_880' title='bbox 1181 2792 1233 2818; x_wconf 84' lang='lat'>475</span> <span class='ocrx_word' id='word_1_881' title='bbox 1252 2792 1278 2817; x_wconf 85' lang='grc'><strong>9.</strong></span> <span class='ocrx_word' id='word_1_882' title='bbox 1298 2791 1349 2817; x_wconf 93' lang='grc'>476</span> <span class='ocrx_word' id='word_1_883' title='bbox 1371 2791 1398 2816; x_wconf 88' lang='grc'>11</span> 
     </span>
     <span class='ocr_line' id='line_1_135' title="bbox 763 2836 1404 2869; baseline -0.003 -6"><span class='ocrx_word' id='word_1_884' title='bbox 763 2852 798 2856; x_wconf 87' lang='grc'>-</span> <span class='ocrx_word' id='word_1_885' title='bbox 816 2837 941 2869; x_wconf 85' lang='lat' dir='ltr'>recipitur</span> <span class='ocrx_word' id='word_1_886' title='bbox 961 2837 986 2862; x_wconf 91' lang='lat' dir='ltr'>in</span> <span class='ocrx_word' id='word_1_887' title='bbox 1012 2837 1128 2869; x_wconf 88' lang='lat' dir='ltr'>parvulis</span> <span class='ocrx_word' id='word_1_888' title='bbox 1152 2836 1264 2869; x_wconf 85' lang='lat' dir='ltr'>receptis</span> <span class='ocrx_word' id='word_1_889' title='bbox 1289 2842 1340 2861; x_wconf 90' lang='lat' dir='ltr'>non</span> <span class='ocrx_word' id='word_1_890' title='bbox 1365 2842 1404 2861; x_wconf 83' lang='lat' dir='ltr'>so-</span> 
     </span>
     <span class='ocr_line' id='line_1_136' title="bbox 763 2879 1404 2912; baseline -0.006 -4"><span class='ocrx_word' id='word_1_891' title='bbox 763 2882 817 2908; x_wconf 90' lang='lat' dir='ltr'>lum</span> <span class='ocrx_word' id='word_1_892' title='bbox 830 2882 976 2908; x_wconf 85' lang='lat' dir='ltr'>secundum</span> <span class='ocrx_word' id='word_1_893' title='bbox 991 2882 1162 2907; x_wconf 88' lang='lat' dir='ltr'>humilitatem</span> <span class='ocrx_word' id='word_1_894' title='bbox 1183 2882 1337 2912; x_wconf 83' lang='lat' dir='ltr'>humanam,</span> <span class='ocrx_word' id='word_1_895' title='bbox 1357 2879 1404 2905; x_wconf 87' lang='lat' dir='ltr'>sed</span> 
     </span>
     <span class='ocr_line' id='line_1_137' title="bbox 763 2924 1402 2953; baseline -0.005 -1"><span class='ocrx_word' id='word_1_896' title='bbox 763 2926 841 2952; x_wconf 89' lang='lat' dir='ltr'>etiam</span> <span class='ocrx_word' id='word_1_897' title='bbox 882 2926 1027 2953; x_wconf 83' lang='lat' dir='ltr'>secundum</span> <span class='ocrx_word' id='word_1_898' title='bbox 1067 2925 1248 2952; x_wconf 83' lang='lat' dir='ltr'>auctoritatem</span> <span class='ocrx_word' id='word_1_899' title='bbox 1287 2924 1402 2950; x_wconf 88' lang='lat' dir='ltr'>divinam</span> 
     </span>
     <span class='ocr_line' id='line_1_138' title="bbox 764 2971 868 2997; baseline -0.01 0"><span class='ocrx_word' id='word_1_900' title='bbox 764 2971 816 2997; x_wconf 88' lang='grc'>244</span> <span class='ocrx_word' id='word_1_901' title='bbox 835 2971 868 2996; x_wconf 86' lang='grc'>88</span> 
     </span>
    </p>

    <p class='ocr_par' dir='ltr' id='par_1_24' title="bbox 763 3013 1401 3269">
     <span class='ocr_line' id='line_1_139' title="bbox 817 3013 1397 3041; baseline -0.009 1"><span class='ocrx_word' id='word_1_902' title='bbox 817 3030 852 3034; x_wconf 81' lang='lat'>——-</span> <span class='ocrx_word' id='word_1_903' title='bbox 870 3016 992 3041; x_wconf 86' lang='lat' dir='ltr'>inventus</span> <span class='ocrx_word' id='word_1_904' title='bbox 1007 3015 1104 3041; x_wconf 78' lang='lat' dir='ltr'>devote</span> <span class='ocrx_word' id='word_1_905' title='bbox 1117 3014 1274 3040; x_wconf 87' lang='lat' dir='ltr'>detinendus</span> <span class='ocrx_word' id='word_1_906' title='bbox 1288 3013 1330 3039; x_wconf 84' lang='lat' dir='ltr'>vu</span> <span class='ocrx_word' id='word_1_907' title='bbox 1351 3013 1379 3037; x_wconf 84' lang='grc'>11</span> <span class='ocrx_word' id='word_1_908' title='bbox 1392 3014 1397 3037; x_wconf 98' lang='grc' dir='ltr'>Ι</span> 
     </span>
     <span class='ocr_line' id='line_1_140' title="bbox 764 3057 1401 3090; baseline -0.006 -4"><span class='ocrx_word' id='word_1_909' title='bbox 764 3061 808 3086; x_wconf 77' lang='grc'>95.</span> <span class='ocrx_word' id='word_1_910' title='bbox 827 3060 879 3085; x_wconf 82' lang='grc'>115</span> <span class='ocrx_word' id='word_1_911' title='bbox 898 3060 913 3085; x_wconf 85' lang='grc'><strong>8</strong></span> <span class='ocrx_word' id='word_1_912' title='bbox 932 3074 968 3078; x_wconf 89' lang='lat'>——</span> <span class='ocrx_word' id='word_1_913' title='bbox 987 3059 1053 3086; x_wconf 90' lang='lat' dir='ltr'>Cum</span> <span class='ocrx_word' id='word_1_914' title='bbox 1073 3059 1175 3085; x_wconf 88' lang='lat' dir='ltr'>Christo</span> <span class='ocrx_word' id='word_1_915' title='bbox 1192 3057 1401 3090; x_wconf 86' lang='lat' dir='ltr'>permanendum</span> 
     </span>
     <span class='ocr_line' id='line_1_141' title="bbox 765 3101 1400 3136; baseline -0.006 -6"><span class='ocrx_word' id='word_1_916' title='bbox 765 3105 790 3130; x_wconf 90' lang='lat' dir='ltr'>in</span> <span class='ocrx_word' id='word_1_917' title='bbox 809 3104 852 3130; x_wconf 89' lang='lat' dir='ltr'>die</span> <span class='ocrx_word' id='word_1_918' title='bbox 871 3104 969 3136; x_wconf 85' lang='lat' dir='ltr'>gratiae</span> <span class='ocrx_word' id='word_1_919' title='bbox 983 3104 1016 3129; x_wconf 97' lang='lat' dir='ltr'>Vl</span> <span class='ocrx_word' id='word_1_920' title='bbox 1030 3104 1082 3129; x_wconf 90' lang='grc'>262</span> <span class='ocrx_word' id='word_1_921' title='bbox 1100 3103 1134 3129; x_wconf 92' lang='grc'>77</span> <span class='ocrx_word' id='word_1_922' title='bbox 1147 3116 1182 3122; x_wconf 92' lang='grc'>-</span> <span class='ocrx_word' id='word_1_923' title='bbox 1195 3103 1216 3128; x_wconf 74' lang='grc' dir='ltr'><strong>Α</strong></span> <span class='ocrx_word' id='word_1_924' title='bbox 1234 3101 1336 3128; x_wconf 89' lang='lat' dir='ltr'>Christo</span> <span class='ocrx_word' id='word_1_925' title='bbox 1350 3108 1400 3127; x_wconf 95' lang='lat' dir='ltr'>non</span> 
     </span>
     <span class='ocr_line' id='line_1_142' title="bbox 763 3145 1401 3174; baseline -0.006 0"><span class='ocrx_word' id='word_1_926' title='bbox 763 3148 941 3174; x_wconf 87' lang='lat' dir='ltr'>recedendum</span> <span class='ocrx_word' id='word_1_927' title='bbox 961 3148 1012 3173; x_wconf 82' lang='grc'>569</span> <span class='ocrx_word' id='word_1_928' title='bbox 1027 3148 1041 3174; x_wconf 85' lang='grc'>4</span> <span class='ocrx_word' id='word_1_929' title='bbox 1052 3161 1087 3167; x_wconf 90' lang='grc'><strong>-</strong></span> <span class='ocrx_word' id='word_1_930' title='bbox 1100 3147 1260 3173; x_wconf 83' lang='lat' dir='ltr'>Recedentes</span> <span class='ocrx_word' id='word_1_931' title='bbox 1272 3153 1287 3171; x_wconf 89' lang='lat' dir='ltr'>a</span> <span class='ocrx_word' id='word_1_932' title='bbox 1300 3145 1401 3171; x_wconf 83' lang='lat' dir='ltr'>Christo</span> 
     </span>
     <span class='ocr_line' id='line_1_143' title="bbox 763 3191 1400 3224; baseline -0.005 -6"><span class='ocrx_word' id='word_1_933' title='bbox 763 3193 884 3218; x_wconf 85' lang='lat' dir='ltr'>amittunt</span> <span class='ocrx_word' id='word_1_934' title='bbox 904 3192 1051 3224; x_wconf 90' lang='lat' dir='ltr'>praemium</span> <span class='ocrx_word' id='word_1_935' title='bbox 1072 3192 1183 3224; x_wconf 87' lang='lat' dir='ltr'>gloriae⁷</span> <span class='ocrx_word' id='word_1_936' title='bbox 1208 3191 1343 3216; x_wconf 86' lang='lat' dir='ltr'>incurrunt</span> <span class='ocrx_word' id='word_1_937' title='bbox 1360 3196 1400 3215; x_wconf 88' lang='lat' dir='ltr'>rc-</span> 
     </span>
     <span class='ocr_line' id='line_1_144' title="bbox 764 3234 1400 3269; baseline -0.005 -7"><span class='ocrx_word' id='word_1_938' title='bbox 764 3243 882 3262; x_wconf 83' lang='lat' dir='ltr'>morsum</span> <span class='ocrx_word' id='word_1_939' title='bbox 896 3237 1082 3269; x_wconf 85' lang='lat' dir='ltr'>conscientiae,</span> <span class='ocrx_word' id='word_1_940' title='bbox 1096 3239 1229 3262; x_wconf 86' lang='lat' dir='ltr'>merentur</span> <span class='ocrx_word' id='word_1_941' title='bbox 1241 3234 1400 3266; x_wconf 82' lang='lat' dir='ltr'>supplicium</span> 
     </span>
    </p>
   </div>
   <div class='ocr_carea' id='block_1_9' title="bbox 1436 394 2105 3266">
    <p class='ocr_par' dir='ltr' id='par_1_25' title="bbox 1448 394 2087 732">
     <span class='ocr_line' id='line_1_145' title="bbox 1449 394 2087 430; baseline 0.009 -12"><span class='ocrx_word' id='word_1_942' title='bbox 1449 394 1570 425; x_wconf 87' lang='lat' dir='ltr'>propriae</span> <span class='ocrx_word' id='word_1_943' title='bbox 1590 396 1729 421; x_wconf 79' lang='lat' dir='ltr'>voluntatis</span> <span class='ocrx_word' id='word_1_944' title='bbox 1749 396 1780 421; x_wconf 76' lang='lat' dir='ltr'>Vl</span> <span class='ocrx_word' id='word_1_945' title='bbox 1801 397 1852 422; x_wconf 80' lang='lat'>568</span> <span class='ocrx_word' id='word_1_946' title='bbox 1872 398 1888 422; x_wconf 83' lang='lat'><strong>2</strong></span> <span class='ocrx_word' id='word_1_947' title='bbox 1908 411 1942 416; x_wconf 93' lang='lat'>—</span> <span class='ocrx_word' id='word_1_948' title='bbox 1962 399 1980 423; x_wconf 74' lang='lat' dir='ltr'>A</span> <span class='ocrx_word' id='word_1_949' title='bbox 2002 406 2087 430; x_wconf 78' lang='lat' dir='ltr'>perse-</span> 
     </span>
     <span class='ocr_line' id='line_1_146' title="bbox 1448 438 2087 468; baseline 0.008 -5"><span class='ocrx_word' id='word_1_950' title='bbox 1448 438 1565 464; x_wconf 87' lang='lat' dir='ltr'>verando</span> <span class='ocrx_word' id='word_1_951' title='bbox 1583 446 1644 464; x_wconf 90' lang='lat' dir='ltr'>cum</span> <span class='ocrx_word' id='word_1_952' title='bbox 1663 439 1764 465; x_wconf 87' lang='lat' dir='ltr'>Christo</span> <span class='ocrx_word' id='word_1_953' title='bbox 1783 441 1890 466; x_wconf 82' lang='lat' dir='ltr'>retrahit</span> <span class='ocrx_word' id='word_1_954' title='bbox 1903 443 2029 468; x_wconf 86' lang='lat' dir='ltr'>memoria</span> <span class='ocrx_word' id='word_1_955' title='bbox 2043 443 2087 468; x_wconf 86' lang='lat' dir='ltr'>bo-</span> 
     </span>
     <span class='ocr_line' id='line_1_147' title="bbox 1449 485 2086 520; baseline 0.009 -13"><span class='ocrx_word' id='word_1_956' title='bbox 1449 489 1544 508; x_wconf 90' lang='lat' dir='ltr'>norum</span> <span class='ocrx_word' id='word_1_957' title='bbox 1564 485 1763 517; x_wconf 80' lang='lat' dir='ltr'>temporalium,</span> <span class='ocrx_word' id='word_1_958' title='bbox 1790 486 1829 511; x_wconf 78' lang='lat' dir='ltr'>vel</span> <span class='ocrx_word' id='word_1_959' title='bbox 1856 486 1987 512; x_wconf 80' lang='lat' dir='ltr'>fastidium</span> <span class='ocrx_word' id='word_1_960' title='bbox 2014 488 2086 520; x_wconf 88' lang='lat' dir='ltr'>spiri-</span> 
     </span>
     <span class='ocr_line' id='line_1_148' title="bbox 1449 528 2084 561; baseline 0.009 -9"><span class='ocrx_word' id='word_1_961' title='bbox 1449 528 1571 559; x_wconf 88' lang='lat' dir='ltr'>tualium,</span> <span class='ocrx_word' id='word_1_962' title='bbox 1591 530 1631 553; x_wconf 89' lang='lat' dir='ltr'>vel</span> <span class='ocrx_word' id='word_1_963' title='bbox 1656 529 1805 561; x_wconf 79' lang='lat' dir='ltr'>desperatio</span> <span class='ocrx_word' id='word_1_964' title='bbox 1829 534 1995 557; x_wconf 86' lang='lat' dir='ltr'>aeternorum</span> <span class='ocrx_word' id='word_1_965' title='bbox 2016 532 2049 558; x_wconf 83' lang='lat' dir='ltr'>ib.</span> <span class='ocrx_word' id='word_1_966' title='bbox 2069 533 2084 558; x_wconf 83' lang='lat'><strong>3</strong></span> 
     </span>
     <span class='ocr_line' id='line_1_149' title="bbox 1448 572 2085 609; baseline 0.009 -13"><span class='ocrx_word' id='word_1_967' title='bbox 1448 586 1482 590; x_wconf 89' lang='lat'><strong>—</strong></span> <span class='ocrx_word' id='word_1_968' title='bbox 1502 572 1614 604; x_wconf 88' lang='lat' dir='ltr'>Quidam</span> <span class='ocrx_word' id='word_1_969' title='bbox 1634 572 1732 598; x_wconf 85' lang='lat' dir='ltr'>abeunt</span> <span class='ocrx_word' id='word_1_970' title='bbox 1759 581 1773 598; x_wconf 88' lang='lat' dir='ltr'>a</span> <span class='ocrx_word' id='word_1_971' title='bbox 1803 574 1904 600; x_wconf 88' lang='lat' dir='ltr'>Christo</span> <span class='ocrx_word' id='word_1_972' title='bbox 1923 580 1991 602; x_wconf 86' lang='lat' dir='ltr'>retro</span> <span class='ocrx_word' id='word_1_973' title='bbox 2020 577 2085 609; x_wconf 78' lang='lat' dir='ltr'>aspi-</span> 
     </span>
     <span class='ocr_line' id='line_1_150' title="bbox 1448 616 2085 652; baseline 0.008 -11"><span class='ocrx_word' id='word_1_974' title='bbox 1448 616 1543 641; x_wconf 85' lang='lat' dir='ltr'>ciendo</span> <span class='ocrx_word' id='word_1_975' title='bbox 1556 623 1603 648; x_wconf 90' lang='lat' dir='ltr'>per</span> <span class='ocrx_word' id='word_1_976' title='bbox 1616 618 1809 650; x_wconf 81' lang='lat' dir='ltr'>cogitationem,</span> <span class='ocrx_word' id='word_1_977' title='bbox 1823 619 1930 651; x_wconf 85' lang='lat' dir='ltr'>quidam</span> <span class='ocrx_word' id='word_1_978' title='bbox 1945 620 2085 652; x_wconf 85' lang='lat' dir='ltr'>aspirando</span> 
     </span>
     <span class='ocr_line' id='line_1_151' title="bbox 1450 652 2085 697; baseline 0.009 -12"><span class='ocrx_word' id='word_1_979' title='bbox 1450 667 1496 691; x_wconf 90' lang='lat' dir='ltr'>per</span> <span class='ocrx_word' id='word_1_980' title='bbox 1515 652 1691 694; x_wconf 79' lang='lat' dir='ltr'>affectionem,</span> <span class='ocrx_word' id='word_1_981' title='bbox 1711 663 1819 695; x_wconf 89' lang='lat' dir='ltr'>quidam</span> <span class='ocrx_word' id='word_1_982' title='bbox 1833 664 2023 690; x_wconf 86' lang='lat' dir='ltr'>retrocedendo</span> <span class='ocrx_word' id='word_1_983' title='bbox 2038 673 2085 697; x_wconf 88' lang='lat' dir='ltr'>per</span> 
     </span>
     <span class='ocr_line' id='line_1_152' title="bbox 1448 705 1760 732; baseline 0.01 -2"><span class='ocrx_word' id='word_1_984' title='bbox 1448 705 1671 731; x_wconf 89' lang='lat' dir='ltr'>conversationem</span> <span class='ocrx_word' id='word_1_985' title='bbox 1692 706 1725 732; x_wconf 80' lang='lat' dir='ltr'>ib.</span> <span class='ocrx_word' id='word_1_986' title='bbox 1745 707 1760 732; x_wconf 90' lang='lat'>4</span> 
     </span>
    </p>

    <p class='ocr_par' dir='ltr' id='par_1_26' title="bbox 1446 749 2086 1093">
     <span class='ocr_line' id='line_1_153' title="bbox 1501 749 2084 780; baseline 0.012 -7"><span class='ocrx_word' id='word_1_987' title='bbox 1501 764 1536 767; x_wconf 97' lang='lat'><strong>—</strong></span> <span class='ocrx_word' id='word_1_988' title='bbox 1556 750 1581 774; x_wconf 95' lang='lat' dir='ltr'>ln</span> <span class='ocrx_word' id='word_1_989' title='bbox 1601 749 1702 776; x_wconf 82' lang='lat' dir='ltr'>Christo</span> <span class='ocrx_word' id='word_1_990' title='bbox 1728 753 1888 778; x_wconf 90' lang='lat' dir='ltr'>manendum</span> <span class='ocrx_word' id='word_1_991' title='bbox 1916 753 1946 778; x_wconf 70' lang='lat' dir='ltr'>x&#39;t</span> <span class='ocrx_word' id='word_1_992' title='bbox 1972 755 2023 779; x_wconf 87' lang='grc'>262</span> <span class='ocrx_word' id='word_1_993' title='bbox 2042 755 2084 780; x_wconf 92' lang='grc'>77.</span> 
     </span>
     <span class='ocr_line' id='line_1_154' title="bbox 1449 794 2086 831; baseline 0.009 -12"><span class='ocrx_word' id='word_1_994' title='bbox 1449 794 1498 819; x_wconf 84' lang='grc'>363</span> <span class='ocrx_word' id='word_1_995' title='bbox 1514 794 1546 819; x_wconf 91' lang='grc'>46</span> <span class='ocrx_word' id='word_1_996' title='bbox 1560 808 1594 813; x_wconf 89' lang='grc'><strong>-</strong></span> <span class='ocrx_word' id='word_1_997' title='bbox 1609 795 1633 820; x_wconf 93' lang='grc'>10</span> <span class='ocrx_word' id='word_1_998' title='bbox 1647 794 1749 821; x_wconf 87' lang='lat' dir='ltr'>Christo</span> <span class='ocrx_word' id='word_1_999' title='bbox 1761 798 1920 823; x_wconf 87' lang='lat' dir='ltr'>manendum</span> <span class='ocrx_word' id='word_1_1000' title='bbox 1936 806 1983 830; x_wconf 88' lang='lat' dir='ltr'>per</span> <span class='ocrx_word' id='word_1_1001' title='bbox 1998 800 2086 831; x_wconf 88' lang='lat' dir='ltr'>ttdem,</span> 
     </span>
     <span class='ocr_line' id='line_1_155' title="bbox 1448 839 2085 873; baseline 0.011 -10"><span class='ocrx_word' id='word_1_1002' title='bbox 1448 845 1494 870; x_wconf 91' lang='lat' dir='ltr'>per</span> <span class='ocrx_word' id='word_1_1003' title='bbox 1507 839 1639 865; x_wconf 90' lang='lat' dir='ltr'>caritatem</span> <span class='ocrx_word' id='word_1_1004' title='bbox 1653 843 1678 865; x_wconf 92' lang='lat' dir='ltr'>et</span> <span class='ocrx_word' id='word_1_1005' title='bbox 1692 847 1738 872; x_wconf 89' lang='lat' dir='ltr'>per</span> <span class='ocrx_word' id='word_1_1006' title='bbox 1753 842 1933 873; x_wconf 88' lang='lat' dir='ltr'>operationem</span> <span class='ocrx_word' id='word_1_1007' title='bbox 1953 843 2003 869; x_wconf 81' lang='grc'>604</span> <span class='ocrx_word' id='word_1_1008' title='bbox 2025 851 2050 870; x_wconf 80' lang='lat' dir='ltr'>v.</span> <span class='ocrx_word' id='word_1_1009' title='bbox 2070 844 2085 870; x_wconf 98' lang='lat'>4</span> 
     </span>
     <span class='ocr_line' id='line_1_156' title="bbox 1448 884 2085 916; baseline 0.009 -8"><span class='ocrx_word' id='word_1_1010' title='bbox 1448 897 1481 901; x_wconf 86' lang='lat'><em>-</em></span> <span class='ocrx_word' id='word_1_1011' title='bbox 1495 884 1593 910; x_wconf 78' lang='lat' dir='ltr'>sortiter</span> <span class='ocrx_word' id='word_1_1012' title='bbox 1612 886 1877 916; x_wconf 85' lang='lat' dir='ltr'>comprehendendus</span> <span class='ocrx_word' id='word_1_1013' title='bbox 1889 891 1928 913; x_wconf 91' lang='lat' dir='ltr'>cst</span> <span class='ocrx_word' id='word_1_1014' title='bbox 1942 888 1983 913; x_wconf 89' lang='lat' dir='ltr'>Vll</span> <span class='ocrx_word' id='word_1_1015' title='bbox 1997 888 2029 913; x_wconf 83' lang='grc'>59</span> <span class='ocrx_word' id='word_1_1016' title='bbox 2051 889 2085 914; x_wconf 80' lang='grc'>65</span> 
     </span>
     <span class='ocr_line' id='line_1_157' title="bbox 1447 928 2085 962; baseline 0.009 -10"><span class='ocrx_word' id='word_1_1017' title='bbox 1447 941 1481 945; x_wconf 78' lang='lat'>—</span> <span class='ocrx_word' id='word_1_1018' title='bbox 1500 934 1635 960; x_wconf 87' lang='lat' dir='ltr'>nunquam</span> <span class='ocrx_word' id='word_1_1019' title='bbox 1654 928 1876 962; x_wconf 86' lang='lat' dir='ltr'>derelinquendus</span> <span class='ocrx_word' id='word_1_1020' title='bbox 1896 932 1946 956; x_wconf 75' lang='grc'>199</span> <span class='ocrx_word' id='word_1_1021' title='bbox 1968 932 2012 958; x_wconf 87' lang='grc'>35.</span> <span class='ocrx_word' id='word_1_1022' title='bbox 2034 933 2085 958; x_wconf 86' lang='grc'>337</span> 
     </span>
     <span class='ocr_line' id='line_1_158' title="bbox 1448 971 2085 1005; baseline 0.008 -8"><span class='ocrx_word' id='word_1_1023' title='bbox 1448 971 1497 997; x_wconf 86' lang='grc'>104</span> <span class='ocrx_word' id='word_1_1024' title='bbox 1516 985 1552 991; x_wconf 87' lang='grc'>-</span> <span class='ocrx_word' id='word_1_1025' title='bbox 1571 973 1718 1005; x_wconf 83' lang='lat' dir='ltr'>rogandus,</span> <span class='ocrx_word' id='word_1_1026' title='bbox 1739 977 1766 999; x_wconf 91' lang='lat' dir='ltr'>ut</span> <span class='ocrx_word' id='word_1_1027' title='bbox 1789 979 1892 1000; x_wconf 87' lang='lat' dir='ltr'>maneat</span> <span class='ocrx_word' id='word_1_1028' title='bbox 1917 976 1967 1001; x_wconf 86' lang='grc'>207</span> <span class='ocrx_word' id='word_1_1029' title='bbox 1997 977 2030 1002; x_wconf 89' lang='grc'>64</span> <span class='ocrx_word' id='word_1_1030' title='bbox 2049 991 2085 996; x_wconf 88' lang='lat'>—</span> 
     </span>
     <span class='ocr_line' id='line_1_159' title="bbox 1446 1015 2085 1047; baseline 0.009 -6"><span class='ocrx_word' id='word_1_1031' title='bbox 1446 1015 1510 1042; x_wconf 91' lang='lat' dir='ltr'>Cum</span> <span class='ocrx_word' id='word_1_1032' title='bbox 1525 1016 1628 1043; x_wconf 87' lang='lat' dir='ltr'>Christo</span> <span class='ocrx_word' id='word_1_1033' title='bbox 1647 1017 1800 1044; x_wconf 85' lang='lat' dir='ltr'>cohabitans</span> <span class='ocrx_word' id='word_1_1034' title='bbox 1819 1019 1842 1044; x_wconf 94' lang='lat' dir='ltr'>in</span> <span class='ocrx_word' id='word_1_1035' title='bbox 1863 1020 1904 1044; x_wconf 79' lang='lat' dir='ltr'>via</span> <span class='ocrx_word' id='word_1_1036' title='bbox 1924 1020 2085 1047; x_wconf 85' lang='lat' dir='ltr'>cohabitabit</span> 
     </span>
     <span class='ocr_line' id='line_1_160' title="bbox 1446 1060 1680 1093; baseline 0.009 -8"><span class='ocrx_word' id='word_1_1037' title='bbox 1446 1061 1470 1087; x_wconf 93' lang='grc'>10</span> <span class='ocrx_word' id='word_1_1038' title='bbox 1490 1061 1573 1093; x_wconf 86' lang='lat' dir='ltr'>patria</span> <span class='ocrx_word' id='word_1_1039' title='bbox 1593 1060 1625 1087; x_wconf 83' lang='lat' dir='ltr'>ib.</span> <span class='ocrx_word' id='word_1_1040' title='bbox 1646 1061 1680 1087; x_wconf 81' lang='lat'>65</span> 
     </span>
    </p>

    <p class='ocr_par' dir='ltr' id='par_1_27' title="bbox 1445 1107 2086 1444">
     <span class='ocr_line' id='line_1_161' title="bbox 1497 1107 2085 1139; baseline 0.01 -9"><span class='ocrx_word' id='word_1_1041' title='bbox 1497 1119 1533 1124; x_wconf 97' lang='lat'><strong>—</strong></span> <span class='ocrx_word' id='word_1_1042' title='bbox 1553 1112 1604 1131; x_wconf 94' lang='lat' dir='ltr'>non</span> <span class='ocrx_word' id='word_1_1043' title='bbox 1633 1109 1673 1131; x_wconf 89' lang='lat' dir='ltr'>est</span> <span class='ocrx_word' id='word_1_1044' title='bbox 1695 1113 1801 1139; x_wconf 82' lang='lat' dir='ltr'>semper</span> <span class='ocrx_word' id='word_1_1045' title='bbox 1829 1107 1965 1134; x_wconf 85' lang='lat' dir='ltr'>nobiscum</span> <span class='ocrx_word' id='word_1_1046' title='bbox 1995 1117 2085 1136; x_wconf 87' lang='lat' dir='ltr'>secun·</span> 
     </span>
     <span class='ocr_line' id='line_1_162' title="bbox 1446 1149 2085 1183; baseline 0.008 -9"><span class='ocrx_word' id='word_1_1047' title='bbox 1446 1149 1510 1175; x_wconf 91' lang='lat' dir='ltr'>dum</span> <span class='ocrx_word' id='word_1_1048' title='bbox 1530 1151 1692 1182; x_wconf 88' lang='lat' dir='ltr'>corporalem</span> <span class='ocrx_word' id='word_1_1049' title='bbox 1708 1153 1881 1183; x_wconf 88' lang='lat' dir='ltr'>praesentiam</span> <span class='ocrx_word' id='word_1_1050' title='bbox 1903 1153 1934 1178; x_wconf 75' lang='lat' dir='ltr'>Vl</span> <span class='ocrx_word' id='word_1_1051' title='bbox 1950 1154 1995 1179; x_wconf 86' lang='lat' dir='ltr'><strong>4ll</strong></span> <span class='ocrx_word' id='word_1_1052' title='bbox 2021 1155 2035 1179; x_wconf 89' lang='grc'><strong>8</strong></span> <span class='ocrx_word' id='word_1_1053' title='bbox 2050 1169 2085 1174; x_wconf 91' lang='grc'>-</span> 
     </span>
     <span class='ocr_line' id='line_1_163' title="bbox 1446 1194 2085 1230; baseline 0.009 -12"><span class='ocrx_word' id='word_1_1054' title='bbox 1446 1197 1574 1227; x_wconf 87' lang='lat' dir='ltr'>quantum</span> <span class='ocrx_word' id='word_1_1055' title='bbox 1594 1195 1627 1220; x_wconf 87' lang='lat' dir='ltr'>ad</span> <span class='ocrx_word' id='word_1_1056' title='bbox 1647 1202 1704 1221; x_wconf 88' lang='lat' dir='ltr'>esse</span> <span class='ocrx_word' id='word_1_1057' title='bbox 1722 1196 1842 1222; x_wconf 70' lang='lat' dir='ltr'>divinum</span> <span class='ocrx_word' id='word_1_1058' title='bbox 1862 1205 1997 1230; x_wconf 89' lang='lat' dir='ltr'>nunquam</span> <span class='ocrx_word' id='word_1_1059' title='bbox 2017 1194 2085 1224; x_wconf 78' lang='lat' dir='ltr'>rece-</span> 
     </span>
     <span class='ocr_line' id='line_1_164' title="bbox 1446 1238 2083 1273; baseline 0.009 -10"><span class='ocrx_word' id='word_1_1060' title='bbox 1446 1239 1484 1264; x_wconf 90' lang='lat' dir='ltr'>dit</span> <span class='ocrx_word' id='word_1_1061' title='bbox 1502 1238 1536 1264; x_wconf 89' lang='lat' dir='ltr'>ab</span> <span class='ocrx_word' id='word_1_1062' title='bbox 1554 1240 1654 1272; x_wconf 86' lang='lat' dir='ltr'>electis,</span> <span class='ocrx_word' id='word_1_1063' title='bbox 1668 1244 1796 1273; x_wconf 88' lang='lat' dir='ltr'>quantum</span> <span class='ocrx_word' id='word_1_1064' title='bbox 1815 1242 1849 1267; x_wconf 91' lang='lat' dir='ltr'>ad</span> <span class='ocrx_word' id='word_1_1065' title='bbox 1863 1249 1920 1267; x_wconf 87' lang='lat' dir='ltr'>esse</span> <span class='ocrx_word' id='word_1_1066' title='bbox 1939 1244 2083 1269; x_wconf 88' lang='lat' dir='ltr'>humanum</span> 
     </span>
     <span class='ocr_line' id='line_1_165' title="bbox 1446 1282 2085 1319; baseline 0.008 -11"><span class='ocrx_word' id='word_1_1067' title='bbox 1446 1282 1496 1309; x_wconf 91' lang='lat' dir='ltr'>sub</span> <span class='ocrx_word' id='word_1_1068' title='bbox 1516 1284 1683 1310; x_wconf 80' lang='lat' dir='ltr'>sacramento</span> <span class='ocrx_word' id='word_1_1069' title='bbox 1702 1292 1754 1310; x_wconf 91' lang='lat' dir='ltr'>non</span> <span class='ocrx_word' id='word_1_1070' title='bbox 1773 1286 1900 1319; x_wconf 87' lang='lat' dir='ltr'>relinquet</span> <span class='ocrx_word' id='word_1_1071' title='bbox 1924 1294 1969 1312; x_wconf 90' lang='lat' dir='ltr'>eos</span> <span class='ocrx_word' id='word_1_1072' title='bbox 1991 1288 2015 1312; x_wconf 91' lang='lat' dir='ltr'>in</span> <span class='ocrx_word' id='word_1_1073' title='bbox 2036 1289 2085 1314; x_wconf 91' lang='lat' dir='ltr'>hoc</span> 
     </span>
     <span class='ocr_line' id='line_1_166' title="bbox 1445 1328 2086 1363; baseline 0.008 -11"><span class='ocrx_word' id='word_1_1074' title='bbox 1445 1328 1550 1353; x_wconf 86' lang='lat' dir='ltr'>saeculo</span> <span class='ocrx_word' id='word_1_1075' title='bbox 1580 1328 1630 1354; x_wconf 82' lang='lat'>463</span> <span class='ocrx_word' id='word_1_1076' title='bbox 1659 1329 1693 1354; x_wconf 84' lang='lat'>35</span> <span class='ocrx_word' id='word_1_1077' title='bbox 1713 1343 1746 1347; x_wconf 95' lang='lat'><strong>—</strong></span> <span class='ocrx_word' id='word_1_1078' title='bbox 1770 1330 1915 1356; x_wconf 84' lang='lat' dir='ltr'>Praesentia</span> <span class='ocrx_word' id='word_1_1079' title='bbox 1944 1332 2086 1363; x_wconf 78' lang='lat' dir='ltr'>spiritualIS</span> 
     </span>
     <span class='ocr_line' id='line_1_167' title="bbox 1446 1371 2084 1402; baseline 0.008 -5"><span class='ocrx_word' id='word_1_1080' title='bbox 1446 1371 1540 1398; x_wconf 85' lang='lat' dir='ltr'>Christi</span> <span class='ocrx_word' id='word_1_1081' title='bbox 1558 1375 1597 1398; x_wconf 85' lang='lat' dir='ltr'>est</span> <span class='ocrx_word' id='word_1_1082' title='bbox 1625 1379 1656 1398; x_wconf 86' lang='lat' dir='ltr'>ex</span> <span class='ocrx_word' id='word_1_1083' title='bbox 1683 1373 1888 1400; x_wconf 78' lang='lat' dir='ltr'>inflammatione</span> <span class='ocrx_word' id='word_1_1084' title='bbox 1912 1375 2034 1402; x_wconf 89' lang='lat' dir='ltr'>desiderii</span> <span class='ocrx_word' id='word_1_1085' title='bbox 2054 1384 2084 1402; x_wconf 82' lang='lat' dir='ltr'>ex</span> 
     </span>
     <span class='ocr_line' id='line_1_168' title="bbox 1446 1416 1888 1444; baseline 0.005 -2"><span class='ocrx_word' id='word_1_1086' title='bbox 1446 1416 1625 1442; x_wconf 89' lang='lat' dir='ltr'>recordatione</span> <span class='ocrx_word' id='word_1_1087' title='bbox 1644 1418 1701 1443; x_wconf 88' lang='lat' dir='ltr'>eius</span> <span class='ocrx_word' id='word_1_1088' title='bbox 1722 1418 1762 1443; x_wconf 80' lang='lat' dir='ltr'>Vll</span> <span class='ocrx_word' id='word_1_1089' title='bbox 1783 1419 1834 1444; x_wconf 86' lang='grc'>597</span> <span class='ocrx_word' id='word_1_1090' title='bbox 1854 1420 1888 1444; x_wconf 84' lang='grc'>39</span> 
     </span>
    </p>

    <p class='ocr_par' dir='ltr' id='par_1_28' title="bbox 1442 1462 2085 1936">
     <span class='ocr_line' id='line_1_169' title="bbox 1498 1462 2085 1491; baseline 0.009 -5"><span class='ocrx_word' id='word_1_1091' title='bbox 1498 1474 1534 1479; x_wconf 89' lang='grc'><strong>-</strong></span> <span class='ocrx_word' id='word_1_1092' title='bbox 1553 1462 1664 1487; x_wconf 78' lang='lat' dir='ltr'>Effectus</span> <span class='ocrx_word' id='word_1_1093' title='bbox 1692 1462 1833 1489; x_wconf 85' lang='lat' dir='ltr'>mansionis</span> <span class='ocrx_word' id='word_1_1094' title='bbox 1861 1464 1887 1488; x_wconf 88' lang='lat' dir='ltr'>in</span> <span class='ocrx_word' id='word_1_1095' title='bbox 1916 1463 2018 1490; x_wconf 85' lang='lat' dir='ltr'>Christo</span> <span class='ocrx_word' id='word_1_1096' title='bbox 2046 1469 2085 1491; x_wconf 87' lang='lat' dir='ltr'>est</span> 
     </span>
     <span class='ocr_line' id='line_1_170' title="bbox 1445 1505 2082 1538; baseline 0.008 -8"><span class='ocrx_word' id='word_1_1097' title='bbox 1445 1505 1571 1537; x_wconf 89' lang='lat' dir='ltr'>gaudium</span> <span class='ocrx_word' id='word_1_1098' title='bbox 1591 1506 1617 1531; x_wconf 87' lang='lat' dir='ltr'>&#39;m</span> <span class='ocrx_word' id='word_1_1099' title='bbox 1636 1507 1765 1538; x_wconf 86' lang='lat' dir='ltr'>praesenti</span> <span class='ocrx_word' id='word_1_1100' title='bbox 1785 1511 1810 1532; x_wconf 89' lang='lat' dir='ltr'>et</span> <span class='ocrx_word' id='word_1_1101' title='bbox 1829 1508 1854 1533; x_wconf 92' lang='lat' dir='ltr'>in</span> <span class='ocrx_word' id='word_1_1102' title='bbox 1874 1509 1961 1534; x_wconf 78' lang='lat' dir='ltr'>futuro</span> <span class='ocrx_word' id='word_1_1103' title='bbox 1982 1510 2012 1535; x_wconf 82' lang='lat' dir='ltr'>Vl</span> <span class='ocrx_word' id='word_1_1104' title='bbox 2033 1509 2082 1535; x_wconf 88' lang='lat'>448</span> 
     </span>
     <span class='ocr_line' id='line_1_171' title="bbox 1446 1550 2083 1579; baseline 0.008 -5"><span class='ocrx_word' id='word_1_1105' title='bbox 1446 1550 1478 1575; x_wconf 90' lang='grc'>-12</span> <span class='ocrx_word' id='word_1_1106' title='bbox 1499 1564 1532 1568; x_wconf 87' lang='lat'>——</span> <span class='ocrx_word' id='word_1_1107' title='bbox 1552 1550 1577 1575; x_wconf 91' lang='lat' dir='ltr'>ln</span> <span class='ocrx_word' id='word_1_1108' title='bbox 1603 1550 1718 1576; x_wconf 89' lang='lat' dir='ltr'>adventu</span> <span class='ocrx_word' id='word_1_1109' title='bbox 1744 1551 1838 1578; x_wconf 90' lang='lat' dir='ltr'>Christi</span> <span class='ocrx_word' id='word_1_1110' title='bbox 1861 1553 2010 1579; x_wconf 87' lang='lat' dir='ltr'>laetandum</span> <span class='ocrx_word' id='word_1_1111' title='bbox 2032 1553 2083 1579; x_wconf 77' lang='grc'>414</span> 
     </span>
     <span class='ocr_line' id='line_1_172' title="bbox 1444 1594 2084 1629; baseline 0.006 -10"><span class='ocrx_word' id='word_1_1112' title='bbox 1444 1595 1472 1619; x_wconf 91' lang='grc'>21</span> <span class='ocrx_word' id='word_1_1113' title='bbox 1499 1607 1535 1613; x_wconf 90' lang='grc'>-</span> <span class='ocrx_word' id='word_1_1114' title='bbox 1562 1594 1694 1621; x_wconf 86' lang='lat' dir='ltr'>Christum</span> <span class='ocrx_word' id='word_1_1115' title='bbox 1723 1600 1874 1628; x_wconf 80' lang='lat' dir='ltr'>exspectare</span> <span class='ocrx_word' id='word_1_1116' title='bbox 1903 1597 2001 1623; x_wconf 91' lang='lat' dir='ltr'>bonum</span> <span class='ocrx_word' id='word_1_1117' title='bbox 2030 1602 2084 1629; x_wconf 88' lang='lat' dir='ltr'>est,</span> 
     </span>
     <span class='ocr_line' id='line_1_173' title="bbox 1444 1638 2080 1673; baseline 0.008 -10"><span class='ocrx_word' id='word_1_1118' title='bbox 1444 1638 1506 1671; x_wconf 89' lang='lat' dir='ltr'>quia</span> <span class='ocrx_word' id='word_1_1119' title='bbox 1532 1639 1671 1671; x_wconf 88' lang='lat' dir='ltr'>meritum,</span> <span class='ocrx_word' id='word_1_1120' title='bbox 1697 1640 1782 1671; x_wconf 82' lang='lat' dir='ltr'>inagis</span> <span class='ocrx_word' id='word_1_1121' title='bbox 1806 1639 1906 1666; x_wconf 85' lang='lat' dir='ltr'>bonum</span> <span class='ocrx_word' id='word_1_1122' title='bbox 1924 1642 2080 1673; x_wconf 85' lang='lat' dir='ltr'>degustare,</span> 
     </span>
     <span class='ocr_line' id='line_1_174' title="bbox 1443 1682 2081 1715; baseline 0.009 -9"><span class='ocrx_word' id='word_1_1123' title='bbox 1443 1682 1504 1715; x_wconf 89' lang='lat' dir='ltr'>quia</span> <span class='ocrx_word' id='word_1_1124' title='bbox 1533 1683 1670 1713; x_wconf 69' lang='grc'><strong>1131101101,</strong></span> <span class='ocrx_word' id='word_1_1125' title='bbox 1701 1684 1812 1710; x_wconf 80' lang='lat' dir='ltr'>maxime</span> <span class='ocrx_word' id='word_1_1126' title='bbox 1841 1684 1940 1710; x_wconf 91' lang='lat' dir='ltr'>bonum</span> <span class='ocrx_word' id='word_1_1127' title='bbox 1966 1693 2027 1712; x_wconf 91' lang='lat' dir='ltr'>cum</span> <span class='ocrx_word' id='word_1_1128' title='bbox 2050 1693 2081 1712; x_wconf 90' lang='lat' dir='ltr'>eo</span> 
     </span>
     <span class='ocr_line' id='line_1_175' title="bbox 1444 1726 2081 1760; baseline 0.008 -9"><span class='ocrx_word' id='word_1_1129' title='bbox 1444 1726 1578 1758; x_wconf 85' lang='lat' dir='ltr'>gaudere,</span> <span class='ocrx_word' id='word_1_1130' title='bbox 1606 1728 1667 1760; x_wconf 92' lang='lat' dir='ltr'>quia</span> <span class='ocrx_word' id='word_1_1131' title='bbox 1689 1729 1835 1759; x_wconf 90' lang='lat' dir='ltr'>praemium</span> <span class='ocrx_word' id='word_1_1132' title='bbox 1857 1729 1898 1755; x_wconf 88' lang='lat' dir='ltr'>Vll</span> <span class='ocrx_word' id='word_1_1133' title='bbox 1923 1730 1974 1755; x_wconf 84' lang='grc'>235</span> <span class='ocrx_word' id='word_1_1134' title='bbox 1995 1731 2027 1755; x_wconf 87' lang='grc'>60</span> <span class='ocrx_word' id='word_1_1135' title='bbox 2046 1744 2081 1750; x_wconf 86' lang='grc'><strong>-</strong></span> 
     </span>
     <span class='ocr_line' id='line_1_176' title="bbox 1443 1771 2080 1799; baseline 0.006 -3"><span class='ocrx_word' id='word_1_1136' title='bbox 1443 1771 1571 1796; x_wconf 90' lang='lat' dir='ltr'>illuminat</span> <span class='ocrx_word' id='word_1_1137' title='bbox 1583 1778 1676 1797; x_wconf 90' lang='lat' dir='ltr'>omnes</span> <span class='ocrx_word' id='word_1_1138' title='bbox 1690 1772 1723 1797; x_wconf 90' lang='lat' dir='ltr'>ad</span> <span class='ocrx_word' id='word_1_1139' title='bbox 1737 1779 1764 1797; x_wconf 89' lang='lat' dir='ltr'>se</span> <span class='ocrx_word' id='word_1_1140' title='bbox 1782 1773 1937 1799; x_wconf 85' lang='lat' dir='ltr'>accedentes</span> <span class='ocrx_word' id='word_1_1141' title='bbox 1950 1774 1984 1799; x_wconf 86' lang='grc'>73</span> <span class='ocrx_word' id='word_1_1142' title='bbox 2003 1775 2031 1799; x_wconf 91' lang='grc'>13</span> <span class='ocrx_word' id='word_1_1143' title='bbox 2047 1789 2080 1792; x_wconf 92' lang='grc'><strong>-</strong></span> 
     </span>
     <span class='ocr_line' id='line_1_177' title="bbox 1442 1815 2080 1848; baseline 0.008 -9"><span class='ocrx_word' id='word_1_1144' title='bbox 1442 1815 1578 1841; x_wconf 87' lang='grc' dir='ltr'><strong>νο0100105</strong></span> <span class='ocrx_word' id='word_1_1145' title='bbox 1605 1816 1638 1841; x_wconf 89' lang='lat' dir='ltr'>ad</span> <span class='ocrx_word' id='word_1_1146' title='bbox 1658 1823 1686 1842; x_wconf 90' lang='lat' dir='ltr'>se</span> <span class='ocrx_word' id='word_1_1147' title='bbox 1715 1823 1762 1848; x_wconf 85' lang='lat' dir='ltr'>per</span> <span class='ocrx_word' id='word_1_1148' title='bbox 1784 1818 1918 1843; x_wconf 90' lang='lat' dir='ltr'>caritatem</span> <span class='ocrx_word' id='word_1_1149' title='bbox 1947 1819 2028 1845; x_wconf 85' lang='lat' dir='ltr'>reficit</span> <span class='ocrx_word' id='word_1_1150' title='bbox 2049 1819 2080 1844; x_wconf 72' lang='lat' dir='ltr'>V!</span> 
     </span>
     <span class='ocr_line' id='line_1_178' title="bbox 1443 1859 2079 1889; baseline 0.008 -5"><span class='ocrx_word' id='word_1_1151' title='bbox 1443 1859 1494 1884; x_wconf 89' lang='grc'>327</span> <span class='ocrx_word' id='word_1_1152' title='bbox 1515 1859 1557 1885; x_wconf 84' lang='lat'><strong>56.</strong></span> <span class='ocrx_word' id='word_1_1153' title='bbox 1577 1860 1627 1885; x_wconf 88' lang='grc'>328</span> <span class='ocrx_word' id='word_1_1154' title='bbox 1648 1860 1681 1885; x_wconf 90' lang='grc'>58</span> <span class='ocrx_word' id='word_1_1155' title='bbox 1701 1874 1736 1880; x_wconf 88' lang='grc'><strong>-</strong></span> <span class='ocrx_word' id='word_1_1156' title='bbox 1754 1862 1889 1888; x_wconf 79' lang='lat' dir='ltr'>venientes</span> <span class='ocrx_word' id='word_1_1157' title='bbox 1905 1862 1938 1888; x_wconf 93' lang='lat' dir='ltr'>ad</span> <span class='ocrx_word' id='word_1_1158' title='bbox 1956 1870 1985 1888; x_wconf 87' lang='lat' dir='ltr'>se</span> <span class='ocrx_word' id='word_1_1159' title='bbox 2005 1864 2079 1889; x_wconf 90' lang='lat' dir='ltr'>intro-</span> 
     </span>
     <span class='ocr_line' id='line_1_179' title="bbox 1443 1903 1928 1936; baseline 0.004 -7"><span class='ocrx_word' id='word_1_1160' title='bbox 1443 1903 1528 1936; x_wconf 86' lang='lat' dir='ltr'>ducit,</span> <span class='ocrx_word' id='word_1_1161' title='bbox 1548 1905 1590 1930; x_wconf 89' lang='lat' dir='ltr'>vel</span> <span class='ocrx_word' id='word_1_1162' title='bbox 1609 1905 1643 1930; x_wconf 86' lang='lat' dir='ltr'>ad</span> <span class='ocrx_word' id='word_1_1163' title='bbox 1662 1911 1708 1930; x_wconf 91' lang='lat' dir='ltr'>eos</span> <span class='ocrx_word' id='word_1_1164' title='bbox 1728 1905 1805 1931; x_wconf 88' lang='lat' dir='ltr'>intrat</span> <span class='ocrx_word' id='word_1_1165' title='bbox 1825 1907 1874 1931; x_wconf 86' lang='grc'>328</span> <span class='ocrx_word' id='word_1_1166' title='bbox 1895 1907 1928 1932; x_wconf 87' lang='lat'>58</span> 
     </span>
    </p>

    <p class='ocr_par' dir='ltr' id='par_1_29' title="bbox 1440 1951 2105 2419">
     <span class='ocr_line' id='line_1_180' title="bbox 1496 1951 2080 1983; baseline 0.009 -10"><span class='ocrx_word' id='word_1_1167' title='bbox 1496 1962 1531 1968; x_wconf 90' lang='lat'>—</span> <span class='ocrx_word' id='word_1_1168' title='bbox 1549 1956 1674 1981; x_wconf 81' lang='lat' dir='ltr'>praesens</span> <span class='ocrx_word' id='word_1_1169' title='bbox 1691 1951 1860 1982; x_wconf 86' lang='lat' dir='ltr'>corporaliter</span> <span class='ocrx_word' id='word_1_1170' title='bbox 1886 1951 1995 1983; x_wconf 85' lang='lat' dir='ltr'>impedit</span> <span class='ocrx_word' id='word_1_1171' title='bbox 2013 1959 2080 1978; x_wconf 90' lang='lat' dir='ltr'>mor-</span> 
     </span>
     <span class='ocr_line' id='line_1_181' title="bbox 1443 1994 2078 2028; baseline 0.006 -10"><span class='ocrx_word' id='word_1_1172' title='bbox 1443 1996 1494 2018; x_wconf 92' lang='lat' dir='ltr'>tem</span> <span class='ocrx_word' id='word_1_1173' title='bbox 1526 1994 1710 2026; x_wconf 83' lang='lat' dir='ltr'>temporalem,</span> <span class='ocrx_word' id='word_1_1174' title='bbox 1742 2001 1866 2026; x_wconf 86' lang='lat' dir='ltr'>praesens</span> <span class='ocrx_word' id='word_1_1175' title='bbox 1894 2002 1941 2027; x_wconf 88' lang='lat' dir='ltr'>per</span> <span class='ocrx_word' id='word_1_1176' title='bbox 1969 1997 2078 2028; x_wconf 80' lang='lat' dir='ltr'>gratiam</span> 
     </span>
     <span class='ocr_line' id='line_1_182' title="bbox 1443 2038 2080 2070; baseline 0.006 -8"><span class='ocrx_word' id='word_1_1177' title='bbox 1443 2040 1554 2062; x_wconf 90' lang='lat' dir='ltr'>mortem</span> <span class='ocrx_word' id='word_1_1178' title='bbox 1574 2038 1667 2070; x_wconf 89' lang='lat' dir='ltr'>culpae</span> <span class='ocrx_word' id='word_1_1179' title='bbox 1686 2038 1718 2064; x_wconf 81' lang='lat' dir='ltr'>Vl</span> <span class='ocrx_word' id='word_1_1180' title='bbox 1732 2038 1782 2064; x_wconf 82' lang='grc'>588</span> <span class='ocrx_word' id='word_1_1181' title='bbox 1800 2040 1822 2065; x_wconf 83' lang='lat' dir='ltr'>t.</span> <span class='ocrx_word' id='word_1_1182' title='bbox 1843 2040 1894 2065; x_wconf 90' lang='grc'>589</span> <span class='ocrx_word' id='word_1_1183' title='bbox 1914 2040 1930 2065; x_wconf 95' lang='grc'>7</span> <span class='ocrx_word' id='word_1_1184' title='bbox 1945 2047 2080 2066; x_wconf 85' lang='lat' dir='ltr'>—omues</span> 
     </span>
     <span class='ocr_line' id='line_1_183' title="bbox 1442 2080 2081 2116; baseline 0.008 -10"><span class='ocrx_word' id='word_1_1185' title='bbox 1442 2080 1491 2107; x_wconf 89' lang='lat' dir='ltr'>sibi</span> <span class='ocrx_word' id='word_1_1186' title='bbox 1510 2082 1683 2108; x_wconf 85' lang='lat' dir='ltr'>adhaerentes</span> <span class='ocrx_word' id='word_1_1187' title='bbox 1697 2090 1749 2108; x_wconf 93' lang='lat' dir='ltr'>non</span> <span class='ocrx_word' id='word_1_1188' title='bbox 1768 2084 1852 2109; x_wconf 90' lang='lat' dir='ltr'>solum</span> <span class='ocrx_word' id='word_1_1189' title='bbox 1873 2084 1969 2110; x_wconf 87' lang='lat' dir='ltr'>carnali</span> <span class='ocrx_word' id='word_1_1190' title='bbox 1987 2091 2081 2116; x_wconf 82' lang='lat' dir='ltr'>cogua-</span> 
     </span>
     <span class='ocr_line' id='line_1_184' title="bbox 1442 2126 2080 2166; baseline 0.005 -15"><span class='ocrx_word' id='word_1_1191' title='bbox 1442 2126 1523 2158; x_wconf 86' lang='lat' dir='ltr'>tionc,</span> <span class='ocrx_word' id='word_1_1192' title='bbox 1552 2133 1646 2152; x_wconf 89' lang='lat' dir='ltr'>verum</span> <span class='ocrx_word' id='word_1_1193' title='bbox 1675 2127 1755 2152; x_wconf 89' lang='lat' dir='ltr'>etiam</span> <span class='ocrx_word' id='word_1_1194' title='bbox 1783 2128 2080 2166; x_wconf 44' lang='lat' dir='ltr'>spirituali—dilectione</span> 
     </span>
     <span class='ocr_line' id='line_1_185' title="bbox 1443 2169 2079 2199; baseline 0.006 -4"><span class='ocrx_word' id='word_1_1195' title='bbox 1443 2169 1532 2196; x_wconf 91' lang='lat' dir='ltr'>beatos</span> <span class='ocrx_word' id='word_1_1196' title='bbox 1551 2171 1628 2196; x_wconf 86' lang='lat' dir='ltr'>efficit</span> <span class='ocrx_word' id='word_1_1197' title='bbox 1647 2171 1690 2197; x_wconf 88' lang='lat' dir='ltr'>Vll</span> <span class='ocrx_word' id='word_1_1198' title='bbox 1711 2172 1762 2197; x_wconf 86' lang='grc'>297</span> <span class='ocrx_word' id='word_1_1199' title='bbox 1782 2172 1815 2197; x_wconf 89' lang='grc'>62</span> <span class='ocrx_word' id='word_1_1200' title='bbox 1834 2186 1869 2191; x_wconf 93' lang='grc'>-</span> <span class='ocrx_word' id='word_1_1201' title='bbox 1888 2172 1953 2198; x_wconf 91' lang='lat' dir='ltr'>Cum</span> <span class='ocrx_word' id='word_1_1202' title='bbox 1977 2173 2079 2199; x_wconf 89' lang='lat' dir='ltr'>Christo</span> 
     </span>
     <span class='ocr_line' id='line_1_186' title="bbox 1442 2209 2105 2242; baseline 0.005 -2"><span class='ocrx_word' id='word_1_1203' title='bbox 1442 2222 1495 2240; x_wconf 84' lang='lat' dir='ltr'>non</span> <span class='ocrx_word' id='word_1_1204' title='bbox 1514 2215 1660 2241; x_wconf 75' lang='lat' dir='ltr'>timendum</span> <span class='ocrx_word' id='word_1_1205' title='bbox 1681 2216 1712 2241; x_wconf 83' lang='lat' dir='ltr'>vt</span> <span class='ocrx_word' id='word_1_1206' title='bbox 1733 2216 1783 2241; x_wconf 77' lang='lat'>323</span> <span class='ocrx_word' id='word_1_1207' title='bbox 1804 2216 1846 2241; x_wconf 84' lang='grc' dir='ltr'>3ο.</span> <span class='ocrx_word' id='word_1_1208' title='bbox 1869 2217 1909 2242; x_wconf 82' lang='lat' dir='ltr'>vu</span> <span class='ocrx_word' id='word_1_1209' title='bbox 1930 2218 1980 2242; x_wconf 78' lang='grc'>138</span> <span class='ocrx_word' id='word_1_1210' title='bbox 2002 2217 2079 2242; x_wconf 77' lang='grc'>15-</span> <span class='ocrx_word' id='word_1_1211' title='bbox 2102 2209 2105 2211; x_wconf 72' lang='grc'><strong><em>’</em></strong></span> 
     </span>
     <span class='ocr_line' id='line_1_187' title="bbox 1441 2259 2079 2291; baseline 0.005 -7"><span class='ocrx_word' id='word_1_1212' title='bbox 1441 2266 1526 2291; x_wconf 88' lang='lat' dir='ltr'>prope</span> <span class='ocrx_word' id='word_1_1213' title='bbox 1544 2263 1583 2285; x_wconf 88' lang='lat' dir='ltr'>est</span> <span class='ocrx_word' id='word_1_1214' title='bbox 1601 2259 1733 2285; x_wconf 88' lang='lat' dir='ltr'>mentibus</span> <span class='ocrx_word' id='word_1_1215' title='bbox 1761 2260 1891 2286; x_wconf 89' lang='lat' dir='ltr'>bonorum</span> <span class='ocrx_word' id='word_1_1216' title='bbox 1921 2261 1971 2286; x_wconf 87' lang='grc'>168</span> <span class='ocrx_word' id='word_1_1217' title='bbox 1996 2262 2025 2286; x_wconf 89' lang='grc'>10</span> <span class='ocrx_word' id='word_1_1218' title='bbox 2045 2276 2079 2280; x_wconf 90' lang='lat'>--</span> 
     </span>
     <span class='ocr_line' id='line_1_188' title="bbox 1441 2303 2080 2337; baseline 0.005 -9"><span class='ocrx_word' id='word_1_1219' title='bbox 1441 2304 1490 2336; x_wconf 89' lang='lat' dir='ltr'>Qui</span> <span class='ocrx_word' id='word_1_1220' title='bbox 1509 2306 1548 2329; x_wconf 88' lang='lat' dir='ltr'>est</span> <span class='ocrx_word' id='word_1_1221' title='bbox 1573 2310 1633 2329; x_wconf 89' lang='lat' dir='ltr'>cum</span> <span class='ocrx_word' id='word_1_1222' title='bbox 1653 2303 1755 2330; x_wconf 89' lang='lat' dir='ltr'>Christo</span> <span class='ocrx_word' id='word_1_1223' title='bbox 1781 2308 1820 2330; x_wconf 88' lang='lat' dir='ltr'>est</span> <span class='ocrx_word' id='word_1_1224' title='bbox 1844 2306 1973 2337; x_wconf 79' lang='lat' dir='ltr'>securior,</span> <span class='ocrx_word' id='word_1_1225' title='bbox 1998 2307 2080 2337; x_wconf 80' lang='lat' dir='ltr'>perse·</span> 
     </span>
     <span class='ocr_line' id='line_1_189' title="bbox 1441 2348 2080 2376; baseline 0.005 -4"><span class='ocrx_word' id='word_1_1226' title='bbox 1441 2348 1505 2373; x_wconf 92' lang='lat' dir='ltr'>ctior</span> <span class='ocrx_word' id='word_1_1227' title='bbox 1524 2351 1549 2373; x_wconf 89' lang='lat' dir='ltr'>et</span> <span class='ocrx_word' id='word_1_1228' title='bbox 1568 2348 1664 2373; x_wconf 79' lang='lat' dir='ltr'>felicior</span> <span class='ocrx_word' id='word_1_1229' title='bbox 1677 2348 1727 2373; x_wconf 88' lang='grc'>207</span> <span class='ocrx_word' id='word_1_1230' title='bbox 1748 2348 1782 2374; x_wconf 90' lang='grc'>65</span> <span class='ocrx_word' id='word_1_1231' title='bbox 1801 2363 1836 2367; x_wconf 93' lang='lat'>-—</span> <span class='ocrx_word' id='word_1_1232' title='bbox 1855 2349 1916 2374; x_wconf 83' lang='lat' dir='ltr'>Esse</span> <span class='ocrx_word' id='word_1_1233' title='bbox 1934 2356 1995 2375; x_wconf 89' lang='lat' dir='ltr'>cum</span> <span class='ocrx_word' id='word_1_1234' title='bbox 2009 2349 2080 2376; x_wconf 83' lang='lat' dir='ltr'>Chri·</span> 
     </span>
     <span class='ocr_line' id='line_1_190' title="bbox 1440 2393 1851 2419; baseline 0.002 -1"><span class='ocrx_word' id='word_1_1235' title='bbox 1440 2396 1480 2418; x_wconf 89' lang='grc'>510</span> <span class='ocrx_word' id='word_1_1236' title='bbox 1499 2395 1538 2418; x_wconf 86' lang='grc'>051</span> <span class='ocrx_word' id='word_1_1237' title='bbox 1555 2393 1608 2418; x_wconf 75' lang='lat' dir='ltr'>vita</span> <span class='ocrx_word' id='word_1_1238' title='bbox 1627 2395 1731 2418; x_wconf 87' lang='lat' dir='ltr'>aeterna</span> <span class='ocrx_word' id='word_1_1239' title='bbox 1751 2393 1803 2418; x_wconf 89' lang='lat'><strong>580</strong></span> <span class='ocrx_word' id='word_1_1240' title='bbox 1822 2394 1851 2419; x_wconf 88' lang='grc'>51</span> 
     </span>
    </p>

    <p class='ocr_par' dir='ltr' id='par_1_30' title="bbox 1440 2437 2079 2552">
     <span class='ocr_line' id='line_1_191' title="bbox 1493 2437 2079 2469; baseline 0.005 -8"><span class='ocrx_word' id='word_1_1241' title='bbox 1493 2450 1528 2456; x_wconf 90' lang='lat'>—-</span> <span class='ocrx_word' id='word_1_1242' title='bbox 1547 2437 1714 2469; x_wconf 88' lang='lat' dir='ltr'>Quicumque</span> <span class='ocrx_word' id='word_1_1243' title='bbox 1732 2441 1771 2462; x_wconf 88' lang='lat' dir='ltr'>est</span> <span class='ocrx_word' id='word_1_1244' title='bbox 1789 2441 1860 2463; x_wconf 71' lang='lat' dir='ltr'>extra</span> <span class='ocrx_word' id='word_1_1245' title='bbox 1879 2438 2024 2469; x_wconf 78' lang='lat' dir='ltr'>Christum,</span> <span class='ocrx_word' id='word_1_1246' title='bbox 2044 2440 2079 2464; x_wconf 87' lang='lat' dir='ltr'>so-</span> 
     </span>
     <span class='ocr_line' id='line_1_192' title="bbox 1441 2481 2078 2515; baseline 0.005 -9"><span class='ocrx_word' id='word_1_1247' title='bbox 1441 2481 1476 2506; x_wconf 87' lang='lat' dir='ltr'>ris</span> <span class='ocrx_word' id='word_1_1248' title='bbox 1495 2481 1521 2506; x_wconf 94' lang='lat' dir='ltr'>in</span> <span class='ocrx_word' id='word_1_1249' title='bbox 1540 2481 1582 2506; x_wconf 88' lang='lat' dir='ltr'>via</span> <span class='ocrx_word' id='word_1_1250' title='bbox 1607 2486 1646 2506; x_wconf 88' lang='lat' dir='ltr'>est</span> <span class='ocrx_word' id='word_1_1251' title='bbox 1666 2481 1706 2506; x_wconf 73' lang='lat' dir='ltr'>Vll</span> <span class='ocrx_word' id='word_1_1252' title='bbox 1734 2481 1784 2506; x_wconf 92' lang='grc'>490</span> <span class='ocrx_word' id='word_1_1253' title='bbox 1810 2481 1841 2507; x_wconf 85' lang='grc'>48</span> <span class='ocrx_word' id='word_1_1254' title='bbox 1863 2496 1896 2501; x_wconf 84' lang='lat'><em>—</em></span> <span class='ocrx_word' id='word_1_1255' title='bbox 1916 2483 1964 2515; x_wconf 86' lang='lat' dir='ltr'>Qui</span> <span class='ocrx_word' id='word_1_1256' title='bbox 1990 2487 2028 2508; x_wconf 82' lang='lat' dir='ltr'>est</span> <span class='ocrx_word' id='word_1_1257' title='bbox 2054 2483 2078 2509; x_wconf 93' lang='lat' dir='ltr'>in</span> 
     </span>
     <span class='ocr_line' id='line_1_193' title="bbox 1440 2525 1808 2552; baseline 0 0"><span class='ocrx_word' id='word_1_1258' title='bbox 1440 2525 1542 2552; x_wconf 88' lang='lat' dir='ltr'>Christo</span> <span class='ocrx_word' id='word_1_1259' title='bbox 1556 2525 1617 2551; x_wconf 84' lang='lat' dir='ltr'>soris</span> <span class='ocrx_word' id='word_1_1260' title='bbox 1630 2533 1680 2551; x_wconf 89' lang='lat' dir='ltr'>non</span> <span class='ocrx_word' id='word_1_1261' title='bbox 1694 2529 1733 2551; x_wconf 90' lang='lat' dir='ltr'>est</span> <span class='ocrx_word' id='word_1_1262' title='bbox 1746 2525 1808 2552; x_wconf 83' lang='lat' dir='ltr'>ibid.</span> 
     </span>
    </p>

    <p class='ocr_par' dir='ltr' id='par_1_31' title="bbox 1436 2568 2080 3221">
     <span class='ocr_line' id='line_1_194' title="bbox 1494 2568 2079 2602; baseline 0.005 -8"><span class='ocrx_word' id='word_1_1263' title='bbox 1494 2584 1529 2589; x_wconf 98' lang='lat'><strong>—</strong></span> <span class='ocrx_word' id='word_1_1264' title='bbox 1548 2577 1595 2602; x_wconf 87' lang='lat' dir='ltr'>per</span> <span class='ocrx_word' id='word_1_1265' title='bbox 1618 2568 1690 2595; x_wconf 76' lang='lat' dir='ltr'>fldem</span> <span class='ocrx_word' id='word_1_1266' title='bbox 1714 2574 1802 2596; x_wconf 90' lang='lat' dir='ltr'>manet</span> <span class='ocrx_word' id='word_1_1267' title='bbox 1829 2571 1854 2596; x_wconf 92' lang='lat' dir='ltr'>in</span> <span class='ocrx_word' id='word_1_1268' title='bbox 1873 2570 1998 2597; x_wconf 85' lang='lat' dir='ltr'>cordibus</span> <span class='ocrx_word' id='word_1_1269' title='bbox 2027 2579 2079 2597; x_wconf 87' lang='lat' dir='ltr'>cre·</span> 
     </span>
     <span class='ocr_line' id='line_1_195' title="bbox 1442 2614 2079 2648; baseline 0.005 -9"><span class='ocrx_word' id='word_1_1270' title='bbox 1442 2614 1559 2640; x_wconf 88' lang='lat' dir='ltr'>dentium</span> <span class='ocrx_word' id='word_1_1271' title='bbox 1580 2614 1612 2640; x_wconf 89' lang='lat' dir='ltr'>Vl</span> <span class='ocrx_word' id='word_1_1272' title='bbox 1636 2614 1688 2639; x_wconf 78' lang='grc'>315</span> <span class='ocrx_word' id='word_1_1273' title='bbox 1707 2615 1740 2640; x_wconf 91' lang='grc'>66</span> <span class='ocrx_word' id='word_1_1274' title='bbox 1760 2629 1795 2634; x_wconf 89' lang='grc'>-</span> <span class='ocrx_word' id='word_1_1275' title='bbox 1814 2615 1905 2640; x_wconf 76' lang='lat' dir='ltr'>fideles</span> <span class='ocrx_word' id='word_1_1276' title='bbox 1928 2616 1955 2641; x_wconf 90' lang='lat' dir='ltr'>in</span> <span class='ocrx_word' id='word_1_1277' title='bbox 1981 2623 2079 2648; x_wconf 90' lang='lat' dir='ltr'>corpus</span> 
     </span>
     <span class='ocr_line' id='line_1_196' title="bbox 1441 2659 2080 2690; baseline 0.002 -5"><span class='ocrx_word' id='word_1_1278' title='bbox 1441 2665 1519 2685; x_wconf 88' lang='lat' dir='ltr'>suum</span> <span class='ocrx_word' id='word_1_1279' title='bbox 1539 2659 1678 2690; x_wconf 76' lang='lat' dir='ltr'>mysticum</span> <span class='ocrx_word' id='word_1_1280' title='bbox 1699 2659 1791 2684; x_wconf 89' lang='lat' dir='ltr'>traiicit</span> <span class='ocrx_word' id='word_1_1281' title='bbox 1806 2659 1848 2685; x_wconf 78' lang='lat' dir='ltr'>Vll</span> <span class='ocrx_word' id='word_1_1282' title='bbox 1869 2659 1919 2685; x_wconf 85' lang='lat'>348</span> <span class='ocrx_word' id='word_1_1283' title='bbox 1941 2659 1973 2685; x_wconf 85' lang='lat'>44</span> <span class='ocrx_word' id='word_1_1284' title='bbox 1993 2674 2024 2678; x_wconf 92' lang='lat'>-—</span> <span class='ocrx_word' id='word_1_1285' title='bbox 2040 2665 2080 2686; x_wconf 86' lang='lat' dir='ltr'>est</span> 
     </span>
     <span class='ocr_line' id='line_1_197' title="bbox 1441 2702 2077 2731; baseline 0.002 -2"><span class='ocrx_word' id='word_1_1286' title='bbox 1441 2704 1468 2729; x_wconf 90' lang='grc'>111</span> <span class='ocrx_word' id='word_1_1287' title='bbox 1488 2703 1609 2729; x_wconf 78' lang='lat' dir='ltr'>fidelibus</span> <span class='ocrx_word' id='word_1_1288' title='bbox 1623 2706 1650 2728; x_wconf 88' lang='lat' dir='ltr'>ut</span> <span class='ocrx_word' id='word_1_1289' title='bbox 1669 2702 1825 2729; x_wconf 89' lang='lat' dir='ltr'>inhabitator</span> <span class='ocrx_word' id='word_1_1290' title='bbox 1843 2704 1869 2729; x_wconf 92' lang='lat' dir='ltr'>in</span> <span class='ocrx_word' id='word_1_1291' title='bbox 1883 2703 2031 2730; x_wconf 88' lang='lat' dir='ltr'>habitaculo</span> <span class='ocrx_word' id='word_1_1292' title='bbox 2045 2705 2077 2731; x_wconf 75' lang='lat' dir='ltr'>Vl</span> 
     </span>
     <span class='ocr_line' id='line_1_198' title="bbox 1442 2747 2078 2775; baseline 0 -1"><span class='ocrx_word' id='word_1_1293' title='bbox 1442 2748 1488 2774; x_wconf 84' lang='grc'>441</span> <span class='ocrx_word' id='word_1_1294' title='bbox 1513 2748 1545 2773; x_wconf 89' lang='grc'>29</span> <span class='ocrx_word' id='word_1_1295' title='bbox 1565 2761 1600 2767; x_wconf 91' lang='grc'>-</span> <span class='ocrx_word' id='word_1_1296' title='bbox 1619 2751 1706 2773; x_wconf 82' lang='grc'><strong>100001</strong></span> <span class='ocrx_word' id='word_1_1297' title='bbox 1725 2747 1750 2773; x_wconf 90' lang='grc'>10</span> <span class='ocrx_word' id='word_1_1298' title='bbox 1775 2747 1896 2773; x_wconf 80' lang='lat' dir='ltr'>fidelibus</span> <span class='ocrx_word' id='word_1_1299' title='bbox 1915 2752 1943 2774; x_wconf 91' lang='lat' dir='ltr'>ut</span> <span class='ocrx_word' id='word_1_1300' title='bbox 1967 2749 1992 2774; x_wconf 94' lang='lat' dir='ltr'>in</span> <span class='ocrx_word' id='word_1_1301' title='bbox 2017 2753 2078 2775; x_wconf 92' lang='lat' dir='ltr'>tem-</span> 
     </span>
     <span class='ocr_line' id='line_1_199' title="bbox 1442 2791 2078 2825; baseline 0.002 -7"><span class='ocrx_word' id='word_1_1302' title='bbox 1442 2793 1484 2825; x_wconf 90' lang='lat' dir='ltr'>plo</span> <span class='ocrx_word' id='word_1_1303' title='bbox 1506 2792 1556 2818; x_wconf 90' lang='lat'>447</span> <span class='ocrx_word' id='word_1_1304' title='bbox 1577 2791 1591 2817; x_wconf 90' lang='grc'>4</span> <span class='ocrx_word' id='word_1_1305' title='bbox 1611 2806 1645 2811; x_wconf 89' lang='grc'>-</span> <span class='ocrx_word' id='word_1_1306' title='bbox 1665 2791 1763 2817; x_wconf 87' lang='lat' dir='ltr'>habitat</span> <span class='ocrx_word' id='word_1_1307' title='bbox 1782 2792 1808 2817; x_wconf 90' lang='lat' dir='ltr'>in</span> <span class='ocrx_word' id='word_1_1308' title='bbox 1833 2795 1918 2817; x_wconf 86' lang='lat' dir='ltr'>nostra</span> <span class='ocrx_word' id='word_1_1309' title='bbox 1939 2796 2026 2818; x_wconf 87' lang='lat' dir='ltr'>mente</span> <span class='ocrx_word' id='word_1_1310' title='bbox 2051 2798 2078 2819; x_wconf 89' lang='lat' dir='ltr'>ut</span> 
     </span>
     <span class='ocr_line' id='line_1_200' title="bbox 1442 2836 2079 2869; baseline 0 -7"><span class='ocrx_word' id='word_1_1311' title='bbox 1442 2837 1466 2862; x_wconf 93' lang='lat' dir='ltr'>in</span> <span class='ocrx_word' id='word_1_1312' title='bbox 1486 2837 1584 2868; x_wconf 89' lang='lat' dir='ltr'>templo</span> <span class='ocrx_word' id='word_1_1313' title='bbox 1603 2836 1654 2861; x_wconf 88' lang='grc'>537</span> <span class='ocrx_word' id='word_1_1314' title='bbox 1674 2836 1689 2860; x_wconf 88' lang='grc'>6</span> <span class='ocrx_word' id='word_1_1315' title='bbox 1702 2850 1737 2854; x_wconf 94' lang='grc'><strong>-</strong></span> <span class='ocrx_word' id='word_1_1316' title='bbox 1749 2840 1788 2861; x_wconf 85' lang='grc'>051</span> <span class='ocrx_word' id='word_1_1317' title='bbox 1807 2837 1891 2867; x_wconf 88' lang='lat' dir='ltr'>locus,</span> <span class='ocrx_word' id='word_1_1318' title='bbox 1911 2836 1936 2861; x_wconf 93' lang='lat' dir='ltr'>in</span> <span class='ocrx_word' id='word_1_1319' title='bbox 1956 2844 2010 2869; x_wconf 90' lang='lat' dir='ltr'>quo</span> <span class='ocrx_word' id='word_1_1320' title='bbox 2023 2844 2079 2862; x_wconf 91' lang='lat' dir='ltr'>ma—</span> 
     </span>
     <span class='ocr_line' id='line_1_201' title="bbox 1441 2879 2078 2907; baseline 0.002 -1"><span class='ocrx_word' id='word_1_1321' title='bbox 1441 2887 1502 2906; x_wconf 85' lang='lat' dir='ltr'>nere</span> <span class='ocrx_word' id='word_1_1322' title='bbox 1520 2880 1617 2906; x_wconf 89' lang='lat' dir='ltr'>debent</span> <span class='ocrx_word' id='word_1_1323' title='bbox 1635 2879 1724 2905; x_wconf 82' lang='lat' dir='ltr'>fideles</span> <span class='ocrx_word' id='word_1_1324' title='bbox 1738 2879 1787 2905; x_wconf 75' lang='grc'>446</span> <span class='ocrx_word' id='word_1_1325' title='bbox 1808 2881 1822 2905; x_wconf 88' lang='grc'>2</span> <span class='ocrx_word' id='word_1_1326' title='bbox 1841 2894 1877 2898; x_wconf 88' lang='lat'>—-</span> <span class='ocrx_word' id='word_1_1327' title='bbox 1895 2880 1995 2906; x_wconf 84' lang='lat' dir='ltr'>Fideles</span> <span class='ocrx_word' id='word_1_1328' title='bbox 2008 2880 2078 2907; x_wconf 86' lang='lat' dir='ltr'>Chri-</span> 
     </span>
     <span class='ocr_line' id='line_1_202' title="bbox 1440 2924 2077 2956; baseline 0 -6"><span class='ocrx_word' id='word_1_1329' title='bbox 1440 2928 1480 2951; x_wconf 87' lang='lat' dir='ltr'>sto</span> <span class='ocrx_word' id='word_1_1330' title='bbox 1500 2925 1647 2950; x_wconf 88' lang='lat' dir='ltr'>inseruntur</span> <span class='ocrx_word' id='word_1_1331' title='bbox 1666 2927 1790 2956; x_wconf 86' lang='lat' dir='ltr'>tanquam</span> <span class='ocrx_word' id='word_1_1332' title='bbox 1810 2924 1888 2956; x_wconf 90' lang='lat' dir='ltr'>stipiti</span> <span class='ocrx_word' id='word_1_1333' title='bbox 1909 2924 2014 2950; x_wconf 85' lang='lat' dir='ltr'>radicali</span> <span class='ocrx_word' id='word_1_1334' title='bbox 2035 2925 2077 2950; x_wconf 74' lang='lat' dir='ltr'>vn</span> 
     </span>
     <span class='ocr_line' id='line_1_203' title="bbox 1441 2967 2076 3001; baseline 0.002 -8"><span class='ocrx_word' id='word_1_1335' title='bbox 1441 2969 1491 2994; x_wconf 88' lang='grc'>198</span> <span class='ocrx_word' id='word_1_1336' title='bbox 1512 2969 1545 2994; x_wconf 89' lang='grc'>32</span> <span class='ocrx_word' id='word_1_1337' title='bbox 1564 2981 1600 2987; x_wconf 90' lang='grc'><strong>-</strong></span> <span class='ocrx_word' id='word_1_1338' title='bbox 1619 2967 1718 2994; x_wconf 89' lang='lat' dir='ltr'>habitat</span> <span class='ocrx_word' id='word_1_1339' title='bbox 1737 2968 1762 2993; x_wconf 89' lang='lat' dir='ltr'>in</span> <span class='ocrx_word' id='word_1_1340' title='bbox 1777 2967 1853 2994; x_wconf 90' lang='lat' dir='ltr'>nobis</span> <span class='ocrx_word' id='word_1_1341' title='bbox 1871 2975 1918 3001; x_wconf 87' lang='lat' dir='ltr'>per</span> <span class='ocrx_word' id='word_1_1342' title='bbox 1932 2969 2011 2994; x_wconf 83' lang='lat' dir='ltr'>fldem</span> <span class='ocrx_word' id='word_1_1343' title='bbox 2027 2969 2076 2995; x_wconf 85' lang='grc'>498</span> 
     </span>
     <span class='ocr_line' id='line_1_204' title="bbox 1440 3012 2076 3045; baseline 0 -7"><span class='ocrx_word' id='word_1_1344' title='bbox 1440 3013 1473 3038; x_wconf 88' lang='grc'>69</span> <span class='ocrx_word' id='word_1_1345' title='bbox 1488 3026 1523 3032; x_wconf 89' lang='grc'>-</span> <span class='ocrx_word' id='word_1_1346' title='bbox 1535 3012 1636 3038; x_wconf 88' lang='lat' dir='ltr'>Christo</span> <span class='ocrx_word' id='word_1_1347' title='bbox 1655 3016 1762 3044; x_wconf 86' lang='lat' dir='ltr'>paratur</span> <span class='ocrx_word' id='word_1_1348' title='bbox 1776 3013 1918 3044; x_wconf 85' lang='lat' dir='ltr'>hospitium</span> <span class='ocrx_word' id='word_1_1349' title='bbox 1938 3020 1984 3045; x_wconf 86' lang='lat' dir='ltr'>per</span> <span class='ocrx_word' id='word_1_1350' title='bbox 1998 3013 2076 3039; x_wconf 85' lang='lat' dir='ltr'>tidem</span> 
     </span>
     <span class='ocr_line' id='line_1_205' title="bbox 1442 3056 2077 3089; baseline 0.002 -7"><span class='ocrx_word' id='word_1_1351' title='bbox 1442 3058 1471 3083; x_wconf 72' lang='lat' dir='ltr'>vt</span> <span class='ocrx_word' id='word_1_1352' title='bbox 1492 3056 1542 3082; x_wconf 78' lang='lat'>544</span> <span class='ocrx_word' id='word_1_1353' title='bbox 1563 3064 1590 3082; x_wconf 77' lang='lat' dir='ltr'>v.</span> <span class='ocrx_word' id='word_1_1354' title='bbox 1612 3057 1627 3081; x_wconf 87' lang='lat'><strong>6</strong></span> <span class='ocrx_word' id='word_1_1355' title='bbox 1646 3070 1681 3075; x_wconf 90' lang='lat'>—</span> <span class='ocrx_word' id='word_1_1356' title='bbox 1700 3057 1733 3082; x_wconf 89' lang='lat' dir='ltr'>ad</span> <span class='ocrx_word' id='word_1_1357' title='bbox 1753 3056 1884 3082; x_wconf 86' lang='lat' dir='ltr'>Christum</span> <span class='ocrx_word' id='word_1_1358' title='bbox 1905 3057 2008 3082; x_wconf 75' lang='lat' dir='ltr'>venitur</span> <span class='ocrx_word' id='word_1_1359' title='bbox 2030 3064 2077 3089; x_wconf 85' lang='lat' dir='ltr'>per</span> 
     </span>
     <span class='ocr_line' id='line_1_206' title="bbox 1439 3101 2078 3127; baseline -0.002 0"><span class='ocrx_word' id='word_1_1360' title='bbox 1439 3102 1517 3127; x_wconf 84' lang='lat' dir='ltr'>tidem</span> <span class='ocrx_word' id='word_1_1361' title='bbox 1538 3101 1588 3126; x_wconf 86' lang='grc'>379</span> <span class='ocrx_word' id='word_1_1362' title='bbox 1609 3102 1643 3127; x_wconf 87' lang='grc'>52</span> <span class='ocrx_word' id='word_1_1363' title='bbox 1663 3101 1704 3126; x_wconf 90' lang='lat' dir='ltr'>Vll</span> <span class='ocrx_word' id='word_1_1364' title='bbox 1726 3101 1776 3126; x_wconf 83' lang='grc'>164</span> <span class='ocrx_word' id='word_1_1365' title='bbox 1800 3101 1856 3126; x_wconf 88' lang='grc'><strong>106.</strong></span> <span class='ocrx_word' id='word_1_1366' title='bbox 1884 3101 1931 3126; x_wconf 89' lang='grc'>167</span> <span class='ocrx_word' id='word_1_1367' title='bbox 1951 3101 1967 3126; x_wconf 90' lang='grc'>5</span> <span class='ocrx_word' id='word_1_1368' title='bbox 1986 3115 2021 3120; x_wconf 94' lang='grc'>-</span> <span class='ocrx_word' id='word_1_1369' title='bbox 2040 3108 2078 3126; x_wconf 82' lang='lat' dir='ltr'>re-</span> 
     </span>
     <span class='ocr_line' id='line_1_207' title="bbox 1436 3145 2076 3178; baseline -0.002 -6"><span class='ocrx_word' id='word_1_1370' title='bbox 1436 3146 1532 3178; x_wconf 86' lang='lat' dir='ltr'>cipitur</span> <span class='ocrx_word' id='word_1_1371' title='bbox 1559 3152 1607 3178; x_wconf 86' lang='lat' dir='ltr'>per</span> <span class='ocrx_word' id='word_1_1372' title='bbox 1634 3145 1714 3171; x_wconf 83' lang='lat' dir='ltr'>fldem</span> <span class='ocrx_word' id='word_1_1373' title='bbox 1733 3145 1766 3171; x_wconf 89' lang='lat' dir='ltr'>Vl</span> <span class='ocrx_word' id='word_1_1374' title='bbox 1786 3145 1836 3171; x_wconf 87' lang='grc'>252</span> <span class='ocrx_word' id='word_1_1375' title='bbox 1856 3145 1899 3171; x_wconf 84' lang='grc'>27.</span> <span class='ocrx_word' id='word_1_1376' title='bbox 1919 3145 1970 3171; x_wconf 87' lang='grc'>253</span> <span class='ocrx_word' id='word_1_1377' title='bbox 1989 3145 2023 3171; x_wconf 86' lang='grc'>32</span> <span class='ocrx_word' id='word_1_1378' title='bbox 2048 3145 2076 3171; x_wconf 69' lang='grc'>2*</span> 
     </span>
     <span class='ocr_line' id='line_1_208' title="bbox 1439 3189 2075 3221; baseline -0.002 -6"><span class='ocrx_word' id='word_1_1379' title='bbox 1439 3190 1510 3215; x_wconf 89' lang='lat' dir='ltr'>—ln</span> <span class='ocrx_word' id='word_1_1380' title='bbox 1524 3189 1660 3221; x_wconf 87' lang='lat' dir='ltr'>baptizatis</span> <span class='ocrx_word' id='word_1_1381' title='bbox 1677 3190 1706 3215; x_wconf 83' lang='lat' dir='ltr'>at</span> <span class='ocrx_word' id='word_1_1382' title='bbox 1724 3189 1847 3215; x_wconf 86' lang='lat' dir='ltr'>habitatio</span> <span class='ocrx_word' id='word_1_1383' title='bbox 1860 3189 1953 3215; x_wconf 88' lang='lat' dir='ltr'>Christi</span> <span class='ocrx_word' id='word_1_1384' title='bbox 1967 3190 1995 3215; x_wconf 88' lang='grc'>31</span> <span class='ocrx_word' id='word_1_1385' title='bbox 2015 3197 2040 3215; x_wconf 85' lang='lat' dir='ltr'>v.</span> <span class='ocrx_word' id='word_1_1386' title='bbox 2061 3190 2075 3214; x_wconf 89' lang='lat'><strong>8</strong></span> 
     </span>
    </p>

    <p class='ocr_par' dir='ltr' id='par_1_32' title="bbox 1491 3233 2076 3266">
     <span class='ocr_line' id='line_1_209' title="bbox 1491 3233 2076 3266; baseline 0 -7"><span class='ocrx_word' id='word_1_1387' title='bbox 1491 3247 1527 3254; x_wconf 95' lang='lat'>—</span> <span class='ocrx_word' id='word_1_1388' title='bbox 1545 3234 1651 3260; x_wconf 90' lang='lat' dir='ltr'>videtur</span> <span class='ocrx_word' id='word_1_1389' title='bbox 1664 3241 1711 3266; x_wconf 90' lang='lat' dir='ltr'>per</span> <span class='ocrx_word' id='word_1_1390' title='bbox 1725 3233 1803 3259; x_wconf 80' lang='lat' dir='ltr'>fldem</span> <span class='ocrx_word' id='word_1_1391' title='bbox 1823 3234 1866 3259; x_wconf 90' lang='lat' dir='ltr'>Vll</span> <span class='ocrx_word' id='word_1_1392' title='bbox 1882 3233 1931 3260; x_wconf 80' lang='lat'>474</span> <span class='ocrx_word' id='word_1_1393' title='bbox 1951 3234 1967 3259; x_wconf 93' lang='lat'><strong>7</strong></span> <span class='ocrx_word' id='word_1_1394' title='bbox 1980 3247 2016 3253; x_wconf 90' lang='lat'>-</span> <span class='ocrx_word' id='word_1_1395' title='bbox 2028 3240 2076 3265; x_wconf 84' lang='lat' dir='ltr'>per</span> 
     </span>
    </p>
   </div>
   <div class='ocr_carea' id='block_1_10' title="bbox 764 3277 2076 3314">
    <p class='ocr_par' dir='ltr' id='par_1_33' title="bbox 764 3277 2076 3314">
     <span class='ocr_line' id='line_1_210' title="bbox 764 3277 2076 3314; baseline -0.004 -7"><span class='ocrx_word' id='word_1_1396' title='bbox 764 3282 901 3314; x_wconf 84' lang='lat' dir='ltr'>gehennae</span> <span class='ocrx_word' id='word_1_1397' title='bbox 920 3281 962 3307; x_wconf 87' lang='lat' dir='ltr'>Vll</span> <span class='ocrx_word' id='word_1_1398' title='bbox 977 3281 1028 3306; x_wconf 89' lang='grc'>569</span> <span class='ocrx_word' id='word_1_1399' title='bbox 1048 3280 1064 3306; x_wconf 88' lang='grc'>5</span> <span class='ocrx_word' id='word_1_1400' title='bbox 1081 3279 1292 3306; x_wconf 82' lang='lat' dir='ltr'>—Recedentes</span> <span class='ocrx_word' id='word_1_1401' title='bbox 1304 3285 1318 3304; x_wconf 87' lang='lat' dir='ltr'>a</span> <span class='ocrx_word' id='word_1_1402' title='bbox 1331 3278 1402 3304; x_wconf 90' lang='lat' dir='ltr'>Chri·</span> <span class='ocrx_word' id='word_1_1403' title='bbox 1439 3278 1518 3304; x_wconf 80' lang='lat' dir='ltr'>fldem</span> <span class='ocrx_word' id='word_1_1404' title='bbox 1538 3278 1643 3303; x_wconf 86' lang='lat' dir='ltr'>auditur</span> <span class='ocrx_word' id='word_1_1405' title='bbox 1662 3282 1686 3303; x_wconf 90' lang='lat' dir='ltr'>et</span> <span class='ocrx_word' id='word_1_1406' title='bbox 1706 3277 1810 3303; x_wconf 84' lang='lat' dir='ltr'>videtur</span> <span class='ocrx_word' id='word_1_1407' title='bbox 1829 3278 1856 3303; x_wconf 89' lang='lat' dir='ltr'>in</span> <span class='ocrx_word' id='word_1_1408' title='bbox 1870 3278 1911 3303; x_wconf 88' lang='lat' dir='ltr'>via</span> <span class='ocrx_word' id='word_1_1409' title='bbox 1931 3281 1956 3303; x_wconf 90' lang='lat' dir='ltr'>et</span> <span class='ocrx_word' id='word_1_1410' title='bbox 1974 3277 2076 3303; x_wconf 69' lang='lat' dir='ltr'>videbi-</span> 
     </span>
    </p>
   </div>
   <div class='ocr_carea' id='block_1_11' title="bbox 765 3323 1335 3358">
    <p class='ocr_par' dir='ltr' id='par_1_34' title="bbox 765 3323 1335 3358">
     <span class='ocr_line' id='line_1_211' title="bbox 765 3323 1335 3358; baseline -0.005 -6"><span class='ocrx_word' id='word_1_1411' title='bbox 765 3329 805 3352; x_wconf 88' lang='lat' dir='ltr'>sto</span> <span class='ocrx_word' id='word_1_1412' title='bbox 823 3333 877 3352; x_wconf 90' lang='grc'><strong>1100</strong></span> <span class='ocrx_word' id='word_1_1413' title='bbox 896 3328 1031 3358; x_wconf 87' lang='lat' dir='ltr'>reportant</span> <span class='ocrx_word' id='word_1_1414' title='bbox 1050 3326 1164 3351; x_wconf 76' lang='lat' dir='ltr'>fructum</span> <span class='ocrx_word' id='word_1_1415' title='bbox 1178 3324 1210 3350; x_wconf 86' lang='lat' dir='ltr'>vt</span> <span class='ocrx_word' id='word_1_1416' title='bbox 1231 3324 1282 3350; x_wconf 85' lang='grc'>363</span> <span class='ocrx_word' id='word_1_1417' title='bbox 1302 3323 1335 3349; x_wconf 85' lang='grc'>46</span> 
     </span>
    </p>
   </div>
   <div class='ocr_carea' id='block_1_12' title="bbox 1438 3321 2075 3357">
    <p class='ocr_par' dir='ltr' id='par_1_35' title="bbox 1438 3321 2075 3357">
     <span class='ocr_line' id='line_1_212' title="bbox 1438 3321 2075 3357; baseline -0.002 -9"><span class='ocrx_word' id='word_1_1418' title='bbox 1438 3326 1480 3348; x_wconf 89' lang='lat' dir='ltr'>tur</span> <span class='ocrx_word' id='word_1_1419' title='bbox 1499 3322 1524 3348; x_wconf 86' lang='lat' dir='ltr'>ia</span> <span class='ocrx_word' id='word_1_1420' title='bbox 1543 3322 1626 3355; x_wconf 89' lang='lat' dir='ltr'>patria</span> <span class='ocrx_word' id='word_1_1421' title='bbox 1640 3322 1691 3348; x_wconf 84' lang='grc'>266</span> <span class='ocrx_word' id='word_1_1422' title='bbox 1712 3321 1745 3348; x_wconf 85' lang='grc'>42</span> <span class='ocrx_word' id='word_1_1423' title='bbox 1765 3336 1798 3340; x_wconf 86' lang='grc'>-</span> <span class='ocrx_word' id='word_1_1424' title='bbox 1818 3322 1923 3348; x_wconf 83' lang='lat' dir='ltr'>videtur</span> <span class='ocrx_word' id='word_1_1425' title='bbox 1936 3329 1983 3353; x_wconf 90' lang='lat' dir='ltr'>per</span> <span class='ocrx_word' id='word_1_1426' title='bbox 1996 3321 2075 3357; x_wconf 83' lang='grc'><strong>1111001</strong></span> 
     </span>
    </p>
   </div>
  </div>
 </body>
</html>
