2476 3921
195 748 273 769 Tertia.

129 1064 272 1086 contrarietas

156 1091 251 1112 solvitur.

150 1327 192 1349 Cur
209 1328 263 1349 Deus

134 1354 188 1376 haec
202 1355 279 1385 permi-

177 1384 237 1402 serit.

293 278 355 310 562

292 365 487 403 societatem;
513 363 596 397 unde
619 363 855 406 Augustinus1:
886 377 901 392 «
925 364 1025 404 Quam
1049 363 1146 396 noxia
1177 366 1251 396 sunt

292 427 463 461 pravorum
487 417 626 459 eloquia,
651 425 732 459 quae
756 420 872 459 cogunt
896 417 1023 449 Petrum
1048 425 1163 459 negare
1190 416 1250 448 Do-

292 471 412 504 minum
440 471 489 503 vel
518 470 676 502 hominem
693 479 726 503 se
750 478 855 508 nosse,
881 479 975 512 quern
993 470 1076 502 inter
1099 469 1251 502 condisci-

292 525 383 567 pulos
407 524 568 557 confessus
591 523 695 556 suerat
711 532 779 556 esse
802 523 913 556 Filium
938 523 992 556 Dei
1010 536 1040 555 n.
1058 522 1144 555 Unde
1168 522 1251 555 veri-

291 579 405 611 ficatur
436 577 514 610 illud
536 577 657 619 primae
680 576 718 609 ad
742 576 919 609 Corinthios
942 576 1061 609 decimo
1092 575 1203 617 quinto
1219 575 1250 607 ²:

298 644 313 660 «
329 631 544 672 Corrumpunt
567 630 665 662 bonos
689 639 794 662 mores
817 629 942 672 eloquia
966 629 1047 661 mala
1063 642 1093 661 n.

381 685 433 716 71.
459 683 560 723 (Vers.
586 683 637 715 59.
661 683 736 723 60.).
762 682 798 714 Et
821 682 896 724 quia
912 682 1022 714 Petrus
1047 681 1176 713 minime
1192 680 1251 713 sihi

293 737 396 770 adhuc
419 737 515 775 cavit,
540 736 609 769 ideo
633 736 725 769 tertio
742 736 938 778 negationem
962 734 1142 776 replicavit;
1168 733 1252 766 unde

293 791 436 823 additur:
469 791 509 822 Ec
536 789 707 822 intervallo
738 788 828 831 facto
863 788 964 832 quasi
994 787 1096 820 horae
1128 787 1250 825 unius,

294 844 382 877 alius
398 844 544 887 quidam
567 842 761 886 affirmabat
784 842 914 875 dicens:
946 841 1023 873 Vere
1046 843 1074 872 ec
1098 839 1150 872 liic
1175 849 1252 872 cum

294 897 348 929 illo
378 901 465 935 erat,
497 906 577 928 nam
609 900 639 928 et
666 895 836 928 Galilaeus
867 898 921 926 est.
958 895 994 926 Et
1026 893 1076 925 ait
1107 893 1250 925 Petras.-

293 950 397 982 Homo
411 950 435 988 ³,
459 949 582 987 neseio,
600 948 680 992 quid
703 947 796 980 dicis.
816 947 851 979 Et
867 946 1031 988 impletum
1047 949 1095 978 est
1117 945 1251 978 verbum

293 1003 413 1035 Domini
439 1011 536 1044 supra
559 1001 683 1034 eodem:
714 1013 729 1028 «
745 1001 917 1041 Antequam
943 999 1044 1041 gallus
1068 1001 1186 1036 cantet,
1203 1001 1252 1030 ter

292 1064 342 1088 me
365 1055 491 1097 negabis
507 1068 537 1086 ».
557 1073 597 1077 ——
622 1054 701 1085 Haec
717 1056 823 1085 autem
840 1052 922 1084 trina
938 1052 1061 1093 negatio
1076 1050 1251 1084 sec-undum

293 1108 430 1141 Bedam¹¹
453 1111 484 1140 et
507 1107 730 1148 Hieronymum
755 1105 835 1138 sacta
858 1105 918 1137 fuit
941 1104 972 1136 in
997 1104 1077 1136 atrio
1101 1104 1251 1145 Caiphae;

293 1160 465 1193 secundum
490 1159 699 1201 Augustinum
716 1161 838 1196 autem,
852 1158 888 1189 *in
905 1157 998 1189 Libro
1022 1156 1060 1189 de
1079 1155 1252 1189 Concordia

294 1213 560 1255 Evangelistarum
573 1212 597 1250 ὅ,
614 1211 759 1244 inchoata
775 1211 834 1243 fuit
850 1210 881 1243 in
898 1210 990 1243 domo
1010 1210 1115 1242 Annae
1131 1212 1162 1242 et
1178 1218 1252 1242 con-

291 1270 446 1299 summata
462 1266 493 1298 in
510 1265 591 1298 atrio
606 1265 759 1306 Caiphae;
785 1264 834 1297 cui
861 1263 1029 1296 concordat
1053 1263 1191 1296 Ioannes.
1210 1281 1251 1285 ——

291 1319 434 1352 Permisit
455 1322 560 1351 autem
585 1318 752 1357 Dominus,
777 1318 904 1350 Petrum
928 1325 1043 1359 negare
1059 1325 1110 1355 se,
1126 1319 1163 1348 ut
1178 1315 1254 1348 dicit

292 1372 533 1414 Chrysostomus
546 1371 569 1411 ⁶,
593 1375 629 1403 ut
649 1370 859 1403 confundatur
876 1370 1027 1409 Marcion,
1052 1372 1088 1402 ut
1104 1378 1198 1402 nemo
1214 1368 1253 1401 de

293 1434 325 1458 se
349 1428 544 1467 praesumat,
569 1428 605 1457 ut
629 1424 753 1457 Christo
776 1424 808 1456 in
824 1416 1118 1463 omnibuscredat‚
1146 1426 1183 1455 ut
1200 1421 1251 1454 alii

294 1478 350 1511 sibi
368 1470 511 1517 caveant,
529 1480 559 1510 et
578 1490 593 1505 «
606 1481 642 1509 ut
659 1476 818 1518 praelatus
835 1475 988 1508 Ecclesiae
1003 1475 1102 1508 discat
1118 1483 1160 1507 ex
1177 1483 1252 1507 casu

294 1540 365 1570 suo,
389 1531 524 1573 qualiter
548 1530 616 1563 aliis
639 1529 782 1562 misereri
806 1528 1009 1567 debuisset»,
1028 1531 1064 1561 ut
1080 1528 1174 1560 etiam
1189 1527 1252 1559 for-

294 1584 354 1616 tior
379 1592 547 1626 resurgens
570 1583 727 1622 ostendat,
743 1582 821 1615 illud
844 1591 912 1614 esse
928 1590 1056 1620 verum,
1073 1580 1157 1623 quod
1177 1580 1254 1613 dici-

297 1641 348 1669 tur
364 1636 402 1669 ad
418 1638 572 1669 Romanos
588 1640 697 1669 octavo
711 1636 738 1668 ⁷:
756 1648 772 1664 α
785 1635 922 1673 Scimus,
939 1634 1088 1677 quoniam
1100 1634 1254 1676 diligenti-

295 1690 355 1722 bus
370 1690 469 1722 Deum
487 1689 591 1722 omnia
607 1691 817 1731 cooperantur
833 1688 865 1720 in
881 1688 999 1720 bonum
1013 1700 1044 1719 n.
1062 1687 1132 1719 ideo
1148 1690 1254 1719 autem

296 1747 343 1774 ter
360 1743 531 1784 permissus
547 1747 594 1776 est
610 1751 739 1784 negare,
764 1745 800 1774 ut
823 1741 1024 1780 ostendatur,
1050 1740 1133 1783 quod
1154 1740 1255 1782 tripli-

297 1795 373 1827 citer
395 1795 580 1828 offendimus
595 1795 709 1835 Deum,
734 1795 851 1828 scilicet
873 1794 982 1833 corde,
1007 1803 1063 1826 ore
1094 1797 1125 1826 et
1149 1802 1254 1835 opere.

298 1847 333 1879 Et
349 1856 366 1879 a
382 1847 489 1879 tribus
501 1848 653 1889 personis
669 1848 824 1890 impulsus
840 1851 887 1880 est
903 1848 934 1880 in
952 1846 1137 1889 mysterium
1155 1846 1256 1888 tripli—

297 1899 341 1932 cis
372 1898 575 1932 tentationis⁸
606 1903 637 1932 et
668 1900 793 1942 triplici
814 1900 985 1933 intervallo
1009 1900 1042 1933 in
1069 1899 1256 1942 designatio-

296 1962 366 1986 nem
392 1952 532 1995 triplicis
556 1952 799 1985 admonitionis.
824 1953 861 1985 Et
884 1962 980 1995 super
1011 1954 1088 1986 haec
1112 1953 1174 1985 tria
1207 1955 1256 1985 ter

296 2006 472 2049 quaesitum
486 2009 533 2039 est
548 2005 588 2038 ab
604 2015 654 2039 eo:
672 2006 789 2038 amas?
803 2010 850 2039 ter
868 2007 986 2039 dictum
1000 2009 1048 2040 est
1058 2007 1085 2040 ei
1098 2019 1105 2038 :
1115 2006 1238 2049 pasce⁹
1244 2017 1256 2044 ;

296 2063 327 2093 et
351 2060 432 2093 trina
455 2059 549 2092 Petri
570 2059 759 2092 solemnitas
782 2059 975 2092 celebratur.

369 2233 377 2248 ¹
398 2234 469 2259 Hanc
488 2234 657 2267 sententiam,
677 2241 758 2267 quam
777 2235 854 2260 etiam
875 2234 952 2261 Card.
970 2235 1047 2267 Hugo
1068 2234 1184 2260 attribuit
1205 2236 1256 2260 Au-

297 2277 417 2312 gustino,
438 2278 586 2304 invenimus
605 2279 676 2310 apud
696 2279 806 2309 Bedam,
828 2279 868 2305 iv.
889 2279 914 2304 in
934 2280 1010 2305 Marc.
1035 2279 1081 2309 44,
1102 2280 1150 2305 72:
1171 2280 1255 2311 Quam

297 2323 390 2348 nociva
410 2330 554 2354 pravorum
573 2323 715 2355 colloquial
737 2324 826 2349 Petrus
850 2324 906 2356 ipse
925 2324 990 2349 inter
1016 2324 1133 2350 infideles
1152 2324 1193 2350 vel
1212 2325 1256 2349 ho-

298 2367 394 2392 minem
413 2371 461 2392 etc.
480 2367 506 2392 ln
526 2367 578 2392 fine
591 2367 728 2398 respicitur
741 2368 829 2392 Matth.
844 2368 889 2398 16,
911 2368 958 2393 46:
978 2368 1148 2400 Respondens
1164 2368 1256 2394 Simon

298 2411 388 2436 Petrus
407 2411 483 2436 dixit:
503 2411 542 2436 Tu
563 2418 591 2436 es
610 2410 741 2441 Christus,
760 2411 839 2436 Filius
859 2412 903 2437 Dei
923 2412 987 2437 vivi.

369 2453 379 2468 ²
399 2455 473 2480 Vers.
492 2455 535 2480 33.

370 2498 380 2513 ³
400 2499 481 2525 Codd.
502 2499 553 2525 CD
579 2499 601 2526 0
624 2499 712 2525 homo.
731 2513 766 2518 —
785 2500 907 2532 Sequitur
931 2501 992 2526 Luc.
1018 2502 1064 2533 22,
1091 2501 1133 2526 3¹1.
1158 2504 1257 2526 senten-

301 2543 404 2573 tialiter,
424 2542 505 2568 verba
524 2543 655 2575 siquidem
675 2546 736 2568 sunt
753 2550 783 2568 ex
803 2544 888 2569 Matth.
909 2545 957 2575 26,
977 2544 1019 2570 34.

370 2586 381 2600 ⁴
400 2586 469 2612 Libr.
488 2587 530 2612 IV.
549 2587 574 2612 in
593 2587 656 2612 Luc.
677 2588 723 2618 22,
743 2587 836 2620 54-623
856 2588 975 2619 Hieron.‚
996 2589 1036 2614 1V.
1057 2588 1203 2615 Comment.
1232 2589 1256 2614 in

300 2631 387 2656 Matth.
406 2631 452 2662 26,
466 2631 510 2656 75.

372 2674 382 2689 ⁵
401 2674 470 2700 Libr.
490 2676 526 2700 111.
540 2682 563 2701 c.
582 2676 606 2700 6.
620 2683 645 2701 n.
666 2676 708 2701 21.
728 2683 818 2709 seqq.;
838 2677 884 2701 csr.
899 2676 923 2701 in
944 2677 1014 2702 loan.
1030 2677 1129 2708 Evang.
1151 2680 1182 2702 tr.
1200 2677 1256 2702 ii3.

301 2727 327 2745 n.
347 2719 371 2744 6.
391 2732 426 2738 ·-
445 2718 561 2744 Subinde
580 2719 705 2751 allegatur
729 2721 796 2746 loan.
819 2721 864 2752 ts,
892 2721 932 2746 13.
951 2727 1024 2753 seqq.
1045 2735 1080 2739 —
1099 2720 1167 2746 Vide
1189 2728 1258 2753 quae

301 2765 350 2789 hac
368 2762 402 2788 de
420 2769 449 2788 re
473 2762 586 2788 diximus
606 2766 667 2788 tom.
694 2764 736 2790 Vl.
754 2771 816 2796 pag.
839 2764 904 2797 485,
924 2768 985 2790 nota
1005 2765 1035 2795 9,
1055 2765 1082 2790 in
1108 2772 1158 2797 qua
1180 2765 1257 2790 etiam

301 2807 437 2832 retulimus
450 2806 601 2838 lectionem,
621 2814 700 2840 quam
721 2808 762 2833 hic
782 2809 802 2834 Η
823 2808 914 2834 habet:
929 2808 1055 2835 inchoata
1073 2808 1127 2842 suit
1138 2808 1165 2835 in
1179 2808 1257 2835 domo

302 2852 410 2883 Annae,
422 2849 469 2876 ubi
479 2850 586 2884 negavit
604 2850 699 2883 semel,
712 2851 782 2878 sicut
794 2851 892 2878 dicitur
912 2853 987 2879 loan.
1007 2851 1058 2885 4&
1071 2852 1118 2879 sed
1136 2859 1258 2879 consum-

302 2896 376 2922 mata
388 2895 441 2930 suit
453 2895 480 2921 in
493 2895 564 2923 atrio
579 2895 712 2929 Caiphaffl·
730 2895 801 2922 unde
813 2896 862 2922 alii
875 2896 1026 2930 loquuntur
1038 2896 1257 2930 recapitulando,

303 2939 344 2966 vel
362 2940 475 2966 loannes
490 2939 725 2974 praeoccupando.

373 2982 385 2998 ⁶
403 2984 498 3010 Homil.
520 2985 561 3010 82.
583 2984 655 3018 (alias
674 2985 727 3016 83.)
749 2984 773 3009 in
793 2984 879 3010 Mattn.
902 2992 927 3010 n.
948 2986 972 3010 2.
993 2992 1062 3019 seq.,
1082 2985 1128 3011 ubi
1146 2988 1259 3019 quatuor

303 3027 403 3059 priores
420 3028 533 3054 rationes
557 3029 721 3055 insinuantur
740 3028 798 3061 (cfr.
823 3035 902 3061 supra
923 3036 946 3054 n.
968 3028 1034 3063 45.);
1060 3029 1177 3063 quintam
1202 3030 1259 3055 insi-

302 3074 364 3097 nuat
383 3071 505 3104 Gregor.,
524 3073 550 3098 ll.
565 3073 658 3098 Homii.
678 3073 703 3098 ln
717 3073 816 3105 Evang.
836 3071 924 3098 homil.
946 3073 989 3099 21.
1004 3080 1031 3099 n.
1051 3073 1080 3099 4:
1104 3083 1116 3097 «ι
1132 3074 1162 3100 Ut
1179 3074 1200 3100 is
1213 3073 1258 3106 qui

303 3117 404 3142 tuturus
422 3119 477 3142 erat
489 3120 577 3148 pastor
596 3117 739 3149 Ecclesiae,
753 3117 777 3150 in
790 3124 836 3143 sua
853 3117 928 3150 culpa
942 3117 1066 3149 disceret,
1079 3118 1189 3152 qualiter
1202 3118 1259 3144 aliis

303 3159 419 3185 misereri
448 3159 619 3186 debuisset».
639 3161 706 3187 Vide
725 3160 803 3187 etiarn
831 3167 911 3193 supra
939 3168 1001 3194 pag.
1033 3161 1097 3193 435,
1124 3164 1214 3188 notam
1233 3162 1258 3187 9.

303 3205 377 3229 Sexta
396 3203 462 3230 ratio
481 3203 617 3230 exhibetur
636 3205 660 3230 in
679 3205 839 3238 expositione
859 3205 900 3231 ΡΒ.
919 3205 961 3231 91.
981 3213 1007 3231 n.
1027 3205 1050 3231 4.
1072 3206 1152 3240 (inter
1177 3213 1259 3238 opera

302 3248 412 3281 Bedae):
434 3257 447 3271 α
461 3248 532 3274 lllum
552 3247 733 3284 [salvandum]
759 3249 884 3282 permittit
902 3248 966 3281 labi,
991 3253 1020 3276 ut
1044 3250 1134 3276 tortior
1152 3253 1258 3283 surgat,

302 3291 369 3318 sicut
381 3292 471 3318 Petrus
484 3299 531 3325 per
544 3287 647 3325 lapsurh
662 3293 751 3320 sortior
763 3293 874 3320 surrexit
886 3303 900 3317 n
908 3303 915 3325 ;
929 3294 975 3319 etr.
986 3296 1050 3319 tom.
1063 3294 1104 3320 m.
1115 3301 1178 3327 pag.
1191 3293 1242 3320 676
1251 3313 1258 3325 ,

302 3338 362 3362 nota
381 3335 405 3362 4.
1084 3335 1095 3351 ¹
1116 3337 1192 3364 Vers.
1215 3338 1259 3364 28.

373 3378 384 3394 ⁸
403 3379 454 3407 Cir.
474 3386 553 3413 supra
573 3387 634 3413 pag.
654 3380 720 3414 55⁸,
748 3384 809 3408 nota
827 3380 854 3408 7.
873 3395 907 3400 -
927 3381 964 3407 De
988 3388 1043 3415 seq.
1069 3381 1169 3408 ratione
1196 3381 1258 3408 vide

302 3424 426 3456 August„
445 3423 482 3450 ΙΙΙ.
506 3424 540 3450 de
558 3423 692 3451 Consensu
722 3424 876 3458 Evangelist.
904 3431 926 3451 c.
947 3425 971 3451 2.
999 3431 1027 3450 n.
1052 3424 1078 3451 15.
1099 3430 1188 3458 seqq„
1212 3423 1257 3451 ubi

876 274 1069 307 COMMENT.
1094 275 1131 307 IN
1154 274 1393 307 EVANGELIUM
1416 274 1534 307 LUCAE
1558 274 1590 306 C.
1616 273 1702 306 XXII.

1405 364 1456 395 72.
1482 362 1583 404 (Vers.
1610 363 1661 395 60.
1681 362 1747 403 61.)
1772 362 1877 395 Tertio
1894 365 2047 405 quantum
2064 363 2103 396 ad
2120 363 2276 406 pietatem
2294 357 2373 393 cuma

1315 416 1451 454 Domini
1473 416 1510 448 in
1532 415 1761 448 succurrendo
1784 415 2010 462 subiungitur:
2037 417 2077 448 Et
2102 417 2275 455 continuo,

1315 467 1426 501 adhuc
1450 468 1504 501 illo
1528 468 1689 512 loquente,
1713 468 1863 501 cantavit
1883 468 2004 511 qallus.
2032 470 2072 502 Et
2098 478 2277 502 cmwersus

1317 521 1479 554 Dominus
1502 521 1645 564 respeaeit
1661 522 1810 554 Petrum.
1836 521 2000 554 Praemisit
2016 526 2152 555 cantum
2173 522 2275 565 qallz',

1315 583 1379 616 quo
1403 574 1514 607 Petrus
1538 577 1791 607 commoveretur
1814 574 1972 613 exterius,
1990 577 2021 607 et
2041 578 2188 617 respectu
2214 575 2277 607 Do-

1314 627 1401 659 mini
1423 630 1676 660 commoveretur
1699 627 1848 666 interius,
1873 627 1948 669 quia
1968 627 2028 660 hoc
2050 627 2168 669 duplici
2184 626 2277 660 modo

1316 680 1415 722 pietas
1445 680 1559 713 Christi
1585 680 1704 713 relevat
1735 684 1915 722 peccatores
1929 706 1937 719 ,
1965 681 2109 714 exterius
2140 689 2278 714 commo-

1316 732 1417 765 vendo
1439 742 1504 775 per.
1531 736 1658 766 cantum
1692 729 1779 775 galli,
1805 733 1865 766 hoe
1895 736 1944 766 est
1973 742 2030 775 per
2061 733 2278 766 commonitio-

1316 793 1387 817 nem
1411 785 1678 827 praedicantium3
1704 785 1756 818 lob
1780 785 1940 827 trigesimo
1968 786 2078 819 octavo
2091 786 2135 817 ¹⁰:
2164 798 2180 814 α
2201 785 2278 827 Quis

1316 837 1401 871 dedit
1417 838 1499 880 gallo
1515 838 1752 881 intelligentiam
1764 841 1803 871 12?
1820 838 1906 872 Unde
1921 842 1953 872 et
1969 838 2104 872 Ecclesia
2119 839 2277 872 cantatu:

1601 928 1689 953 Gallus
1708 928 1822 954 iacentes
1841 928 1942 961 arguit,

1601 973 1631 997 Et
1649 972 1827 998 somnolentos
1846 972 1976 1005 increpat;

1317 1050 1392 1092 quia
1419 1051 1535 1083 dicitur
1570 1051 1778 1094 praedicatori
1813 1052 1969 1086 secundae
2003 1052 2043 1086 ad
2078 1052 2279 1086 Timotheum

1317 1107 1432 1146 quarto
1446 1104 1491 1136 ¹2:
1521 1117 1537 1132 a
1553 1105 1670 1146 Argue,
1687 1105 1832 1144 obsecra,
1849 1105 2004 1148 increpa»
2026 1109 2085 1139 etc.
2111 1106 2147 1138 Et
2162 1105 2202 1138 ad
2217 1105 2279 1138 hu-

1317 1157 1367 1189 ius
1398 1156 1526 1189 cantum
1559 1158 1743 1199 supervenit
1765 1158 1888 1191 divinae
1911 1159 2145 1192 misericordiae
2172 1167 2279 1202 respe-

1317 1213 1405 1249 ctus,
1429 1210 1468 1243 de
1491 1220 1556 1252 quo
1590 1211 1623 1243 in
1657 1211 1801 1244 Psalmo:
1835 1225 1850 1241 a:
1867 1212 2020 1254 Quoniam
2044 1213 2210 1255 prospexit
2240 1212 2279 1246 de

1317 1263 1443 1296 excelso
1478 1267 1597 1296 sanctoi
1617 1273 1693 1304 suo;
1729 1264 1882 1298 Dominus
1913 1265 1952 1298 de
1980 1266 2066 1298 caelo
2097 1266 2129 1298 in
2160 1269 2279 1299 terram

1317 1316 1484 1358 aspexit».
1502 1317 1696 1359 Augustinus
1711 1317 1750 1350 de
1765 1317 1938 1351 Concordia
1953 1318 2223 1361 Evangelistarum
2236 1319 2278 1352 ¹³:

1322 1383 1337 1397 α
1355 1369 1503 1412 Respexit
1526 1370 1680 1403 Dominus
1698 1370 1825 1403 Petrum
1843 1380 1904 1404 non
1921 1371 2075 1405 humanis·
2091 1372 2208 1412 oculis,
2225 1372 2281 1406 sed

1317 1422 1431 1456 divinis
1441 1435 1471 1462 »3
1489 1423 1663 1465 Sapientiae
1679 1428 1810 1466 quarto:
1833 1437 1848 1453 (ι
1860 1425 2030 1467 Respectus
2046 1425 2101 1458 Dei
2118 1425 2149 1458 in
2165 1425 2281 1459 electos

1318 1476 1403 1508 illius
1418 1488 1455 1515 »3
1480 1480 1511 1509 et
1535 1476 1693 1509 Psalmus:
1724 1490 1740 1505 «
1756 1477 1891 1519 Respicit
1915 1481 2033 1510 terram
2050 1491 2065 1507 n
2094 1481 2153 1511 etc.

1408 1528 1460 1561 73.
1485 1529 1586 1571 (Vers.
1614 1530 1690 1572 61.).
1716 1530 1835 1571 Quarto
1859 1534 2013 1572 quantum
2029 1530 2069 1563 ad
2090 1530 2281 1573 fidelitatem
2294 1536 2436 1568 Potrzfideli-

1319 1582 1413 1614 Petri
1435 1582 1471 1614 in
1495 1582 1662 1615 redeundo
1693 1583 1919 1626 subiungitur:
1945 1584 1984 1616 Et
2015 1584 2212 1617 recordatus
2234 1587 2282 1617 est
2301 1565 2434 1613 333&AEoe-

1319 1636 1442 1668 Petrus
1457 1636 1550 1669 verbi
1565 1636 1719 1675 Domini,
1743 1637 1831 1670 sicut
1846 1637 1998 1670 dixerat:
2025 1637 2113 1679 Quia
2126 1638 2153 1657 ¹⁴
2164 1638 2281 1681 prius-

1319 1698 1422 1732 quam
1451 1689 1564 1731 qallas
1595 1693 1720 1729 cantet,
1753 1694 1802 1723 ter
1832 1700 1884 1723 me
1913 1690 2072 1734 neqabis;
2103 1694 2135 1724 et
2163 1691 2196 1724 in
2220 1691 2281 1725 hoc

1320 1742 1502 1784 recognovit
1525 1743 1666 1785 culpam,
1689 1743 1729 1776 ad
1752 1743 1844 1777 cuius
1865 1744 2111 1786 recognitionem
2133 1744 2280 1787 sequitur

1320 1793 1519 1835 poenitentia.

1410 1846 1461 1879 74.
1487 1847 1588 1888 (Vers.
1615 1848 1691 1890 62).
1717 1849 1752 1882 Et
1775 1848 1845 1882 ideo
1868 1848 1967 1882 addit:
1994 1849 2032 1881 Et
2055 1858 2207 1892 eqressits
2229 1848 2280 1892 fo-

1321 1908 1397 1937 ras,
1422 1899 1544 1932 Petrus
1565 1899 1655 1942 flevit
1685 1911 1819 1941 amare,
1844 1901 1875 1935 id
1899 1904 1961 1941 est,
1985 1910 2027 1935 ex
2058 1911 2172 1945 magna
2194 1906 2280 1935 com-

1320 1951 1499 1993 punctionis
1522 1954 1731 1987 amaritudine
1746 1955 1939 1997 lacrymatus
1962 1958 2027 1995 est;
2051 1954 2135 1988 unde
2151 1954 2281 1988 Ambro-

1321 2005 1387 2038 sius
1400 2005 1443 2036 ¹⁵:
1473 2018 1489 2034 «ι
1506 2005 1603 2038 Flevit
1617 2007 1828 2048 amarissime,
1845 2011 1882 2041 ut
1898 2008 2054 2050 lacrymae
2070 2008 2212 2041 lavarent
2230 2008 2281 2042 de-

1320 2058 1445 2097 lictum;
1471 2061 1502 2091 et
1518 2061 1554 2091 tu
1577 2058 1721 2092 similiter
1737 2060 1885 2103 lacrymis
1901 2061 2027 2103 culpam
2051 2061 2137 2094 dilue
2152 2074 2183 2094 ι).
2201 2061 2281 2094 Haec

1319 2235 1444 2267 ostendit,
1464 2234 1615 2260 credibilius
1628 2241 1697 2266 esse,
1721 2243 1734 2256 α
1747 2235 1788 2260 ter
1806 2242 1867 2260 eum
1885 2234 2016 2269 [Petrum]
2029 2235 2189 2267 expressisse
2207 2242 2282 2267 prae-

1319 2280 1478 2305 sumtionem
1498 2286 1573 2305 suam
1598 2278 1709 2304 dlversis
1729 2278 1792 2304 locis
1816 2280 1946 2305 sermonis
1965 2279 2074 2311 Christi,
2094 2284 2120 2306 et
2138 2282 2178 2307 ter
2204 2279 2240 2305 illi
2264 2287 2280 2305 a

1319 2324 1431 2349 Domino
1450 2330 1621 2356 responsum,
1641 2323 1715 2356 quod
1733 2330 1794 2348 eum
1815 2326 1882 2349 esset
1895 2327 1955 2350 ante
1974 2324 2034 2356 galli
2054 2328 2159 2351 cantum
2180 2325 2220 2351 ter
2238 2331 2281 2350 ne-

1320 2371 1429 2399 gaturus
1442 2378 1468 2393 n.

1390 2410 1401 2425 ⁹
1421 2413 1489 2438 ioan.
1509 2413 1552 2443 2¹,
1572 2412 1662 2438 -15-17.
1681 2412 1730 2438 Cir.
1746 2413 1770 2437 S.
1791 2412 1903 2444 Bonav.,
1917 2412 2064 2439 Comment.
2077 2413 2105 2439 in
2117 2414 2186 2439 loan.
2199 2420 2222 2439 c.
2236 2414 2279 2439 2¹.

1319 2462 1347 2480 n.
1365 2456 1414 2487 38,
1434 2456 1479 2482 ubi
1503 2457 1630 2488 allegatur
1648 2458 1776 2487 August.,
1796 2456 1821 2481 in
1848 2456 1917 2480 loan.
1938 2456 2036 2488 Evang.
2062 2460 2092 2482 tr.
2120 2458 2179 2483 423.
2199 2465 2225 2483 n.
2245 2457 2279 2483 5:

1319 2500 1447 2526 Redditur
1475 2501 1555 2527 trinae
1583 2501 1715 2533 negationi
1744 2500 1809 2526 trina
1834 2500 1961 2526 consessio
1990 2504 2038 2527 etc.
2057 2515 2092 2521 —-
2111 2502 2189 2528 Trina
2212 2502 2281 2528 Petri

1320 2545 1469 2570 solemnitas
1487 2544 1645 2577 celebratur,
1664 2545 1717 2570 scil.
1738 2545 1832 2570 diebus
1852 2545 1894 2570 48.
1913 2545 2014 2570 ianuar.
2035 2545 2175 2578 (Cathedra
2199 2547 2224 2572 S.
2237 2547 2281 2572 Pe-

1321 2588 1351 2613 tri
1371 2589 1494 2621 Romae),
1514 2590 1557 2614 22.
1581 2588 1657 2614 Febr.
1677 2588 1760 2621 (Catii.
1787 2589 1812 2614 S.
1832 2589 1899 2614 Petri
1924 2589 2086 2622 Antiochiae)
2108 2593 2134 2616 et
2150 2591 2192 2615 29.
2216 2590 2279 2616 lunii

1321 2632 1435 2664 (Festum
1450 2634 1477 2658 S.
1491 2633 1578 2665 Petri).
1588 2646 1623 2652 ——
1633 2633 1741 2659 lnserius
1754 2636 1812 2665 post
1826 2632 1977 2660 celebratur
1992 2634 2010 2659 B
2024 2633 2097 2660 addit
2109 2633 2138 2660 in
2152 2634 2279 2661 Ecclesia.

1392 2676 1414 2690 ¹⁰
1434 2677 1509 2702 Vers.
1519 2677 1561 2702 36.
1572 2691 1607 2695 -—
1620 2677 1746 2709 Superius
1759 2685 1807 2709 pro
1821 2679 2037 2704 commoveretur
2052 2682 2077 2704 et
2090 2678 2280 2706 commovendo

1321 2719 1339 2745 C
1353 2720 1403 2745 DH
1422 2719 1582 2746 substituunt
1601 2723 1817 2748 commoneretur
1836 2721 2082 2755 etcommonendo.

1393 2764 1413 2779 ¹¹
1434 2766 1460 2790 ln
1479 2767 1577 2797 hymno
1597 2766 1709 2792 Aeterne
1734 2772 1829 2792 rerum
1849 2766 1976 2793 Conditor
1996 2767 2029 2793 ad
2049 2767 2151 2793 Laudes
2169 2775 2218 2800 pro
2236 2768 2280 2794 die

1322 2808 1456 2833 Dominica
1476 2808 1516 2841 (ex
1537 2808 1685 2841 Ambros.):

1606 2872 1752 2902 surgamus
1771 2877 1835 2902 ergo
1854 2875 1976 2903 strenue,

1640 2915 1727 2940 Gallus
1744 2915 1858 2941 iacentes
1876 2915 1969 2941 excitat

1641 2959 1670 2984 Et
1689 2960 1867 2985 somnolentos
1887 2959 2010 2992 increpat,

1641 3004 1728 3030 Gallus
1747 3007 1873 3036 negantes
1891 3004 1987 3036 arguit.

1394 3070 1415 3086 ¹²
1436 3072 1510 3098 Vers.
1530 3073 1553 3097 2.
1573 3086 1608 3092 —
1631 3072 1755 3106 Sequitur
1777 3073 1818 3098 Ps.
1841 3073 1906 3104 tot,
1929 3074 1973 3100 20.

1393 3114 1415 3129 ¹³
1434 3115 1504 3142 Libr.
1523 3116 1559 3142 ill.
1579 3123 1601 3142 c.
1621 3116 1646 3141 6.
1665 3123 1690 3142 n.
1703 3117 1751 3143 26:
1766 3117 1797 3143 Ut
1809 3117 1887 3142 etiam
1901 3124 1932 3143 ex
1945 3118 1996 3144 hoc
2015 3118 2114 3150 [Matth.
2133 3118 2181 3149 26,
2198 3118 2242 3144 75.
2255 3121 2281 3145 et

1322 3159 1399 3185 Marc.
1424 3160 1469 3191 14,
1491 3159 1546 3194 72.]
1565 3160 1755 3192 intelligamus,
1776 3161 1846 3186 illam
1859 3161 2050 3194 respectionem
2070 3168 2085 3187 a
2098 3162 2155 3188 lesu
2168 3169 2222 3188 non
2234 3163 2280 3188 liu-

1322 3204 1406 3230 manis
1425 3204 1520 3236 oculis,
1540 3204 1587 3230 sed
1606 3204 1731 3230 divinitus
1750 3206 1854 3231 tactam.
1872 3204 1924 3232 Cir.
1943 3212 2024 3238 supra
2043 3213 2066 3231 c.
2086 3206 2128 3232 15.
2147 3213 2173 3232 n.
2192 3205 2236 3232 34.
2254 3209 2281 3232 et

1322 3250 1384 3274 tom.
1403 3248 1445 3274 vt.
1464 3255 1525 3280 pag.
1545 3247 1610 3279 264,
1635 3251 1697 3274 nota
1717 3249 1758 3274 12.
1777 3263 1813 3268 -
1831 3249 1889 3275 Duo
1912 3256 1987 3283 seqq.
2011 3249 2061 3276 loci
2085 3253 2147 3276 sunt
2166 3250 2227 3283 Sap.
2248 3250 2278 3281 4,

1324 3292 1364 3318 ⁴5.
1384 3295 1409 3319 et
1427 3293 1468 3318 ΡΒ.
1490 3293 1552 3324 103,
1572 3293 1615 3319 32.

1393 3335 1415 3351 “
1433 3336 1517 3363 Codd.
1535 3335 1586 3363 AC
1598 3337 1648 3363 ΒΗ
1670 3336 1756 3370 Quod.

1393 3378 1416 3395 ²⁵
1434 3379 1505 3407 Libr.
1523 3381 1556 3407 X.
1576 3380 1601 3407 in
1621 3381 1684 3407 Luc.
1703 3388 1726 3408 c.
1746 3382 1790 3408 22.
1807 3389 1834 3408 n.
1854 3382 1901 3414 905
1921 3381 1985 3409 ibid.
1999 3387 2027 3408 n.
2040 3382 2083 3408 88.
2095 3385 2135 3409 est
2153 3385 2209 3416 se'q.
2222 3389 2285 3413 sen<

1321 3424 1409 3451 tentia.

2385 373 2428 400 pie-
2448 401 2449 405 Ἰ

2299 1855 2350 1877 Eius
2364 1855 2433 1878 fletus.
