2476 3921
319 252 382 285 320
901 244 1094 277 COMMENT.
1118 243 1156 275 IN
1179 242 1418 275 EVANGELIUM
1442 240 1560 274 LUCAE
1584 239 1617 272 C.
1642 239 1702 272 ΧΠ.

1337 330 1396 363 hoc
1420 329 1499 362 nihil
1522 332 1579 362 est.
1603 328 1633 361 Si
1657 328 1741 360 enim
1765 330 1980 369 auymerttum
2005 324 2147 367 corporis
2169 333 2232 357 non
2260 325 2296 357 fit

1337 391 1394 424 per
1418 382 1588 414 humanam
1612 380 1848 422 cogitationem,
1872 378 1924 412 sed
1949 387 2006 420 per
2029 378 2166 411 divinam
2193 377 2297 420 dispo-
2458 417 2459 429 χ

1337 434 1499 473 sitionem,
1523 433 1590 475 pari
1615 433 1736 465 ratione
1758 436 1790 465 et
1813 432 2017 464 alimentum.
2458 431 2459 474 1

1427 487 1479 519 37.
1505 486 1606 527 (Vers.
1624 486 1701 524 25).
1720 485 1850 527 Propter
1866 484 1950 526 quod
1967 483 2069 516 addit:
2089 484 2170 524 Quis
2186 487 2297 517 autem
2311 478 2460 515 Conui-maturi

1336 544 1484 572 vestrum
1515 539 1688 581 eoyitando
1701 538 1714 557 ⁶
1743 542 1847 580 potest
1878 537 2023 570 adiicere
2053 538 2098 570 ad
2126 541 2296 570 staturam
2458 534 2460 577 'i

407 339 458 371 35.
483 338 583 379 (Vers.
609 336 686 376 24).
713 334 923 367 Considerate
946 342 1070 365 corvos.
1100 332 1153 364 Hic
1177 331 1274 364 sumit

180 400 299 423 secundum
318 394 539 433 argumentum
564 399 583 421 a
606 392 764 421 ereatura
787 385 956 422 sensibili‚·
987 388 1019 418 et
1049 385 1152 427 primo
1180 383 1274 426 ponit

190 432 299 475 iiffmm‘
319 444 519 486 eaeemplum,
542 442 654 475 deinde
676 440 759 474 elicit
780 442 1027 482 argumentum.

408 495 553 537 Proponit
576 494 672 536 igitur
695 492 879 534 exemplum
896 490 1175 528 considerandum,
1199 498 1272 522 0010

172 558 300 586 Proponant
317 550 412 582 dicit:
446 547 657 580 Considerate
680 554 814 583 corvos,
838 544 920 587 quia
943 552 1010 575 non
1031 542 1196 575 seminant
1219 551 1273 582 ne-

171 979 300 1001 Notandum.

160 1772 211 1793 lnde
226 1771 310 1793 elicitur

161 1800 317 1825 argumentum.

187 1983 305 2004 Difficultas

202 2010 298 2031 solvitur.

172 585 298 612 mmmm
318 607 379 646 que
401 604 544 637 melmin
567 608 656 638 0000,
680 598 769 640 quod
789 606 850 629 non
874 596 991 629 habent
1015 595 1131 628 laboris
1152 594 1274 627 exerci-

319 656 416 693 tium;
440 653 560 697 quibus
583 662 649 685 non
665 656 712 684 est
727 650 921 688 cellarium,
938 652 1094 691 quantum
1109 648 1148 680 ad
1164 648 1274 680 vinum

319 707 550 749 reponendum;
575 715 677 748 neque
700 703 876 741 horreum,
900 705 1055 744 quantum
1075 701 1117 733 ad
1133 700 1274 738 frumen-

319 764 386 793 tum
409 758 626 797 condendum
651 766 741 795 0000,
773 755 857 798 quod
889 764 950 787 non
984 753 1100 787 habent
1124 753 1275 796 reposito-

319 813 413 845 rium.
441 813 479 844 Et
504 812 590 843 Deus
611 810 722 852 pascit
745 809 840 846 illm,-
863 817 953 847 ecce,
971 807 1056 850 quod
1072 816 1133 840 non
1151 807 1275 849 patiun-

320 870 373 898 tur
396 865 570 903 desectum;
595 863 736 896 psalmus
750 864 782 894 ¹:
810 874 825 890 α
842 861 900 902 Qui
925 860 978 893 dat
1001 860 1149 893 iumentis
1172 868 1275 892 escam

320 919 478 960 ipsorum,
502 920 533 950 et
556 916 650 958 pullis
672 923 840 948 corvorum
862 913 1079 946 invocantibus
1095 922 1168 945 eum
1184 926 1216 945 n.
1233 930 1275 937 —

320 971 357 1002 Et
379 974 468 1008 nota,
500 968 584 1011 quod
613 968 711 1009 magis
735 966 881 1009 proponit
904 966 1086 1008 exemplum
1110 965 1149 998 de
1172 965 1276 998 corvis

320 1032 413 1065 quam
437 1022 475 1054 de
499 1022 568 1054 aliis
591 1021 720 1059 avibus,
742 1023 773 1053 et
790 1021 849 1052 hoc
866 1023 932 1052 tum
951 1022 1081 1061 propter
1098 1019 1174 1057 hoc,
1191 1017 1277 1060 quod

319 1075 475 1108 maximae
506 1078 580 1107 sunt
610 1073 790 1111 edacitatis;
815 1072 898 1106 unde
921 1072 1048 1105 Genesis
1071 1072 1207 1104 octavo2
1230 1071 1291 1103 di·-

320 1128 420 1166 citur,
444 1127 528 1169 quod
556 1140 571 1155 (ι
588 1127 650 1159 Noe
673 1126 790 1159 dimisit
813 1134 943 1158 corvum
968 1134 1024 1167 per
1040 1125 1208 1157 fenestram
1225 1133 1276 1156 ar-

320 1190 391 1219 cae,
415 1181 469 1222 qui
494 1179 713 1222 egrediebatur
729 1183 760 1212 et
777 1188 836 1212 non
856 1178 1076 1211 revertebatur
1093 1189 1123 1216 ὐ;
1148 1180 1180 1210 01
1196 1177 1277 1210 ratio

320 1234 416 1266 huius
439 1237 502 1272 est,
527 1233 602 1275 quia
625 1232 774 1265 insiderat
797 1241 893 1274 super
910 1231 1059 1269 cadaver;
1078 1235 1146 1263 tum
1164 1230 1275 1269 etiam,

321 1287 396 1329 quia
420 1287 497 1319 haec
520 1286 622 1319 fertur
645 1294 712 1318 esse
729 1289 844 1318 natura
859 1285 964 1323 corvi,
980 1284 1065 1326 quod
1083 1284 1187 1325 pullos
1203 1292 1277 1316 5005

320 1340 352 1373 10
376 1340 529 1382 principio
560 1348 621 1372 non
646 1339 761 1381 pascit,
789 1338 864 1380 quia
886 1347 948 1370 non
973 1341 1063 1380 putat
1086 1346 1161 1370 suos
1191 1345 1277 1375 esse,

320 1393 418 1425 donec
442 1392 558 1431 videat,
575 1401 628 1425 eos
643 1401 711 1425 esse
734 1392 860 1434 nigros;
879 1391 931 1424 lob
947 1390 1108 1433 trigesimo
1123 1393 1233 1423 octavo
1245 1390 1276 1421 ³:

327 1459 342 1475 «
359 1446 435 1487 Quis
458 1449 625 1488 praeparat
648 1454 743 1478 corvo
770 1454 871 1478 escam
904 1453 1012 1483 suam,
1044 1443 1169 1486 quando
1200 1443 1276 1485 pulli

322 1499 390 1532 eius
413 1499 547 1531 clamant
570 1498 608 1531 ad
618 1492 743 1537 ²Deum,
768 1498 943 1540 vagientes,
968 1506 1005 1530 eo
1028 1497 1111 1539 quod
1137 1506 1198 1529 non
1223 1496 1278 1528 113-

322 1552 416 1585 beant
438 1552 524 1584 cibos
540 1555 577 1584 »2
601 1551 687 1584 Unde
710 1560 766 1593 per
790 1558 905 1583 corvos
928 1550 1040 1583 merito
1063 1550 1123 1582 alia
1143 1549 1280 1582 volatilia

323 1605 450 1646 intelligi
475 1604 794 1646 possunt;-Matthaei
819 1604 956 1636 sexto⁴:
987 1616 1001 1632 α
1018 1603 1171 1645 Respicite
1195 1603 1279 1635 vola-

324 1658 390 1690 tilia
412 1657 505 1696 caeli,
529 1657 682 1699 quoniam
701 1666 762 1689 non
786 1659 898 1689 serunt
913 1670 928 1685 n
958 1659 1016 1689 etc.

414 1710 465 1743 36.
503 1710 620 1742 Deinde
654 1710 738 1742 elicit
773 1713 1029 1752 uryumemum,
1066 1718 1137 1741 cum
1173 1709 1278 1741 addit:

326 1764 456 1804 Quanto
478 1763 588 1805 mayz's
604 1773 660 1795 vos
673 1762 785 1805 pluris
801 1763 878 1795 estis
894 1762 984 1794 illis?
1001 1761 1108 1794 Glossa
1120 1762 1151 1793 ⁵:
1173 1774 1188 1790 α
1207 1762 1279 1794 Ρ10-

324 1819 393 1857 pter
417 1816 569 1848 rationem
592 1819 623 1847 et
643 1815 910 1848 immortalitatem
922 1840 929 1853 ‚
946 1824 1027 1857 quae
1044 1814 1132 1847 vobis
1148 1814 1280 1856 promit-

324 1869 419 1907 titur,
452 1869 522 1910 plus
553 1869 709 1907 valetis»;
743 1868 861 1910 primae
891 1868 929 1900 ad
962 1868 1140 1900 Corinthios
1175 1876 1279 1900 nono:

330 1935 345 1950 «
362 1922 509 1964 Nunquid
532 1922 570 1954 de
595 1921 696 1954 bobus
719 1930 796 1954 cura
820 1924 867 1954 est
882 1921 968 1953 Deo?
985 1921 1060 1953 Nam
1078 1924 1206 1962 propter
1223 1929 1280 1952 nos

323 1975 439 2017 scripta
462 1979 536 2008 sunt
552 1989 582 2007 a».
600 1994 643 1998 -
660 1974 717 2007 Sed
742 1975 816 2016 quia
840 1977 944 2016 posset
967 1974 1081 2016 aliquis
1104 1977 1214 2006 contra
1229 1982 1279 2005 ar-

323 2037 438 2070 guere,
461 2028 544 2070 quod
569 2028 658 2060 nobis
681 2027 780 2069 magis
803 2027 951 2069 competit
982 2026 1158 2059 sollicitudo
1185 2035 1279 2068 quam

324 2082 426 2114 corvis
449 2085 578 2123 propter
601 2081 819 2114 excellentiam
844 2080 990 2119 rationis;
1019 2079 1171 2118 ostendit,
1196 2079 1280 2121 quod

1337 602 1438 625 suam
1451 592 1599 625 cubicum
1618 590 1748 623 unum?
1772 590 1860 632 quasi
1878 589 1977 623 dicat:
1994 590 2120 629 nullus,
2143 590 2219 632 quia
2237 590 2297 623 hoc

1338 655 1399 678 non
1424 649 1472 678 est
1494 645 1631 678 hominis
1654 643 1836 686 cogitantis,
1860 643 1913 676 sed
1937 652 2018 685 opus
2041 643 2095 676 Dei
2120 643 2298 685 producen-

1339 697 1399 736 tis';
1424 697 1507 730 unde
1540 697 1668 730 secundi
1693 696 1952 729 Machabaeorum
1978 696 2135 738 septimo⁷
2159 696 2296 730 dicitur:

1344 764 1359 780 α
1376 751 1501 789 Νο5010,
1533 750 1669 793 qualiter
1692 750 1724 783 in
1749 753 1840 783 utero
1864 758 1933 782 meo
1955 750 2166 791 apparuistis;
2194 759 2298 793 neque

1338 813 1396 846 ego
1420 804 1514 836 vitam
1539 804 1651 836 donavi
1675 803 1782 842 vobis,
1806 806 1838 835 et
1861 803 2058 845 singulorum
2077 803 2220 836 membra
2235 812 2298 837 non

1342 866 1399 899 ego
1423 857 1490 898 ipsa
1513 857 1652 898 compegi
1671 868 1702 895 n;
1725 859 1756 889 et
1780 856 1899 898 primae
1922 856 1961 888 ad
1985 856 2163 889 Corinthios
2178 856 2299 902 decimo

1340 910 1451 952 quinto
1461 922 1471 949 ,-
1501 923 1516 938 ιε
1534 910 1618 942 Deus
1640 909 1694 942 dat
1716 909 1759 942 illi
1784 918 1918 951 corpus,
1941 913 2037 951 prout
2065 910 2150 949 vult,
2174 914 2205 943 et
2227 911 2299 944 uni-

1340 964 1455 1005 cuique
1479 963 1634 995 seminum
1660 961 1825 1004 proprium
1850 971 1966 1004 corpus
1981 976 2012 995 n.
2036 963 2123 996 Unde
2146 967 2178 996 et
2201 963 2300 996 Philo-

1340 1015 1484 1057 50111105’3
1508 1015 1601 1054 dicit,
1624 1015 1707 1057 quod
1738 1015 1910 1047 «omnium
1942 1019 2057 1048 natura
2088 1016 2299 1050 constantium

1340 1069 1495 1102 terminus
1518 1072 1565 1101 est
1588 1072 1620 1101 01
1643 1068 1723 1101 ratio
1746 1068 1970 1110 magnitudinis
1992 1072 2024 1101 et
2045 1069 2203 1112 augmenti
2220 1083 2252 1102 ι».
2268 1069 2299 1102 Si

1340 1132 1416 1165 ergo
1439 1123 1517 1155 haec
1541 1122 1670 1154 minima
1692 1131 1754 1154 non
1778 1125 1852 1154 sunt
1876 1122 1907 1154 in
1932 1122 2089 1161 1111111303,
2121 1123 2176 1156 sed
2198 1123 2231 1156 10
2253 1123 2301 1156 di-

1340 1176 1412 1209 vina
1436 1175 1632 1218 providentia
1655 1175 1841 1213 constituta,
1866 1175 1966 1208 multo
1990 1176 2096 1209 minus
2119 1185 2177 1209 nec
2200 1176 2269 1209 alia.

1430 1229 1482 1262 38.
1507 1228 1608 1270 (Vers.
1633 1229 1701 1265 26.)
1726 1228 1795 1261 ideo
1818 1228 1924 1261 addit:
1950 1228 1988 1261 Si
2001 1239 2080 1271 eryo
2096 1239 2198 1273 neque
2213 1229 2302 1273 quod

1341 1282 1518 1315 minimum
1543 1286 1591 1314 est
1602 1282 1756 1324 pote-scie,
1773 1282 1854 1325 quid
1869 1282 1908 1314 de
1924 1282 2039 1314 ceteris
2054 1282 2187 1315 solliciti
2201 1282 2301 1316 escis?

1342 1336 1432 1378 quasi
1456 1336 1559 1368 dicat:
1585 1335 1704 1368 frustra
1720 1338 1751 1368 et
1766 1335 1871 1368 stulte.
1890 1335 1970 1368 Beda
1982 1335 2016 1368 ⁹:
2038 1349 2053 1364 α
2071 1335 2115 1368 1111
2134 1336 2301 1378 tegendum

1342 1398 1458 1431 corpus
1490 1388 1677 1430 relinquite,
1701 1388 1755 1430 qui
1780 1388 1857 1420 illud
1882 1388 1920 1420 ad
1945 1389 2026 1421 hanc
2051 1398 2232 1422 mensuram
2253 1389 2301 1422 *fe-

1342 1442 1384 1475 cit
1408 1441 1573 1483 pervenire
1591 1455 1620 1473 ι».
1646 1460 1690 1464 -
1713 1441 1936 1474 Verumtamen
1969 1442 2028 1474 ista
2059 1442 2139 1475 ratio
2170 1451 2233 1475 non
2256 1442 2302 1475 vi-

1342 1495 1435 1528 detur
1459 1495 1583 1533 valere,
1607 1494 1696 1536 quia,
1721 1494 1792 1527 licet
1821 1503 1882 1527 non
1906 1498 2049 1537 oporteat
2072 1495 2232 1529 sollicitari
2263 1496 2302 1530 de

1343 1551 1538 1591 augmento,
1564 1557 1732 1590 possumus
1756 1551 1860 1581 tamen
1885 1552 1916 1581 et
1942 1548 2095 1582 debemus
2125 1549 2164 1582 de
2189 1549 2304 1583 *nutri-

1342 1605 1457 1634 menco.
1482 1601 1566 1634 Licet
1589 1601 1670 1634 enim
1698 1601 1743 1634 vis
1763 1602 2013 1644 auymemacz'va
2030 1611 2091 1635 non
2108 1602 2304 1636 sitsubiecta

1343 1655 1495 1687 voluntati
1520 1657 1551 1687 et
1575 1654 1706 1693 rationi,
1731 1654 1809 1686 nihil
1835 1658 1936 1687 tamen
1968 1655 2099 1697 impedit
2125 1656 2164 1688 de
2195 1656 2304 1688 nutri-

1344 1707 1430 1746 tiva,
1455 1707 1531 1749 quin
1557 1707 1596 1740 sit
1619 1707 1646 1739 ei
1671 1716 1751 1749 opus
1774 1707 1925 1749 regimine
1948 1711 1979 1740 et
2002 1708 2206 1750 providentia.

1433 1760 1657 1793 Verumtamen
1688 1760 1727 1792 ad
1751 1760 1810 1793 11οο
1834 1764 1881 1793 051
1905 1761 2084 1803 responsio,
2108 1761 2193 1804 quod
2224 1762 2304 1795 ratio

1343 1817 1390 1846 est
1413 1813 1515 1845 bona:
1548 1813 1640 1855 quia,
1672 1812 1697 1845 si
1726 1812 1778 1845 illa
1802 1822 1883 1855 quae
1906 1817 1980 1846 sunt
2004 1814 2171 1847 commissa
2189 1815 2304 1857 provi-

1343 1866 1472 1899 dentiae
1495 1870 1659 1903 naturae,
1680 1874 1742 1897 non
1759 1868 1882 1907 oportet
1900 1866 2058 1899 hominem
2077 1875 2186 1909 regere
2202 1870 2233 1900 et
2249 1875 2305 1900 cu-

1345 1928 1417 1952 rare
1432 1919 1479 1958 ¹⁰3
1511 1919 1578 1960 pari
1611 1918 1731 1951 ratione
1764 1927 1821 1951 nec
1844 1919 1897 1951 illa
1921 1928 2001 1961 quae
2033 1920 2200 1953 commissa
2231 1924 2306 1954 sunt

1341 1972 1569 2015 providentiae
1591 1980 1766 2014 supernae.
1791 1990 1835 1996 —-
1858 1973 1997 2012 Rursus,
2022 1973 2103 2006 sicut
2121 1983 2182 2007 non
2199 1977 2301 2016 potest

1345 2027 1439 2058 homo
1462 2033 1578 2066 corpus
1601 2033 1735 2066 augere,
1760 2025 1804 2058 510
1828 2034 1885 2058 000
1902 2026 1983 2059 vitae
2000 2026 2190 2066 terminum,
2208 2036 2303 2070 quem

1345 2078 1494 2121 praefixit
1518 2078 1688 2117 Dominus,
1718 2078 1882 2120 protelare.
1908 2097 1949 2103 —-
1974 2079 2152 2120 Postremo,
2184 2081 2209 2113 si
2242 2090 2304 2113 non

396 2373 404 2388 ¹
425 2374 517 2399 Psalm.
533 2373 597 2406 146,
611 2374 635 2398 9.
651 2387 684 2391 -
699 2373 825 2405 Superius
839 2373 859 2398 Α
870 2373 891 2398 D
907 2372 1029 2398 omittunt
1042 2379 1107 2404 ecee,
1122 2371 1194 2406 qaod
1207 2371 1279 2406 [Vat.

323 2425 380 2445 ecce
396 2417 545 2452 principio]
563 2424 618 2444 non
638 2416 736 2444 habent
754 2416 854 2443 laboris
874 2416 1033 2443 επεν-01111101
1052 2416 1200 2449 (respicitur
1222 2417 1281 2442 Am-

322 2463 407 2493 bros.,
427 2463 479 2488 Vll.
497 2463 523 2487 in
543 2463 604 2487 Luc.
626 2462 666 2487 12.
696 2469 723 2487 0.
748 2461 813 2492 124,
837 2461 883 2486 0111
909 2461 985 2491 111011,
1010 2461 1082 2493 quod
1105 2471 1118 2484 «
1132 2460 1281 2486 volatilibus

322 2508 386 2533 caeli
404 2508 503 2532 nullum
523 2506 673 2532 exercitium
693 2506 828 2537 cultionis,
856 2505 941 2530 nullus
960 2505 994 2530 de
1013 2505 1137 2531 messium
1165 2505 1281 2530 secundi-

312 2553 374 2576 ‚tate
393 2553 535 2582 proventus
553 2553 592 2574 est
605 2550 641 2582 ι),
660 2556 690 2574 ex
709 2548 806 2582 quibus
819 2548 931 2574 subinde
944 2549 1128 2580 supplevimus
1147 2551 1281 2585 quantum

317 2594 359 2620 >ad
376 2594 470 2620 vinum
488 2593 672 2626 reponendum
685 2596 710 2618 et
723 2595 856 2626 quantum
868 2592 905 2618 cul
915 2593 1084 2626 frumentum
1103 2592 1280 2619 condendum.

393 2636 404 2652 ²
424 2639 499 2663 Vers.
518 2639 543 2662 6.
562 2640 587 2663 et
605 2637 630 2663 7.
651 2651 685 2655 —
704 2638 822 2669 August„
851 2637 899 2670 Qq.
928 2637 954 2662 in
982 2637 1046 2662 Gen.
1064 2644 1090 2669 q.
1111 2638 1160 2668 13,
1178 2636 1224 2662 ubi
1246 2637 1280 2663 ad

323 2682 517 2714 quaestionem,
536 2685 623 2707 utrum
643 2688 755 2712 corvus,
774 2681 819 2714 qui
840 2684 898 2706 ante
917 2680 1067 2706 columbam
1089 2681 1235 2713 (dimissam
1256 2684 1281 2706 et

323 2733 455 2751 reversam
476 2726 502 2751 in
521 2729 619 2757 arcam)
640 2725 765 2753 dimissus
786 2726 868 2751 suerat
886 2729 911 2750 et
930 2731 983 2751 non
1002 2724 1198 2757 revertebatur,
1212 2732 1279 2750 mor-

324 2775 383 2797 tuus
402 2771 448 2801 511,
460 2777 492 2796 an
506 2770 593 2803 aliquo
608 2771 687 2796 modo
701 2770 792 2799 vivere
805 2763 927 2802 potuerit,
939 2769 1091 2801 respondit:
1114 2779 1126 2792 α
1140 2769 1280 2796 Coniicitur

323 2822 338 2839 a
358 2814 457 2845 multis,
476 2814 547 2846 quod
567 2814 688 2839 cadaveri
708 2814 821 2846 potuerit
839 2814 966 2845 insidere,
991 2814 1063 2846 quod
1089 2812 1210 2839 columba
1236 2820 1281 2838 na-

325 2858 438 2884 turaliter
457 2858 588 2890 refugit».

394 2900 405 2916 ³
426 2903 498 2928 Vers.
520 2903 560 2935 -tt,
581 2903 605 2928 in
631 2903 705 2928 cuius
734 2903 903 2934 explicatione
931 2903 1040 2934 Gregor.
1069 2902 1166 2935 (XXX.
1193 2902 1281 2928 Moral.

324 2953 347 2972 c.
366 2947 391 2971 9.
410 2954 435 2972 n.
454 2947 508 2979 33.)
528 2947 579 2972 ait:
599 2948 642 2973 Est
655 2948 744 2973 adhuc
754 2948 838 2979 aliud,
852 2947 923 2980 quod
937 2947 971 2973 de
984 2954 1065 2972 corvo
1079 2946 1211 2972 moraliter
1223 2953 1281 2978 pos-

324 2991 357 3016 sit
376 2991 489 3022 intelligi.
508 2991 588 3017 Editis
607 2998 721 3024 namque
741 2992 831 3024 pullis,
852 2995 879 3017 ut
898 2993 992 3024 fertur,
1012 2998 1099 3017 escam
1118 2991 1193 3023 plene
1206 2997 1281 3022 prae-

324 3035 387 3061 bere
415 3036 573 3067 dissimulat,
602 3037 756 3069 priusquam
785 3036 972 3068 plumescendo
999 3036 1163 3068 nigrescant,
1183 3041 1282 3068 eosque

323 3080 410 3104 inedia
429 3080 494 3109 affici
515 3080 624 3112 patitur,
651 3081 827 3113 quoadusque
854 3080 879 3106 in
899 3080 947 3106 illis
964 3087 1011 3112 per
1029 3086 1175 3112 pennarum
1196 3079 1280 3110 nigre-

318 3123 411 3149 ’11100111
430 3131 475 3151 503
495 3124 638 3150 similitudo
656 3125 785 3151 videatur.
804 3125 852 3158 Qui
878 3126 929 3151 huc
957 3125 1070 3158 illucque
1099 3126 1229 3156 vagantur
1255 3123 1280 3148 in

324 3167 386 3193 nido
410 3170 435 3193 et
462 3168 579 3194 ciborum
599 3171 723 3200 expetunt
741 3172 832 3200 aperto
851 3175 897 3194 ore
924 3168 1083 3194 subsidium.
1108 3169 1141 3194 At
1162 3174 1223 3194 cum
1243 3166 1281 3192 ni-

324 3218 445 3242 grescere
464 3212 610 3243 coeperint,
629 3215 699 3238 tanto
717 3213 755 3238 eis
774 3212 925 3244 praebenda
943 3213 1063 3238 alimenta
1082 3212 1216 3238 ardentius
1240 3217 1281 3237 re-

324 3255 416 3287 quirit,
435 3259 532 3288 quanto
551 3256 608 3282 illos
618 3257 693 3294 ⁴alere
711 3256 809 3282 diutius
827 3256 934 3282 distulit.
952 3256 1026 3283 idem
1049 3256 1127 3282 docet
1153 3255 1280 3287 Isidorus,

325 3299 380 3325 xli.
397 3300 541 3331 Etymolog.
561 3307 584 3325 c.
602 3300 629 3326 7.
647 3307 673 3326 n.
694 3301 735 3326 43.
754 3300 920 3332 cassiodor„
939 3300 966 3326 in
990 3301 1031 3327 Ps.
1061 3300 1127 3332 166,
1146 3301 1179 3326 91
1209 3298 1283 3326 Puni

325 3349 388 3368 vero
417 3349 576 3375 corvorum,
605 3347 633 3370 ut
660 3345 807 3376 physiologi
836 3345 942 3377 volunt,
970 3345 1073 3371 caelesti
1091 3338 1282 3371 rore‘vescun·

325 3390 366 3412 tur
384 3390 433 3413 etc.
452 3388 518 3413 Vide
537 3388 614 3414 etiam
634 3389 724 3414 Buffon
747 3388 844 3421 (verslo
863 3389 979 3422 italiana,
993 3389 1075 3415 Storia
1089 3380 1220 3420 naturale,
1238 3388 1281 3414 ed.

1343 2371 1456 2398 Livorno
1479 2371 1559 2402 1832,
1580 2374 1643 2396 torn.
1657 2371 1700 2396 25.
1714 2378 1775 2403 pag.
1795 2371 1845 2397 860
1865 2371 1947 2404 seq),
1966 2372 2012 2405 qui
2032 2373 2128 2405 sactum
2142 2380 2156 2398 a
2177 2374 2303 2406 Gregorio

1344 2416 1395 2441 iam
1415 2415 1520 2441 allatum
1540 2415 1666 2446 admittit,
1686 2415 1733 2441 sed
1753 2415 1802 2441 alia
1821 2416 1930 2441 naturali
1950 2416 2051 2442 ratione
2070 2417 2188 2449 explicat.

1414 2458 1425 2472 ⁴¹
1445 2459 1519 2484 Vers.
1534 2459 1566 2484 26
1577 2478 1583 2488 ,
1596 2459 1642 2484 uhi
1657 2466 1704 2491 pro
1719 2459 1847 2493 quoniam
1860 2466 1914 2486 uon
1926 2462 2021 2486 serunt
2034 2464 2083 2486 etc.
2101 2461 2122 2487 Α
2132 2460 2151 2487 C
2163 2462 2184 2487 D
2194 2462 2214 2487 G
2235 2469 2304 2496 quae

1342 2510 1398 2530 non
1417 2502 1542 2529 laborant
1561 2508 1612 2529 etc.
1633 2503 1688 2534 (5011
1709 2505 1759 2530 1100
1777 2508 1815 2530 est
1835 2505 1858 2530 in
1879 2505 1939 2530 Luc.
1961 2505 2008 2536 12,
2028 2505 2091 2538 27.).
2113 2520 2145 2524 -
2164 2506 2253 2532 Glossa
2266 2506 2303 2532 in·

1344 2547 1497 2574 terlinearis
1516 2548 1542 2572 in
1562 2548 1623 2573 Luc.
1645 2548 1691 2579 12,
1711 2548 1763 2573 24:
1784 2547 1955 2575 Considerate
1968 2555 2077 2581 corvos,
2091 2550 2249 2576 Matthaeus:
2263 2557 2304 2577 vo-

1344 2591 1431 2618 iutilia
1440 2602 1450 2624 ,·
1471 2592 1512 2617 hic
1531 2599 1595 2624 ergo
1614 2592 1716 2624 species
1735 2600 1784 2625 pro
1803 2600 1909 2625 genere.

1415 2635 1426 2650 ⁵
1446 2637 1547 2662 Scilicet
1565 2636 1761 2669 interlinearis,
1781 2637 1814 2663 de
1823 2645 1885 2671 -qua
1905 2639 1950 2663 csr.
1971 2638 2089 2671 Hieron.,
2115 2639 2132 2664 l.
2158 2638 2303 2665 Commeut.

1345 2681 1370 2706 in
1389 2681 1476 2706 Matth.
1496 2681 1525 2713 6,
1548 2681 1590 2706 26.
1608 2694 1644 2700 —
1664 2681 1780 2707 Subinde
1805 2682 1949 2714 allegantur
1974 2682 1990 2707 l.
2016 2681 2076 2708 Cor.
2101 2683 2133 2714 9,
2159 2683 2183 2708 9.
2209 2686 2235 2709 et
2261 2683 2302 2709 10.

1345 2724 1382 2757 (v.
1405 2725 1443 2750 10.
1462 2725 1584 2750 omittunt
1602 2724 1704 2757 CDG).

1415 2766 1426 2782 ⁶
1445 2768 1527 2798 Codd.
1547 2768 1631 2796 CDG,
1648 2768 1768 2802 coyitcms
1790 2770 1833 2799 (ita
1854 2770 1940 2795 Matth.
1960 2771 1989 2802 6,
2010 2769 2072 2802 27.).

1415 2811 1425 2826 ⁷
1445 2814 1518 2838 Vers.
1540 2814 1587 2844 22,
1607 2817 1666 2845 post
1684 2820 1764 2847 quem
1784 2814 1802 2839 l.
1827 2813 1885 2840 Cor.
1912 2814 1960 2846 45,
1986 2815 2030 2840 38.
2048 2827 2084 2833 —
2103 2814 2230 2847 Superius
2255 2822 2303 2848 pro

1345 2857 1394 2884 Dei
1407 2857 1581 2890 producentis
1601 2858 1621 2883 ll
1641 2861 1667 2883 et
1686 2858 1744 2884 Vat.
1764 2857 1812 2884 Dei
1825 2858 2002 2892 providentis.

1416 2899 1426 2915 ⁸
1446 2901 1515 2927 Libr.
1534 2902 1560 2927 ll.
1581 2902 1614 2927 110
1633 2902 1737 2933 Anima,
1757 2905 1816 2928 text.
1837 2903 1879 2928 41.
1899 2902 1933 2935 (0.
1947 2902 1992 2935 4.).
2004 2916 2040 2922 -
2052 2903 2141 2929 Glossa
2162 2903 2304 2930 ordinaria

1346 2946 1501 2977 (secundum
1520 2945 1629 2978 Bedam)
1650 2946 1674 2971 in
1694 2947 1755 2972 Luc.
1778 2948 1824 2978 12,
1844 2947 1895 2972 26:
1914 2946 1947 2973 Si
1962 2953 2028 2980 erqo
2046 2953 2131 2980 neque
2145 2946 2217 2980 quod
2228 2946 2304 2974 mini-

1344 2997 1420 3016 mum
1439 2992 1488 3015 etc.
1507 2990 1534 3015 Si
1554 2995 1601 3015 nec
1620 2990 1645 3015 in
1665 2991 1879 3022 augmentatione
1898 2991 2016 3022 corporis
2029 2990 2107 3016 vestri
2126 2992 2229 3023 operari
2249 2994 2304 3024 pot-

1344 3035 1419 3067 estis,
1438 3041 1507 3067 quae
1526 3035 1643 3066 operatio
1660 3039 1700 3061 est
1718 3035 1772 3061 Deo
1798 3035 1904 3061 minima
1925 3035 1958 3061 ud
1977 3035 2200 3067 comparationem
2229 3036 2305 3068 spiri-

1345 3079 1420 3106 tualis
1438 3081 1587 3109 creaturae;
1606 3078 1670 3111 quid
1689 3079 1790 3104 solliciti
1809 3079 1870 3104 estis
1889 3078 1923 3104 de
1942 3079 2035 3104 ceteris
2054 3079 2212 3111 maioribus,
2227 3080 2251 3105 id
2265 3083 2304 3106 est

1344 3123 1378 3149 de
1386 3122 1492 3159 ,animae
1505 3123 1723 3149 conservatione?
1736 3122 1787 3150 Csr.
1801 3124 1928 3155 August.,
1943 3123 1969 3148 ll.
1983 3123 2032 3155 Qq.
2047 3120 2209 3155 Evangelior.
2223 3130 2248 3156 q.
2260 3124 2303 3149 28.

1415 3164 1427 3179 ⁹
1446 3165 1516 3192 Libr.
1535 3167 1576 3192 lV.
1597 3167 1621 3191 in
1642 3167 1704 3192 Luc.
1724 3167 1771 3198 ta,
1791 3167 1833 3192 26.
1854 3166 1984 3192 Sententia
1998 3166 2082 3198 ipsius
2094 3168 2201 3192 affertur
2213 3166 2304 3193 verbis

1344 3212 1451 3237 Glossae
1478 3210 1678 3238 interlinearis:
1708 3211 1743 3237 1111
1770 3218 1835 3243 ergo
1860 3217 1951 3236 curam
1976 3211 2080 3243 tegendi
2106 3218 2203 3243 corpus
2226 3211 2303 3237 relin-

1344 3256 1417 3289 quite
1435 3258 1483 3281 etc.
1495 3255 1573 3281 Ι111001
1593 3255 1655 3281 dicit
1674 3255 1797 3287 August,
1817 3255 1844 3281 ll.
1863 3254 1897 3280 de
1917 3255 2000 3280 Serm.
2024 3255 2127 3280 Domini
2153 3255 2177 3280 in
2199 3257 2303 3286 monte,

1345 3306 1368 3325 c.
1389 3299 1431 3325 45.
1450 3306 1475 3324 0.
1496 3299 1539 3325 151.
1576 3307 1579 3308 ’

1416 3341 1438 3357 ¹⁰
1458 3343 1506 3369 Pro
1524 3350 1618 3376 reqere
1630 3344 1655 3370 et
1667 3349 1780 3382 curare,
1800 3342 1872 3375 quod
1892 3342 2006 3368 nonnulli
2025 3343 2104 3369 codd.
2123 3342 2257 3374 omittunt,
2280 3343 2301 3368 H
2332 3367 2336 3370 ,

1341 3385 1500 3421 providere,
1520 3387 1542 3412 D
1560 3394 1574 3412 a
1594 3386 1709 3413 secunda
1729 3391 1809 3412 manu
1824 3392 1988 3419 procurare.

2320 1232 2440 1255 Conclusio.

2322 1445 2451 1473 Replicatur.

2350 1763 2460 1795 Responsif

2324 1792 2346 1811 et
2362 1792 2417 1812 ratio
2431 1792 2457 1811 tri

2323 1817 2381 1844 plex.
