2476 3921
170 1163 253 1185 Relatio
266 1162 303 1183 de-

179 1189 290 1211 mandatae

166 1215 306 1244 quaestionis.

174 1800 305 1822 Notandum.

176 2435 237 2457 Aliae
252 2441 315 2462 expo-

199 2462 294 2483 sitiones.

324 278 385 312 174

322 364 481 398 certificati
497 362 663 395 redderent
677 360 888 393 testimonium
910 358 1051 395 veritati;
1069 361 1099 390 et
1116 358 1185 390 ideo
1200 357 1280 389 duos

321 418 422 454 misit,
447 416 538 457 quia,
563 413 734 447 secundum
753 412 828 444 illud
848 411 969 444 Ioannis
992 414 1102 443 octavo
1116 412 1137 449 ¹,
1155 419 1210 442 vos
1233 410 1279 442 di-

321 470 406 508 citis,
431 468 514 511 quod
544 481 559 496 «
576 467 712 499 duorum
739 465 901 498 hominum
928 463 1143 496 testimonium
1167 471 1279 495 verum

320 526 367 556 est
383 536 412 553 n.
432 540 473 545 —
490 521 570 562 Quia
586 523 689 552 tamen
713 518 817 551 adhuc
840 517 1044 555 dubitabant,
1062 516 1130 548 ideo
1146 515 1279 548 formam

320 573 489 617 quaerendi
514 573 559 605 eis
582 572 651 610 dat,
675 580 747 604 cum
772 570 915 603 additur:
942 568 1075 601 Dicens.-
1109 569 1158 600 Tu
1173 577 1206 600 es
1222 567 1281 611 qui

319 631 479 660 venturus
502 636 554 664 es,
580 625 609 657 id
633 628 695 663 est,
720 633 813 666 quem
838 632 896 665 ego
918 621 1061 664 praedixi
1091 625 1279 659 venturum3

320 680 440 713 Ioannis
464 679 565 720 primo
578 678 609 709 2:
639 690 654 706 «
673 678 744 709 Post
761 685 810 709 me
826 679 982 709 venturus
998 679 1046 707 est
1061 674 1116 716 qui
1141 677 1213 705 ante
1230 681 1279 705 me

319 733 420 765 tactus
443 735 490 764 est
507 745 538 769 n,
561 734 592 763 et
609 730 640 762 in
657 729 770 762 ceteris
786 728 855 761 aliis
873 727 1084 769 EvangeliStis.
1103 727 1158 758 An
1173 725 1280 758 alium

318 783 571 827 exspectamus?
587 783 676 825 quasi
693 782 793 814 dicat:
812 782 836 814 si
855 785 890 813 tu
906 790 940 814 es
956 780 1007 812 ille
1018 806 1025 818 ,
1043 780 1102 812 iam
1120 779 1201 811 alius
1217 787 1279 810 non

319 842 366 871 est
389 837 637 879 exspectanduS,
655 836 800 874 ne'sorte‚
817 836 841 867 si
859 835 955 867 aliurn
972 837 1210 875 exspectamus,
1228 841 1280 865 su-

320 891 489 932 scipiamus
517 899 578 922 non
603 889 783 926 Christum,
809 888 861 921 sed
885 887 1126 925 antichristum,
1151 885 1189 918 de
1217 894 1281 927 quo

320 943 441 976 Ioannis
464 943 575 985 quinto
588 942 600 961 ⁸
625 942 699 974 dicit
715 942 867 974 Dominus
883 941 921 973 ad
940 940 1067 972 Iudaeos
1084 938 1280 972 incredulos:

326 1010 341 1025 «
358 997 420 1038 Ego
444 995 515 1028 veni
534 995 578 1028 ¹in
607 994 733 1027 nomine
754 994 853 1026 Patris
876 993 955 1031 mei,
979 996 1010 1025 et
1033 1001 1094 1024 non
1120 991 1282 1033 recepistis

321 1058 390 1087 me;
408 1049 432 1081 si
450 1049 532 1080 alius
556 1047 677 1080 venerit
694 1047 724 1078 in
742 1046 868 1079 nomine
885 1055 958 1084 suo,
975 1045 1063 1077 illum
1079 1044 1238 1086 accipietis
1250 1057 1280 1075 ».

411 1101 462 1134 37.
488 1101 589 1142 (Vers.
621 1100 698 1139 20).
731 1098 939 1140 Subiungitur
971 1102 1075 1130 autem
1105 1097 1198 1130 tertio
1229 1097 1282 1129 de-

320 1154 503 1187 mandatae
525 1152 728 1197 quaestionis
752 1151 868 1183 relatio
891 1151 1119 1192 disprulorum
1143 1149 1282 1181 ministe-

323 1208 385 1246 rio,
409 1206 672 1240 cum‘subditur:
700 1205 784 1237 Cum
806 1208 917 1236 autem
949 1203 1110 1235 venissent
1139 1203 1185 1234 ad
1208 1212 1286 1234 eum

321 1261 397 1294 viri.
424 1260 474 1293 Isti
498 1260 562 1292 duo
585 1259 644 1291 viri
668 1258 820 1300 designati
853 1262 927 1289 sunt
955 1265 1011 1298 per
1034 1256 1113 1288 duos
1137 1256 1283 1297 explora-

323 1318 406 1347 tores
436 1314 546 1346 missos
578 1313 663 1345 ultra
695 1311 872 1349 Iordanem,
906 1310 993 1342 Iosue
1025 1309 1163 1342 secundo
1175 1309 1198 1340 4.
1233 1308 1284 1341 Isti

321 1368 471 1401 dicuntur
494 1366 578 1405 viri,
602 1366 677 1408 qula
701 1364 834 1397 viriliter
858 1367 888 1396 et
913 1363 1046 1395 fideliter
1074 1362 1285 1404 impleverunt

322 1421 404 1463 quod
423 1421 468 1454 eis
479 1420 583 1453 fuerat
599 1419 800 1461 imperatum.
819 1417 905 1450 Unde
922 1416 1083 1449 subditur:
1104 1415 1284 1447 Dixeritne.-

324 1476 463 1507 loannes
481 1474 634 1516 Baptista
654 1472 746 1505 misit
768 1481 828 1504 nos
845 1471 891 1503 ad
915 1475 958 1509 te,
983 1472 1020 1502 ut
1040 1469 1157 1502 scilicet
1181 1477 1238 1501 nos
1254 1468 1284 1500 in

323 1537 456 1570 persona
480 1527 548 1560 eius
570 1536 590 1559 a
607 1530 636 1559 te
661 1533 899 1568 quaereremus.
917 1542 959 1548 —
977 1522 1066 1565 Quod
1090 1525 1191 1560 notat,
1213 1531 1286 1554 curn

323 1581 446 1614 subdit:
473 1581 607 1613 Dicens:
641 1580 689 1612 Tu
713 1589 746 1611 es
769 1578 829 1622 qui
851 1581 1012 1610 venturus
1035 1585 1084 1615 es,
1109 1585 1156 1607 an
1179 1575 1286 1607 alium

323 1633 574 1677 exspectamus?
598 1633 684 1666 Unde
708 1635 799 1671 nota,
824 1631 907 1674 quod
924 1630 1067 1672 quaestio
1091 1629 1149 1661 ista
1174 1635 1287 1670 propo·-

325 1688 412 1720 nitur
435 1697 454 1720 a
477 1687 638 1729 discipulis
662 1686 693 1718 in
719 1694 853 1728 persona
870 1684 1008 1722 Ioannis,
1033 1686 1069 1715 ut
1092 1682 1287 1720 ostendatur,

325 1741 410 1783 quod
433 1740 577 1782 discipuli
604 1740 687 1772 intra
711 1748 744 1772 se
767 1739 874 1771 serunt
896 1737 1036 1770 animum
1060 1736 1209 1775 dubium,
1234 1734 1287 1768 sed

326 1803 382 1837 per
406 1794 549 1826 Ioannem
574 1793 757 1835 diriguntur
781 1792 819 1824 ad
843 1792 1014 1824 Christum.
1030 1809 1069 1813 —
1087 1789 1173 1823 Unde
1203 1789 1288 1821 Ioan-

325 1857 381 1881 nes
403 1857 464 1880 nou
490 1856 546 1888 per
570 1855 603 1879 se
626 1846 840 1888 quaestionem
867 1844 1044 1887 proposuit,
1068 1843 1144 1886 quia
1167 1852 1229 1875 non
1257 1842 1288 1875 in

327 1910 378 1939 se,
402 1900 455 1933 sed
480 1900 511 1932 in
535 1899 696 1941 discipulis
719 1898 883 1931 dubitavit.
903 1898 938 1930 Et
962 1897 1020 1930 hoc
1044 1896 1191 1939 estquod
1214 1895 1290 1929 dicit

327 1952 609 1995 Chrysostomus⁶:
631 1965 646 1980 «
660 1951 719 1993 Qui
735 1961 753 1984 a
776 1951 896 1993 Spiritu
918 1951 1084 1989 didicerat,
1102 1950 1156 1992 qui
1182 1958 1288 1982 vocem

328 2007 428 2039 Patris
450 2005 607 2043 audierat,
633 2005 685 2047 qui
711 2004 824 2037 ceteris
847 2004 1098 2046 praedicaverat,
1123 2003 1177 2045 qui
1203 2002 1289 2036 testi-

320 2060 469 2093 'monium
494 2058 714 2101 perhibuerat,
731 2057 887 2100 quomodo
912 2061 981 2100 post
997 2058 1096 2090 multa
1121 2057 1289 2095 miracula,

328 2123 385 2156 per
409 2121 490 2155 quae
513 2112 621 2144 multis
644 2111 839 2150 innotuerat,
862 2111 1048 2144 dubitabat?
1071 2110 1219 2153 Nunquid
1251 2110 1289 2142 ti-

329 2167 443 2199 midior
467 2169 597 2208 propter
620 2165 898 2198 incarcerationem
915 2164 1016 2198 factus
1039 2164 1165 2197 fuerat?
1189 2164 1289 2203 Absit,

330 2228 402 2252 cum
425 2219 463 2251 de
486 2228 524 2251 eo
540 2218 692 2250 Dominus
711 2217 804 2257 dicat,
823 2227 885 2250 non
901 2226 969 2250 esse
992 2217 1178 2250 arundinem
1197 2219 1290 2250 vento

331 2272 520 2315 agitatam».
546 2271 632 2304 Unde
655 2280 717 2303 non
742 2270 910 2310 dubitavit,
934 2270 988 2303 sed
1004 2271 1101 2303 verba
1116 2270 1290 2304 dubitantis

331 2325 495 2367 proposuit
525 2324 563 2356 ad
595 2323 813 2356 certitudinem
836 2323 1081 2365 discipulorum,
1110 2324 1191 2356 sicut
1214 2324 1290 2357 dici-

332 2381 385 2410 tur
417 2376 538 2409 loannis
569 2376 734 2408 undecimo
751 2376 777 2407 ⁸:
813 2389 828 2404 «
844 2375 899 2408 Ubi
933 2375 1080 2418 posuistis
1107 2385 1180 2408 eum
1195 2380 1236 2408 n?
1259 2380 1290 2409 et

334 2423 574 2463 Ioannissexto:
593 2443 608 2457 «
621 2429 707 2462 Unde
719 2438 860 2462 ememus
876 2437 971 2470 panes
987 2432 1024 2461 »51
1040 2448 1084 2452 —
1095 2429 1264 2471 Gregorius
1277 2429 1289 2448 ⁷

333 2488 436 2516 tamen
461 2483 544 2521 vult,
568 2482 652 2524 quod
683 2482 875 2514 dubitaverit
902 2485 933 2514 et
964 2482 1134 2523 quaesierit
1157 2491 1218 2514 non
1251 2482 1289 2515 de

334 2536 434 2578 prImo
456 2535 610 2573 adventu,
633 2534 672 2567 de
692 2544 756 2576 quo
772 2537 878 2566 certus
897 2537 982 2573 erat,
1007 2534 1060 2567 sed
1076 2534 1115 2567 de
1137 2534 1289 2568 descensu

908 270 1101 303 COMMENT.
1127 270 1163 302 IN
1188 268 1425 302 EVANGELIUM
1450 266 1566 300 LUCAE
1591 266 1622 298 C.
1648 265 1707 298 VII.

1343 356 1381 388 ad
1406 355 1536 393 inferos,
1561 364 1625 396 quo
1644 353 1805 386 Christum
1822 352 1926 385 adhuc
1949 351 2136 393 praecedere
2159 351 2301 384 debebat.

1343 407 1550 440 Ambrosius⁸
1575 415 1650 439 vero
1674 406 1756 444 vult,
1781 405 1865 448 quod
1881 404 2087 443 dubitaverit,
2112 412 2172 437 non
2197 413 2237 437 ex
2255 404 2302 436 in-

1343 461 1507 499 fidelitate,
1531 464 1587 492 aut
1616 459 1780 497 tarditate,
1802 461 1839 490 ut
1861 457 2021 499 discipuli,
2050 470 2066 485 «
2083 457 2137 490 sed
2168 457 2302 499 quadam

1343 514 1457 555 pietate
1474 527 1505 552 n,
1530 513 1612 545 sicut
1634 512 1750 544 dicitur
1775 512 1806 544 in
1830 511 1946 544 Glossa.

1433 566 1484 598 38.
1511 565 1612 607 (Vers.
1642 566 1720 602 21).
1749 565 1789 597 In
1812 564 1888 606 ipsa
1912 567 2022 596 autem
2043 562 2128 595 hora
2151 566 2209 596 etc.
2234 563 2306 596 Post
2319 573 2446 604 secuntur.

1343 619 1535 661 propositam
1567 619 1783 660 quaestionem
1806 617 1913 651 subdit
1943 617 2144 661 quaestionis
2171 616 2305 649 solutio·
2329 600 2447 648 {iffi-⁰3²4,

1344 682 1418 705 nem
1441 672 1479 705 ad
1502 672 1730 714 discipulorum
1754 671 1886 704 dubium
1912 670 2137 703 removendum
2161 674 2191 703 et
2220 670 2306 702 Ioan-
2328 657 2456 700 {tsslffifl

1344 725 1393 758 nis
1416 725 1629 758 testimonium
1647 724 1909 758 confirmandum.
1932 724 1963 756 In
1980 733 2044 766 quo
2067 723 2219 756 Dominus
2234 732 2305 765 per-

1344 779 1511 812 fectissime
1536 777 1717 820 respondet,
1739 777 1856 811 scilicet
1876 776 2063 821 quaestioni
2084 780 2115 809 et
2135 775 2307 820 quaerenti

1345 836 1376 865 et
1399 832 1491 864 omni
1505 831 1753 864 contradicenti.
1772 849 1813 854 -
1832 830 1970 863 Primum
1987 830 2114 872 quidem
2139 829 2307 871 respondet
2321 836 2452 867 nqsrqudetu

1345 885 1533 929 quaestioni
1562 884 1704 918 faciendo
1735 884 1905 923 miracula,
1936 893 1992 926 per
2024 892 2105 926 quae
2136 882 2305 925 probatur,
2347 868 2453 911 isfffinffm

1345 939 1449 981 ipsum
1475 948 1543 972 esse
1566 938 1726 971 Christum
1753 938 1818 971 sive
1841 938 2000 976 Messiam;
2026 940 2057 970 et
2080 937 2120 969 ob
2144 937 2204 969 hoc
2231 935 2307 968 dici-

1346 996 1414 1024 tur:
1440 992 1479 1024 In
1503 992 1578 1034 ipsa
1602 996 1712 1024 autem
1737 990 1837 1035 liora,
1861 991 1979 1024 scilicet
1994 990 2147 1023 adventus
2170 989 2307 1031 discipu-

1347 1044 1465 1083 lorum,
1490 1053 1571 1087 quae
1599 1044 1727 1086 quidem
1758 1047 1826 1077 erat
1851 1044 1929 1076 hora
1952 1043 2162 1085 propalandae
2193 1042 2308 1075 verita-

1346 1098 1404 1136 tis,
1437 1097 1610 1130 secundum
1642 1097 1720 1130 illud
1752 1097 1790 1129 ad
1823 1097 1976 1130 Romanos
2010 1097 2130 1130 decImo
2162 1096 2255 1129 tertio
2272 1096 2306 1128 ⁹:

1353 1165 1368 1180 «
1384 1151 1465 1183 Hora
1480 1154 1542 1189 est,
1560 1151 1620 1182 iarn
1645 1160 1701 1183 nos
1724 1150 1763 1183 de
1780 1159 1890 1183 somno
1914 1159 2045 1193 surgere
2059 1164 2074 1179 n
2096 1153 2169 1189 etc.;
2194 1150 2224 1182 in
2250 1150 2308 1182 hac

1347 1212 1422 1245 ergo
1445 1203 1484 1235 ad
1516 1203 1678 1236 veritatem
1704 1203 1926 1245 propalandam
1958 1204 2091 1236 curavit
2114 1203 2242 1236 multos.
2275 1203 2309 1235 In

1348 1256 1445 1288 huius
1468 1256 1571 1298 figura
1590 1256 1705 1289 dicitur
1722 1256 1760 1289 de
1780 1257 1918 1296 Simone,
1940 1256 2003 1289 filio
2027 1256 2134 1296 Oniae,
2160 1256 2309 1289 Ecclesia-

1349 1309 1416 1341 stici
1441 1309 1718 1351 quinquagesimo:
1748 1323 1763 1338 «
1780 1309 1909 1342 Curavit
1932 1313 2056 1352 gentem
2080 1318 2170 1342 suam
2186 1313 2217 1342 et
2233 1309 2309 1342 libe-

1349 1362 1431 1394 ravit
1454 1370 1522 1394 eam
1546 1371 1565 1394 a
1595 1362 1769 1403 perditione
1786 1376 1816 1394 ».
1843 1363 1878 1395 Et
1901 1363 1975 1405 quia
2007 1363 2109 1395 virtus
2141 1362 2309 1395 miraculo-

1350 1424 1422 1447 rum
1446 1424 1508 1447 non
1533 1415 1634 1448 solum
1652 1415 1825 1449 attenditur
1849 1416 1880 1448 in
1901 1416 2103 1449 multitudine
2126 1419 2310 1449 curatorum

1350 1472 1381 1501 et
1405 1477 1446 1500 ex
1471 1471 1559 1510 parte
1591 1477 1813 1510 personarum,
1845 1469 1898 1502 sed
1923 1470 2016 1502 etiam
2041 1479 2082 1503 ex
2115 1473 2204 1512 parte
2226 1478 2311 1502 mor-

1350 1521 1481 1560 borum;
1505 1521 1574 1554 ideo
1598 1522 1759 1561 subditur,
1784 1523 1868 1565 quod
1892 1532 1910 1555 a
1926 1523 2091 1565 multiplici
2115 1522 2311 1566 aegritudine

1351 1574 1493 1613 curavit,
1517 1574 1634 1607 scilicet
1664 1585 1686 1607 a
1709 1575 1948 1617 lanquoribus,
1972 1576 2076 1618 quoad
2103 1576 2212 1609 morbi
2233 1586 2311 1618 pro-

1353 1627 1531 1665 lixitatem5
1555 1627 1757 1660 Ecclesiastici
1774 1627 1895 1661 decimo
1909 1629 1951 1660 ¹⁰:
1975 1641 1990 1658 «
2006 1629 2150 1671 Languor
2166 1629 2312 1671 prolixus

1352 1684 1462 1723 gravat
1484 1679 1651 1713 medicum.
1678 1680 1806 1713 Brevem
1832 1681 2013 1723 languorem
2037 1682 2188 1724 praecidit
2215 1683 2312 1716 medi-

1353 1743 1409 1767 cus
1426 1747 1457 1772 »‚
1481 1736 1517 1766 ut
1540 1733 1584 1766 sic
1613 1733 1800 1775 impleretur
1824 1733 1901 1766 illud
1926 1734 2020 1767 Isaiae
2050 1735 2312 1777 quinquagesimo

1353 1787 1464 1820 tertio:
1494 1799 1509 1815 α
1531 1786 1611 1819 Vere
1635 1786 1803 1828 languores
1830 1790 1954 1819 nostros
1976 1787 2043 1828 ipse
2071 1787 2144 1820 tulit
2170 1791 2201 1820 et
2224 1788 2312 1821 infir-

1352 1841 1476 1874 mitates
1492 1843 1616 1873 nostras
1632 1839 1698 1882 ipse
1715 1839 1852 1882 portavit
1870 1853 1898 1872 v.
1917 1859 1960 1863 —-
1977 1841 2003 1872 A
2023 1840 2136 1883 plaqis
2150 1841 2187 1880 ¹¹,
2209 1841 2312 1883 quoad

1353 1893 1462 1927 morbi
1483 1892 1710 1932 acerbitatem,
1735 1892 1908 1928 secundum
1934 1892 2011 1925 illud
2039 1893 2187 1926 Ieremiae
2218 1893 2313 1936 trige-

1353 1949 1450 1981 simo:
1481 1960 1496 1976 «
1514 1947 1604 1989 Plaga
1635 1943 1751 1979 inimici
1774 1946 1916 1988 percussi
1941 1949 1989 1985 te,
2014 1946 2216 1988 castigatione
2240 1955 2313 1979 cru-

1353 2002 1461 2035 deli».
1487 2000 1530 2033 Ab
1553 2000 1603 2033 his
1619 1999 1743 2032 curavit
1765 1999 1931 2038 Dominus,
1956 1999 2037 2032 sicut
2061 2000 2092 2032 in
2117 2000 2237 2033 Psalmo
2260 2009 2313 2042 pe-

1353 2055 1449 2088 titur:
1468 2067 1484 2083 «
1497 2055 1610 2086 Amove
1626 2062 1645 2086 a
1660 2062 1711 2086 me
1723 2053 1830 2095 plagas
1842 2056 1912 2085 tuas
1924 2066 1939 2081 υ
1957 2056 2016 2085 etc.
2030 2071 2073 2076 —
2087 2053 2128 2085 Et
2137 2052 2314 2095 spiritibus

1353 2108 1468 2147 matis,
1494 2109 1648 2150 quantum
1665 2106 1703 2139 ad
1727 2105 1885 2148 impetum
1901 2105 2028 2138 alienae
2051 2105 2237 2145 violentiae,
2258 2105 2314 2148 qui

1353 2162 1390 2195 fit
1406 2170 1462 2204 per
1479 2160 1625 2203 spiritum
1643 2159 1775 2198 malum;
1793 2158 1885 2201 primi
1900 2159 2017 2200 Regum
2031 2158 2151 2191 decimo
2163 2162 2254 2192 sexto
2268 2159 2312 2190 ¹²:

1359 2228 1375 2244 «
1394 2214 1530 2258 Spiritus
1553 2221 1690 2256 nequam
1706 2221 1725 2245 a
1740 2211 1873 2245 Domino
1888 2211 2068 2254 exagitabat
2084 2211 2167 2244 Saul.
2182 2225 2197 2241 »
2213 2230 2258 2235 —
2274 2213 2315 2245 Et

1353 2268 1460 2302 caecis
1487 2266 1602 2300 multis
1632 2265 1769 2299 donavit
1791 2265 1919 2304 visum,
1953 2265 1984 2297 in
2015 2274 2079 2307 quo
2102 2267 2230 2298 notatur
2261 2265 2314 2298 de-

1353 2321 1459 2365 fectus
1482 2320 1681 2354 intrinsecae
1704 2320 1888 2362 potentiae,
1912 2321 1949 2351 ut
1971 2318 2016 2351 sic
2039 2318 2208 2360 impleatur
2236 2316 2314 2352 illud

1353 2375 1448 2408 Isaiae
1464 2374 1614 2417 vigesimo
1638 2383 1720 2406 nono
1734 2373 1774 2405 ¹⁸:
1798 2386 1813 2402 α
1825 2373 1869 2406 De
1886 2371 2023 2405 tenebris
2039 2375 2070 2404 et
2085 2371 2216 2414 caligine
2231 2372 2314 2405 oculi

1353 2437 1519 2462 caecorum
1544 2427 1737 2461 videbunt».
1756 2427 1792 2459 Et
1814 2435 1871 2469 per
1887 2426 1964 2459 haec
1988 2424 2178 2464 manifestat,
2197 2434 2231 2458 se
2247 2433 2315 2458 esse

1353 2482 1441 2514 illum
1466 2481 1521 2524 qui
1545 2484 1613 2514 erat
1637 2484 1811 2519 venturus;
1834 2479 1955 2513 loannis
1978 2478 2106 2522 quinto:
2135 2491 2151 2507 «
2168 2478 2229 2511 Vos
2257 2478 2314 2511 rni-

1353 2535 1437 2568 sistis
1452 2535 1491 2567 ad
1508 2535 1668 2574 Ioannem,
1685 2537 1716 2567 et
1735 2533 1948 2567 testimonium
1969 2532 2130 2575 perhibuit
2146 2532 2312 2565 veritati».

405 2727 413 2742 ¹
435 2728 509 2753 Vers.
536 2728 573 2752 17.
593 2742 626 2745 —ffl
648 2727 775 2758 Superius
803 2734 850 2758 pro
877 2726 950 2752 Unde
970 2726 990 2751 H
1011 2725 1070 2752 Ideo
1095 2728 1199 2758 autem,
1232 2727 1289 2752 Vnt.

335 2772 402 2798 ltleo.

404 2815 414 2830 ²
436 2817 509 2842 Vcrs.
530 2816 571 2841 27..
592 2815 643 2842 Csr.
663 2816 750 2841 Matth.
770 2816 798 2847 3,
822 2816 868 2845 tt,
890 2815 966 2840 Marc.
990 2815 1010 2845 l,
1029 2815 1059 2845 75
1080 2815 1141 2839 Luc.
1161 2815 1191 2846 3,
1215 2815 1255 2840 16.

404 2859 415 2874 ⁸
435 2861 508 2886 Vers.
531 2861 573 2886 43.

404 2904 415 2918 ⁴
436 2905 510 2931 Vers.
527 2905 551 2932 1.

404 2951 414 2967 ⁵
434 2948 528 2976 Homil.
549 2951 592 2975 36.
612 2950 684 2983 (alias
703 2949 756 2982 37.)
778 2957 800 2975 n.
818 2951 839 2975 1.
859 2957 915 2982 seq.
935 2952 960 2975 et
973 2949 1067 2975 Homil.
1090 2948 1132 2974 37.
1146 2948 1219 2980 (alias
1234 2949 1289 2981 38.)

336 2995 360 3019 in
381 2995 467 3020 Matth.
486 3001 512 3019 n.
534 2995 557 3019 1.
576 2993 628 3020 Csr.
648 2994 738 3026 Hilar.,
757 2993 905 3020 Comment.
925 2994 950 3019 in
970 2994 1056 3019 Matth.
1075 3000 1098 3018 c.
1119 2994 1161 3021 Il.
1181 3000 1204 3017 n.
1226 2994 1250 3017 2.

406 3037 417 3052 ⁰
437 3039 511 3064 Vers.
530 3038 576 3070 34,
596 3041 655 3070 post
673 3045 753 3071 quem
780 3038 847 3064 Ioan.
868 3039 900 3069 6,
925 3038 949 3063 5.
968 3052 1003 3057 —
1023 3038 1141 3068 Hieron„
1161 3038 1188 3063 II.
1215 3036 1292 3063 Com-

336 3085 407 3108 ment
439 3083 463 3107 in
489 3083 574 3108 Matth.
602 3083 641 3113 ll,
662 3083 685 3107 1.
711 3089 779 3115 seq.:
806 3083 862 3108 Non
881 3083 957 3115 quasi
982 3083 1108 3114 ignorans
1133 3082 1291 3114 interrogat;

337 3127 359 3151 in
411 3127 481 3152 enim
499 3127 592 3153 ceteris
610 3126 793 3159 ignorantibus
811 3127 1038 3153 demonstraverat
1057 3127 1147 3152 dicens
1166 3126 1250 3160 [Ioan.
1269 3127 1291 3157 t,

337 3172 368 3196 2⁰
381 3170 407 3204 ]:
427 3170 502 3203 Ecce,
521 3171 615 3204 Agnus
635 3170 696 3203 Dei,
716 3177 782 3203 ecce,
802 3170 850 3205 qui
868 3170 937 3198 tollit
951 3172 1062 3204 peccata
1080 3170 1193 3204 mundi;
1208 3174 1233 3196 et
1246 3171 1293 3196 Pa-

338 3215 381 3241 tris
401 3222 493 3241 vocem
512 3215 630 3241 audierat
654 3215 790 3241 intonantis
810 3215 906 3249 [Matth.
931 3216 961 3246 3,
988 3215 1055 3248 17.];
1074 3215 1123 3242 Hic
1148 3217 1188 3242 est
1206 3215 1292 3242 Filius

337 3266 412 3285 meus
430 3258 554 3291 dilectus,
576 3259 604 3285 in
624 3266 675 3293 quo
694 3259 762 3286 mihi
779 3259 945 3293 complacui‚·
965 3260 1011 3285 sed
1031 3267 1084 3292 quo
1108 3260 1187 3286 modo
1208 3260 1293 3285 Salva-

338 3308 377 3329 tor
395 3304 550 3335 lnterrogat,
569 3303 615 3329 ubi
633 3304 665 3330 sit
690 3304 790 3336 positus
808 3304 932 3336 Lazarus,
952 3307 980 3330 ut
999 3304 1043 3337 qui
1068 3304 1154 3330 locum
1180 3305 1292 3336 sepulcri

339 3347 500 3378 indicabant,
519 3348 609 3373 saltem
634 3348 671 3373 sic
695 3351 849 3379 pararentur
872 3348 905 3374 ad
929 3349 1008 3374 fldem
1033 3352 1058 3374 et
1082 3348 1202 3374 viderent
1226 3355 1292 3374 mor-

338 3395 412 3416 tuum
436 3394 630 3422 resurgentem
655 3391 692 3417 sic
716 3394 742 3417 et
767 3392 874 3416 loannes
898 3392 1094 3418 interficiendus
1118 3391 1151 3417 ab
1176 3392 1292 3425 Herode,

337 3433 481 3463 discipulos
498 3440 561 3458 suos
579 3432 656 3458 mittit
673 3433 706 3458 ad
726 3433 870 3461 Christum.
890 3436 918 3458 ut
936 3440 985 3464 per
997 3435 1063 3459 hanc
1081 3434 1246 3459 occasionem
1259 3434 1295 3459 vl-

1355 2726 1447 2752 dcntes
1465 2726 1540 2758 signa
1559 2729 1638 2759 atque
1657 2726 1779 2758 virtutes,
1799 2727 1935 2752 crederent
1954 2726 1979 2751 in
2000 2733 2077 2756 eum,
2096 2729 2121 2751 et
2140 2725 2265 2757 magistro
2279 2725 2315 2750 in-

1354 2772 1505 2802 terrogante
1522 2769 1573 2795 sibi
1591 2770 1728 2796 discerent.
2283 2772 2286 2775 “

1426 2811 1436 2827 ⁷
1456 2813 1526 2839 Libr.
1546 2815 1562 2840 l.
1582 2815 1675 2840 Homil.
1695 2815 1722 2840 in
1742 2816 1840 2853 Evang3
1861 2815 1949 2841 homil.
1969 2816 1993 2840 6.
2013 2822 2037 2840 n.
2064 2816 2084 2840 1.
2102 2818 2127 2840 et
2146 2816 2164 2840 Ι.
2183 2814 2276 2840 Homil.
2290 2814 2314 2839 in

1357 2859 1447 2884 Ezech.
1467 2859 1556 2884 homil.
1577 2860 1599 2884 1.
1619 2866 1645 2884 n.
1666 2860 1691 2884 5.

1426 2901 1437 2916 ⁸
1456 2902 1525 2928 Libr.
1547 2903 1578 2928 V.
1598 2904 1621 2929 in
1642 2904 1702 2929 Luc.
1723 2911 1752 2929 n.-
1769 2904 1810 2929 98.
1830 2904 1934 2934 Glossa.
1953 2911 2022 2937 quae
2041 2903 2154 2930 subinde
2173 2904 2313 2936 allegatur,

1356 2950 1394 2973 est
1413 2947 1555 2974 ordinaria
1575 2948 1600 2972 in
1620 2948 1681 2973 Luc.
1701 2947 1727 2979 7,
1751 2948 1789 2973 18.
1809 2949 1862 2974 Cl‘r.
1881 2949 1918 2974 llI.
1937 2950 2007 2974 Sent.
2029 2948 2054 2974 d.
2076 2949 2117 2974 25.
2138 2948 2202 2974 dub.
2223 2949 2252 2980 3;
2273 2948 2316 2974 IV.

1357 2993 1425 3018 Sent.
1445 2992 1472 3018 d.
1492 2993 1516 3018 5.
1535 2991 1599 3018 dub.
1620 2992 1645 3018 3.
1671 2995 1696 3018 et
1715 2991 1863 3018 Comment.
1888 2992 1913 3018 in
1932 2993 2000 3018 Ioan.
2020 3000 2042 3019 c.
2064 2993 2088 3018 1.
2107 3000 2132 3019 n.
2151 2993 2195 3018 71.
2213 3007 2246 3012 -
2267 2993 2315 3018 Pro

1356 3038 1405 3063 aut
1423 3036 1549 3063 tarditate
1568 3036 1586 3062 C
1598 3036 1619 3062 1)
1637 3043 1692 3063 non
1711 3035 1846 3063 tarditate.

1427 3079 1438 3094 ⁹
1458 3081 1532 3107 Vers.
1557 3081 1598 3106 11.
1618 3094 1653 3100 -
1672 3081 1795 3114 Sequitur
1819 3081 1896 3106 Eccli.
1921 3081 1968 3112 ὅθ,
1990 3081 2013 3107 4.
2033 3095 2067 3101 -
2087 3082 2195 3108 Inferius
2219 3089 2267 3114 pro
2287 3081 2316 3108 in

1356 3125 1407 3152 hac
1426 3132 1490 3159 erqo
1509 3124 1528 3151 C
1540 3125 1560 3151 D
1580 3126 1610 3151 In
1630 3125 1679 3152 hoc
1698 3132 1772 3159 erqo.

1428 3168 1450 3184 ¹⁰
1470 3170 1542 3196 Vers.
1559 3170 1599 3195 11.
1614 3177 1683 3202 seq:
1704 3170 1833 3203 Lanquor
1843 3169 1981 3203 proterio]-
2001 3173 2063 3202 etc,
2084 3174 2142 3202 post
2154 3178 2234 3203 quem
2254 3171 2312 3196 lsai.

1357 3216 1404 3246 53,
1425 3215 1454 3247 43
1473 3217 1519 3241 cfr.
1539 3221 1619 3247 supra
1639 3221 1700 3246 pag.
1723 3215 1786 3246 422,
1806 3217 1865 3240 nota
1888 3215 1910 3240 1.

1429 3258 1449 3273 ¹¹
1470 3259 1581 3291 Vulgata
1601 3261 1626 3284 et
1644 3259 1665 3284 H
1686 3258 1720 3284 Et
1734 3257 1835 3291 plaqis.
1847 3271 1882 3277 —
1895 3258 1952 3284 Duo
1971 3265 2046 3291 seqq.
2064 3258 2113 3284 Ioci
2126 3262 2187 3284 sunt
2206 3258 2252 3284 ler.
2266 3258 2315 3289 30,

1358 3304 1399 3330 14.
1419 3306 1444 3329 et
1462 3304 1503 3329 Ps.
1523 3304 1570 3334 38,
1591 3303 1632 3328 11.
1652 3309 1705 3335 seq.
1720 3317 1753 3321 —
1767 3302 1874 3328 Inferius
1892 3309 1941 3334 pro
1960 3302 2066 3329 curavit
2084 3301 2136 3328 CD
2155 3303 2242 3328 curat.

1429 3346 1450 3362 ²¹
1471 3347 1545 3373 Vers.
1568 3347 1609 3372 1¹4.

1428 3389 1450 3405 ¹⁸
1470 3391 1544 3417 vers.
1566 3391 1606 3416 ⁴8.
1625 3404 1660 3410 —-
1679 3390 1797 3416 Subinde
1816 3390 1960 3422 allegantur
1979 3391 2046 3416 loan.
2067 3389 2097 3420 ὅ,
2117 3390 2159 3415 33.
2179 3392 2205 3415 et
2224 3389 2265 3415 36.
2278 3401 2317 3409 -

1358 3434 1465 3459 Interius
1484 3428 1532 3464 pro
1552 3431 1587 3459 Et
1600 3440 1650 3464 pei·
1669 3432 1734 3459 haec
1752 3433 1863 3458 ACDII
1886 3432 1919 3458 Et
1932 3439 1984 3465 per
2002 3431 2060 3458 hoc.
