2476 3921
341 229 405 261 xlv

340 317 571 352 conquestionibus
592 318 671 350 (quae
690 316 820 342 Gilbertus
840 317 978 348 descripsit
997 323 1026 342 ex
1054 316 1128 342 libris
1156 317 1302 343 Rhetoricis

340 371 493 404 Ciceronis).
517 371 604 397 Verba
630 370 736 396 Gilberti
765 372 843 396 ret'crt
871 372 989 402 Lyranus
1016 370 1040 395 in
1069 370 1243 396 Prothemata
1273 370 1300 396 in

344 426 476 457 lerenos,
497 432 566 458 quae
586 425 699 456 praelixa
719 427 779 449 sunt
799 424 865 449 libro
885 423 1119 449 Lamentationum.
1141 423 1238 449 Auctor
1258 431 1301 449 au-

339 483 391 505 tem
413 480 489 505 huius
510 479 626 511 postillae
645 478 713 504 circa
733 478 811 503 tinem
832 477 934 510 prologi
959 480 984 502 et
1003 476 1064 502 alibi
1085 477 1178 502 eadem
1205 477 1301 509 allegat

339 519 367 559 ut
395 533 477 558 verba
498 532 617 559 Glossae.

409 587 433 611 6.
454 586 661 612 Observavimus
680 585 773 615 etiam,
793 584 865 617 quod
885 585 959 615 plura
980 584 1003 608 111
1024 585 1072 609 hac
1090 584 1191 615 postilla
1205 583 1301 609 verbo-

339 644 413 666 tenus
433 639 594 665 conveniunt
612 646 673 664 cum
693 638 733 664 his
752 644 820 671 quae
849 638 971 669 leguntur
999 637 1025 662 in
1054 636 1249 662 Commentario
1275 636 1300 661 in

339 693 458 718 Threnos
477 691 588 718 celebris
606 691 683 717 Card.
703 691 823 723 Ilugonis
843 698 857 715 a
878 691 904 715 S.
929 689 1014 715 Charo
1043 689 1105 715 Ord.
1136 689 1227 715 Praed.
1252 689 1300 714 Vei

339 746 417 778 igitur
438 749 546 778 uterque
566 746 660 771 eodem
680 745 828 777 antiquiore
849 746 917 769 sonte
938 751 1001 769 usus
1020 746 1074 774 est,
1094 744 1135 768 vel
1150 746 1240 768 auctor
1254 750 1299 768 00-

337 803 403 830 ster,
423 802 513 831 utpote
532 799 672 830 recentior,
692 805 723 823 ex
743 798 785 823 1110
805 797 943 829 descripsit
961 797 987 822 id
1007 797 1079 829 quod
1098 796 1123 822 in
1137 796 1300 829 1111000010-

338 853 450 879 venitur.

408 905 545 931 Probabile
565 908 616 937 est,
636 907 770 931 auctorem
792 904 869 930 huius
888 904 1007 936 postillae
1035 904 1114 929 etiam
1142 904 1191 928 alia
1219 910 1299 935 opera

336 959 413 985 nobIs
426 960 515 992 ignota
530 966 640 994 promsuo
655 958 744 984 labore
758 957 918 990 perticiendo
931 956 1097 987 adhibuisse5
1120 957 1166 982 scd
1181 963 1211 982 ea
1230 963 1300 989 quae

336 1016 406 1038 certe
419 1012 451 1038 ab
465 1012 520 1037 aliis
534 1012 691 1044 deprompta
705 1014 779 1044 sunt,
794 1017 918 1042 magnam
932 1010 1052 1041 opusculi
1071 1012 1173 1041 partem
1187 1009 1299 1041 explent.

335 1066 401 1092 Cum
415 1066 495 1098 igitur
508 1065 640 1091 doctrinae
651 1065 786 1090 Pecchami
801 1064 982 1094 detrahamus,
997 1066 1128 1095 putamus,
1142 1063 1298 1094 scriptorem

335 1120 501 1145 mediocriter
523 1119 656 1144 eruditum
675 1118 742 1144 bene
761 1118 878 1150 potuisse
897 1118 968 1143 iilum
988 1117 1103 1142 libellum
1123 1116 1299 1142 conscribere.

406 1174 421 1206 g
441 1174 465 1199 5.
485 1172 519 1198 De
538 1173 629 1199 nostra
649 1172 761 1199 editione
780 1172 843 1198 haec
862 1171 991 1198 notemus.

406 1225 516 1252 Duobus
535 1229 637 1252 tantum
657 1226 794 1252 codicibus
814 1226 850 1252 uti
870 1225 955 1256 licuit,
974 1225 1112 1250 PariSIensi
1126 1230 1151 1250 ct
1164 1224 1299 1256 Pragensi.

378 1306 381 1309 ,
406 1280 430 1305 rl.
450 1279 579 1312 Parisiis,
600 1279 718 1306 biblioth.
732 1279 880 1311 NationaIIS,
893 1280 954 1305 cod.
970 1279 1065 1305 14260.
1080 1278 1192 1304 membr.
1207 1279 1234 1304 in
1253 1279 1296 1304 sol.

334 1334 396 1359 olim
410 1334 502 1359 domui
517 1334 542 1359 S.
556 1334 669 1359 Victoris
682 1334 808 1364 donatus,
823 1336 851 1359 ut
864 1333 958 1365 legitur
972 1333 997 1358 in
1017 1333 1088 1358 initio
1098 1352 1104 1363 ‚
1118 1339 1133 1357 a
1147 1333 1298 1364 Praeposito

333 1387 415 1413 sancti
435 1387 579 1413 Audomari
598 1394 666 1413 anno
686 1387 765 1412 4289.
785 1387 845 1412 Post
863 1374 911 1412 alia
932 1393 1012 1419 opera
1034 1387 1074 1412 tol.
1095 1387 1156 1412 205.
1176 1394 1196 1412 r.
1211 1387 1259 1412 col.
1274 1387 1297 1412 1l.

333 1441 507 1473 praemittitur
526 1448 540 1466 a
561 1441 647 1472 prima
667 1447 747 1466 manu
766 1440 887 1466 rubrica:
901 1439 1010 1466 Postille
1022 1447 1105 1473 super
1118 1439 1299 1466 Lamentatio-

332 1501 378 1521 nes
398 1493 544 1526 Hieremia,
565 1494 642 1520 tacito
662 1494 761 1520 autoris
780 1494 900 1525 nomine,
915 1494 1011 1520 deinde
1025 1494 1209 1527 prosequitur:
1225 1494 1299 1520 Tem-

330 1554 384 1581 pus
400 1546 552 1581 plangendi
568 1548 594 1573 et
612 1548 717 1581 tempus
735 1546 865 1573 saltandi.
893 1547 925 1573 1η
952 1546 1032 1573 verbo
1061 1546 1111 1573 isto
1138 1546 1298 1573 ostenditur.

334 1601 432 1627 Desinit
459 1601 501 1626 tol.
521 1601 581 1626 233.
602 1609 628 1626 v.
648 1601 696 1627 col.
719 1601 742 1626 i.
761 1601 787 1626 10
807 1601 857 1626 fine
875 1608 923 1633 per
952 1600 1052 1626 verba:
1080 1600 1237 1627 abscondita
1255 1608 1298 1627 re-

333 1654 437 1681 vetabit.

404 1709 451 1735 Hic
465 1709 523 1735 cod.
538 1710 627 1735 multis
645 1709 754 1742 quidem
768 1711 849 1734 scatet
862 1708 931 1734 vitiis
944 1708 1056 1740 librarii,
1071 1708 1117 1741 qui
1130 1708 1237 1733 Latinae
1250 1709 1298 1733 lin-

333 1770 401 1794 guae
413 1763 460 1789 suit
470 1770 579 1795 prorsus
593 1763 713 1795 ignarus;
724 1763 771 1788 sed
781 1769 813 1787 eo
823 1762 950 1788 maiorem
962 1765 1077 1787 meretur
1088 1762 1177 1792 fidem,
1189 1761 1296 1794 quando

333 1817 430 1843 bonam
450 1816 559 1849 praebet
578 1817 732 1847 lectionem,
751 1816 906 1848 praesertim
926 1823 987 1841 cum
1007 1816 1040 1841 sit
1060 1815 1137 1841 valde
1164 1807 1297 1848 antiquus.¹

333 1871 373 1897 Ad
393 1871 540 1902 marginem
560 1872 585 1895 et
604 1870 638 1895 ad
657 1870 755 1895 calcem
776 1869 856 1894 multa
877 1869 973 1901 scripta
993 1872 1054 1894 sunt
1072 1868 1106 1893 ab
1135 1868 1184 1893 alia
1213 1875 1295 1894 manu

333 1932 380 1957 per
394 1924 504 1950 modum
525 1923 629 1949 tabulae
642 1930 688 1948 seu
703 1923 852 1953 schematis,
871 1929 985 1955 quorum
1001 1921 1133 1955 quaedam
1148 1924 1173 1947 et
1187 1922 1296 1947 sortasse

332 1979 460 2010 pleraque
478 1978 564 2002 sumta
583 1978 644 2001 sunt
662 1982 692 2001 ex
712 1974 913 2001 Commentariis
931 1974 1008 2001 Card.
1028 1974 1203 2006 Hugonis.—
1222 1973 1295 2005 Sign.

324 2028 378 2055 litt.
398 2031 427 2055 A.

405 2084 431 2108 2.
452 2083 558 2117 Praqae
578 2083 603 2108 in
623 2082 763 2114 Bohemia,
790 2081 909 2108 biblioth.
935 2082 1148 2114 Metropolitana,
1174 2082 1233 2108 cod.
1261 2082 1292 2107 A.

332 2135 416 2161 CVlll.
437 2137 518 2161 chart.
540 2136 565 2161 in
585 2136 626 2161 sol.
646 2142 715 2161 saec.
736 2135 804 2160 Xl-V.
824 2137 926 2160 exeunt.
955 2135 975 2160 A
996 2141 1076 2160 manu
1104 2135 1251 2167 posteriore
1279 2142 1293 2160 a

332 2190 460 2222 principio
481 2189 628 2215 indicantur
648 2195 743 2221 opera,
763 2195 833 2221 quae
857 2188 939 2214 codex
963 2188 1160 2221 complectitur,
1179 2189 1292 2214 scilicet:

330 2244 446 2270 Lectura
464 2250 547 2277 super
567 2242 717 2269 Iohannem
735 2241 840 2268 domiui
858 2241 988 2268 Iohannis
1017 2241 1048 2268 de
1073 2242 1229 2275 Peczanno,
1250 2243 1294 2269 Le-

331 2300 410 2325 ctio-a
429 2291 511 2331 super
534 2297 702 2328 Trenorum,
722 2296 839 2323 Lot—tura
857 2303 941 2330 super
954 2295 1095 2330 epistolam
1114 2296 1150 2323 ad
1168 2296 1293 2324 Hebreos.

330 2351 370 2377 Ad
390 2351 487 2377 calcem
507 2351 634 2376 Lecturae
652 2357 733 2382 super
758 2350 931 2381 Evangelium
960 2350 1063 2376 loannis
1088 2350 1174 2382 prima
1199 2358 1294 2377 manus

330 2405 447 2431 notavit:
467 2387 501 2431 Et
518 2404 558 2431 sic
576 2403 672 2438 finitur
698 2403 803 2430 lectura
830 2403 959 2430 Iohannis
984 2403 1015 2430 de
1043 2404 1185 2430 Peczanno
1211 2411 1293 2438 super

330 2457 499 2492 evangelium
518 2456 657 2484 Iohannis.
676 2457 776 2483 Deinde
795 2456 896 2490 absque
915 2457 965 2483 alia
985 2457 1091 2484 rubrica
1110 2458 1293 2491 prosequitur:

332 2512 447 2546 Tempus
462 2510 614 2545 plangendi
632 2513 657 2537 et
676 2513 781 2545 tempus
800 2510 928 2537 saltandi.
948 2511 1021 2538 Ecct.
1041 2510 1072 2538 5.
1091 2512 1123 2537 In
1142 2511 1222 2538 verbo
1242 2511 1293 2538 isto

330 2565 480 2592 ostenditur
500 2568 566 2596 etc.;
586 2565 681 2590 desinit
699 2565 741 2590 fol.
761 2572 783 2590 r.
803 2572 853 2590 non
872 2567 1029 2591 numerato:
1049 2564 1206 2591 abscondita
1223 2572 1294 2592 reve-

331 2618 405 2644 lavit.
425 2618 478 2645 Hec
496 2619 562 2645 sunt
584 2617 657 2644 dicta
676 2617 795 2645 eiusdem
814 2617 938 2644 Doctoris
957 2625 1040 2652 super
1061 2619 1171 2645 Trenos.

402 2672 445 2697 Est
464 2672 526 2697 satis
545 2674 663 2697 correcte
682 2672 812 2704 scriptus3
833 2672 859 2697 in
877 2671 941 2698 10015
960 2671 1151 2698 difficilioribus
1168 2675 1193 2698 et
1206 2672 1293 2699 minus

331 2724 400 2751 bona
420 2725 544 2751 latinitate
563 2725 693 2757 expressis
712 2725 810 2757 passim
830 2725 1037 2757 deprehenditur
1056 2726 1174 2752 studium
1194 2729 1291 2752 textum

331 2779 502 2810 emendandi,
522 2779 564 2805 vel
584 2779 707 2805 claritatis
725 2786 804 2805 causa
824 2786 908 2811 pauca
928 2779 1010 2805 verba
1030 2780 1155 2806 addendi.
1170 2794 1206 2800 —-
1219 2781 1291 2813 Sign.

331 2832 377 2857 nu.
398 2832 426 2857 B.
854 2817 859 2826 ‘

402 2884 575 2910 Nihilominus
594 2883 619 2910 111
639 2884 693 2910 duo
712 2884 817 2910 codices
836 2889 927 2922 contra
946 2887 983 2911 tot
1004 2885 1079 2911 salsas
1098 2888 1124 2911 et
1142 2893 1222 2918 saepe
1241 2886 1292 2912 ine-

331 2940 389 2969 ptas
400 2938 523 2963 lectiones
537 2937 681 2964 editionum
695 2938 761 2963 mire
774 2939 932 2971 plerumque
945 2939 1116 2965 consentiunt.
1130 2939 1186 2972 Ope
1199 2940 1292 2966 utrius-

330 2998 382 3024 que
401 2991 499 3017 codicis
518 2994 616 3017 textum
636 2994 689 3017 tam
709 2992 884 3025 depravatum
903 2992 966 3018 satis
990 2993 1123 3025 corrigere
1141 2994 1291 3026 potuimus,

330 3048 438 3077 excepto
457 3052 511 3071 0οο
530 3045 645 3071 alterove
664 3046 729 3071 loeo.
750 3046 775 3071 ln
794 3046 862 3072 notis
880 3046 975 3072 nostris
988 3046 1021 3072 ad
1041 3053 1098 3079 cap.
1118 3047 1136 3073 1.
1154 3048 1291 3074 retulimus

330 3105 383 3124 non
401 3105 507 3130 omnes,
527 3099 575 3125 sed
594 3099 731 3131 graviores
750 3099 872 3125 lectiones
892 3100 1065 3133 depravatas,
1084 3107 1153 3133 quae
1178 3101 1203 3127 in
1222 3102 1291 3128 Vati-

329 3158 394 3177 cana
413 3152 526 3177 editione
543 3152 652 3185 aliisque
671 3154 768 3178 textum
789 3152 865 3178 foede
878 3153 1017 3179 maculant.
1036 3153 1168 3187 Editiones
1186 3161 1292 3186 praece-

330 3204 420 3230 dentes
439 3205 516 3230 hnius
536 3204 654 3237 postillae
671 3205 821 3237 exemplum
839 3204 967 3237 praebent
980 3205 1062 3231 mirae
1080 3206 1289 3238 depravationis,

330 3265 398 3291 qnae
417 3258 443 3283 in
462 3265 513 3284 non
533 3258 625 3290 paucis
638 3258 797 3290 scriptorum
816 3259 898 3285 medii
916 3259 974 3284 aevi
988 3259 1148 3286 editionibus
1165 3260 1290 3286 lectorem

330 3311 479 3344 offendunt,
499 3312 533 3337 ita
557 3315 611 3338 «ut
636 3312 796 3345 quandoque
821 3312 930 3344 indigna
954 3312 1107 3339 auctoribus
1132 3314 1189 3340 visa
1214 3317 1288 3346 sunt,

330 3371 398 3397 quae
417 3351 559 3398 antequam
583 3368 828 3398 corrumperentur,
853 3366 1008 3398 dignissima
1032 3369 1105 3393 erant
1123 3376 1148 3398 »,
1174 3367 1208 3393 de
1235 3374 1289 3401 quo

1146 228 1420 261 PROLEGOMENA
1444 229 1475 261 C.
1502 229 1534 261 11.

1367 318 1484 350 queritur
1504 318 1530 344 P.
1550 318 1643 343 Fidelis
1661 325 1675 343 a
1696 319 1782 344 Fauna
1804 319 1888 352 (Ratio
1909 326 1993 345 novae
2018 321 2176 348 collectionis
2195 325 2244 348 etc.
2264 330 2326 355 pag.

1368 371 1410 402 46,
1430 371 1484 404 47).
1505 372 1556 397 Sed
1582 372 1643 404 quia
1665 379 1759 403 parum
1782 372 1904 403 interest,
1930 372 2059 400 absurdas
2083 375 2205 401 lectiones
2233 375 2326 402 iterum

1366 425 1448 450 oculis
1467 425 1608 456 legentium
1629 425 1771 457 subiicere,
1791 432 1805 450 a
1825 432 1883 457 cap.
1904 426 1930 451 ΙΙ.
1950 427 2089 453 omisimus
2115 428 2140 453 in
2161 429 2227 455 notis
2247 436 2327 455 anno-

1366 481 1421 504 tare
1439 478 1598 510 depravatas
1623 478 1838 510 praecedentium
1864 479 2008 506 editionum
2028 480 2165 512 lectiones,
2185 485 2213 508 ut
2237 482 2273 508 ibi
2293 483 2327 508 ad

1366 531 1464 557 calcem
1484 531 1642 557 notavaus.

1456 638 1625 677 Secundo,
1654 639 1694 670 cle
1719 638 1929 680 Expositione
1952 639 2118 671 orationis
2140 640 2327 674 dominicae

1365 690 1401 722 ‘in
1425 690 1604 733 appendice
1626 691 1737 733 posita
1760 695 1789 723 ct
1812 691 1982 724 nonnullis
1998 692 2077 724 aliis
2092 693 2222 734 spuriis
2246 703 2326 736 opu-

1364 743 1476 776 scutis.

1436 851 1451 883 ξς
1471 849 1495 876 6.
1514 849 1548 876 De
1561 849 1729 884 Expositione
1743 850 1869 877 orationis
1883 851 2023 878 dominicae
2038 851 2065 878 in
2079 851 2217 886 appendice
2229 852 2325 887 posite..

1436 904 1473 929 De
1492 905 1541 929 1100
1560 903 1645 929 libello
1666 904 1740 930 toties
1760 906 1903 938 impresso,
1923 906 1996 939 quod
2025 906 2059 931 ab
2087 905 2227 937 omnibus,
2256 913 2326 933 exce-

1364 958 1415 989 ptis
1434 957 1580 983 editoribus
1609 958 1730 990 Venetis,
1752 958 1873 984 laudatur
1892 962 2018 992 tanquam
2038 962 2139 985 certum
2160 960 2327 986 Bonaventu-

1364 1018 1408 1036 rae
1427 1012 1600 1043 opusculum,
1620 1018 1668 1036 1105
1688 1011 1737 1043 1051
1757 1011 1783 1036 10
1802 1012 1932 1044 principio
1946 1012 1988 1038 vix
2003 1012 2116 1045 aliquam
2134 1012 2326 1039 dubitationem

1364 1063 1516 1090 habuimus.
1535 1065 1577 1090 Est
1596 1064 1667 1090 enim
1696 1071 1757 1090 cum
1782 1064 1911 1090 brevitate
1935 1073 2016 1098 quam
2046 1066 2159 1092 maxime
2186 1073 2327 1092 succosum

1364 1120 1389 1143 01
1408 1119 1521 1150 perfecte
1540 1118 1664 1143 convenit
1683 1118 1708 1143 in
1736 1118 1856 1144 doctrina
1880 1126 1941 1145 cum
1968 1119 2009 1145 his
2037 1126 2106 1152 quae
2127 1120 2151 1145 S.
2172 1120 2268 1145 Doctor
2294 1120 2327 1145 de

1363 1172 1456 1197 eadem
1475 1171 1593 1197 oratione
1613 1171 1691 1197 habet
1711 1172 1737 1197 111
1756 1179 1804 1197 500
1824 1172 2002 1205 [110νί1001110,
2016 1180 2042 1205 p.
2058 1173 2089 1199 V.
2109 1180 2132 1198 c.
2156 1174 2198 1198 10.
2211 1176 2236 1199 01
2248 1173 2327 1199 etiam

1363 1225 1389 1249 in
1408 1224 1603 1250 Commentario
1623 1224 1650 1250 in
1678 1225 1850 1257 Evangelium
1871 1226 1896 1250 S.
1915 1226 2010 1256 Lucae,
2030 1232 2052 1251 c.
2073 1226 2116 1257 Μ,
2135 1225 2193 1257 2-4,
2212 1225 2273 1257 11111,
2299 1230 2327 1252 111

1363 1281 1454 1303 notum
1474 1282 1527 1311 cst,
1547 1277 1653 1304 brevior
1672 1279 1796 1304 orationis
1815 1279 1893 1304 huius
1912 1279 2022 1304 formula
2050 1286 2111 1305 cum
2136 1279 2255 1312 quinque
2274 1283 2328 1305 tan-

1364 1334 1419 1356 tum
1448 1331 1620 1363 petitionibus
1647 1331 1792 1357 exhibetur.
1821 1331 1955 1357 Accedunt
1983 1339 2032 1363 pro
2060 1332 2155 1358 eodem
2178 1332 2326 1359 testimonia

1363 1384 1530 1416 multiplicia,
1550 1384 1605 1409 5011.
1623 1384 1774 1416 Trithemii,
1794 1385 1923 1410 Francisci
1944 1385 2093 1416 Samsonis,
2115 1386 2243 1411 Ludovici
2263 1387 2327 1412 Pru-

1363 1438 1428 1469 teni,
1449 1438 1602 1464 Bernardini
1631 1438 1665 1463 de
1685 1438 1769 1463 BustiS
1788 1438 1953 1471 aliorumque
1972 1441 2128 1469 auctorum;
2149 1439 2264 1472 itemque
2277 1446 2327 1465 ¹au-

1363 1492 1468 1517 ctoritas
1487 1491 1730 1524 antiquissimarum
1750 1492 1895 1517 editionum
1916 1495 1941 1518 et
1960 1493 2077 1524 plurium
2101 1493 2224 1518 codicum
2249 1500 2326 1526 mss„

1362 1546 1407 1579 qui
1428 1549 1529 1578 tamen,
1549 1549 1657 1578 excepto
1678 1554 1730 1572 uno
1749 1546 1846 1572 saeculi
1867 1547 1939 1579 XIV,
1959 1550 2019 1572 50111
2038 1547 2167 1580 sequioris
2186 1547 2284 1573 aetatis.

1434 1600 1474 1625 Ab
1494 1601 1543 1625 hac
1563 1603 1651 1625 tamen
1671 1600 1794 1632 opinione
1813 1599 1889 1627 nobis
1907 1601 2087 1626 recedendum
2101 1604 2170 1632 erat,
2184 1604 2326 1634 postquam

1362 1653 1600 1685 deprehendimus,
1620 1655 1690 1679 hunc
1712 1653 1841 1685 libellum,
1860 1654 1951 1687 quoad
1976 1653 2150 1680 substantiam
2170 1657 2325 1687 acceptum,

1362 1708 1552 1733 restituendum
1572 1714 1630 1733 esse
1643 1707 1814 1733 celeberrimo
1827 1708 1913 1740 Papae
1926 1708 2076 1733 innocentio
2095 1709 2137 1739 111,
2151 1709 2196 1741 001
2214 1707 2245 1734 'in
2258 1708 2326 1735 libro

1362 1761 1392 1786 V.
1408 1761 1442 1786 de
1456 1761 1535 1786 Sacro
1548 1761 1636 1786 altaris
1649 1761 1783 1794 Mysterm,
1797 1768 1819 1786 e.
1836 1761 1922 1787 16-20.
1935 1761 2124 1793 expositionem
2138 1762 2257 1788 eiusdem
2270 1769 2326 1788 ora·

1361 1815 1439 1840 tionis
1452 1814 1531 1840 habet
1544 1815 1577 1840 ita
1590 1814 1716 1846 similem,
1730 1817 1758 1840 ut
1770 1816 1835 1840 haec
1848 1817 1934 1840 nostra
1950 1815 2007 1841 iure
2020 1815 2102 1847 possit
2115 1815 2205 1841 vocari
2218 1815 2325 1847 eadem,

1360 1868 1406 1894 sed
1427 1868 1586 1900 interpositis
1605 1868 1668 1893 10015
1688 1868 1837 1900 Scripturae
1856 1871 1931 1894 aucta
1951 1871 1977 1894 et
1996 1868 2056 1894 11100
2077 1869 2137 1895 inde
2155 1876 2251 1901 parum
2269 1876 2325 1895 mu-

1360 1924 1419 1947 tata.
1440 1921 1517 1954 Quod
1536 1924 1624 1947 autem
1645 1922 1670 1947 S.
1690 1922 1874 1947 Bonaventura
1894 1922 1950 1954 ipse
1969 1925 2060 1948 auctor
2079 1922 2112 1949 sit
2131 1923 2226 1948 horum
2245 1919 2324 1949 inser'-

1359 1978 1446 2001 torum
1466 1978 1492 2000 et
1512 1975 1700 2007 mutationum,
1721 1975 1830 2001 minime
1853 1978 1893 2001 est
1920 1975 2075 2008 probabile;
2103 1976 2210 2002 omnino
2235 1979 2324 2002 autem

1358 2031 1397 2054 est
1416 2028 1580 2060 incredibile,
1600 2029 1673 2062 quod
1692 2030 1734 2055 vir
1752 2030 1915 2057 humillimus
1933 2029 2051 2056 libellum
2070 2029 2184 2056 alienum
2197 2033 2323 2063 tanquam

1358 2089 1436 2107 suum
1456 2082 1628 2114 evulgaverit.
1649 2082 1681 2108 Ut
1700 2082 1756 2115 ipse
1775 2082 1920 2109 benevolus
1948 2083 2029 2109 lector
2057 2083 2197 2109 advertere
2224 2085 2321 2117 possit,

1357 2143 1438 2169 quam
1458 2138 1529 2162 arcta
1548 2136 1581 2162 sit
1608 2136 1699 2161 relatio
1727 2136 1793 2162 inter
1818 2136 1953 2169 duplicem
1981 2137 2101 2163 eiusdem
2129 2138 2250 2170 opusculi
2274 2140 2323 2165 sor-

1357 2196 1446 2221 mam;
1467 2189 1491 2215 in
1510 2190 1579 2215 notis
1598 2189 1629 2216 ad
1651 2190 1749 2216 calcem
1768 2190 1860 2222 positis
1879 2191 2006 2224 pleraque
2024 2197 2054 2216 ex
2073 2191 2213 2217 innocentii
2241 2198 2322 2223 opere

1358 2243 1582 2275 transcripsimus.
1596 2257 1629 2261 —
1643 2243 1753 2275 Insuper
1772 2246 1909 2274 notamus,
1929 2243 1997 2269 illam
2011 2243 2207 2275 adaptationem
2219 2247 2321 2276 septem

1357 2297 1515 2329 petitionum
1534 2297 1569 2323 ad
1588 2300 1690 2329 septem
1710 2297 1779 2323 dona
1797 2297 1910 2329 Spiritus
1929 2298 1970 2329 S.‚
1984 2297 2019 2323 ad
2032 2299 2131 2329 septem
2146 2296 2321 2324 beatitudines

1358 2354 1383 2376 et
1396 2353 1497 2383 septem
1523 2351 1634 2376 virtutes
1652 2350 1686 2376 ab
1705 2351 1855 2377 Innocentio
1874 2354 1989 2377 sumtam
2009 2358 2067 2376 esse
2085 2358 2115 2377 ex
2139 2352 2229 2377 Glossa
2251 2351 2321 2378 ordi-

1357 2403 1439 2430 naria
1459 2404 1484 2429 in
1504 2404 1593 2430 Matth.
1611 2404 1641 2435 6,
1661 2405 1685 2430 8.
1706 2411 1780 2437 seqq.
1802 2404 1919 2430 Similem
1939 2404 2135 2437 adaptationem
2149 2405 2319 2438 petitionum,
2355 2393 2357 2395 Ι

1358 2459 1403 2484 5οᾱ
1424 2458 1517 2484 ordine
1537 2458 1656 2489 inverso,
1677 2457 1782 2484 exhibet
1801 2458 1926 2490 August,
1951 2459 1978 2484 11.
2008 2458 2042 2484 de
2070 2458 2198 2484 Sermone
2216 2459 2319 2485 Domini

1358 2512 1383 2537 in
1403 2514 1501 2543 monte,
1515 2518 1537 2537 c.
1552 2512 1594 2537 Μ.
1614 2519 1640 2537 0.
1660 2512 1703 2537 38.
1723 2512 1873 2538 Guntherus
1892 2511 1956 2538 Ord.
1972 2511 2094 2542 cistere,
2107 2512 2197 2538 lx-Xl.
2209 2512 2243 2538 de
2256 2511 2320 2538 Ora-

1358 2565 1436 2596 tione,
1451 2565 1546 2591 ieiunio
1560 2567 1585 2591 et
1598 2566 1765 2597 eleemosyna
1778 2564 1858 2591 habet
1871 2565 1948 2591 talem
1972 2565 2167 2597 adaptationem
2186 2565 2320 2598 duplicem

1358 2618 1468 2652 (teigne,
1487 2619 1581 2644 Patrol.
1598 2619 1652 2644 Lat.
1666 2621 1730 2644 tom.
1743 2618 1824 2651 2⁴2).
1846 2618 1925 2650 Apud
1945 2618 2087 2650 Hngonem
2106 2626 2121 2644 a
2141 2619 2167 2644 S.
2188 2619 2270 2652 Vict.‚
2291 2619 2318 2645 11.

1357 2672 1469 2704 Allegor.
1495 2672 1520 2697 in
1539 2672 1568 2697 N.
1589 2672 1619 2697 T.
1638 2679 1662 2698 e.
1681 2672 1755 2703 2-14,
1775 2674 1877 2704 septem
1900 2671 1965 2697 istae
1984 2672 2123 2704 petitiones
2148 2676 2319 2705 opponuntur
2337 2696 2340 2699 .

1356 2729 1458 2758 septem
1477 2725 1547 2751 vitiis
1566 2725 1735 2757 capitalibus,
1757 2725 1850 2751 ordine
1868 2728 1957 2751 tamen
1977 2725 2092 2752 inverso.

1428 2780 1443 2813 S
1461 2779 1486 2807 ’7.
1505 2779 1540 2806 De
1559 2779 1718 2806 editionibus
1736 2778 1817 2806 huius
1836 2778 1922 2805 libelli
1950 2778 1977 2806 et
2005 2778 2136 2806 codicibus
2163 2787 2225 2806 mss.
2254 2779 2317 2807 liceo

1356 2833 1485 2860 notamus.

1428 2887 1514 2913 Primo
1535 2887 1604 2919 typis
1623 2893 1745 2919 expressa
1765 2889 1804 2913 est
1817 2883 2022 2919 haec'expositio
2036 2887 2062 2912 in
2075 2887 2254 2913 vetustissima
2267 2888 2317 2913 col-

1356 2941 1466 2967 lectione
1485 2941 1600 2973 plurium
1628 2941 1820 2973 opusculorum
1838 2941 1863 2965 S.
1883 2941 2097 2971 Bonaventurae,
2116 2946 2185 2973 quae
2204 2942 2243 2966 est
2261 2940 2317 2966 sine

1355 2994 1513 3020 indicatione
1532 2993 1582 3020 loci
1610 2996 1636 3019 et
1663 2993 1738 3025 anni,
1758 2993 1854 3019 deinde
1882 2993 1908 3019 in
1933 2993 2093 3019 auctioribus
2120 2992 2316 3019 collectionibus

1355 3048 1432 3074 editis
1449 3047 1575 3074 Coloniae
1602 3054 1644 3073 an.
1666 3046 1734 3073 1484
1757 3050 1783 3073 01
1803 3047 1871 3073 1486
1895 3050 1976 3080 31000
2000 3046 2158 3079 Argentinae
2176 3053 2219 3072 an.
2246 3046 2314 3072 ⁴489

1355 3104 1381 3127 et
1410 3101 1479 3127 4495
1498 3101 1568 3140 etin
1596 3100 1721 3127 omnibus
1749 3100 1846 3127 deinde
1868 3099 2091 3133 subsequentibus
2119 3099 2316 3127 collectionibus

1355 3155 1545 3187 opusculorum
1559 3155 1600 3180 vel
1610 3161 1722 3192 operum
1735 3153 1855 3180 omnium
1870 3153 1928 3186 (cfr.
1940 3155 2004 3179 tom.
2016 3153 2048 3178 V.
2059 3153 2206 3185 Prolegom.
2217 3159 2240 3179 c.
2252 3153 2314 3187 (1.).

1427 3209 1493 3234 Tres
1512 3210 1612 3234 tantum
1632 3208 1712 3234 codd.
1740 3214 1789 3240 pro
1815 3206 1997 3233 emendatione
2026 3208 2110 3232 textus
2128 3205 2313 3239 adhibuimus,

1354 3261 1399 3295 qui
1418 3264 1574 3295 sequuntur.

1427 3315 1452 3341 t.
1470 3314 1642 3348 Memmiae,
1656 3313 1774 3340 biblioth.
1789 3313 1920 3345 Civitatis,
1933 3320 1997 3339 msc.
2012 3312 2072 3339 558.
2086 3315 2136 3339 oct.
2150 3314 2230 3339 chart.
2244 3320 2312 3340 saec.

1354 3368 1413 3394 XV.
1441 3367 1533 3400 incipit
1556 3368 1599 3393 sol.
1624 3367 1671 3393 67.
1699 3374 1720 3393 r.
1749 3368 1776 3393 10
1799 3366 1920 3399 margine
1947 3366 2101 3399 superiore:
2120 3367 2312 3394 Bonaventura
