2476 3921
303 220 345 250 74
905 208 1097 243 COMMENT.
1123 209 1160 241 IN
1184 208 1422 241 EVANGELIUM
1447 205 1564 239 LUCAE
1588 206 1620 237 C.
1647 206 1691 237 III.

303 315 360 338 nae
376 319 391 333 »
408 308 420 336 ἵ
449 317 465 332 α
482 304 571 340 item,
588 311 606 334 a
622 301 697 333 foris
713 303 787 333 sunt
811 299 968 341 speciosae
984 302 1015 331 et
1039 297 1128 340 quasi
1145 297 1261 339 pictae,

303 358 355 391 sed
380 358 465 389 intus
492 364 612 388 veneno
643 353 804 395 repletae¹
822 364 857 390 »;
882 351 926 384 sic
957 354 988 383 et
1011 351 1080 389 isti;
1115 349 1262 382 Matthaei

1418 296 1468 327 18.
1493 295 1651 335 Quantum
1681 297 1786 325 autem
1810 292 1849 324 ad
1876 292 2043 324 cautelam
2063 290 2440 333 praesumtio-nemmem>

1326 348 1380 380 nis
1403 347 1568 381 subditur:
1595 347 1635 378 Et
1657 355 1697 378 ne
1719 345 1890 387 coeperitis
1913 344 2039 376 dicere:
2065 344 2204 376 Patrem
2227 341 2287 374 Iza-
2315 323 2447 395 issiiiiffiss13

164 693 211 709 nae.

160 1802 191 1823 De
206 1801 301 1822 membro

188 1829 208 1849 2.
224 1828 273 1849 duo.

166 1908 288 1929 Exhortatio

153 1935 179 1956 de
191 1935 299 1956 humilita-

166 1964 187 1983 te
202 1962 285 1982 satissa-

185 1989 270 2009 ettonis.

304 410 452 452 vigesimo
477 408 586 441 tertio:
616 420 631 435 «τ
649 406 770 439 Similes
803 405 878 438 estis
906 404 1060 446 sepulcris
1093 402 1261 441 dealbatis,

303 471 383 505 quae
399 472 416 494 a
434 462 509 494 foris
525 463 677 503 apparent
701 458 882 491 hominibus
897 457 1054 499 speciosa,
1078 456 1164 488 intus
1186 464 1263 487 vero

303 517 394 557 plena
417 519 491 548 sunt
513 514 637 547 ossibus
660 516 859 546 mortuorum
876 525 907 543 ι).

397 570 445 601 16.
472 569 613 609 Increpat
636 567 729 599 etiam
749 565 787 598 de
811 563 1109 596 inconsideratione
1121 571 1262 604 poenae,

140 633 375 687 “fflgggissss‘gcum
400 622 501 654 addit:
529 621 611 662 Qais
642 619 779 652 ostendit
803 618 895 650 vobis
925 616 1041 659 supere
1072 626 1095 648 a
1121 618 1264 647 ventura

305 675 384 709 ira?
401 674 571 716 Gregorius
584 674 611 704 2:
641 686 655 700 c<
670 673 810 704 Ventura
834 671 881 702 ira
897 674 944 702 est
964 668 1195 701 animadversio
1216 667 1264 699 ul-

307 730 397 762 tionis
421 731 598 764 extremae,
623 734 718 767 quam
743 728 818 756 tunc
842 726 986 765 peccator
1003 722 1112 764 fugere
1135 730 1197 753 non
1215 729 1265 752 va-

308 784 362 821 let,
380 782 432 824 qui
455 790 539 813 nunc
556 780 594 812 ad
619 780 754 811 lamenta
770 776 978 819 poenitentiae
994 784 1056 808 non
1077 774 1216 807 recurrit
1230 785 1264 812 »;

307 836 426 877 primae
449 834 488 866 ad
512 831 804 865 Thessalonicenses
827 829 954 871 quinto:
985 841 1000 856 «
1021 828 1109 859 Tunc
1130 825 1266 867 repenti-

307 898 368 921 nus
390 888 435 920 eis
467 886 667 928 superveniet
691 883 856 921 interitus,
888 882 970 914 sicut
993 880 1082 912 dolor
1110 880 1142 911 in
1174 883 1267 911 utero

308 941 468 979 habentis,
494 944 524 972 et
540 949 601 971 non
619 938 768 979 effugient
784 950 814 967 ι».
840 936 931 973 item,
947 932 1146 975 Apocalypsis
1162 935 1267 965 sexto:

314 1008 328 1022 «
347 995 455 1026 Dicent
490 992 666 1024 montibus:
698 990 802 1022 Cadite
838 996 934 1029 super
958 995 1036 1024 nos,
1060 988 1091 1017 et
1115 985 1267 1017 collibus:

309 1047 435 1088 Operite
459 1055 515 1077 nos
531 1054 549 1077 a
572 1044 649 1076 facie
672 1042 808 1075 sedentis
824 1049 920 1082 super
945 1040 1096 1071 thronum
1121 1042 1152 1070 et
1168 1038 1208 1069 ab
1223 1037 1271 1069 ira

310 1099 382 1141 Agni
402 1111 436 1136 »;
462 1093 609 1130 leremiae
634 1095 783 1137 vigesimo
807 1093 935 1135 quinto:
965 1105 980 1120 α
998 1092 1088 1124 Facta
1112 1094 1159 1123 est
1186 1094 1273 1122 terra

310 1161 419 1185 eorum
459 1151 491 1183 in
527 1149 747 1182 desolationem
783 1157 801 1179 a
835 1147 913 1179 facie
943 1146 1010 1177 irae
1045 1143 1210 1177 columbae
1242 1146 1273 1175 et

310 1215 327 1237 a
358 1205 435 1237 facie
472 1204 536 1235 irae
564 1201 683 1234 furoris
717 1199 838 1232 Domini
866 1211 903 1237 »;
936 1200 1106 1239 propterea
1138 1196 1191 1228 Iob
1219 1195 1273 1228 de-

310 1260 391 1292 cimo
426 1257 551 1290 nono-³:
588 1255 729 1297 «Fugite
764 1263 782 1285 a
816 1253 893 1285 facie
928 1251 1020 1293 gladii
1042 1262 1078 1289 »;
1115 1250 1273 1282 Psalmus:

316 1327 331 1341 «
344 1313 412 1354 Quo
429 1311 479 1343 ibo
503 1320 521 1342 a
537 1309 651 1351 spiritu
676 1312 746 1346 tuo,
767 1311 797 1339 et
814 1315 877 1348 quo
893 1315 911 1337 a
928 1305 1004 1337 facie
1028 1308 1084 1337 tua
1099 1303 1218 1345 fugiam
1231 1316 1246 1331 »
1262 1305 1275 1334 ?

310 1367 375 1398 Non
398 1365 457 1397 «in
482 1363 610 1396 Tharsis
624 1376 638 1391 »
664 1370 736 1394 cum
754 1361 840 1398 Iona,
859 1359 948 1391 lonae
972 1358 1076 1400 primo
1090 1376 1130 1380 —-
1145 1355 1275 1389 Tharsis

312 1419 393 1451 enim
411 1419 639 1458 interpretatur
663 1413 840 1456 exploratio
864 1412 967 1454 gaudii
983 1429 1024 1435 —
1042 1410 1096 1443 sed
1112 1418 1184 1442 cum
1203 1409 1276 1440 Pro-

313 1473 407 1514 pheta
430 1471 459 1503 in
485 1470 609 1502 deserto
643 1467 868 1510 poenitentiae3
902 1465 1061 1497 Psalmus:
1093 1476 1108 1491 α
1130 1460 1277 1503 Elongavi

313 1525 435 1566 fugiens
459 1527 489 1556 et
512 1522 610 1555 mansi
645 1522 675 1553 in
708 1520 924 1557 solitudine»;
950 1516 1095 1550 Matthaei
1128 1515 1278 1557 vigesimo

314 1582 448 1619 quarto:
479 1589 493 1603 «
511 1577 598 1607 Tunc
623 1574 676 1616 qui
702 1574 732 1605 in
759 1572 869 1604 Iudaea
893 1575 967 1603 sunt
991 1570 1111 1611 fugiant
1135 1568 1173 1601 ad
1190 1576 1279 1600 mon-

315 1635 361 1662 tes
383 1643 413 1668 »;
452 1628 577 1661 «Orate
609 1630 734 1664 autem,
760 1631 879 1660 utnon
912 1624 966 1656 fiat
1001 1623 1075 1665 fuga
1110 1624 1216 1654 vestra
1247 1620 1277 1652 in

317 1685 434 1722 hieme,
460 1683 508 1715 vel
533 1681 709 1714 Sabbato».

408 1738 457 1769 17.
484 1736 584 1778 (Vers.
611 1736 665 1774 8.).
694 1733 804 1765 Facite
820 1741 898 1773 erqo
914 1730 1049 1773 fruetus
1073 1729 1192 1771 di'ynos
1204 1736 1280 1769 poe—

315 1791 470 1824 nitentiae
494 1793 551 1822 etc.
578 1788 630 1820 Hic
647 1787 775 1829 ponitur
800 1784 985 1817 exhortatio
1002 1783 1040 1815 de
1056 1782 1196 1820 duobus,
1221 1780 1281 1813 sci-

317 1846 388 1877 licet
404 1844 441 1876 de
466 1841 651 1874 bumilitate
666 1838 912 1881 satisfactionis
929 1840 960 1869 et
974 1836 1012 1868 de
1036 1835 1167 1868 cautela
1180 1843 1281 1876 prae-

316 1897 502 1930 sumtionis.
529 1913 570 1918 —
595 1895 754 1935 Quantum
780 1892 818 1924 ad
843 1889 1062 1923 bumilitatem
1078 1886 1282 1929 satisfactio-

317 1954 370 1984 nis
394 1951 528 1983 dicitur:
563 1948 675 1980 Facite
699 1956 777 1988 erqo
809 1944 945 1987 fractas
977 1942 1096 1984 diynos
1116 1940 1282 1983 poeniten-

319 2005 399 2042 tiae,
425 2007 460 2035 ut
484 2003 523 2035 sit
548 2000 716 2034 satisfactio
733 1998 900 2039 condigna;
918 1996 956 2028 ad
978 1996 1132 2028 Romanos
1149 1993 1281 2026 sexto4:

323 2072 338 2085 «
356 2058 442 2090 Sicut
466 2055 657 2089 exhibuistis
682 2053 825 2086 membra
849 2053 954 2083 vestra
970 2048 1090 2082 servire
1114 2046 1284 2079 immundi-

320 2112 380 2144 tiae
405 2114 436 2143 et
460 2108 615 2151 iniquitati
641 2107 679 2139 ad
712 2105 928 2148 iniquitatem;
954 2102 997 2135 ita
1020 2109 1105 2133 nunc
1136 2099 1285 2132 exhibete

322 2164 463 2197 membra
487 2165 592 2195 vestra
608 2161 728 2194 servire
752 2158 889 2192 iustitiae
906 2157 937 2189 in
958 2153 1236 2188 sanctificationem
1249 2164 1285 2191 »;

321 2218 394 2260 qnia
426 2216 542 2249 dicitur
575 2212 811 2247 Deuteronomii
848 2210 998 2253 vigesimo
1032 2207 1160 2250 quinto:
1192 2219 1207 2234 «
1228 2206 1287 2237 Pro

321 2279 471 2302 mensura
506 2268 623 2310 peccati
649 2267 708 2300 erit
744 2269 775 2299 et
806 2265 970 2307 plagarum
1004 2261 1163 2294 modus».
1200 2258 1287 2291 Unde

322 2322 536 2365 Gregorius5:
568 2334 583 2348 «
601 2321 665 2353 Non
690 2323 736 2352 est
761 2328 818 2360 par
841 2317 966 2350 fructus
989 2315 1061 2348 boni
1086 2313 1191 2356 operis
1219 2311 1288 2344 eius

323 2378 376 2419 qui
403 2385 515 2419 parum
541 2378 596 2407 aut
624 2374 700 2406 nihil
726 2372 883 2415 peccavit,
908 2375 939 2403 et
971 2370 1039 2402 eius
1063 2368 1117 2411 qui
1149 2366 1288 2409 graviter

325 2425 443 2463 cecidit.
469 2430 599 2461 Necesse
622 2431 670 2460 est
693 2426 794 2464 enim,
819 2428 855 2458 ut
880 2428 965 2457 tanto
991 2422 1109 2455 maiora
1134 2420 1191 2453 sibi
1217 2419 1289 2462 quis

326 2484 437 2516 inferat
468 2483 604 2514 l‘inenta
635 2489 691 2522 per
716 2478 957 2521 poenitentiam,
989 2479 1108 2519 quanto
1143 2473 1289 2516 graviora

326 2537 383 2570 sibi
409 2537 514 2568 i1=2utit
538 2535 650 2567 damna
676 2543 731 2575 per
756 2533 880 2574 culpam
898 2545 926 2563 ».

1327 401 1439 433 bemus
1463 398 1654 437 Abrabam,
1679 397 1852 431 secundum
1876 397 1954 429 illud
1986 396 2107 428 Ioannis
2129 400 2239 428 octavo
2254 394 2286 426 ⁶:

1332 467 1348 482 α
1364 454 1475 486 Semen
1501 453 1642 485 Abrahae
1665 460 1795 489 sumus,
1820 453 1851 483 et
1875 450 1991 482 nemini
2015 449 2206 482 servivimus
2229 456 2288 480 un-

1327 515 1423 549 quam
1439 518 1474 544 ²³3
1499 505 1538 537 ad
1562 505 1716 537 Romanos
1739 512 1839 535 nono:
1870 516 1885 531 «
1906 503 1972 535 Non
1997 510 2120 540 omnes,
2137 501 2191 543 qui
2216 503 2290 533 sunt

1328 567 1432 591 semen
1457 557 1616 595 Abrahae,
1641 556 1673 588 hi
1697 559 1771 588 sunt
1795 555 1849 587 filii
1879 554 2020 587 Abrahae
2044 567 2080 592 υ,
2104 553 2164 585 nisi
2195 553 2288 585 etiam

1328 614 1449 653 patrem
1481 610 1667 648 imitentur;
1700 608 1821 641 Ioanms
1851 611 1979 640 octavo:
2008 620 2023 635 «
2040 606 2069 638 Si
2106 606 2160 638 filii
2195 605 2291 638 Abra-

1329 665 1388 696 hae
1411 663 1503 702 estis‚
1528 671 1624 704 opera
1647 661 1788 694 Abrahae
1811 661 1902 694 facite
1918 672 1954 699 »;
1979 660 2074 692 Isaiae
2097 659 2292 701 quinquage-

1329 718 1408 750 simo
1438 716 1558 758 prImo:
1588 729 1603 744 «
1620 715 1774 747 Attendite
1809 714 1848 746 ad
1876 713 2050 752 Abraham,
2087 716 2208 754 patrem
2240 720 2292 744 ve-

1330 774 1450 808 strum,
1474 773 1505 802 et
1528 769 1566 801 ad
1590 770 1715 807 Saram‚
1741 776 1822 810 quae
1845 767 1968 809 peperit
1991 775 2047 798 vos
2063 779 2093 797 n.

1423 823 1472 855 19.
1499 822 1535 854 Et
1558 821 1711 854 rationem
1737 820 1857 859 reddit,
1882 828 1954 852 cum
1977 819 2079 851 addit:
2105 818 2185 851 Dico
2207 817 2294 850 enim

1331 876 1438 914 vobis,
1463 876 1545 919 quia
1565 878 1681 916 potens
1704 877 1750 906 est
1769 874 1855 905 Deus
1879 873 1918 905 de
1942 871 2110 914 lapidibus
2143 870 2216 903 istis
2238 880 2295 902 su-

1331 929 1455 961 scitare
1469 928 1556 970 filios
1575 925 1741 960 Abrahae.
1759 926 1800 959 Ad
1825 927 1961 958 litteram
1975 929 2107 967 potens,
2131 924 2221 966 quia,
2242 924 2295 956 Sa-

1334 982 1468 1024 pientiae
1499 980 1721 1019 duodecimo⁷,
1751 993 1766 1007 «
1788 979 1897 1012 subest
1929 979 2002 1018 tibi,
2035 987 2107 1011 cum
2139 977 2295 1015 volueris,

1334 1043 1425 1076 posse
1441 1048 1472 1065 ι).
1497 1034 1553 1066 Vel
1577 1033 1615 1065 de
1638 1033 1826 1075 lapidibus,
1851 1033 1881 1065 id
1905 1036 1952 1065 est
1974 1032 2013 1064 de
2042 1031 2196 1074 gentibus.
2221 1030 2298 1063 Gre-

1336 1087 1487 1129 goriusss:
1517 1099 1533 1114 α
1547 1086 1676 1128 Lapides
1700 1089 1785 1118 recte
1808 1089 1916 1127 gentes
1931 1085 2092 1123 dicuntur,
2117 1093 2198 1126 quae
2221 1083 2298 1125 lapi-

1336 1140 1391 1172 des
1415 1139 1565 1177 colunt»,
1582 1138 1674 1170 iuxta
1696 1139 1773 1170 illud
1790 1139 1919 1171 Psalmi:
1942 1151 1957 1166 α
1975 1138 2096 1170 Similes
2120 1125 2180 1170 illis
2204 1136 2297 1175 fiant,

1338 1192 1392 1234 qui
1416 1192 1535 1224 faciunt
1559 1200 1596 1223 ea
1613 1204 1642 1222 n.
1669 1191 1868 1223 Ambrosius:
1897 1191 2093 1232 «Comparat
2124 1192 2231 1232 gentes
2255 1189 2299 1221 la-

1339 1245 1479 1288 pidibus,
1504 1244 1579 1286 quia
1601 1243 1757 1276 deformes
1781 1244 1820 1276 ad
1844 1253 1953 1282 usum,
1974 1243 2049 1276 nudi
2073 1243 2112 1278 ad
2136 1246 2299 1281 ornatum,

1339 1299 1462 1332 steriles
1486 1298 1523 1331 ad
1548 1298 1702 1337 fructum,
1727 1297 1924 1330 irrationales
1946 1297 1985 1330 ad
2016 1297 2192 1339 profectum
2209 1310 2240 1328 ».
2266 1296 2302 1329 Et

1340 1361 1381 1385 ex
1407 1352 1455 1384 his
1477 1351 1632 1383 suscitati
1653 1355 1733 1382 sunt
1755 1350 1819 1392 filii
1843 1349 2017 1388 Abrabam
2041 1350 2079 1382 ad
2096 1350 2220 1382 Galatas
2243 1353 2303 1382 ter-

1341 1405 1426 1438 ti02:
1457 1418 1471 1433 α
1489 1405 1518 1437 Si
1543 1408 1649 1437 autem
1681 1413 1736 1436 vos
1760 1404 1893 1443 Christi,
1918 1412 1993 1445 ergo
2022 1412 2128 1436 semen
2161 1403 2303 1441 Abrahae

1341 1459 1416 1491 estis
1432 1470 1467 1497 »;
1492 1458 1530 1490 ad
1554 1458 1708 1490 Romanos
1732 1467 1832 1490 nono:
1862 1470 1877 1485 «
1894 1457 1960 1489 Non
1977 1457 2030 1499 qui
2056 1457 2111 1489 filii
2135 1456 2253 1495 carnis,
2270 1456 2302 1488 hi

1342 1512 1396 1544 filii
1420 1511 1493 1550 Dei;
1519 1511 1572 1544 sed
1597 1511 1650 1552 qui
1676 1511 1729 1543 filii
1754 1514 1829 1543 sunt
1859 1510 2075 1552 promissionis
2098 1509 2304 1542 aestimantur

1343 1565 1374 1597 in
1391 1564 1508 1597 semine
1526 1578 1556 1596 n.
1573 1564 1663 1596 Tales
1679 1567 1753 1595 sunt
1769 1563 1926 1595 imitantes
1950 1563 2105 1595 Abraham
2123 1571 2179 1604 per
2196 1561 2304 1600 fidem;

1344 1618 1466 1651 Ioannis
1500 1617 1603 1659 primo
1618 1617 1661 1648 ¹⁰:
1690 1616 1813 1648 v«Dedit
1836 1616 1881 1648 eis
1915 1618 2099 1657 potestatem
2136 1615 2217 1647 filios
2250 1615 2306 1648 Dei

1344 1671 1413 1704 fieri
1435 1684 1465 1702 n.
1494 1670 1528 1702 Et
1552 1669 1620 1702 ideo
1645 1673 1774 1710 propter
1798 1668 1891 1701 tidem
1909 1667 2103 1701 centurionis
2125 1667 2250 1710 gentilis
2261 1667 2307 1700 di-

1345 1725 1428 1758 citur
1453 1723 1597 1756 Matthaei
1623 1725 1750 1755 octavo:
1772 1735 1787 1751 <t
1805 1722 1892 1754 Multi
1909 1722 1949 1754 ab
1965 1722 2085 1754 oriente
2102 1724 2132 1754 et
2148 1721 2307 1754 occidente

1346 1778 1471 1811 venient
1495 1781 1526 1810 et
1550 1776 1734 1810 recumbent
1750 1785 1822 1809 cum
1840 1776 1995 1808 Abraham
2019 1779 2050 1808 et
2074 1775 2157 1808 Isaac
2173 1777 2204 1808 et
2220 1774 2308 1807 Iacob

1346 1832 1378 1864 in
1402 1840 1499 1873 regno
1523 1829 1681 1862 caelorum
1700 1842 1730 1861 ».

1436 1885 1488 1917 20.
1515 1884 1616 1923 (Vers.
1643 1884 1696 1921 9.).
1723 1883 1795 1915 Iam
1821 1882 1908 1914 enim
1931 1882 2060 1915 securis
2083 1882 2129 1914 acl
2159 1881 2309 1914 radicem
2323 1885 2451 1934 ngffibre

1347 1937 1482 1970 arboris
1503 1936 1613 1979 posita
1637 1939 1691 1968 est.
1717 1936 1770 1968 Hic
1794 1935 1886 1968 tertio
1907 1935 2055 1968 subditur
2078 1930 2308 1973 comminatio,

1348 2000 1430 2034 quae
1453 1990 1573 2032 duplex
1597 1992 1661 2028 est,
1685 1989 1802 2022 scilicet
1819 1989 1857 2021 de
1877 1989 2048 2031 praesenti
2070 1988 2156 2021 etde
2179 1987 2308 2031 saturo.

1349 2063 1392 2068 —
1409 2044 1568 2085 Quantum
1592 2042 1630 2074 ad
1647 2041 1919 2075 comminationem
1936 2042 1975 2074 de
1987 2041 2157 2084 praesenti
2179 2040 2310 2074 dicitur:
2323 2044 2456 2100 32³3ssssss

1350 2098 1426 2130 Iam
1449 2096 1535 2128 enim
1559 2094 1686 2127 secaris
1718 2095 1763 2127 ad
1786 2094 1934 2127 radicem
1959 2094 2093 2126 arboris
2120 2093 2232 2135 posita
2255 2096 2309 2125 est.

1350 2150 1437 2184 Unde
1459 2149 1567 2181 Glossa
1581 2149 1623 2180 ¹¹:
1653 2161 1668 2176 α
1691 2148 1815 2180 Securis
1839 2151 1886 2181 est
1910 2148 2060 2181 severitas
2088 2145 2251 2180 iudiciaria
2273 2145 2312 2178 ad

1351 2203 1477 2246 penitus
1507 2200 1728 2243 exstirpandas
1751 2200 1962 2234 infructuosas
1986 2200 2133 2239 arbores,
2157 2199 2189 2232 in
2213 2207 2313 2241 quan-

1352 2260 1419 2289 tum
1437 2255 1649 2288 infructuosae
1666 2257 1740 2286 sunt
1753 2265 1782 2292 »;
1800 2253 1838 2286 de
1855 2254 1970 2295 quihus
1982 2253 2098 2286 dicitur
2115 2253 2146 2285 in
2159 2252 2313 2285 Canonica

1353 2310 1462 2343 Iudae:
1493 2322 1508 2337 «
1524 2308 1659 2341 Arbores
1681 2308 1895 2346 autumnales,
1919 2307 2151 2345 infructuosae,
2168 2305 2217 2339 bis
2233 2314 2315 2338 nior-

1353 2368 1426 2397 tuae
1439 2377 1473 2416 xn.
1491 2362 1527 2395 Et
1544 2361 1620 2394 tales
1643 2360 1794 2402 designati
1812 2364 1887 2393 sunt
1910 2369 1966 2402 per
1983 2360 2067 2392 illam
2090 2360 2201 2398 ficum,
2219 2367 2313 2401 quam

1353 2415 1480 2449 arefecit
1504 2414 1671 2452 Dominus,
1696 2413 1840 2445 Matthaei
1858 2412 2008 2454 vigesimo
2024 2412 2127 2454 primo
2141 2412 2177 2450 ¹²,
2198 2411 2253 2444 ubi
2269 2411 2315 2444 di-

1354 2470 1413 2508 cit,
1438 2468 1520 2511 quod
1551 2481 1565 2496 «
1590 2466 1753 2499 maledixit
1776 2466 1866 2504 ficui,
1890 2468 1921 2498 et
1945 2465 2093 2498 continuo
2124 2464 2209 2498 aruit
2226 2476 2261 2503 »ς
2285 2467 2317 2497 et

1355 2523 1436 2556 ratio.
1458 2522 1555 2555 huius
1579 2520 1655 2559 fuit,
1680 2519 1754 2562 quia
1779 2528 1840 2551 non
1865 2519 1983 2551 invenit
2006 2518 2037 2550 in
2055 2527 2090 2551 ea
2113 2517 2262 2550 fructum.
2282 2517 2317 2550 Et

403 2760 410 2774 ¹
432 2760 579 2791 chrysost,
605 2759 654 2783 loc.
683 2757 723 2783 cit.
746 2771 779 2775 —
799 2756 921 2789 Sequitur
950 2756 1037 2781 Matth.
1066 2756 1112 2785 23,
1133 2754 1176 2780 27.
1195 2753 1292 2780 coda:

332 2805 401 2831 listis
422 2803 561 2837 sepulcra,
581 2809 649 2836 qaae
669 2806 716 2827 etc.

402 2848 411 2862 ²
432 2848 500 2874 Libe
522 2849 539 2873 1.
558 2848 651 2873 Homil.
673 2847 696 2872 in
717 2847 816 2877 Evang.
830 2845 917 2870 homil.
938 2845 979 2869 20.
1001 2851 1026 2869 n.
1045 2844 1069 2869 7.
1091 2844 1138 2869 Pro
1158 2843 1205 2877 qni
1221 2849 1294 2869 nanc

332 2893 445 2919 CDGII
466 2891 513 2926 qni
532 2891 584 2918 hic.
599 2906 631 2909 —
646 2891 712 2916 Tres
731 2897 804 2922 seqq.
824 2889 872 2914 loci
892 2892 952 2914 sunt
972 2888 989 2913 Ι.
1009 2888 1100 2913 Thess.
1120 2887 1150 2918 5,
1170 2888 1198 2918 3;
1213 2887 1295 2918 Apoc.

333 2939 361 2970 6Υ
384 2938 424 2962 16.
446 2937 504 2968 (cfr.
517 2937 579 2961 Luc.
593 2936 639 2967 23,
655 2935 706 2967 30.)
721 2937 746 2959 et
760 2935 805 2959 ler.
820 2934 867 2965 25,
881 2933 928 2965 38,
942 2932 987 2958 ubi
1000 2939 1048 2964 pro
1063 2931 1091 2957 in
1104 2930 1295 2957 desolationem

334 2982 352 3008 C
364 2983 415 3007 D(1'
436 2981 464 3007 in
483 2980 664 3007 solitudinem.

405 3025 415 3040 ⁸
439 3028 510 3052 Vers.
531 3027 574 3051 29.
598 3039 631 3043 —
659 3026 811 3056 Sequuntur
836 3023 875 3047 I‘s.
907 3022 967 3052 138,
992 3020 1024 3052 7;
1051 3021 1126 3045 lonae
1148 3020 1170 3051 1,
1201 3020 1229 3051 3;
1255 3019 1297 3044 Ρε.

335 3072 382 3103 51,
404 3073 432 3103 8,
456 3072 543 3096 Matth.
559 3070 601 3102 24,
620 3070 658 3094 16.
673 3072 697 3094 ct
711 3069 754 3094 20.
770 3082 801 3085 —
815 3067 934 3096 Ilieron.,
949 3065 982 3090 (le
1001 3063 1134 3090 Noniinib.
1147 3062 1296 3093 Hebraicis,

337 3117 372 3141 111.
394 3117 472 3147 neg:
496 3113 621 3145 Tltarsis,
642 3112 784 3145 exploratio
804 3111 904 3143 gaudii.

407 3160 418 3173 ⁴
439 3160 512 3185 Vers.
534 3160 579 3189 vis),
599 3162 658 3190 post
677 3164 757 3190 quem
778 3156 852 3181 Deut.
873 3155 919 3186 25,
940 3155 963 3179 2.

407 3203 417 3217 ⁶
437 3203 506 3229 Libr.
527 3205 542 3228 l.
563 3203 656 3228 Ilomil.
678 3203 701 3227 in
723 3203 821 3232 Evang.
847 3199 936 3225 homil.
960 3198 1001 3223 20.
1021 3204 1048 3222 n.
1068 3198 1091 3222 8.
1113 3197 1138 3221 ln
1159 3199 1227 3221 textu
1248 3194 1298 3220 ori-

339 3249 416 3280 ginali
437 3249 510 3280 plura
530 3248 696 3274 adiiciuntur.

410 3292 421 3306 ⁴³
441 3294 514 3318 Vers.
535 3293 577 3317 33.
599 3306 631 3310 —-
651 3292 715 3316 Tres
735 3297 808 3323 seqq.
824 3289 871 3314 loci
886 3291 945 3314 suut
959 3288 1033 3313 llom.
1049 3287 1078 3318 9,
1091 3286 1120 3317 73
1136 3286 1202 3311 loan.
1218 3286 1242 3316 8,
1256 3285 1298 3310 39.

341 3341 366 3363 et
386 3338 440 3363 lsai.
460 3338 502 3367 5¹,
524 3339 548 3362 2.

413 3380 421 3394 ⁷
444 3382 518 3406 Vcrs.
538 3382 579 3406 48.
601 3380 734 3410 Ainbros.,
755 3380 782 3404 11.
803 3379 826 3403 in
848 3379 908 3403 Luc.
929 3385 953 3402 n.
978 3376 1031 3402 75:
1057 3377 1120 3402 Nam
1146 3375 1205 3400 licet
1230 3375 1300 3400 Deus

1358 2751 1440 2784 possit
1460 2749 1579 2775 diversas
1599 2748 1753 2772 convertere
1773 2747 1798 2770 et
1818 2745 1981 2769 commutare
2000 2744 2122 2773 naturas,
2143 2744 2239 2774 tamen,
2258 2740 2320 2774 qula

1359 2795 1422 2822 mihi
1443 2795 1502 2827 plus
1522 2791 1676 2824 mysterium
1702 2796 1783 2823 quam
1803 2787 1958 2814 miraculum
1979 2786 2100 2818 prodest,
2119 2786 2146 2811 in
2165 2785 2321 2817 praenuntio

1358 2840 1453 2867 Christi
1472 2838 1536 2864 nihil
1566 2836 1651 2868 magis
1678 2841 1759 2868 quam
1779 2832 1987 2859 aedificationem
2007 2831 2137 2856 Ecclesiae
2155 2830 2241 2856 debeo
2265 2838 2323 2856 sur-

1360 2885 1445 2918 gentis
1464 2889 1622 2915 agnoscere,
1642 2886 1711 2913 quae
1729 2885 1783 2904 non
1802 2877 1891 2909 rupeis
1916 2876 1998 2908 saxis,
2024 2875 2069 2901 sed
2096 2875 2165 2901 vivis
2190 2874 2323 2907 lapidibus

1360 2932 1504 2958 exstructa,
1523 2927 1550 2952 in
1570 2924 1748 2951 habitaculum
1773 2922 1818 2947 Dei
1845 2925 1870 2947 et
1890 2920 2022 2952 fastigium
2042 2920 2131 2952 templi
2151 2919 2323 2946 conversione

1361 2977 1510 3000 nostrorum
1531 2970 1642 2997 surrexit
1661 2969 1810 2995 animorum
1829 2970 1879 2992 etc.

1432 3016 1443 3031 ⁸
1462 3017 1531 3043 Libr.
1552 3017 1570 3042 l.
1589 3014 1682 3040 Homil.
1703 3013 1728 3038 in
1748 3013 1847 3043 Evang.
1868 3010 1958 3036 homil.
1977 3010 2021 3035 20.
2041 3017 2064 3034 n.
2085 3010 2112 3035 9.
2131 3009 2264 3041 Allegatur
2283 3009 2324 3034 Ps.

1364 3063 1427 3094 113,
1447 3062 1470 3086 8.
1490 3074 1526 3079 -
1545 3059 1675 3085 Sententia
1700 3055 1832 3083 Ambrosii
1857 3054 1967 3082 liabetur
1987 3054 2014 3079 ll.
2034 3053 2061 3078 In
2081 3054 2142 3079 Luc.
2162 3060 2188 3078 n.
2207 3052 2250 3078 76.
2276 3053 2326 3078 Pro

1362 3105 1535 3133 irrationales
1556 3107 1639 3130 textus
1658 3102 1793 3135 originalis
1811 3104 1837 3126 et
1858 3100 1916 3125 Vat.
1938 3096 2148 3124 irrationabiles.

1433 3148 1445 3163 ⁹
1465 3150 1539 3175 Vers.
1559 3149 1602 3174 29.
1621 3162 1656 3167 —
1676 3147 1799 3180 Sequitur
1819 3146 1895 3171 [lom.
1915 3144 1944 3174 9,
1965 3143 1989 3167 8.

1435 3192 1457 3208 ¹⁰
1477 3194 1551 3219 Vers.
1573 3194 1615 3219 112.
1633 3206 1669 3211 —
1689 3191 1806 3218 Subinde
1824 3190 1950 3221 allegatur
1970 3188 2056 3212 matth.
2077 3187 2107 3217 8,
2131 3186 2169 3211 11.

1436 3236 1456 3251 ¹¹
1478 3237 1579 3263 Scilicet
1597 3234 1799 3263 interlinearis:
1815 3232 1946 3260 severitas
1960 3230 2094 3257 iudiciaria
2113 3230 2145 3255 ad
2160 3229 2275 3255 funditus
2288 3236 2327 3254 ex-

1365 3283 1515 3315 stirpandos
1543 3282 1716 3308 infructuosos
1741 3281 1896 3313 praeparata
1916 3280 1961 3302 est.
1983 3275 2034 3302 Cfr.
2054 3275 2139 3306 Beda,
2160 3275 2175 3300 I.
2197 3274 2220 3300 in
2240 3274 2327 3299 Matth.

1366 3329 1395 3359 3,
1420 3329 1459 3353 10.
1477 3342 1512 3347 -
1532 3327 1655 3360 Sequitur
1674 3326 1753 3352 Iudae
1772 3332 1797 3350 v.
1820 3325 1861 3349 12.

1439 3370 1460 3386 ¹⁹
1475 3373 1549 3398 Vers.
1565 3372 1606 3396 19.
1616 3384 1651 3393 —-
1662 3371 1719 3396 Duo
1730 3376 1803 3402 seqq.
1815 3368 1864 3394 loci
1878 3370 1939 3393 sunt
1950 3367 2027 3392 Marc.
2043 3365 2051 3390 1
2064 3365 2084 3396 l,
2099 3365 2140 3390 13.
2154 3367 2180 3390 et
2192 3364 2247 3389 Gal.
2261 3363 2290 3396 6,
2302 3364 2328 3389 9.

2313 825 2376 847 RatIo
2390 825 2436 848 red·
2452 827 2453 832 ¹

2340 852 2406 873 ditur.
