2476 3921
289 280 352 312 506

287 368 332 401 eis
362 368 444 400 hanc
476 374 591 399 noxam
609 378 625 394 ι»
653 367 712 398 etc.
737 363 885 396 Similiter
917 365 948 395 et
979 361 1125 394 David¹:
1155 360 1247 392 «Do—

289 421 372 454 mine
403 420 487 453 Deus
521 419 697 457 virtutum,
722 419 925 455 convertere3
950 414 1072 457 respice
1095 414 1134 447 de
1162 413 1248 446 caelo

288 478 319 508 et
349 473 419 507 vide
451 476 482 506 et
513 472 605 505 visita
636 471 759 504 vineam
791 470 881 515 istam
899 482 929 501 ι».
959 467 1107 501 Similiter
1130 467 1250 500 chorus

289 528 536 570 Prophetarum,
568 525 652 559 unde
684 524 832 558 leremiae
855 523 978 556 decimo
1001 525 1129 555 octavo:
1159 533 1175 548 α
1191 520 1250 552 Re-

288 581 436 619 cordare,
461 579 545 622 quod
569 578 711 612 steterim
728 577 761 610 in
777 580 948 619 conspectu
966 578 1031 614 tuo,
1048 577 1085 607 ut
1101 574 1250 616 loquerer

289 644 346 677 pro
369 625 556 667 eis'bouum
581 636 613 665 et
636 635 813 665 averterem
834 630 914 663 iram
931 627 1152 670 indignationis
1176 629 1249 658 tuae

288 689 328 721 ab
351 688 396 721 eis
412 700 443 720 ι».
469 687 505 719 Et
527 686 560 719 hi
584 694 693 718 omnes
716 685 852 727 figuram
876 682 992 715 Christi
1008 682 1193 723 gesserunt,
1210 678 1249 711 de

289 751 353 784 quo
384 734 478 774 Isaiae
510 738 785 782 quinquagesimo·
805 736 944 769 tertio2:
983 747 998 763 α
1024 734 1091 776 lpse
1122 734 1251 775 peccata

291 794 463 828 multorum
485 793 558 826 tulit
581 796 612 826 et
635 801 694 834 pro
717 788 1006 833 transgressoribus
1029 785 1222 820 exoravit».

382 848 432 880 18.
446 847 547 889 (Vers.
565 846 640 885 13..)
656 844 749 877 Dixit
760 847 871 876 autem
888 842 1044 875 dominus
1060 840 1175 872 vineae
1191 840 1249 871 etc.

136 909 277 966 Ρῐέξνξῗξεωιιῖθ
291 902 362 935 Post
384 900 573 942 descriptam
596 898 836 941 perversitatem
862 895 1047 928 Iudaeorum
1073 896 1146 926 ante
1161 891 1253 924 Chri-

136 963 278 1011 pggtwffitgggu
292 955 332 988 sti
363 954 532 988 adventum
560 951 596 985 in
628 959 778 994 personas
810 957 978 982 servorum
1016 947 1066 980 bic
1102 944 1253 979 describit

292 1007 534 1050 malignitatem
561 1003 793 1048 perversitatis
824 1001 1003 1035 eorundem
1031 1003 1107 1043 post
1130 999 1254 1031 adven-

292 1066 363 1094 tum
390 1063 508 1093 contra
539 1059 651 1101 ipsum
677 1057 735 1090 Dei
758 1056 884 1090 Filium
908 1056 1019 1088 Iesum
1045 1052 1216 1086 Christum
1229 1050 1252 1082 ³.

291 1115 378 1148 Circa
403 1114 494 1147 cuius
517 1111 759 1154 descriptionem
778 1110 840 1143 tria
856 1108 1120 1146 introducuntur,
1136 1105 1255 1139 scilicet

289 1167 480 1211 yratuitum
505 1165 565 1199 Dei
587 1164 797 1205 beneficium,
821 1162 1028 1196 Iudaeorum
1040 1159 1255 1203 propositum

287 1230 482 1265 perversum
506 1222 537 1253 et
551 1218 740 1252 eorundem
762 1216 893 1260 factum
916 1214 1133 1258 flayitiosum.

380 1274 484 1307 Primo
511 1275 666 1315 quantum
695 1271 733 1304 ad
763 1270 955 1313 gratuitam
982 1268 1040 1301 Dei
1063 1265 1256 1308 beneficium

140 1335 274 1384 ξὲῗωέἓέω
292 1327 482 1371 praemittit:
509 1325 603 1358 Dixit
626 1328 738 1357 autem
762 1323 921 1356 dominus
944 1321 1078 1354 vineae:
1098 1319 1187 1360 Quid
1201 1317 1256 1361 fa-

174 1394 238 1410 cmm

294 1380 407 1414 cia-m?
432 1379 562 1412 Mittam
585 1377 695 1420 silium
718 1386 827 1409 meum
845 1375 1020 1413 dilectum,
1037 1374 1098 1406 hoc
1113 1372 1174 1405 fuit
1189 1381 1256 1404 ma-

296 1435 418 1467 ximum
443 1432 651 1470 beneficium,
676 1426 850 1463 secundum
875 1428 954 1461 illud
985 1427 1107 1469 primae
1135 1424 1258 1458 loannis

296 1491 410 1530 quarto
422 1487 435 1505 ‘¹
450 1498 457 1518 z
479 1499 494 1514 «
512 1485 545 1517 In
562 1485 621 1517 boc
637 1483 786 1526 apparuit
801 1482 916 1515 caritas
932 1481 987 1513 Dei
1005 1481 1036 1513 in
1053 1479 1162 1518 nobis,
1179 1487 1258 1521 quo-

295 1541 378 1573 niam
402 1539 513 1572 Filium
538 1547 632 1571 suum
657 1536 857 1579 unigenitum
882 1534 967 1567 misit
990 1534 1076 1566 Deus
1100 1533 1131 1565 in
1164 1541 1257 1564 mun-

296 1594 392 1633 dum,
416 1596 452 1625 ut
476 1592 621 1625 vivamus
645 1599 702 1632 per
719 1598 792 1622 eum
812 1601 843 1628 »;
859 1591 891 1621 et
907 1587 1030 1620 Ioannis
1046 1586 1158 1619 tertio:
1181 1598 1197 1614 <r
1210 1585 1259 1618 Sic

296 1648 381 1680 Deus
403 1645 516 1679 dilexit
546 1644 720 1682 mundum,
745 1646 781 1675 ut
804 1642 917 1675 Filium
941 1649 1035 1674 suum
1060 1639 1259 1681 unigenitum

279 1701 431 1734 daret».
457 1699 536 1741 Haec
560 1701 664 1731 autem
689 1696 797 1729 missio
820 1695 879 1728 fuit
903 1704 945 1728 ex
969 1694 1093 1727 occulto
1109 1697 1141 1726 et
1157 1701 1260 1728 secre-

297 1754 417 1787 tissimo
447 1752 608 1795 proposito
632 1754 663 1784 et
687 1750 816 1784 consilio
840 1749 895 1782 Dei
909 1748 932 1781 5.
966 1766 1008 1773 —
1041 1748 1077 1780 Et
1109 1746 1258 1789 quoniam

297 1809 357 1841 hoc
380 1808 589 1849 proposuerat
612 1804 741 1838 definito
766 1803 913 1841 consilio,
938 1801 1008 1834 ideo
1040 1800 1136 1834 dicit:
1172 1799 1261 1841 Quid

297 1859 453 1904 faciam?
478 1860 608 1900 Propter
637 1857 722 1900 quod
746 1857 865 1898 Moyses
889 1855 988 1888 Exodi
1012 1853 1152 1897 quarto⁶
1177 1852 1279 1886 dice-¹

297 1914 368 1947 bat:
399 1926 414 1942 α
430 1912 587 1950 Obsecro,
613 1910 761 1949 Domine,
786 1909 874 1942 mitte
891 1917 987 1951 quem
1003 1908 1162 1941 missurus
1178 1915 1212 1939 es
1228 1918 1260 1945 »;

298 1967 352 2000 sed
376 1966 530 1998 Dominus
554 1963 729 1997 reservavit
760 1971 833 1995 eum
865 1962 991 1994 mittere
1022 1960 1053 1993 in
1086 1960 1166 1999 fine,
1191 1963 1260 1992 tum

298 2022 427 2062 propter
451 2016 752 2050 consummationem
777 2014 914 2052 ordinis,
931 2013 1106 2047 secundum
1128 2012 1207 2045 illud
1222 2011 1262 2044 ad

298 2072 421 2105 Galatas
445 2069 607 2113 quarto⁷z
637 2082 653 2097 «
670 2069 748 2101 Cum
774 2076 916 2101 essemus
939 2066 1083 2109 parvuli,
1108 2065 1168 2099 sub
1199 2065 1262 2098 ele-

299 2125 412 2159 mentis
439 2123 548 2157 mundi
580 2131 708 2156 eramus
732 2121 914 2155 servientes.
939 2122 975 2153 At
999 2119 1054 2153 ubi
1079 2119 1165 2152 venit
1195 2119 1263 2161 ple-

298 2178 408 2212 nitudo
439 2177 607 2220 temporis,
640 2176 725 2209 misit
756 2176 841 2210 Deus
868 2174 980 2207 Filium
1009 2182 1105 2207 suum
1128 2185 1160 2212 »;
1193 2175 1262 2205 tum

299 2232 410 2271 etiam,
435 2235 471 2264 ut
495 2233 680 2273 appareret,
705 2229 790 2272 quod
807 2237 864 2271 per
880 2228 1005 2261 nullum
1022 2227 1121 2260 alium
1138 2229 1263 2269 poterat

300 2284 461 2319 subveniri
484 2284 642 2317 humanae
667 2282 817 2325 perfidiae
840 2285 871 2315 et
894 2281 1106 2314 obdurationi.
1129 2298 1171 2305 —
1189 2281 1262 2313 Pro-

299 2342 369 2381 pter
393 2337 479 2380 quod
502 2336 609 2369 addit:
634 2335 814 2374 Forsitan,
832 2344 909 2367 eum
926 2333 1014 2367 hunc
1030 2333 1193 2372 viderint,
1210 2342 1263 2365 ve-

300 2391 472 2424 rebuntur.
505 2389 664 2422 Forsitan
695 2397 759 2421 non
782 2390 947 2431 praenotat
970 2386 1198 2422 dubitationem
1230 2386 1263 2419 in

300 2446 381 2485 Deo,
405 2444 459 2487 qui
489 2443 663 2477 certissime
695 2445 811 2475 cuncta
841 2440 1020 2483 praevidet,
1053 2440 1107 2474 sed
1139 2440 1263 2473 arbitrii

301 2499 496 2537 libertatem,
528 2496 613 2540 quod
644 2499 692 2529 est
722 2495 762 2528 ad
793 2498 969 2537 utrumque
997 2493 1152 2528 vertibile.
1177 2493 1264 2527 Unde

374 2695 381 2709 ¹
403 2696 497 2721 Psalm.
516 2694 565 2726 79,
587 2694 628 2720 45,
649 2708 683 2713 -
704 2693 827 2726 Sequitur
855 2693 902 2718 ler.
935 2692 982 2724 48,
1011 2691 1058 2724 20,
1087 2692 1112 2717 in
1142 2694 1196 2724 qu‘o
1217 2699 1265 2724 pro

303 2740 375 2766 iram
394 2737 588 2773 indiqnationz's
608 2739 671 2764 tuae
693 2738 749 2771 (cfr.
772 2737 819 2769 30,
840 2736 893 2770 24.)
916 2737 973 2762 Vat.
993 2742 1054 2761 cum
1074 2736 1095 2761 H
1115 2739 1141 2761 et
1155 2735 1265 2767 Vulgata

304 2783 525 2818 indignationem
533 2784 618 2809 tuam.

374 2827 384 2842 ²
405 2829 479 2853 Vers.
500 2828 548 2858 42,
565 2826 612 2853 ubi
631 2833 680 2858 pro
699 2824 825 2852 exoravit
843 2825 902 2851 V.at
922 2832 983 2851 cum
1006 2824 1117 2856 Vulgata
1136 2812 1253 2857 rogauit.

374 2872 384 2887 ³
404 2872 455 2899 Csr.
474 2879 554 2904 supra
573 2879 599 2897 n.
621 2871 662 2896 1.4

374 2917 385 2932 ⁴
405 2917 481 2942 Vcrs.
500 2917 530 2949 9,
551 2919 610 2949 post
629 2922 709 2948 quem
731 2915 799 2941 loan.
819 2915 850 2945 3,
871 2914 911 2939 46.

375 2960 385 2975 ⁵
404 2961 457 2987 Csr.
476 2962 541 2993 Eph.
562 2961 586 2991 1,
606 2960 647 2985 to.
668 2962 694 2985 et
713 2959 756 2985 Μ.

375 3005 386 3020 ⁶
406 3006 480 3031 Vers.
502 3005 543 3030 43.
562 3019 597 3024 -
616 3004 724 3030 luserius
743 3006 803 3036 post
821 3002 927 3030 mittere
945 3009 976 3028 ex
1004 3001 1023 3028 C
1036 3002 1056 3028 D
1081 3001 1266 3035 supplevimus

306 3048 333 3075 in
351 3048 413 3083 fine.

376 3090 385 3106 ⁷
407 3093 481 3118 Vers.
502 3093 526 3117 3.
547 3099 603 3125 seq.
623 3069 698 3117 Plura
717 3091 751 3117 de
771 3091 812 3117 his
824 3090 971 3117 rationibus
984 3090 1047 3116 vide
1059 3090 1097 3115 lll
1111 3089 1182 3115 Sent.
1198 3088 1224 3114 d.
1242 3089 1267 3114 4.

305 3143 328 3161 a.
349 3137 373 3161 2.
393 3143 419 3169 q

306 3146 564 3206 consummationem
584 3179 687 3206 ordinis
707 3179 732 3205 in
752 3179 771 3205 C
790 3179 906 3205 secunda
925 3185 1020 3204 manus
1038 3177 1141 3203 addidit
1152 3175 1194 3203 vel
1206 3178 1268 3203 tem-

306 3224 396 3258 poriS,
418 3225 443 3249 in
462 3224 483 3249 D
503 3223 639 3258 temporis.

377 3267 388 3282 Β
408 3269 510 3294 Scilicet
527 3267 710 3295 interlinearis
725 3268 766 3301 (ex
785 3268 883 3300 Beda),
903 3267 928 3293 in
947 3274 1000 3300 qua
1020 3273 1069 3299 pro
1088 3272 1144 3292 non
1162 3266 1201 3291 est
1220 3263 1270 3291 Dei

308 3312 465 3347 ignorantia
493 3313 515 3338 11
543 3319 603 3338 cum
623 3313 727 3344 Lyrano
746 3319 802 3339 non
827 3312 859 3345 [ll
879 3312 952 3338 addit
970 3310 1019 3345 est]
1040 3310 1071 3337 de
1091 3308 1268 3344 iquorantia;

309 3357 395 3383 Beda:
424 3357 502 3389 Quod
527 3356 652 3382 dominus
679 3356 773 3382 vineae
797 3355 944 3382 dubitative
971 3358 997 3381 et
1020 3361 1073 3381 non
1096 3353 1269 3380 deliberativo

310 3401 389 3427 modo
408 3401 480 3434 loqui
499 3401 607 3433 dicitur,
626 3408 680 3426 non
698 3400 732 3426 de
751 3400 897 3432 ignorantia
911 3400 990 3425 venit.
1005 3399 1074 3432 Quid
1087 3399 1158 3425 enim
1171 3398 1271 3425 nesciat

309 3445 432 3471 dominus
450 3446 556 3476 vineae,
569 3445 615 3478 qui
629 3446 678 3470 hoe
698 3445 755 3471 loco
774 3445 845 3471 Deus
858 3445 932 3470 Pater
944 3443 1114 3476 intelligitur?
1134 3442 1187 3469 Sed
1205 3449 1271 3468 sem-

458 3138 509 3161 .¹'et
527 3135 591 3162 dub.
612 3136 641 3166 ⁴3
661 3135 791 3168 Breviloq.
811 3142 837 3167 p.
858 3135 901 3160 lV.
919 3141 942 3160 c.
963 3133 1042 3160 4.-
1061 3133 1189 3166 Superius
1208 3135 1277 3164 post·

875 273 1068 306 COMMENT.
1094 272 1131 305 IN
1155 270 1394 305 EVANGELIUM
1418 269 1536 303 LUCAE
1560 269 1592 301 C.
1616 268 1679 301 XX.

1311 358 1463 392 Glossass:
1494 370 1510 387 α
1526 357 1616 399 Quod
1639 356 1787 399 ambigit,
1811 356 1842 389 id
1866 359 1931 395 est,
1955 355 2053 389 verbo
2072 354 2275 388 dubitationi*

1312 412 1432 451 utitur,
1457 420 1520 444 non
1544 413 1592 444 est
1607 410 1662 443 Dei
1680 409 1875 452 ignorantia,
1893 409 1948 442 sed
1964 412 2001 441 ut
2018 405 2202 442 reservetur
2217 408 2276 442 ho-

1312 465 1387 498 mini
1413 462 1512 497 libera
1528 463 1675 496 voluntas
1691 476 1721 495 ».
1739 462 1825 496 Unde
1842 462 1928 505 quod
1943 462 2107 495 Christum
2123 471 2187 494 non
2203 464 2278 494 sunt

1313 517 1405 551 veriti
1438 516 1562 556 Iudaei,
1594 526 1657 549 non
1688 516 1750 549 fuit
1772 516 1914 549 defectus
1936 524 1979 549 ex
2002 518 2093 557 parte
2116 514 2170 548 Dei
2179 531 2190 554 ·‚
2223 514 2277 548 sed

1313 579 1354 604 ex
1387 573 1476 612 parte
1506 569 1643 602 duritiae
1674 569 1778 602 cordis
1810 568 1959 608 humani;
1992 568 2090 601 Isaiae
2119 566 2277 610 quinto⁹z

1319 637 1335 653 «
1351 623 1433 665 Quid
1455 625 1521 663 est,
1553 622 1639 665 quod
1670 623 1756 656 ultra
1786 622 1881 655 debui
1910 621 2015 655 facere
2049 621 2159 654 vineae
2190 628 2279 654 meae

1313 680 1345 710 et
1368 686 1430 709 non
1454 676 1568 709 fecin?
1600 676 1658 718 Qui
1692 676 1775 709 enim
1808 675 1920 708 Filium
1952 675 2008 708 Dei
2040 673 2103 707 [ion
2127 675 2280 707 verentur

1314 739 1479 772 nunquam
1503 729 1640 772 amplius
1664 730 1764 762 Deum
1787 738 1846 762 nec
1861 729 1931 762 eius
1951 728 2100 761 nuntium
2124 727 2281 761 verebun-

1315 787 1387 823 tur,
1404 784 1495 826 quia,
1512 783 1634 816 loannis
1658 783 1788 826 quinto,
1810 795 1826 811 (ι
1842 782 1932 815 Pater
1948 791 2042 815 omne
2057 780 2211 814 iudicium
2226 779 2281 813 de-

1314 837 1361 871 dit
1383 837 1476 876 Filio,
1501 840 1538 870 ut
1560 845 1670 877 omnes
1694 836 1904 869 honorificent
1919 835 2050 874 Filium,
2075 834 2158 867 sicut
2181 834 2281 867 hono-

1316 891 1441 924 rificant
1464 891 1609 929 Patrem;
1633 890 1689 933 qui
1713 899 1775 923 non
1799 888 1989 922 honorificat
2011 888 2123 922 Filium
2144 897 2208 921 non
2225 888 2282 921 ho-

1316 944 1462 977 norificat
1485 944 1627 982 Patrem,
1652 943 1707 986 qui
1732 942 1818 976 misit
1841 942 1930 975 illum
1948 955 1979 974 n.

1410 998 1459 1030 19.
1477 997 1587 1039 (Vers.
1615 997 1690 1038 14),
1717 996 1860 1029 Secundo
1884 998 2039 1038 quantum
2068 994 2107 1028 ad
2128 994 2283 1037 proposi-

1308 1056 1388 1084 tum
1409 1060 1606 1094 perversum
1630 1050 1796 1083 subditur:
1823 1050 1927 1091 Quem
1943 1058 2019 1082 cum
2038 1048 2214 1087 vidissent,
2231 1057 2284 1081 co-

1318 1105 1388 1138 loni
1410 1104 1640 1147 copitaverunt
1661 1103 1757 1137 'intra
1781 1113 1815 1136 se
1838 1103 1998 1136 dicentes:
2025 1101 2088 1134 Hic
2108 1105 2156 1134 est
2175 1099 2283 1140 heres,

1318 1168 1376 1202 per
1407 1157 1708 1192 coniecturationem
1740 1156 1900 1196 veritatis;
1933 1165 2006 1188 nam
2037 1158 2125 1188 certa
2156 1154 2286 1188 scientia

1318 1222 1382 1246 non
1402 1214 1636 1254 cognoverunt,
1661 1210 1744 1244 sicut
1766 1210 1883 1243 dicitur
1900 1209 2020 1252 primae
2043 1208 2083 1242 ad
2106 1207 2286 1241 Corinthios

1320 1266 1459 1300 secundo
1473 1266 1520 1298 ¹⁰:
1551 1278 1567 1294 «
1583 1265 1683 1307 Quem
1714 1273 1807 1297 nemo
1839 1263 2019 1306 principum
2047 1262 2145 1296 huius
2169 1261 2285 1295 saeculi

1320 1319 1475 1362 cognovit.
1501 1318 1531 1351 Si
1556 1318 1639 1351 enim
1665 1317 1902 1360 cognovissent,
1926 1325 2091 1358 nunquam
2116 1314 2287 1348 Dominum

1321 1372 1439 1416 gloriae
1463 1371 1700 1405 crucifixissent
1717 1383 1746 1402 ι).
1771 1369 1994 1412 Cognoverunt
2010 1371 2130 1407 tamen,
2147 1367 2206 1401 etsi
2222 1376 2286 1400 non

1321 1435 1378 1468 per
1406 1425 1517 1464 fidem,
1550 1433 1607 1466 per
1638 1423 1745 1466 aliqua
1767 1423 1856 1465 signa
1879 1421 2124 1454 manuducentia
2146 1420 2186 1453 ad
2218 1429 2288 1454 cre-

1322 1478 1479 1517 dendum,
1503 1477 1588 1520 quod
1612 1472 1694 1510 esset
1717 1476 1844 1509 Messias
1868 1475 1900 1508 in
1917 1476 1997 1517 Lege
2012 1474 2198 1517 promissus.
2216 1473 2287 1507 Ideo

1322 1541 1385 1565 non
1408 1540 1450 1564 ex
1472 1530 1667 1573 ignorantia,
1692 1529 1745 1563 sed
1769 1538 1812 1562 ex
1836 1530 1922 1562 certa
1940 1528 2057 1561 malitia
2072 1531 2183 1561 contra
2198 1526 2289 1560 Chri-

1323 1589 1407 1619 stum
1432 1584 1703 1627 conspiraverunt.
1733 1583 1819 1616 Unde
1846 1582 2013 1616 Glossa11:
2047 1581 2189 1623 «Aperte
2216 1589 2290 1623 pro-

1323 1639 1391 1678 bat,
1416 1639 1546 1671 ludaeos
1569 1647 1632 1670 non
1657 1646 1719 1679 per,
1737 1636 1946 1679 ignorantiam
1963 1635 2163 1668 crucifixisse
2178 1634 2290 1667 Filium

1324 1692 1399 1732 Dei,
1417 1692 1469 1725 sed
1488 1701 1545 1734 per
1562 1690 1721 1724 invidiam.
1747 1690 1975 1723 Intellexerunt
1998 1688 2109 1728 enim,
2125 1696 2199 1721 eum
2222 1696 2291 1721 esse

1324 1747 1411 1780 hunc
1434 1746 1485 1778 cui
1509 1745 1629 1778 dictum
1654 1747 1723 1777 est:
1749 1743 1890 1777 Postula
1913 1753 1937 1776 a
1960 1753 2030 1782 me,
2058 1741 2201 1775 et-dabo
2232 1741 2292 1774 tibi

1323 1803 1432 1843 yentes
1445 1798 1657 1831 hereditatem
1671 1802 1767 1831 tuam
1779 1810 1810 1830 ».
1824 1796 1914 1839 Quod
1930 1806 2006 1839 ergo
2022 1796 2139 1830 dicitur
2156 1796 2290 1834 Actuum

1325 1852 1419 1886 tertio
1432 1852 1482 1884 ¹2:
1512 1864 1527 1880 α
1545 1852 1634 1884 Nunc
1657 1851 1739 1890 scio,
1763 1850 1896 1889 fratres,
1918 1849 1994 1893 quia
2008 1858 2066 1893 per
2083 1848 2298 1892 ignorantiam*

1324 1905 1461 1945 fecistis,
1486 1905 1569 1938 sicut
1591 1907 1623 1938 et
1645 1902 1803 1948 principes
1832 1903 1978 1943 vestri»,
2009 1912 2072 1936 non
2100 1902 2243 1936 excludit
2273 1911 2292 1935 a

1326 1958 1448 1992 Iudaeis
1478 1958 1746 2000 qualemcumque
1768 1957 1930 1996 notitiam,
1962 1956 2017 1990 sed
2048 1956 2191 1989 notitiam
2223 1964 2292 1989 cer-

1326 2015 1411 2051 tam;
1436 2011 1486 2044 vel
1507 2011 1624 2043 dicitur
1648 2010 1750 2053 quoad
1777 2010 1933 2049 minores,
1949 2009 2003 2052 qui
2021 2012 2234 2052 peccaverunt
2249 2016 2292 2042 ex

1326 2065 1512 2108 ignorantia.
1539 2064 1615 2097 Nam
1641 2063 1777 2096 maiores
1800 2063 1860 2096 hoc
1884 2063 2028 2096 fecerunt
2051 2071 2093 2096 ex
2117 2066 2204 2096 certa
2228 2071 2293 2095 ma-

1326 2118 1410 2157 litia,
1434 2117 1510 2160 quia
1533 2117 1685 2150 timebant
1708 2116 1914 2159 temporalem
1940 2115 2073 2158 perdere
2089 2115 2231 2158 gloriam.
2250 2133 2292 2140 —

1326 2172 1397 2205 ldeo
1420 2170 1526 2204 addit:
1555 2170 1756 2203 Occidamus
1779 2179 1854 2202 eum
1869 2169 1916 2209 1³,
1933 2173 1972 2202 ut
1986 2173 2103 2202 nostra
2126 2168 2190 2210 fiat
2204 2167 2294 2201 ltere-

1326 2225 1435 2264 ditas,
1460 2233 1518 2267 per
1541 2223 1806 2257 machinationem
1830 2221 2069 2265 perversitatis;
2094 2221 2179 2264 quod
2202 2221 2293 2255 dixe-

1327 2282 1421 2318 runt,
1446 2287 1508 2311 non
1534 2280 1571 2311 ut
1594 2277 1801 2318 hereditatem
1833 2285 1949 2309 novam
1972 2275 2195 2318 acquirerent,
2219 2284 2294 2308 cum

1327 2333 1473 2366 Christus
1496 2335 1580 2366 esset
1602 2339 1726 2365 summe
1750 2339 1889 2373 pauper,
1914 2329 1968 2363 sed
1992 2333 2028 2363 ut
2051 2329 2192 2363 habitam
2220 2337 2294 2362 con-

1328 2389 1502 2420 servarent.
1535 2385 1622 2419 Unde
1653 2384 1776 2418 Ioannis
1799 2383 1967 2417 undecimo
1979 2384 2029 2416 ¹⁴:
2059 2396 2075 2412 (ι
2093 2383 2295 2425 collegerunt

1327 2439 1491 2482 pontifices
1514 2442 1546 2472 et
1569 2438 1727 2472 Pharisaei
1752 2438 1937 2477 consilium,
1961 2437 2121 2470 dicentes:
2146 2436 2226 2479 Quia
2242 2435 2294 2469 bic

1329 2493 1425 2526 homo
1441 2493 1541 2526 multa
1558 2492 1646 2535 signa
1662 2491 1745 2525 facit.
1763 2491 1793 2524 Si
1810 2491 2000 2524 dimittimus
2015 2499 2088 2531 eum
2106 2490 2150 2523 sic
2161 2516 2169 2530 ,
2185 2498 2295 2523 omnes

1328 2698 1375 2723 per
1395 2690 1533 2723 ambigere
1551 2690 1647 2716 dicitur
1667 2690 1751 2722 Deus,
1772 2692 1801 2714 ut
1819 2688 1901 2714 libera
1921 2688 2043 2713 voluntas
2056 2687 2156 2713 homini
2176 2692 2295 2712 reserve-

1328 2740 1379 2762 tur.
1399 2736 1470 2761 ldem
1490 2735 1554 2760 dicit
1572 2734 1691 2765 Ilieron.‚
1713 2734 1750 2759 lll.
1769 2733 1917 2760 Comment.
1947 2732 1973 2758 iu
1997 2732 2086 2758 Mattli.
2113 2732 2156 2763 2¹,
2177 2730 2220 2757 37.
2238 2737 2295 2764 seq.

1328 2779 1379 2806 Cir.
1400 2782 1463 2805 tom.
1484 2779 1527 2804 Vl.
1548 2786 1602 2811 pag
1631 2779 1698 2809 292,
1719 2781 1778 2803 nota
1798 2778 1824 2803 6.

1401 2823 1412 2838 ⁹
1432 2824 1506 2849 Vers.
1528 2823 1551 2849 4.
1570 2837 1604 2841 -
1624 2822 1741 2848 Subinde
1760 2822 1887 2854 allegatur
1905 2822 1975 2847 loan.
1994 2821 2026 2852 5,
2045 2822 2088 2847 22.
2107 2827 2164 2854 seq.
2181 2834 2217 2839 —
2229 2820 2293 2846 lnse-

1329 2868 1384 2894 rius
1404 2875 1453 2900 pro
1471 2874 1520 2894 nec
1539 2867 1596 2893 eius
1615 2866 1744 2893 nuntium
1763 2865 1813 2892 AC
1832 2873 1880 2892 nec
1899 2865 1948 2892 Dei
1966 2864 2068 2892 Filium
2088 2864 2133 2898 (ita
2153 2864 2231 2890 etiam
2245 2864 2296 2896 pri-

1330 2912 1409 2937 mitus
1422 2912 1458 2943 D,
1471 2911 1588 2937 secunda
1602 2918 1695 2936 manus
1709 2914 1796 2936 tamen
1809 2911 1874 2936 haec
1887 2909 1969 2935 verba
1983 2909 2092 2936 delenda
2106 2916 2164 2935 esse
2176 2908 2295 2941 notavit).

1402 2954 1425 2969 ¹⁰
1445 2955 1519 2980 Vers.
1540 2954 1571 2986 8,
1590 2961 1670 2987 quem
1691 2954 1751 2980 Vat.
1772 2954 1880 2985 omittit,
1902 2960 1973 2987 quae
1999 2953 2077 2979 ctiam
2097 2953 2220 2985 superius
2245 2959 2295 2984 pro

1329 2999 1586 3027 convectat-ationem
1604 2998 1738 3025 substituit
1755 2998 1952 3025 coniecturam.
1966 2998 2076 3024 lnt‘erius
2095 3000 2155 3030 post
2173 2997 2254 3032 fidem
2273 2997 2294 3022 ll

1330 3044 1498 3077 prosequitur
1517 3045 1634 3075 certam,
1656 3050 1707 3077 per
1726 3042 1821 3077 aliqua
1839 3043 1920 3077 siqna
1938 3044 2012 3069 certa
2031 3044 2058 3069 et
2073 3041 2219 3076 manifesta
2238 3048 2297 3067 ma-

1330 3088 1495 3115 nuducentia
1514 3091 1563 3114 etc.
1972 3112 1974 3114 ,

1404 3132 1424 3147 ¹¹
1446 3132 1549 3158 Scilicet
1567 3130 1709 3158 ordinaria
1730 3131 1772 3164 (ex
1791 3131 1887 3165 Beda),
1906 3131 1932 3157 in
1945 3138 1997 3164 qua
2012 3131 2138 3163 allegatur
2158 3131 2197 3156 Ps.
2217 3131 2247 3161 2,
2268 3131 2293 3156 8.

1330 3176 1414 3203 Codd.
1434 3176 1454 3201 Α
1465 3175 1483 3202 C
1495 3176 1516 3201 D
1534 3175 1657 3201 omittunt
1674 3174 1722 3201 sed
1737 3182 1787 3209 per
1806 3174 1948 3201 invidiam:

1403 3218 1425 3234 ¹²
1436 3219 1512 3245 Vers.
1524 3218 1565 3250 47,
1573 3219 1607 3245 de
1617 3219 1693 3245 cuius
1702 3219 1863 3251 expositione
1873 3219 1917 3244 cir.
1926 3221 1989 3244 tom.
1997 3217 2039 3243 Vl.
2048 3224 2109 3249 pag.
2118 3216 2245 3247 455,nota
2255 3216 2296 3242 42.

1405 3263 1427 3278 ¹⁸
1447 3264 1505 3290 Vat.
1525 3270 1587 3289 cum
1607 3264 1719 3295 Vulgata
1733 3262 1813 3289 illum
1822 3272 1833 3295 ;
1847 3264 1893 3289 cir.
1905 3263 1934 3289 B.
1948 3261 2061 3293 Albert„
2076 3263 2102 3287 S.
2116 3262 2210 3287 Thom.
2231 3260 2296 3294 (Cat.

1332 3316 1411 3335 aurea
1432 3308 1457 3334 in
1476 3309 1539 3334 Luc.
1559 3308 1600 3334 20.
1621 3314 1647 3333 n.
1668 3308 1703 3341 2.)
1724 3310 1750 3333 et
1767 3308 1915 3339 Gorranus,
1935 3306 1981 3339 qui
2000 3305 2077 3332 etiam
2092 3305 2214 3331 exhibent
2225 3312 2295 3332 eum.

1406 3352 1429 3367 ¹⁴
1448 3353 1525 3378 Vera.
1545 3352 1587 3378 47.
1607 3355 1632 3378 et
1652 3351 1698 3384 48,
1718 3358 1786 3384 quos
1805 3352 1917 3382 August.
1936 3350 1979 3383 (tr.
1998 3349 2041 3375 49.
2056 3357 2081 3376 n.
2095 3349 2149 3383 26.)
2163 3356 2296 3382 exponens

1333 3397 1386 3423 ait:
1407 3396 1573 3428 Temporalia
1592 3395 1706 3428 perdere
1725 3395 1868 3420 timuerunt
1886 3396 1912 3419 et
1929 3393 2012 3419 vitam
2031 3396 2163 3419 aeternam
2182 3400 2235 3419 non
2252 3399 2297 3428 eo-

1334 3440 1498 3473 gitaverunt,
1518 3446 1548 3466 ac
1567 3440 1605 3465 sic
1623 3442 1766 3471 utrumque
1785 3438 1930 3464 amiserunt
1948 3440 1997 3464 etc.

2301 999 2432 1027 Propositum

2306 1026 2430 1049 ludaeorum
2473 1026 2475 1053 ἶ

2302 1059 2431 1081 perversum.
2474 1059 2475 1077 i

2312 1799 2441 1822 Notandum.
