2476 3921
156 1335 250 1357 Primum
264 1334 300 1356 de-

182 1362 282 1383 scribitur

169 1388 291 1415 tripliciter.

172 1599 259 1620 Occasio
273 1598 300 1619 ad

176 1626 297 1652 parabolam

184 1653 292 1679 proferen-

206 1679 262 1700 dam.

320 290 383 324 362

453 375 567 403 Secundo
585 373 759 401 informantur
777 372 946 400 convivantes
964 371 1046 407 quoad
1065 370 1130 398 tria.

409 483 458 515 14.
486 480 618 514 Dicebat
648 483 759 512 autem
789 482 818 511 et
848 478 894 510 ad
923 477 1082 510 invitatos
1104 480 1163 509 etc.
1189 476 1274 508 Post-

316 545 410 580 quam
435 533 606 568 confutavit
629 532 850 570 observantes,
875 530 925 563 hic
949 529 1087 563 secundo
1111 528 1277 572 informat

209 597 297 619 Divisio.
316 588 524 622 convivantes
538 587 557 618 ¹.
583 585 738 618 Dividitur
762 587 867 616 autem
892 583 969 616 haec
992 591 1066 624 pars
1090 582 1120 614 in
1146 585 1210 614 tres
1226 589 1275 614 se-

316 641 453 676 cundum
479 640 633 681 triplicem
657 637 919 671 informationem.
945 636 1049 668 Primo
1074 642 1210 676 namque
1226 633 1274 666 in-

316 695 429 727 format
452 693 608 726 invitatos
638 691 684 723 ad
717 689 906 722 convivium
936 687 1094 730 nuptiale.
1131 685 1274 719 Secundo

316 748 462 781 informat
484 745 661 779 invitantes
689 744 735 776 ad
758 742 948 776 convivium
970 740 1164 784 familiare,
1189 739 1231 771 ibi
1245 739 1272 771 ²:

319 800 451 834 Dicebat
473 802 584 832 autem
607 802 636 831 ct
658 797 690 830 ei
711 797 771 840 qui
799 806 833 828 se
863 794 1073 828 invitaverat.
1098 792 1204 826 Tertio
1227 792 1275 824 in-

316 855 429 888 format
463 851 654 885 invitandos
689 850 735 882 ad
768 848 957 882 convivium
992 846 1174 884 aeternale,
1211 845 1272 878 ibi:

319 909 421 941 Homo
444 906 583 950 quidam
605 903 682 946 fecit
705 912 840 935 coenam
863 910 1025 944 maynam
1048 904 1107 933 etc.
1132 899 1273 932 Primum

318 962 431 993 horum
456 958 583 1000 respicit
607 956 784 990 convivium
815 954 968 998 qratiae:
992 952 1184 991 secundum,
1212 961 1274 984 na-

317 1017 423 1051 turae,
440 1016 471 1045 et
487 1011 633 1048 tertium,
656 1009 804 1052 yloriae‚·
828 1008 985 1049 primum,
1009 1004 1274 1042 sacramentale,-

317 1065 499 1103 secundum,
510 1062 700 1100 materiale;
715 1062 853 1099 tertium,
866 1060 1030 1093 aeternale
1043 1063 1073 1092 et
1086 1057 1272 1101 spirituale.

406 1118 579 1151 Informans
603 1116 700 1158 igitur
735 1115 890 1147 invitatos
922 1114 967 1146 ad
999 1112 1188 1145 convivium
1211 1121 1275 1143 nu-

155 1176 304 1224 ,ssssfflig'ggj
315 1172 435 1215 ptiale,
459 1179 516 1212 per
539 1169 624 1212 quod
648 1168 832 1210 intelligitur
856 1169 957 1199 status
980 1165 1155 1208 praesentis
1172 1164 1275 1197 Eccle-

165 1230 242 1251 vivium
258 1235 294 1250 nn-

173 1257 237 1283 1111310
253 1258 297 1277 tan-

163 1285 239 1309 guntur
253 1283 303 1304 duo.

318 1226 395 1264 siae,
420 1225 522 1266 primo
555 1223 722 1264 vituperat
752 1220 933 1253 vanitatem
955 1223 985 1252 et
1014 1217 1275 1260 arroyantiam,·

319 1277 455 1312 secundo
488 1276 692 1309 commendat
720 1273 937 1306 humilitatem
967 1276 997 1305 et
1031 1270 1274 1309 reverentiam,
1300 1309 1302 1311 Ι

319 1331 404 1365 ibi3:
430 1330 493 1363 Sed
515 1339 592 1362 cum
619 1332 756 1360 vocatus
783 1325 900 1369 fueris.
927 1344 967 1349 —
993 1325 1025 1357 In
1050 1323 1273 1366 vituperando

319 1388 423 1418 autem
448 1382 683 1425 arroqantz'am
709 1381 768 1413 tria
791 1380 1053 1417 introducuntur,
1081 1377 1199 1410 scilicet
1223 1386 1275 1409 oc-

320 1437 411 1471 casio
441 1436 644 1469 introducens
674 1434 871 1476 parabolam,
901 1431 1078 1474 persuasio
1102 1430 1276 1472 reprehen-

320 1492 395 1524 dens
417 1489 596 1532 superbiam
620 1492 651 1521 et
674 1487 763 1520 ratio
787 1486 950 1528 explicans
973 1483 1206 1518 verecundiam.

410 1544 459 1576 15.
485 1543 585 1584 (Vers.
612 1542 665 1582 7.).
690 1541 794 1573 Primo
817 1540 913 1581 igitur
938 1541 1092 1581 quantum
1116 1536 1155 1569 ad
1182 1545 1276 1569 occa-

319 1598 443 1631 sionem
479 1596 739 1629 introducentem
774 1592 976 1636 parabolam
1010 1591 1103 1624 dicit:
1143 1589 1277 1622 Dicebat

319 1655 429 1684 autem
454 1653 483 1682 et
506 1649 551 1681 ad
575 1648 730 1680 invitatos
750 1645 972 1688 parabolam;
995 1643 1146 1676 Glossa4:
1175 1654 1191 1671 α
1208 1642 1277 1674 Pa-

319 1703 490 1741 rabolam,
522 1701 606 1734 aliud
629 1700 761 1742 mystice
789 1698 1015 1740 significantem
1033 1709 1064 1727 ».
1089 1695 1169 1736 Quia
1193 1694 1277 1727 enim

320 1756 434 1799 aliquis
452 1758 561 1798 posset
592 1753 669 1786 illud
697 1751 819 1784 Domini
847 1751 1071 1783 documentum
1092 1748 1212 1781 referre
1235 1746 1275 1780 ad

320 1810 445 1852 nuptias
468 1808 544 1841 istas
567 1806 718 1843 carnales,
743 1804 812 1837 ideo
828 1804 894 1845 ipse
912 1802 1116 1844 Evangelista‚
1139 1800 1278 1843 dirigens

320 1863 513 1895 intellectum
534 1858 741 1901 expositoris,
758 1857 827 1889 vult
843 1856 918 1889 illud
936 1854 1113 1897 parabolice
1136 1853 1276 1896 intelligi.

321 1916 374 1948 Hic
397 1914 479 1948 enim
503 1913 534 1945 in
557 1910 696 1944 docendo
719 1913 787 1943 erat
811 1908 922 1941 modus
950 1907 1071 1940 Domini
1089 1906 1276 1945 Salvatoris,

323 1967 494 2002 secundum
527 1965 605 1998 illud
638 1963 749 1997 Psalmi
769 1963 798 1995 ⁶:
837 1961 1018 2004 «Apertam
1055 1961 1086 1993 in
1121 1959 1278 2002 parabolis

323 2031 358 2055 os
380 2029 504 2059 meum,
528 2019 640 2061 loquar
673 2015 900 2059 propositiones
930 2015 970 2048 ab
1004 2014 1120 2047 initio»
1148 2018 1207 2047 etc.
1242 2014 1278 2047 Et

324 2075 398 2117 quia
428 2073 577 2115 parabola
613 2080 674 2104 non
710 2070 810 2108 valet,
834 2068 892 2101 nisi
925 2068 1050 2110 quando
1081 2067 1196 2100 dicitur
1220 2076 1278 2100 suo

324 2130 483 2168 tempore,
517 2123 691 2157 secundum
725 2121 803 2154 illud
839 2119 1041 2153 Ecclesiastici
1077 2118 1277 2161 vigesimo⁶z

330 2193 345 2207 ιι
362 2179 408 2211 Ex
430 2186 485 2210 ore
508 2176 585 2210 fatui
609 2174 832 2217 reprobabitur
856 2173 1017 2215 parabola;
1042 2182 1104 2206 non
1128 2173 1210 2206 enim
1232 2172 1278 2205 di-

325 2231 367 2265 cit
389 2231 474 2263 illam
496 2229 685 2271 intempore
708 2237 766 2261 suo
783 2239 813 2265 »3
838 2231 870 2259 et
892 2229 1018 2259 econtra
1036 2225 1278 2259 Proverbiorum

325 2282 475 2325 vigesimo
498 2281 625 2324 quinto:
654 2293 670 2309 <x
688 2280 766 2312 Mala
788 2288 886 2312 aurea
919 2279 951 2311 in
983 2279 1070 2312 lectis
1104 2278 1278 2320 argenteis,

325 2336 379 2378 qui
405 2334 545 2377 loquitur
569 2333 703 2367 verbum
726 2333 757 2365 in
782 2336 922 2374 tempore
946 2341 1003 2365 suo
1020 2344 1051 2364 n:
1068 2331 1137 2365 ideo
1152 2331 1279 2364 additur

325 2388 555 2431 opportunitas
579 2387 641 2420 loci
663 2390 694 2419 et
718 2386 873 2428 temporis
896 2385 933 2418 ad
954 2385 1167 2418 inductionem
1183 2384 1280 2417 huius

325 2441 491 2484 parabolae
514 2440 552 2473 de
583 2439 724 2473 convivio
759 2438 909 2481 nuptiali,
934 2447 1005 2471 cum
1035 2437 1200 2471 subditur:
1225 2437 1280 2469 In-

326 2493 472 2532 tendens,
497 2492 657 2536 quomodo
670 2492 799 2534 primos
815 2491 986 2525 accubitus
1002 2491 1175 2533 eliyerent,
1192 2497 1280 2522 more

326 2547 443 2579 scilicet
458 2546 687 2587 superborum,
703 2545 756 2587 qui
782 2545 908 2587 quidem
934 2553 1001 2577 mos
1025 2546 1093 2576 erat
1116 2543 1147 2575 in
1172 2542 1280 2575 Phari-

326 2598 422 2637 saeis;
439 2597 583 2630 Matthaei
600 2597 750 2639 vigesimo
766 2596 859 2629 tertio
872 2596 901 2627 ⁷:
933 2608 948 2624 <r
965 2596 1075 2627 Amant
1092 2594 1212 2636 primos
1228 2602 1279 2626 ac-

326 2651 452 2684 cubitus
468 2651 498 2683 in
516 2650 620 2684 coenis
636 2654 667 2683 et
683 2650 801 2693 primas
818 2649 982 2682 cathedras
1006 2648 1037 2680 in
1062 2646 1226 2689 synagogis
1250 2649 1281 2679 et

326 2705 526 2737 salutationes
549 2704 580 2736 in
604 2703 671 2737 foro
687 2715 718 2743 »;
743 2706 774 2736 et
798 2703 856 2735 hoc
879 2702 910 2735 in
927 2702 1051 2744 signum
1068 2700 1215 2739 honoris,
1232 2708 1280 2732 se-

397 2862 405 2877 ¹
427 2863 492 2889 Vide
511 2870 590 2895 supra
610 2870 636 2889 11,
659 2863 682 2888 1.

396 2905 406 2921 ²
427 2907 500 2933 Vers.
521 2908 567 2938 ⁴25
588 2907 690 2933 tertium
710 2905 821 2931 habetur
839 2912 866 2931 v.
886 2905 933 2930 46:
946 2905 980 2931 At
993 2904 1048 2938 ipse
1060 2903 1130 2931 diaeit
1141 2903 1180 2930 ei:
1195 2903 1279 2930 Homo

327 2949 436 2983 quidam
454 2954 517 2982 etc.;
537 2951 569 2976 ita
589 2951 666 2976 etiarn
686 2950 763 2976 codd.
783 2950 848 2975 infra
867 2956 891 2975 n.
912 2949 955 2974 36.

397 2992 407 3007 ⁹
428 2995 501 3020 Vers.
521 2995 561 3019 lo.

396 3036 408 3052 ⁴
427 3039 528 3064 Scilicet
545 3036 727 3064 interlinearis
747 3037 903 3069 (secundum
922 3037 1041 3070 Bedam).

396 3080 407 3095 ⁶
426 3083 520 3107 Psalm.
537 3081 586 3112 77,
606 3082 631 3107 2.
650 3094 685 3101 —
703 3082 829 3113 Superius
853 3088 903 3113 pro
929 3080 1091 3108 intellectum
1119 3078 1281 3114 eoepositoris

327 3125 377 3152 CH
396 3125 597 3159 intelliqentiam
616 3124 785 3159 expo-timus.

397 3168 408 3184 ⁶
429 3171 501 3195 vers.
520 3171 568 3200 22,
587 3172 646 3202 post
670 3177 749 3203 quem
774 3170 851 3196 Prov.
875 3169 924 3201 25,
951 3170 994 3195 11.
1015 3183 1050 3189 -
1068 3169 1195 3202 Superius
1220 3171 1280 3201 post

327 3213 381 3240 nisi
398 3220 429 3239 ex
447 3212 524 3239 CDF
543 3213 724 3245 supplevimus
742 3213 866 3247 quandam
887 3214 945 3239 Vat.
965 3213 1027 3246 legit
1044 3220 1100 3239 non
1124 3211 1203 3239 habet
1219 3218 1282 3246 ora·

328 3256 408 3288 tiam,
427 3256 482 3283 nisi
498 3256 613 3284 dicatur.

397 3299 407 3315 ⁷
428 3301 501 3327 Vers.
521 3302 546 3326 6.
564 3304 590 3327 et
607 3301 632 3327 7.
650 3315 685 3321 —
704 3302 826 3335 sequitur
845 3301 889 3328 lob
909 3302 958 3333 29,
977 3301 1021 3328 25.

397 3343 408 3358 ³
429 3345 501 3371 Vers.
522 3346 569 3370 30:
587 3345 712 3377 Pet-cavi,
731 3345 778 3372 sed
795 3352 868 3372 nunc
888 3345 992 3372 honora
1005 3348 1054 3372 etc.
1067 3346 1116 3371 Pro
1128 3343 1280 3372 sentin-ibim

328 3388 436 3415 CDFG
455 3388 615 3415 hominibus.
633 3402 669 3408 —
688 3390 814 3421 Superius
833 3390 892 3415 vat.
911 3389 986 3421 legit:
1004 3390 1029 3415 et
1046 3387 1173 3422 superbia
1185 3389 1210 3414 et
1222 3394 1281 3414 am-

329 3430 390 3458 bitio
409 3431 579 3459 inordinatus
597 3432 728 3466 appetitus
748 3434 787 3459 est
803 3431 1002 3465 superabritatis
1020 3433 1044 3458 et
1054 3430 1207 3465 prioritatis
1221 3430 1280 3464 (etr.

903 285 1096 317 COMMENT.
1122 284 1158 317 ΙΝ
1182 283 1420 317 EVANGELIUM
1444 283 1560 317 LUCAE
1586 283 1617 316 C.
1643 283 1717 317 XIV.

1304 371 1308 418 1
1339 371 1479 404 cundum
1503 371 1581 404 illud
1604 371 1657 404 Iob
1680 371 1831 413 vigesimo
1854 360 1955 405 nono:
1984 384 2000 401 α
2017 372 2047 404 Si
2064 372 2233 405 voluissem
2250 372 2298 405 ire

1338 423 1377 455 ad
1400 432 1472 462 eos,
1492 423 1638 456 sedebam
1662 423 1785 465 primus
1800 436 1831 455 ι).
1862 423 2020 457 Primum
2042 424 2128 457 enim
2149 427 2182 457 et
2207 433 2299 456 sum-

1338 485 1432 508 mum
1455 476 1622 509 coniuncta
1645 479 1734 515 sunt;
1758 479 1790 509 et
1824 476 1905 509 sicut
1940 476 2091 518 superbia
2113 480 2144 510 et
2166 476 2297 509 ambitio

1338 532 1385 561 est
1408 528 1605 562 inordinatus
1627 528 1786 570 appetitus
1815 528 2065 571 superioritatis‚
2089 529 2133 562 ita
2155 532 2187 562 et
2209 529 2295 571 prio-

1339 581 1450 614 ritatis.
1474 582 1657 614 Huiusmodi
1692 584 1799 615 autem
1821 585 1981 624 quaerunt
2004 581 2152 624 superbi,
2176 582 2232 624 qui
2258 581 2299 615 ab

1338 634 1407 667 aliis
1430 634 1563 676 cupiunt
1587 635 1754 673 honorari,
1778 635 1925 677 exemplo
1948 635 2038 674 Saul,
2061 634 2155 676 primi
2181 635 2299 677 Regum

1337 687 1459 721 decimo
1483 687 1638 730 quinto⁸:
1667 701 1683 716 α
1700 689 1834 721 Tantum
1859 688 1980 720 honora
2003 696 2054 721 me
2076 696 2182 721 coram
2199 687 2300 720 senio-

1338 741 1428 774 ribus
1451 741 1559 783 populi
1584 741 1645 774 mei
1670 744 1701 774 et
1717 750 1823 774 coram
1848 741 1988 774 lsrael».

1430 793 1480 827 16.
1506 795 1607 833 (Vers.
1633 796 1663 826 7.
1695 795 1750 835 8.).
1782 793 1924 827 Secundo
1958 803 2034 827 vero
2068 797 2225 836 quantum
2259 793 2299 827 ad
2326 803 2435 826 remmio

1335 848 1588 890 persuasionem
1612 848 1859 880 dissuadentem
1882 847 2075 890 superbiam
2092 847 2213 880 subdit:
2242 847 2299 880 Di·
2308 831 2455 879 wniiais'a'w'

1338 911 1412 934 cens
1428 902 1474 934 ad
1490 901 1580 934 illos:
1600 901 1683 934 Cum
1700 901 1862 933 invitatus
1874 899 1983 943 fueris
1999 901 2045 933 ad
2060 900 2215 942 nuptias,
2232 909 2299 933 non
2453 940 2454 946 ¹

1337 954 1530 987 discumbas
1554 954 1590 987 in
1612 954 1723 997 primo
1754 954 1831 986 loco.
1864 954 1948 986 Licet
1970 954 2055 987 istud
2078 956 2183 995 posset
2207 953 2300 986 intel·
2320 961 2442 985 notandum.

1338 1007 1390 1049 ligi
1407 1007 1445 1040 de
1462 1007 1659 1040 carnalibus
1674 1006 1813 1049 nuptiis,
1831 1010 1934 1039 tamen
1951 1006 2018 1048 ipse
2039 1009 2147 1039 textus
2163 1014 2299 1048 sequens

1337 1063 1367 1093 et
1391 1060 1589 1102 expositores
1612 1060 1723 1093 volunt
1746 1059 1875 1101 intelligi
1899 1059 1938 1092 de
1960 1059 2088 1101 nuptiis
2110 1058 2298 1101 spirituali-

1339 1112 1400 1145 bus
1408 1124 1419 1150 ;
1443 1113 1526 1146 unde
1549 1113 1700 1146 Glossa⁹:
1730 1125 1745 1141 α
1761 1113 1839 1145 Cum
1863 1121 1920 1154 per
1943 1111 2077 1154 gratiam
2100 1111 2191 1151 fidei,
2208 1120 2300 1145 voca-

1339 1169 1391 1199 tus
1414 1175 1433 1198 a
1456 1166 1688 1208 praedicatore,
1712 1165 1865 1198 membris
1897 1165 2050 1198 Ecclesiae
2080 1168 2111 1197 te
2135 1164 2297 1203 iunxeris;

1338 1228 1401 1252 non
1425 1222 1455 1252 te
1478 1219 1517 1252 de
1539 1219 1661 1252 meritis
1684 1218 1864 1261 gloriando,
1889 1218 1979 1260 quasi
2004 1218 2116 1251 ceteris
2136 1217 2181 1251 sis
2202 1217 2301 1251 subli-

1339 1272 1439 1310 mior,
1474 1272 1608 1304 extollas
1623 1285 1654 1304 ».
1692 1270 1837 1314 Nuptiae
1875 1273 1981 1305 autem
2015 1270 2094 1304 istae
2127 1279 2190 1303 non
2224 1273 2300 1303 sunt
2319 1278 2410 1310 Nuptiae

1339 1332 1577 1366 quaecumque,
1601 1323 1656 1356 sed
1678 1323 1817 1365 nuptiae
1840 1323 1951 1366 Aqui,
1973 1322 2012 1356 de
2043 1323 2161 1365 quibus
2184 1323 2300 1365 Apoca-
2331 1306 2394 1332 ΑΝ

1339 1376 1436 1419 lypsis
1459 1377 1581 1409 decimo
1611 1385 1694 1409 nono
1707 1376 1751 1408 ¹⁰:
1782 1389 1797 1405 «
1814 1376 1975 1409 Venerunt
2003 1375 2131 1418 nuptiae
2155 1375 2244 1418 ligni,
2268 1378 2300 1409 et

1340 1439 1425 1463 uxor
1448 1430 1517 1462 eius
1541 1429 1741 1471 praeparavit
1763 1438 1797 1462 se
1812 1442 1844 1461 ».
1877 1429 1936 1462 Has
1959 1429 2097 1472 nuptias
2120 1429 2193 1462 fecit
2217 1429 2301 1462 Deus

1339 1483 1447 1521 Pater,
1471 1482 1646 1515 secundum
1669 1482 1754 1524 quod
1777 1482 1892 1515 dicitur
1916 1482 2061 1515 Matthaei
2087 1482 2238 1524 vigesimo
2253 1490 2302 1515 se-

1340 1535 1461 1570 cundo:
1492 1548 1507 1564 ‹=
1526 1535 1631 1568 Simile
1653 1538 1701 1568 est
1725 1544 1856 1578 regnum
1881 1535 2041 1568 caelorum
2071 1535 2191 1568 homini
2216 1535 2300 1577 regi,

1340 1589 1393 1632 qui
1419 1589 1491 1624 fecit
1515 1589 1640 1631 nuptias
1664 1589 1728 1622 filio
1752 1598 1809 1622 suo
1826 1602 1856 1621 n.
1881 1589 1942 1622 Hae
1965 1589 2094 1631 nuptiae
2125 1588 2301 1621 celebratae

1341 1646 1415 1675 sunt
1431 1642 1462 1674 in
1480 1642 1618 1674 thalamo
1634 1642 1715 1674 uteri
1734 1642 1909 1684 virginalis;
1934 1642 2074 1675 Psalmus
2088 1643 2130 1674 ¹¹:
2153 1654 2170 1670 tr
2186 1641 2219 1674 111
2235 1641 2300 1674 sole

1341 1695 1446 1737 posuit
1470 1695 1708 1728 tabernaculum
1733 1703 1827 1727 suum
1839 1720 1847 1734 ,
1864 1695 1978 1737 etipse
2001 1698 2152 1737 tanquam
2168 1701 2303 1735 sponsus

1340 1747 1513 1790 procedens
1547 1747 1587 1780 de
1618 1747 1755 1780 thalamo
1779 1756 1837 1780 suo
1853 1760 1884 1779 n.
1910 1747 1953 1780 lbi
1977 1749 2230 1780 consummatum
2254 1748 2302 1778 est

1341 1801 1577 1834 matrimonium
1603 1800 1686 1833 inter
1709 1800 1846 1834 divinam
1871 1804 1902 1833 et
1920 1801 2091 1833 humanam
2107 1802 2253 1831 naturam
2271 1801 2303 1831 et

1341 1855 1423 1887 inter
1447 1854 1607 1887 Christum
1633 1857 1664 1887 et
1688 1854 1853 1887 Ecclesiam
1878 1862 1935 1896 per
1959 1860 2172 1894 consequenS,
2189 1860 2302 1885 secun·
2339 1873 2341 1876 -

1341 1907 1417 1940 dum
1449 1907 1526 1940 illud
1550 1907 1588 1940 ad
1613 1907 1761 1949 Ephesios
1785 1907 1896 1949 quinto
1910 1906 1954 1945 ¹²;
1984 1906 2116 1947 loquens
2138 1904 2302 1946 Apostolus

1340 1960 1379 1994 de
1402 1960 1601 1994 matrimonio
1631 1960 1724 1993 dicit:
1754 1972 1770 1988 «
1787 1961 2023 1992 Sacramentum
2059 1958 2120 1990 hoc
2150 1966 2302 2000 magnum

1341 2017 1406 2053 est,
1430 2022 1488 2055 ego
1511 2016 1616 2046 autem
1640 2012 1727 2051 dico,
1751 2012 1783 2045 in
1806 2011 1932 2044 Christo
1955 2014 1987 2044 et
2012 2010 2042 2042 in
2058 2010 2195 2043 Ecclesia
2210 2023 2241 2042 n.
2259 2027 2301 2034 —

1344 2066 1539 2099 Convivium
1562 2066 1594 2098 in
1618 2065 1668 2098 his
1691 2064 1810 2106 nuptiis
1833 2067 1881 2097 est
1904 2063 1934 2096 in
1967 2063 2165 2105 susceptione
2193 2064 2302 2097 Sacra—
2315 2071 2446 2103 Quintum.-

1341 2122 1521 2152 mentorum
1542 2118 1696 2151 Ecclesiae
1711 2121 1741 2150 et
1758 2117 2020 2150 documentorum
2038 2125 2145 2150 sacrae
2161 2116 2302 2159 Scriptu-
2347 2098 2431 2122 ‘mm'

1342 2181 1413 2211 rae;
1432 2170 1674 2204 Proverbiorum
1690 2179 1773 2203 nono
1787 2170 1831 2202 ¹⁸:
1854 2183 1870 2199 «
1882 2170 2038 2212 Sapientia
2052 2170 2227 2204 aedificavit
2242 2169 2302 2203 sibi

1341 2225 1481 2263 domum,
1505 2223 1624 2256 excidit
1638 2223 1801 2256 columnas
1817 2227 1948 2265 septem.
1966 2223 2139 2256 Immolavit
2160 2222 2303 2257 victimas

1342 2286 1433 2316 suas,
1457 2276 1583 2309 miscuit
1607 2276 1716 2309 vinum
1740 2279 1772 2309 et
1810 2276 1974 2318 proposuit
2008 2285 2158 2310 mensam.
2185 2276 2221 2309 Et
2243 2276 2302 2309 mi-

1343 2330 1383 2364 sit
1406 2329 1534 2363 ancillas
1558 2338 1647 2368 suas,
1672 2332 1708 2362 ut
1723 2332 1872 2362 vocarent
1886 2329 1923 2363 ad
1940 2338 2074 2364 arcem»
2097 2332 2157 2363 etc.
2181 2329 2224 2362 Ad
2240 2329 2301 2362 hoc

1343 2382 1521 2417 convivium
1544 2386 1708 2415 vocantur
1738 2391 1865 2422 omneS,
1889 2383 1944 2425 qui
1968 2386 2122 2416 vocantur
2144 2381 2184 2415 ad
2207 2382 2302 2415 fidem

1343 2445 1400 2478 per
1424 2434 1566 2468 veritatis
1596 2434 1877 2476 praedicationem3
1908 2436 2055 2469 Matthaei
2078 2434 2230 2478 vigesimo
2252 2443 2302 2468 se-

1343 2488 1446 2522 cundo
1461 2488 1504 2519 ¹4:
1533 2500 1549 2516 α
1562 2487 1643 2520 Misit
1666 2496 1774 2521 servos
1789 2497 1863 2522 suos
1880 2498 1993 2522 vocare
2017 2488 2164 2521 invitatos
2178 2487 2219 2521 ad
2240 2496 2301 2521 nu-

1343 2541 1424 2584 ptias
1439 2554 1470 2573 ».
1495 2559 1539 2564 -
1562 2540 1611 2573 Sic
1645 2540 1766 2574 invitati
1800 2541 2013 2574 discumbunt
2034 2544 2066 2574 et
2092 2540 2449 2576 manducantoumsium

1344 2603 1399 2636 per
1423 2593 1602 2626 divinorum
1626 2593 1797 2626 verborum
1832 2598 1863 2627 et
1886 2594 2091 2636 mysticorum
2120 2595 2300 2635 perscruta·
2323 2574 2449 2623 ῗ-Ῡεῖἓὲἲέοἷ-

1344 2646 1459 2679 tionem
1485 2649 1516 2679 et
1539 2645 1791 2679 ruminationem.
1816 2647 1849 2679 In
1873 2646 1964 2680 cuius
1987 2646 2110 2688 signum
2135 2645 2225 2678 cibus
2248 2645 2300 2677 ille

1344 2698 1485 2732 caelestis
1508 2701 1637 2731 vocatus
1659 2701 1706 2731 est
1728 2708 1856 2732 manna
1888 2698 1985 2732 Exodi
2009 2698 2130 2731 decimo
2159 2699 2250 2731 sexto
2264 2696 2300 2737 ¹⁶,

1344 2866 1423 2892 supra
1442 2865 1504 2891 pag.
1524 2858 1574 2884 317
1583 2878 1590 2890 ,
1609 2861 1669 2885 note
1683 2858 1728 2891 4.).
1743 2857 1817 2885 Unde
1829 2857 1986 2884 huiusmodi
1997 2857 2141 2891 quaerunt.
2154 2856 2203 2882 Pro
2215 2861 2304 2882 exem·

1340 2903 1388 2938 plo
1407 2904 1429 2929 D
1447 2903 1611 2937 ememplum.

1414 2945 1425 2961 ⁹
1445 2947 1546 2973 Scilicet
1564 2946 1705 2974 ordinaria
1725 2946 1766 2980 (ex
1785 2946 1876 2979 Beda).

1415 2989 1438 3006 ¹⁰
1458 2992 1531 3017 Vei-s.
1549 2991 1575 3017 7.
1593 3005 1629 3011 —
1647 2990 1765 3017 Subinde
1782 2991 1909 3022 allegatur
1928 2990 2015 3015 Matth.
2034 2990 2083 3020 22,
2103 2990 2130 3015 2.
2148 3001 2185 3008 —
2202 2987 2303 3020 Duplex

1343 3035 1470 3068 expositio
1488 3035 1647 3069 nuptiarum
1665 3038 1705 3062 est
1716 3034 1863 3061 secundum
1876 3035 2001 3066 Gregor.,
2015 3033 2041 3059 ll.
2055 3032 2150 3059 11011111.
2162 3032 2189 3058 111
2202 3033 2302 3064 Evang.

1344 3079 1435 3106 homil.
1452 3080 1497 3105 38.
1515 3087 1541 3105 n.
1560 3079 1586 3105 3.

1416 3121 1437 3137 ¹²
1458 3123 1553 3148 Psalm.
1574 3123 1620 3153 18,
1638 3122 1663 3147 6.

1416 3164 1438 3181 ¹⁹
1457 3167 1531 3192 Vers.
1551 3167 1594 3193 32.
1612 3179 1648 3185 —
1665 3166 1756 3192 Glossa
1774 3163 1958 3191 interlinearis
1977 3163 2019 3196 (ex
2032 3163 2128 3196 Bedu):
2148 3162 2216 3190 Cum
2235 3161 2304 3189 invi-

1344 3211 1416 3237 tatus
1435 3209 1520 3243 fueris
1532 3209 1570 3235 ad
1582 3208 1706 3243 nuptias,
1725 3209 1841 3241 nuptiae,
1859 3207 1954 3235 Christi
1966 3210 1992 3234 et
2004 3207 2133 3233 Ecclesiae
2145 3205 2301 3233 coniunctio.

1416 3252 1438 3268 ¹¹
1458 3254 1531 3279 Vers.
1556 3254 1577 3279 1.
1597 3260 1685 3286 seqq.‚
1706 3252 1751 3279 ubi
1770 3255 1829 3285 post
1847 3258 1970 3278 mensam
1983 3252 2040 3278 Vat.
2055 3257 2115 3277 cum
2135 3251 2246 3283 Vulgata
2259 3250 2303 3276 ad-

1345 3298 1383 3324 dit
1400 3304 1490 3325 suam.

1415 3340 1438 3356 ¹⁴
1459 3342 1531 3367 vers.
1550 3341 1576 3367 3.

1416 3384 1438 3400 ¹⁶
1458 3386 1533 3411 Vers.
1553 3385 1600 3410 ⁴5:
1619 3383 1723 3411 Manlau
1741 3383 1790 3417 [ita
1814 3386 1840 3410 et
1859 3383 1952 3417 Vat.]⁴l
1972 3382 2044 3417 quod
2061 3381 2211 3416 siqnificat:
2232 3380 2304 3414 Quid

1344 3431 1383 3456 est
1402 3429 1474 3456 hoc?
1494 3443 1528 3447 —
1547 3428 1669 3461 Sequitur
1689 3428 1770 3454 Levit.
1791 3428 1838 3460 11,
1858 3428 1901 3453 26.
1922 3441 1955 3445 —
1973 3427 2121 3457 cni-yson,
2146 3425 2240 3451 Homil.
2260 3424 2303 3451 4⁴.
