2427 3872
284 256 348 287 778

578 298 631 323 101)

283 342 394 368 debetur
407 342 475 367 Patri
489 342 530 367 Vll
546 341 595 366 442
610 342 643 366 50
659 356 689 359 -
705 342 731 366 111
746 341 815 366 finali
825 341 921 366 iudicio

283 390 398 418 potestas
417 386 551 412 iudiciaria
572 386 619 411 erit
638 386 663 410 in
694 386 767 410 Patre
792 388 920 418 quantum

282 431 315 456 ad
335 430 493 462 principium
523 429 694 459 causalitatis,
714 429 740 454 in
760 429 822 454 Filio
840 436 921 461 quan-

282 478 338 500 tum
358 474 390 500 ad
410 474 578 506 privilegium
598 473 776 504 excellentiae,
796 473 820 498 in
839 473 922 504 Ange-

282 519 313 544 lis
338 521 468 551 quantum
496 518 529 543 ad
556 517 727 542 ministerium
756 517 921 542 obedientiae

282 563 332 588 229
355 562 381 587 41
458 558 459 561 ’

334 620 369 625 -
389 613 467 631 00106
485 606 547 631 Filio
566 605 711 637 specialiter
738 604 849 631 debetur
878 605 919 630 Vll

282 650 332 676 442
353 650 386 676 50
408 664 441 668 -—
460 650 577 676 Christus
597 650 645 675 erit
664 650 741 675 iudex
766 649 859 680 iustus,
878 650 920 675 lux

280 702 358 725 vera,
377 700 481 720 summe
500 694 586 720 bonus
615 694 665 719 352
685 694 718 719 58
739 708 772 712 --
796 694 921 719 convenit

280 739 358 764 etiam
377 739 440 764 Filio
454 739 600 770 incarnato,
613 739 661 764 sed
674 745 726 763 non
740 738 838 763 homini
852 745 920 770 puro

283 784 313 808 Vl
334 784 384 809 3t3
405 783 438 809 55
457 797 492 802 -
512 784 626 808 Potestas
643 783 801 808 auctoritatis
815 783 839 808 in
852 783 921 808 iudi-

280 828 365 853 cando
384 830 423 853 est
441 828 520 853 totius
538 827 683 859 Trinitatis,
703 827 838 852 ministerii
855 833 919 852 vero

280 872 334 897 Filii
364 872 507 897 secundum
544 873 686 896 humanam
711 875 830 896 naturam
858 870 921 897 ibid.

280 930 315 935 -
334 916 492 941 Examinatio
516 916 540 941 111
566 916 662 941 iudicio
687 916 721 941 ad
747 923 839 941 omnes
865 923 921 947 per-

281 962 352 991 tinet,
378 959 536 992 approbatio
555 961 597 985 vel
616 959 767 992 reprobatio
786 960 820 985 ad
840 961 921 991 perse-

281 1008 349 1035 ctos,
369 1005 485 1030 definitio
505 1009 544 1029 est
563 1004 643 1029 solius
662 1004 716 1029 Filii
735 1003 767 1029 ib.
783 1004 815 1029 56
830 1018 864 1022 —
878 1004 921 1029 Pa-

280 1052 319 1074 ter
338 1049 427 1074 tribuit
446 1049 507 1074 Filio
528 1049 663 1080 iudicium,
678 1051 706 1073 ut
722 1048 841 1074 ostendat
860 1055 921 1073 eum

280 1093 330 1118 sibi
359 1093 495 1126 aequalem
515 1096 540 1118 et
559 1099 642 1125 aeque
667 1092 849 1118 honorandum
870 1092 920 1116 309

281 1137 313 1162 40
344 1151 379 1156 -
416 1137 493 1162 Filius
523 1137 621 1162 iudicat
651 1144 697 1168 per
728 1137 922 1162 condemnatio-

280 1189 350 1213 nem,
369 1185 394 1206 et
413 1182 486 1206 Pater
506 1188 553 1212 per
571 1181 756 1206 discretionem
771 1180 822 1205 372
836 1181 869 1205 88
885 1195 920 1198 -

279 1226 356 1251 Filius
370 1225 416 1250 Dei
429 1228 514 1257 potest
526 1225 603 1250 simul
617 1225 734 1250 iudicare
747 1228 772 1249 et
782 1224 921 1255 testificari,

280 1270 342 1302 quia
361 1270 403 1295 lux
422 1272 461 1295 est
481 1270 531 1294 360
552 1269 584 1294 27
604 1284 638 1287 -
656 1269 734 1294 Filius
760 1276 811 1293 non
830 1275 922 1293 omnes

280 1314 418 1345 iudicabit,
431 1314 477 1339 sed
498 1314 580 1338 malos
600 1314 650 1338 312
672 1313 714 1343 52,
734 1313 766 1338 53
780 1327 815 1331 -
829 1313 921 1338 Sermo

279 1358 372 1384 Christi
391 1358 490 1383 iudicat
507 1360 660 1390 spernentes
679 1357 730 1382 423
751 1357 783 1381 67

333 1417 367 1421 -
381 1402 472 1428 010015
487 1404 566 1427 homo
581 1401 738 1427 iudicabitur
753 1402 784 1426 Vt
800 1402 833 1427 35
848 1409 872 1426 v.
888 1401 920 1426 17

281 1462 314 1465 -
336 1448 404 1472 Deus
424 1446 549 1472 iudicabit
576 1447 609 1472 de
638 1446 761 1471 omnibus
788 1446 838 1471 445
859 1453 883 1470 v.
906 1446 920 1471 4

280 1506 315 1510 —
335 1492 404 1517 Deus
424 1491 511 1516 omnia
532 1490 657 1516 iudicabit
676 1490 711 1515 ob
725 1490 848 1516 iustitiam
869 1491 914 1515 361

280 1537 313 1561 36
333 1549 368 1554 --
386 1542 464 1560 omne
484 1542 568 1567 genus
582 1535 717 1560 hominum
732 1539 770 1560 est
783 1535 920 1560 discutien-

282 1580 346 1605 dum
367 1580 409 1605 vu
430 1580 479 1604 486
502 1579 534 1604 40
548 1594 582 1597 ——
596 1579 692 1605 iudicio
711 1579 878 1609 definitionis,
894 1582 920 1604 ut

281 1624 344 1650 dicit
363 1624 515 1649 sententiam
535 1624 624 1649 salutis
643 1627 668 1649 et
687 1630 795 1655 poenae,
822 1623 918 1648 iudica-

282 1669 379 1694 buntur
398 1675 503 1699 omnes;
524 1668 619 1693 iudicio
640 1668 804 1698 definitionis,
817 1670 844 1693 ut
856 1668 919 1693 dicit

281 1713 484 1743 damnationem,
504 1712 687 1737 iudicabuntur
700 1713 784 1737 solum
806 1712 866 1737 mali
887 1712 919 1737 Vl

282 1758 333 1783 313
348 1757 380 1782 57
395 1771 428 1776 --
443 1757 498 1782 Mali
512 1756 696 1782 iudicabuntur
710 1757 806 1782 iudicio
817 1757 922 1782 damna-

284 1802 360 1827 tionis
380 1802 430 1826 312
451 1802 483 1826 53

335 1860 370 1865 -
389 1847 414 1871 111
433 1846 529 1871 iudicio
548 1852 600 1870 non
621 1848 720 1870 tantum
749 1845 920 1870 discutientur

284 1891 364 1921 mala,
384 1890 464 1915 immo
484 1893 509 1915 et
529 1889 598 1915 bona
619 1890 651 1915 Vl
673 1890 705 1914 99
725 1897 750 1914 v.
767 1889 799 1914 14
819 1904 852 1907 -
873 1890 922 1914 Ae-

282 1935 368 1967 quitas
396 1935 485 1959 diviua
514 1934 642 1959 rationem
671 1933 756 1965 exiget
782 1933 815 1958 de
844 1933 920 1959 bonis

281 1979 426 2004 commissit
445 1982 469 2003 et
490 1978 522 2004 de
543 1978 616 2003 malis
644 1978 767 2008 dimissis,
787 1978 820 2003 de
845 1977 922 2003 bonis

281 2023 386 2048 omissis
399 2026 424 2048 et
437 2023 470 2048 de
484 2023 558 2048 malis
571 2022 726 2054 perpetratis
741 2022 781 2047 Vll
797 2022 847 2047 404
862 2022 876 2047 4
887 2036 922 2041 -—-

282 2068 374 2093 Divina
395 2068 512 2100 aequitas
532 2067 623 2099 puniet
637 2067 787 2099 ignorantes
800 2070 825 2091 et
839 2067 921 2092 multo

282 2112 372 2138 fortius
391 2112 554 2143 negligentes
584 2111 633 2136 484
654 2111 687 2136 34
707 2126 741 2128 —
761 2111 854 2136 Dixina
879 2117 922 2136 ae-

281 2157 367 2189 quitas
386 2157 493 2188 requirit
513 2156 635 2181 iustitiam
661 2156 739 2181 etiam
760 2155 793 2180 ab
812 2156 922 2181 infideli—

282 2200 331 2226 bus
351 2200 412 2226 ibid.
427 2215 462 2219 —
476 2201 546 2226 Deus
565 2207 616 2225 non
636 2200 751 2232 requiret
770 2200 855 2225 solum
875 2200 921 2225 do-

282 2252 358 2275 num,
378 2245 450 2277 quod
470 2245 555 2277 dedit,
577 2251 670 2270 verum
697 2244 773 2269 etiam
795 2246 921 2276 fructum,

281 2296 361 2322 quem
382 2297 412 2314 ex
425 2289 495 2314 dono
509 2289 668 2320 exspectavit
689 2289 739 2314 485
758 2289 790 2314 36
804 2303 839 2307 -
854 2289 922 2314 Deus

283 2336 391 2366 quaeret
409 2336 434 2358 et
454 2333 487 2358 de
507 2332 646 2358 arboribus
666 2334 778 2358 fructum
793 2336 818 2358 et
830 2333 864 2358 de
877 2340 923 2364 pe-

282 2378 357 2403 cunia
377 2377 502 2409 spirituali
524 2384 616 2402 usuras
635 2377 697 2403 ibid.

335 2437 369 2439 —
395 2422 539 2447 Damnatus
567 2429 674 2447 necesse
699 2421 777 2447 habet
805 2421 922 2446 tribulari

283 2470 390 2497 propter
409 2466 582 2491 calamitatem
602 2467 626 2491 in
647 2466 777 2497 supplicio
804 2466 844 2491 Vll
872 2466 922 2491 354

285 2511 317 2535 63
337 2525 371 2527 —
392 2511 418 2535 111
439 2510 533 2537 iudicio
560 2510 586 2535 tit
615 2510 742 2535 discussio
768 2517 878 2542 operum
898 2513 923 2535 et

283 2550 471 2585 cogitationum
492 2554 541 2579 379
562 2555 594 2579 63
614 2568 649 2573 -—
669 2555 722 2579 Non
743 2558 781 2579 est
800 2562 921 2580 securum

284 2605 343 2623 cum
365 2599 418 2623 Deo
439 2598 596 2623 contendere
616 2599 640 2623 in
661 2599 756 2624 iudicio
770 2598 831 2625 ibid.
845 2613 880 2617 —
896 2600 922 2623 ln

286 2642 381 2667 iudicio
402 2643 487 2667 futuro
507 2650 558 2667 1100
579 2646 704 2673 arguetur
728 2643 811 2667 solum
831 2649 922 2667 secun-

285 2686 350 2711 dum
370 2687 480 2716 samam,
500 2686 545 2711 sed
572 2686 717 2711 secundum
738 2686 922 2711 conscientiam

286 2730 335 2755 404
357 2730 370 2755 4
392 2744 425 2747 —
445 2730 629 2762 Unusquisque
654 2730 733 2755 debet
757 2730 868 2755 reddere
887 2736 924 2754 10-

285 2775 381 2799 11011001
401 2781 464 2799 suae
484 2774 645 2799 villicationis
665 2773 726 2799 ibid.
751 2788 784 2791 —
809 2774 924 2804 Exigitur

287 2818 351 2843 ratio
371 2818 448 2843 etiam
469 2818 502 2843 (16
522 2821 654 2843 momento
681 2818 807 2849 temporis
827 2817 887 2843 ibid.

343 2876 375 2880 —
397 2864 439 2887 liet
458 2862 604 2887 secundum
624 2862 718 2887 librum
734 2862 802 2887 vitae
817 2862 857 2887 Vll
873 2862 923 2886 263

290 2906 322 2931 34
344 2921 376 2924 —
397 2907 421 2931 ln
443 2906 538 2931 iudicio
568 2906 611 2931 1101
630 2906 729 2938 apertio
748 2906 875 2931 librorum
901 2909 925 2931 61

287 2950 440 2981 ponderatio
460 2951 613 2976 meritorum
637 2954 662 2975 et
681 2951 867 2976 demeritorum
888 2957 925 2975 se-

287 2994 403 3019 cundum
424 2995 646 3026 comparationem
663 2996 788 3019 sactorum
803 2995 836 3019 ad
851 2994 925 3019 ratio-

287 3046 332 3063 nes
352 3039 528 3064 faciendorum
551 3039 595 3064 481
620 3039 653 3063 24

340 3097 375 3101 -
403 3084 429 3107 ln
458 3083 554 3108 iudicio
581 3090 659 3108 omne
687 3083 869 3108 absconditum
900 3086 926 3107 et

288 3130 409 3158 opertum
429 3127 587 3152 revelabitur
608 3128 650 3152 Vll
670 3128 703 3152 62
722 3127 755 3151 78
776 3141 810 3145 -
830 3127 877 3151 Per
891 3128 926 3151 su-

289 3175 374 3196 10111111
389 3171 514 3196 iudicium
529 3178 606 3196 omne
621 3171 718 3196 11011010
730 3172 860 3196 0000111110
875 3178 927 3196 100-

288 3214 453 3240 uisestabitur
478 3215 524 3239 l96
545 3216 578 3240 25
598 3229 631 3232 —
652 3216 698 3240 Per
718 3216 833 3240 futurum
861 3215 926 3240 iudi-

289 3260 358 3284 cium
388 3266 465 3284 omne
493 3263 629 3290 peccatum
650 3260 691 3284 vel
721 3259 827 3289 malum,
853 3260 925 3291 quod

289 3304 369 3328 homo
384 3302 491 3328 libenter
505 3302 655 3333 abscondit,
669 3302 827 3328 revelabitur
846 3302 879 3328 ib.
893 3304 926 3328 26

289 3361 323 3364 -
340 3347 364 3371 ln
378 3347 474 3372 iudicio
487 3347 574 3372 omnia
590 3347 663 3379 mala,
683 3351 927 3379 quantumcumque

290 3391 404 3421 occulta,
423 3391 484 3416 ssent
511 3391 644 3416 manifesta
664 3394 784 3422 respectu
810 3391 882 3416 visus
902 3394 927 3416 et

1148 253 1262 286 INDEX
1288 253 1414 286 RERUM

960 341 1064 367 auditus
1083 342 1129 366 3tt
1163 342 1179 367 5
1198 356 1233 359 -
1252 342 1420 367 Manifestatio
1450 342 1474 367 in
1503 342 1598 368 iudicio

959 385 1002 410 fiet
1022 392 1068 417 per
1087 385 1219 411 Christum
1240 385 1273 411 ib.
1291 386 1309 410 7
1321 400 1355 404 -
1369 386 1492 421 Omnium
1516 391 1597 417 opera

959 432 983 454 et
1002 429 1172 460 cogitationes
1185 429 1308 455 omnibus
1324 430 1410 461 palam
1430 430 1597 455 ostendentur

959 473 1005 498 481
1030 473 1063 498 24

1012 532 1044 535 -
1064 518 1089 542 111
1110 517 1256 549 praesentia
1276 518 1368 543 iudicis
1393 525 1515 543 securum
1536 525 1598 543 con-

958 561 1048 587 sistere
1067 565 1106 587 est
1119 568 1240 587 summae
1252 561 1420 588 beatitudinis
1439 563 1478 587 vll
1499 562 1549 587 539
1564 562 1597 587 58

958 619 993 624 —
1012 605 1120 631 Difficile
1139 609 1178 630 est
1197 606 1223 630 in
1243 610 1385 637 conspectu
1405 606 1509 632 Domini
1525 606 1598 631 iusti-

957 650 1030 675 ficari
1049 652 1157 682 propter
1182 650 1360 675 difficultatem
1380 651 1405 675 in
1432 651 1526 676 merito
1545 650 1596 676 354

958 694 990 719 63
1011 708 1045 712 -
1066 693 1229 726 impossibile
1247 697 1286 720 est
1303 695 1420 720 excusari
1440 697 1549 726 propter
1568 694 1598 719 ri-

957 738 1093 770 giditatem
1106 739 1132 763 in
1146 738 1243 764 iudicio
1256 737 1318 764 ibid.
1333 753 1365 756 —
1376 739 1431 764 Non
1445 738 1598 770 relinquitur

957 782 1088 807 excusatio
1108 782 1190 814 impio
1210 782 1259 807 497
1275 782 1307 807 68
1328 796 1363 801 -
1375 783 1466 807 Latere
1485 782 1534 807 erit
1553 781 1598 807 im-

957 826 1095 858 possibile,
1106 833 1234 858 apparere
1248 826 1408 851 intolerabile
1421 825 1483 852 ibid.
1492 840 1528 845 —
1537 826 1597 851 Pec-

958 874 1029 896 cator
1039 871 1217 896 circumdatur
1226 878 1240 896 a
1253 870 1418 896 multitudine
1431 870 1597 902 iniquitatum

958 916 1148 946 accusantium,
1160 918 1346 947 coangustatur
1357 916 1381 940 in
1393 915 1550 941 districtione
1564 916 1599 941 (11-

959 960 1080 985 vinorum
1095 960 1262 990 iudiciorum,
1273 960 1445 991 prosternitur
1458 960 1484 984 in
1503 960 1598 985 latione

958 1004 1159 1036 sententiarum,
1184 1004 1309 1029 evertitur
1329 1004 1354 1028 in
1379 1003 1519 1031 acerbitate
1539 1011 1598 1035 poe-

960 1055 1053 1073 narum
1073 1047 1134 1074 ibid.

1011 1106 1047 1111 —
1066 1093 1092 1117 ln
1111 1092 1179 1117 finali
1200 1092 1297 1118 iudicio
1317 1092 1395 1117 Filius
1415 1092 1527 1117 hominis
1540 1099 1600 1117 eru-

960 1136 1110 1162 bescentem
1137 1137 1197 1162 tacit
1224 1144 1285 1162 eum
1306 1137 1351 1169 qui
1378 1144 1446 1162 nune
1465 1136 1599 1162 erubuerit

959 1188 1034 1211 eum,
1056 1172 1246 1206 contemnendo
1265 1181 1322 1206 eius
1346 1188 1452 1206 crucem
1472 1184 1597 1214 tanquam

959 1225 1163 1257 ignominiosam
1183 1228 1209 1250 et
1232 1225 1288 1251 eius
1308 1225 1453 1251 doctrinam
1480 1226 1521 1250 Vll
1547 1226 1599 1250 229

960 1270 988 1295 41
1011 1284 1047 1289 -
1068 1271 1093 1295 10
1113 1270 1209 1295 iudicio
1229 1270 1422 1295 confundentur
1441 1269 1550 1301 superbi
1575 1273 1600 1295 et

959 1314 1140 1340 exaltabuntur
1163 1314 1274 1339 humiles
1299 1313 1362 1339 ibid.
1379 1328 1415 1333 —
1435 1315 1460 1339 ln
1487 1314 1547 1344 illis,
1573 1314 1598 1339 in

958 1358 1056 1391 quibus
1071 1359 1116 1384 fuit
1135 1359 1261 1384 securitas
1273 1361 1299 1384 et
1309 1358 1447 1390 gaudium,
1461 1358 1509 1383 erit
1522 1359 1599 1383 timor

958 1407 983 1429 et
1001 1404 1086 1429 luctus
1106 1403 1157 1429 534
1179 1403 1211 1428 44
1231 1418 1266 1421 -
1286 1404 1313 1428 111
1332 1403 1429 1428 iudicio
1454 1403 1600 1428 discernen-

959 1451 999 1473 tur
1019 1447 1081 1473 boni
1100 1455 1115 1473 a
1134 1448 1210 1473 malis
1227 1447 1261 1472 79
1281 1447 1313 1472 40

1010 1507 1045 1511 —-
1065 1499 1147 1524 grave
1160 1492 1279 1517 imminet
1291 1491 1517 1523 contemptoribus
1536 1492 1599 1517 iudi-

958 1537 995 1563 cis
1016 1538 1059 1562 Vll
1080 1537 1130 1562 329
1152 1537 1184 1561 66
1204 1550 1239 1555 —-
1260 1537 1285 1561 ln
1299 1536 1395 1562 iudicio
1415 1536 1520 1568 reprobi
1542 1536 1599 1561 alle-

958 1581 1059 1614 gabunt
1077 1581 1194 1606 notitiam
1214 1580 1307 1606 Christi
1325 1581 1376 1605 352
1396 1580 1429 1605 57
1449 1594 1484 1599 -
1504 1581 1598 1605 Parum

957 1626 1076 1657 allegatio
1096 1625 1253 1657 cognitionis
1275 1624 1373 1649 valebit
1397 1625 1452 1649 51116
1471 1624 1599 1656 allegatio-

958 1677 990 1695 ne
1010 1670 1160 1695 imitationis
1179 1672 1205 1694 et
1223 1669 1311 1700 operis
1330 1668 1362 1694 ib.
1384 1669 1416 1693 58
1438 1683 1471 1686 —
1490 1669 1545 1694 Non
1559 1676 1599 1694 co-

960 1717 1122 1746 gnoscuntur
1136 1714 1161 1739 in
1175 1713 1272 1739 iudicio
1285 1713 1330 1745 qui
1346 1714 1522 1738 characterem
1538 1713 1597 1738 fidei

959 1762 984 1784 et
1003 1758 1148 1784 (1116οῑ10015
1167 1765 1218 1783 000
1240 1757 1338 1783 habent
1356 1756 1420 1783 ibid.

1012 1817 1047 1821 —
1067 1803 1150 1827 Poena
1172 1803 1256 1827 sutura
1282 1801 1371 1827 iudicii
1393 1808 1472 1833 super
1494 1808 1539 1826 eos
1558 1808 1600 1825 ve-

960 1846 1024 1879 niet,
1044 1847 1090 1879 qui
1113 1849 1173 1872 sunt
1191 1849 1262 1871 extra
1288 1846 1426 1871 Ecclesiam
1447 1845 1541 1871 Christi
1558 1845 1600 1870 Vll

961 1891 1006 1916 441
1033 1890 1064 1915 48
1079 1906 1113 1908 -
1126 1890 1242 1922 Reprobi
1257 1889 1385 1916 videbunt
1399 1890 1422 1915 in
1443 1889 1540 1915 iudicio
1554 1890 1602 1914 hu-

964 1935 1114 1961 manitatem
1134 1934 1243 1964 Christi,
1262 1935 1308 1966 qui
1328 1935 1411 1959 Deum
1438 1934 1529 1959 videre
1548 1940 1601 1958 non

960 1983 1070 2012 possunt
1090 1980 1123 2004 Vl
1141 1980 1191 2004 3l2
1212 1979 1240 2004 51

1014 2039 1049 2042 —
1068 2024 1200 2055 Tempore
1220 2023 1303 2048 finalis
1323 2022 1410 2048 iudicii
1431 2022 1504 2048 multi
1527 2024 1603 2047 erunt

963 2069 1023 2094 mali
1044 2071 1069 2093 et
1088 2067 1240 2099 paucissimi
1260 2067 1322 2092 boni
1343 2067 1385 2092 Vll
1407 2066 1457 2091 443
1478 2066 1511 2091 52
1526 2067 1602 2091 —ln

961 2113 1029 2138 finali
1056 2112 1151 2138 iudicio
1176 2111 1341 2137 retrocedent
1369 2113 1395 2136 et
1417 2110 1604 2142 apostatabunt

960 2157 1064 2182 animae
1084 2156 1247 2181 effeminatae
1267 2156 1318 2181 445
1339 2155 1372 2181 55
1386 2156 1460 2180 —ln
1480 2155 1547 2180 finali
1563 2155 1603 2180 tri-

960 2201 1092 2227 bulatione
1111 2208 1162 2226 non
1181 2201 1266 2226 solum
1283 2200 1377 2226 cadent
1396 2199 1540 2231 simplices,
1562 2206 1603 2224 ve-

959 2253 1019 2271 rum
1039 2245 1117 2270 etiam
1143 2245 1222 2277 aliqui
1242 2245 1437 2276 contemplativi
1465 2247 1489 2269 et
1513 2244 1603 2276 magni

961 2289 1011 2315 446
1032 2290 1065 2315 58
1086 2303 1120 2308 —
1139 2290 1166 2314 ln
1186 2289 1256 2314 finali
1283 2288 1447 2314 tribulatione
1466 2288 1532 2314 tides
1551 2296 1602 2314 non

961 2334 1107 2359 invenietur
1126 2334 1152 2359 in
1172 2337 1239 2359 terra
1261 2333 1310 2358 452
1337 2334 1364 2357 12

1014 2378 1095 2403 —ln
1124 2378 1221 2403 iudicio
1250 2380 1325 2403 erunt
1347 2377 1403 2402 dies
1432 2376 1603 2402 tribulationis

961 2423 1122 2454 asperrimae
1142 2422 1184 2447 Vll
1210 2421 1260 2447 438
1281 2422 1313 2447 38
1334 2437 1368 2439 —
1388 2422 1543 2446 lmmineute
1565 2422 1603 2446 su-

961 2470 1019 2492 1010
1034 2466 1143 2497 iudicio,
1159 2465 1290 2491 instabunt
1310 2466 1489 2491 tribulationes
1502 2468 1526 2490 et
1541 2465 1603 2490 mul-

962 2514 986 2536 10
1007 2512 1074 2536 mala
1095 2511 1214 2542 exempla
1234 2513 1259 2535 et
1272 2510 1429 2535 documenta
1451 2509 1501 2535 444
1522 2509 1554 2534 54
1567 2523 1603 2527 -

962 2557 988 2580 10
1009 2556 1105 2581 iudicio
1131 2555 1205 2587 prius
1231 2555 1310 2580 corda
1335 2555 1471 2580 hominum
1495 2557 1520 2579 et
1545 2557 1603 2586 post

960 2600 1087 2624 elementa
1116 2598 1290 2624 turbabuntur
1319 2599 1369 2623 526
1400 2599 1432 2623 17
1451 2613 1486 2616 -
1506 2598 1603 2624 Sentie-

962 2651 1020 2668 mus
1040 2646 1167 2668 tormenta
1187 2643 1220 2668 de
1239 2643 1362 2668 omuibus
1382 2643 1522 2668 mundanis
1542 2649 1603 2673 gau-

962 2687 1012 2712 diis
1030 2686 1091 2712 ibid.
1111 2701 1147 2705 —
1167 2686 1374 2712 'l‘ribulabuutur
1388 2694 1481 2712 omnes
1498 2686 1548 2711 527
1570 2687 1602 2711 19

962 2744 997 2749 —
1017 2731 1068 2755 Erit
1088 2731 1236 2762 persecutio
1257 2731 1397 2762 impiorum
1422 2734 1511 2755 contra
1531 2731 1603 2755 viros

962 2775 1092 2805 perfectos
1112 2773 1172 2799 ibid.

1015 2832 1050 2836 —
1076 2817 1246 2849 Apparebunt
1275 2818 1298 2842 in
1329 2817 1501 2842 luminaribus
1528 2818 1602 2849 signa

963 2862 1154 2887 obscurationis
1176 2863 1216 2887 Vll
1237 2862 1288 2887 533
1308 2861 1335 2886 41
1360 2875 1394 2880 -
1413 2862 1461 2886 6111
1481 2861 1603 2887 horribile

965 2910 1072 2938 propter
1098 2906 1309 2931 obscurationem
1337 2906 1465 2931 luminum
1486 2905 1545 2931 ibid.
1569 2920 1603 2924 —

964 2951 1079 2982 Corpora
1109 2950 1242 2976 stellarum
1271 2951 1419 2975 caelestium
1449 2957 1499 2975 non
1524 2953 1604 2975 muta-

965 2994 1026 3019 bunt
1043 2995 1121 3019 situm
1142 2994 1287 3019 secundum
1303 2994 1487 3024 substantiam,
1507 2994 1555 3019 sed
1568 3001 1605 3019 se-

964 3039 1081 3064 cundum
1110 3038 1290 3070 apparentiam
1317 3037 1379 3063 ibid.
1396 3052 1432 3056 —
1460 3039 1478 3063 Λ
1509 3038 1604 3063 virtute

963 3083 1095 3108 stellarum
1111 3083 1295 3114 impressiones
1306 3082 1432 3113 plurimae
1443 3081 1605 3114 generabun-

964 3130 1004 3152 tur
1025 3126 1086 3152 ibid.
1104 3140 1139 3145 —
1159 3127 1251 3151 Stellae
1279 3126 1372 3151 cadent
1393 3127 1426 3151 de
1455 3127 1526 3151 caclo
1553 3126 1602 3151 536

965 3171 997 3195 47
1020 3185 1060 3198 -,
1072 3171 1124 3195 Erit
1142 3171 1258 3196 confusio
1278 3171 1396 3195 oninium
1416 3171 1603 3196 elementorum

965 3215 1016 3241 534
1037 3214 1069 3240 43
1080 3215 1151 3239 —In
1166 3215 1319 3240 confusione
1333 3214 1380 3239 erit
1394 3214 1492 3239 sonitus
1507 3214 1604 3240 terribi-

964 3259 994 3284 lis
1019 3258 1081 3285 ibid.
1100 3273 1133 3276 —
1154 3259 1258 3284 Sonitus
1281 3259 1470 3283 elementorum
1484 3259 1605 3290 designat

964 3303 1079 3328 sonitum
1100 3302 1220 3328 terribilis
1233 3303 1306 3328 vocis
1326 3302 1408 3333 ipsius
1429 3302 1521 3327 iudiCis
1541 3302 1602 3328 ibid.

964 3361 999 3366 —-
1018 3347 1142 3372 Homines
1167 3347 1192 3372 in
1220 3346 1335 3372 adventu
1365 3346 1457 3371 iudicis
1482 3346 1604 3372 dicuutur

964 3398 1082 3417 arescere
1102 3397 1166 3423 prae
1185 3390 1277 3416 timore
1298 3389 1331 3415 ib.
1351 3389 1383 3415 44

1924 300 1978 325 lUD

1690 356 1725 361 —
1744 343 1808 368 Ante
1828 343 1954 369 iudicium
1974 344 2037 369 nihil
2063 343 2208 371 remanebit
2227 345 2276 371 nisi

1637 387 1721 411 luctus
1750 387 1792 412 Vll
1822 387 1873 411 534
1903 387 1935 412 44
1955 401 1990 406 ——
2015 389 2048 413 Ex
2077 388 2276 414 conturbatione

1635 430 1755 456 omnium
1778 430 1889 456 virtutes
1917 432 2049 457 caelorum
2076 433 2276 459 contremiscent

1635 481 1688 500 non
1707 475 1800 500 timore
1819 482 1932 506 poenae,
1946 476 1991 501 sed
2006 477 2168 502 reverentiae
2181 480 2206 502 et
2219 478 2276 503 hor-

1635 526 1694 544 rore
1718 519 1826 544 divinae
1854 519 1983 545 vindictae
2008 519 2042 546 ib.
2073 520 2105 546 45
2124 522 2206 547 —In
2234 521 2275 547 illa

1635 562 1741 588 terribili
1765 563 1862 588 ultione
1881 564 1959 588 etiam
1981 564 2072 596 Angeli
2093 565 2229 596 pavebunt
2250 568 2276 591 et

1635 609 1764 632 terrentur
1778 607 1829 632 535
1844 607 1877 633 45
1887 621 1923 626 —
1933 608 2074 634 Terribiles
2084 609 2194 634 ministri
2203 616 2276 641 prae-

1635 651 1729 677 cedent
1754 651 1894 677 terribilem
1923 652 2065 678 Dominum
2094 652 2156 679 ibid.
2180 667 2216 672 —
2235 653 2273 679 Ad

1635 703 1729 721 vocem
1745 696 1837 721 iudic1s
1857 696 1981 722 obedient
1999 697 2087 722 omnia
2106 696 2168 723 ibid.

1689 754 1723 759 ——
1743 741 1818 766 Multa
1834 741 1898 765 mira
1915 741 2055 766 advenient
2074 744 2099 766 et
2117 741 2276 767 inenarrabi-

1635 785 1667 809 lia
1687 785 1730 810 Vll
1751 785 1802 810 535
1818 784 1850 809 47
1864 799 1898 802 —-
1912 785 1981 810 Mare
1994 792 2022 810 se
2035 785 2118 817 eriget
2131 792 2210 817 super
2223 785 2275 811 alti-

1635 829 1752 854 tudinem
1765 829 1894 854 montium
1913 828 1974 855 ibid.
1988 843 2023 848 —
2036 830 2105 854 Mare
2123 829 2276 861 descendet,

1635 876 1664 898 ut
1682 873 1725 898 vix
1745 873 1828 899 videri
1843 873 1925 905 possit
1943 873 2003 899 ibid.
2023 887 2059 892 —-
2079 874 2180 899 86110οο
2200 874 2275 909 mari-

1635 924 1685 942 nae
1704 918 1875 943 ascendentes
1894 924 1974 949 super
1994 924 2067 943 mare
2086 917 2186 943 dabunt
2204 918 2276 950 rugi-

1636 964 1678 986 tus
1697 968 1782 993 usque
1801 962 1835 987 ad
1854 962 1969 992 caelum,
1990 962 2064 994 quasi
2084 963 2199 987 futurum
2221 969 2275 987 nar-

1636 1008 1722 1031 rantes
1742 1005 1867 1031 iudicium
1888 1005 1949 1032 ibid.
1962 1019 1997 1024 -
2010 1006 2084 1038 Aqua
2099 1005 2202 1032 ardebit
2214 1005 2276 1033 ibid.

1635 1064 1670 1067 —
1689 1049 1791 1075 Herbae
1810 1053 1836 1075 et.
1859 1049 1967 1075 arbores
1987 1049 2086 1075 dabunt
2104 1057 2192 1076 rorem
2217 1057 2277 1076 san-

1636 1094 1763 1125 guineum
1790 1093 1851 1120 ibid.
1874 1108 1905 1112 —
1924 1095 2010 1119 Ruent
2028 1094 2145 1120 aedificia
2161 1093 2223 1120 ibid.
2242 1108 2277 1114 —

1637 1139 1727 1163 Petrae
1745 1138 1898 1163 collidentur
1917 1138 1951 1163 ad
1972 1138 2082 1163 invicem
2096 1137 2157 1164 ibid.
2176 1153 2211 1157 —
2223 1131 2278 1165 Fiet

1637 1182 1766 1214 generalis
1786 1185 1958 1207 terraemotus
1977 1181 2037 1207 ibid.
2057 1197 2092 1200 —-
2105 1183 2186 1208 Terra
2199 1183 2278 1208 adae—

1637 1225 1760 1259 quabitur
1780 1225 1841 1252 ibid.
1860 1240 1895 1245 —
1914 1226 2039 1251 Homines
2061 1225 2168 1252 exibunt
2186 1227 2219 1252 de
2238 1234 2278 1253 ca-

1637 1271 1726 1296 vernis
1742 1271 1797 1296 suis
1815 1271 1887 1296 velut
1906 1275 2022 1296 amentes
2041 1274 2066 1296 et
2084 1278 2136 1296 non
2156 1274 2278 1302 poterunt

1637 1314 1688 1340 sibi
1707 1315 1778 1347 loqui
1799 1318 1890 1340 mutuo
1910 1322 1972 1346 prae
1992 1317 2098 1346 stupore
2118 1314 2277 1341 mirabilium

1638 1359 1698 1386 ibid.
1712 1374 1747 1378 —
1762 1360 1919 1392 Aperientur
1929 1360 2047 1392 sepulcra
2062 1363 2087 1385 et
2099 1359 2205 1385 stabunt
2217 1367 2277 1386 ossa

1639 1411 1720 1436 super
1739 1411 1769 1429 ea
1789 1403 1850 1429 ibid.

1689 1463 1724 1468 —
1743 1449 1803 1474 DIes
1823 1448 1909 1474 iudicii
1929 1448 2020 1474 similis
2039 1451 2078 1473 est
2096 1448 2216 1474 incendio
2234 1449 2279 1474 So-

1637 1493 1777 1518 domorum
1799 1493 1839 1518 Vll
1867 1492 1917 1518 443
1941 1492 1968 1517 51
1994 1507 2028 1510 -
2048 1492 2155 1518 Ardebit
2177 1493 2279 1518 caelum

1636 1540 1662 1562 et
1680 1541 1762 1568 terra,
1781 1537 1807 1563 id
1827 1539 1866 1562 est
1884 1537 2038 1568 superficies
2057 1540 2140 1562 terrae
2168 1540 2194 1562 et
2212 1536 2279 1562 aeris

1637 1582 1687 1607 536
1718 1581 1749 1606 47
1771 1596 1803 1599 -
1824 1582 1878 1606 Fiet
1900 1582 2007 1607 >caelum
2036 1588 2135 1607 novum
2164 1584 2189 1606 et
2211 1584 2279 1607 terra

1636 1632 1706 1651 nova
1725 1625 1786 1651 ibid.
1806 1640 1840 1644 —
1860 1626 1985 1651 Homines
2004 1625 2156 1657 morientur,
2175 1627 2204 1650 ut.
2217 1632 2279 1651 cum

1638 1670 1747 1695 mortuis
1766 1672 1906 1701 resurgant
1924 1668 1987 1695 ibid.

1690 1728 1725 1732 --
1745 1714 1770 1739 ln
1799 1714 1841 1739 die
1869 1714 1958 1739 iudicii
1987 1713 2115 1738 Dominus
2137 1713 2279 1739 descendet

1638 1758 1680 1783 Vll
1712 1758 1761 1783 443
1792 1758 1824 1783 52
1844 1772 1879 1776 —
1898 1757 2072 1783 Dies.iudicii
2101 1757 2195 1783 dicitur
2224 1757 2281 1783 dies

1638 1802 1778 1833 agnitionis
1797 1802 1886 1834 quoad
1905 1801 2002 1831 bonos,
2022 1801 2083 1834 quia
2105 1804 2166 1827 tunc
2185 1808 2199 1825 a
2226 1801 2280 1826 Deo

1639 1849 1828 1878 agnoscuntur,
1854 1845 1943 1878 quoad
1967 1846 2063 1877 malos,
2088 1846 2150 1878 quia
2178 1845 2280 1870 occulta

1639 1898 1730 1916 eorum
1751 1893 1957 1922 cognoscentur3
1977 1890 2065 1923 quoad
2080 1890 2166 1921 ipsum
2182 1890 2280 1920 Deum,

1639 1936 1700 1967 quia
1720 1942 1734 1960 a
1755 1935 1854 1961 Sanctis
1883 1937 2073 1966 cognoscetur3
2093 1934 2182 1967 quoad
2210 1933 2282 1959 Chri-

1639 1982 1708 2004 stum
1723 1979 1865 2010 hominem,
1884 1979 1945 2011 quia
1960 1981 2022 2004 tunc
2035 1985 2049 2003 a
2070 1978 2171 2003 cunctis
2190 1980 2281 2010 aperte

1640 2022 1786 2055 videbitur3
1806 2023 1895 2055 quoad
1916 2023 2003 2054 ipsum
2025 2023 2163 2053 mundum,
2183 2022 2207 2047 in
2227 2028 2281 2054 quo

1642 2070 1702 2093 tunc
1722 2067 1784 2092 nihil
1803 2066 1892 2092 latebit
1916 2067 1957 2092 vel
1977 2066 2153 2092 abscondetur
2175 2066 2208 2092 Vl
2229 2066 2275 2091 131

1641 2119 1667 2137 v.
1688 2112 1734 2143 18,
1757 2112 1787 2136 19
1800 2126 1835 2129 -
1848 2111 1943 2142 Finalis
1963 2111 2093 2136 tribulatio
2112 2111 2207 2136 dicitur
2224 2110 2281 2136 dies

1642 2159 1750 2188 propter
1769 2155 1851 2187 ipsius
1865 2155 1958 2181 iudicis
1970 2156 2156 2180 revelationem
2171 2155 2214 2180 Vll
2229 2154 2280 2180 446

1641 2200 1673 2225 58
1693 2215 1728 2218 -
1748 2200 1842 2225 dicitur
1869 2206 1919 2224 nox
1948 2201 2055 2231 propter
2083 2198 2281 2224 tribulationum

1642 2244 1839 2270 horribilitatem
1862 2242 1924 2269 ibid.
1945 2257 1980 2262 —
2000 2243 2090 2268 ludicii
2109 2246 2214 2275 tempus
2233 2243 2282 2268 erit

1642 2288 1809 2314 tenebrosum
1830 2288 1861 2313 Vl
1883 2288 1911 2312 9i
1934 2295 1958 2312 v.
1979 2288 1993 2312 8

1694 2347 1730 2352 —
1749 2333 1839 2358 ludicii
1859 2333 1932 2357 locus
1954 2332 2142 2357 determinatus
2161 2338 2212 2357 non
2234 2331 2282 2357 sci-

1641 2380 1683 2402 tur
1703 2377 1744 2402 Vll
1766 2377 1815 2401 438
1837 2376 1869 2402 37
1890 2391 1924 2394 -
1953 2376 2081 2401 Dominus
2104 2383 2156 2401 non
2182 2376 2230 2401 erit
2255 2376 2282 2400 111

1641 2425 1720 2453 terra,
1737 2421 1783 2446 sed
1797 2421 1883 2452 potius
1902 2421 1928 2446 in
1947 2421 2007 2446 aere
2026 2420 2087 2446 ibid.
2106 2420 2233 2446 ——ludex
2256 2420 2281 2445 in

1641 2466 1736 2492 iudicio
1760 2464 1897 2497 apparebit
1919 2465 1985 2490 sicut
2005 2465 2091 2496 fulgur
2117 2465 2166 2490 439
2194 2464 2226 2489 42
2246 2478 2281 2483 -

1640 2510 1775 2542 Apparitio
1800 2509 1893 2534 iudicis
1919 2509 1966 2534 erit
1986 2509 2135 2539 manifesta,
2161 2507 2281 2534 terribilis

1640 2557 1665 2580 et
1684 2554 1819 2585 repentina
1840 2552 1900 2579 ibid.

1696 2613 1728 2616 —
1748 2599 1775 2623 ln
1803 2597 1846 2623 (116
1866 2597 1952 2622 iudicii
1982 2597 2025 2622 siet
2050 2597 2173 2622 revelatio
2198 2597 2281 2629 ipsius

1641 2643 1735 2669 Christi
1750 2644 1777 2667 ut
1791 2641 1933 2667 salvatoris
1952 2645 2073 2672 respectu
2093 2641 2234 2672 bonorum,
2254 2644 2282 2666 ut

1642 2687 1734 2713 iudicis
1752 2689 1872 2717 respectu
1898 2686 2026 2710 malorum
2052 2685 2094 2710 Vll
2123 2685 2173 2710 443
2194 2685 2222 2710 51
2248 2699 2281 2703 —

1641 2733 1666 2757 111
1687 2731 1755 2756 110011
1776 2730 1873 2755 iudicio
1893 2729 2015 2754 subditus
2033 2730 2082 2754 erit
2101 2729 2187 2754 omnis
2207 2736 2282 2754 mun-

1641 2776 1691 2800 dus
1710 2775 1763 2799 Deo
1783 2774 1833 2798 280
1858 2774 1887 2798 12
1907 2787 1941 2791 -
1961 2773 2017 2798 eius
2037 2773 2121 2804 figura
2141 2774 2173 2798 99
2195 2773 2228 2798 42
2245 2786 2281 2792 —

1641 2819 1734 2844 dicitur
1753 2818 1810 2842 dies
1829 2820 1853 2841 et
1873 2823 1956 2841 annus
1975 2816 2152 2842 retributionis
2172 2815 2232 2842 ibid.
2246 2830 2281 2835 —

1642 2862 1759 2887 Damnati
1780 2861 1813 2886 ad
1828 2861 1953 2886 iudicium
1968 2860 2074 2886 exibunt
2088 2861 2121 2886 (16
2135 2861 2235 2886 inferno
2249 2861 2281 2886 Vl

1644 2907 1693 2932 136
1723 2914 1748 2931 v.
1774 2906 1801 2930 19
1822 2920 1856 2922 -
1876 2905 1932 2930 Mali
1953 2912 2004 2929 nou
2024 2908 2133 2936 possunt
2152 2905 2282 2930 declinare

1642 2951 1767 2976 iudicium
1783 2950 1815 2974 66
1831 2957 1856 2974 v.
1871 2950 1884 2973 8
1899 2963 1933 2966 —
1948 2950 2069 2974 Peccator
2080 2949 2245 2974 confunditur
2255 2949 2280 2973 111

1642 2995 1778 3026 culparum
1794 2994 1972 3024 discussione,
1986 2993 2087 3018 eiicitur
2101 2993 2126 3018 111
2139 2993 2281 3018 sententiae

1642 3038 1867 3071 promulgatione,
1882 3037 1987 3069 punitur
2008 3036 2031 3061 in
2045 3037 2188 3062 sentcntiae
2208 3043 2279 3062 exse-

1642 3083 1746 3108 cutioue
1766 3082 1816 3106 617
1838 3083 1852 3107 3

1694 3140 1729 3144 -
1749 3126 1838 3151 ludicii
1852 3124 1987 3150 retributio
2001 3125 2049 3149 crit
2072 3124 2281 3155 correspondens

1642 3169 1768 3202 operibus
1797 3170 1881 3195 meriti
1909 3169 2054 3194 secundum
2080 3168 2281 3200 quadruplicem

1642 3214 1814 3239 differentiam
1834 3217 1907 3239 actus
1925 3213 1967 3238 Vll
1989 3212 2038 3237 158
2060 3212 2091 3236 86
2106 3226 2140 3230 —
2155 3212 2223 3237 Deus
2246 3211 2281 3236 iu-

1643 3257 1740 3283 dicabit
1765 3258 1883 3283 homines
1909 3256 2054 3282 secundum
2080 3262 2159 3287 opera
2187 3255 2220 3280 Yl
2246 3254 2280 3279 35

1643 3309 1668 3327 v.
1689 3302 1721 3326 17
1742 3316 1774 3319 -
1789 3301 1947 3327 iudicabitur
1967 3302 2046 3325 homo
2061 3307 2112 3325 nou
2132 3299 2279 3325 secundum

1643 3345 1851 3377 magnitudinem
1865 3344 2033 3376 cognitionis,
2046 3344 2094 3369 sed
2105 3343 2280 3369 fortitudinem

1642 3389 1729 3422 operis
1750 3389 1790 3415 Vll
1812 3389 1862 3414 352
1883 3389 1915 3414 58
