2476 3921
166 1708 225 1732 Item,
241 1709 264 1728 ul.
278 1707 301 1728 il-

180 1734 292 1755 luminans.

154 2507 214 2537 item,
230 2508 254 2527 ul.
268 2506 299 2527 di-

194 2538 275 2559 rigens.

324 233 366 265 432

322 321 391 353 eius
414 321 444 353 in
470 320 684 352 remissionem
709 323 928 361 peccatorum,
952 329 1033 362 quae
1068 321 1195 362 quidem
1219 321 1278 353 suit

318 383 380 415 pei·
402 373 529 405 viscera
553 372 803 405 misericordiae
829 373 905 411 Dei,
930 381 1011 415 quae
1034 374 1208 406 accelerant
1232 373 1278 406 di-

322 426 425 458 vinam
449 426 657 467 praesentiam
689 425 719 457 in
755 435 866 469 carne,
890 426 921 458 in
946 435 1010 468 qua
1031 436 1091 458 nos
1118 427 1275 459 visitavit.

330 479 459 510 Viscera
482 478 732 511 misericordiae
755 482 829 511 sunt
852 479 947 511 nimia
981 478 1105 512 dilectio
1128 483 1159 512 et
1182 479 1297 512 nimia·

320 531 508 573 compassio;
541 532 579 564 ad
613 533 760 574 Ephesios
791 532 971 565 secundo1:
1009 546 1024 560 «
1041 533 1125 565 Deus
1155 535 1276 572 autem,

319 585 373 626 qui
398 585 484 617 dlves
507 588 555 618 est
578 585 609 617 in
633 585 863 624 misericordia,
892 589 1022 627 propter
1045 586 1171 618 nimiam
1187 581 1277 618 'cari-

320 641 413 671 tatem
440 647 547 677 suam,
572 648 635 681 qua
659 639 770 671 dilexit
793 648 867 677 nos,
890 643 921 671 et
938 648 1011 671 cum
1027 648 1169 671 essemus
1192 648 1277 671 mor-

319 691 364 723 tui
389 691 538 733 peccatis,
563 691 791 723 conviviticavit
816 700 871 724 nos
896 691 1037 729 Christo,
1062 692 1154 724 cuius
1177 692 1278 733 gratia

319 744 427 776 salvati
452 744 526 777 estis
543 756 574 783 »;
599 748 629 777 et
654 744 748 776 Isaiae
772 745 968 786 sexagesimo
993 744 1102 777 tertio:
1125 757 1140 772 «
1159 744 1211 777 Ubi
1230 749 1277 777 est

319 797 488 829 multitudo
504 797 661 829 viscerum
681 801 807 829 tuorum
824 800 855 829 et
873 797 1109 830 miserationum
1127 801 1277 830 tuarum?

319 852 420 892 Super
445 859 493 883 me
516 850 741 883 continuerunt
764 859 797 883 se
813 864 843 882 ».
870 852 905 883 At
929 854 1093 893 postquam
1112 851 1206 883 Filius
1222 851 1276 883 Dei

318 904 499 936 incarnatus
522 907 584 941 est,
608 904 803 936 verificatum
829 908 876 936 est
900 904 975 937 illud
999 904 1126 937 Genesis
1142 904 1278 946 quadra-

318 957 436 998 gesimo
471 958 588 989 te1=tio2
623 957 661 989 de
687 957 812 998 loseph:
843 949 1035 989 «Commota
1059 960 1133 989 sunt
1155 957 1278 990 viscera

319 1019 376 1042 sua
399 1019 497 1051 super
520 1010 618 1042 fratre
642 1019 700 1042 suo
717 1023 746 1041 ».
772 1010 814 1042 Ad
839 1010 930 1042 cuius
953 1010 1134 1051 exemplum
1159 1010 1197 1042 ad
1221 1010 1277 1042 Co-

319 1063 472 1095 lossenses
507 1063 616 1095 tertio:
646 1076 661 1090 «
680 1063 799 1095 induite
835 1063 916 1095 sicut
951 1063 1040 1095 electi
1073 1063 1126 1095 Dei
1157 1063 1278 1095 viscera

303 1116 564 1154 misericordiae,
581 1116 821 1157 benignitatem,
839 1116 1046 1148 humilitatem
1058 1142 1066 1154 ,
1083 1115 1278 1154 modestiam,

318 1169 497 1210 patientiam
516 1183 544 1200 ».
571 1169 627 1201 Per
651 1168 730 1201 haee
758 1166 887 1201 viscera
919 1169 1169 1201 misericordiae
1199 1169 1278 1201 visi-

318 1223 399 1254 lavit
422 1232 482 1254 nos
506 1223 615 1254 oriens
638 1232 677 1254 ec
702 1222 787 1260 alto;
813 1223 980 1255 Malachiae
1004 1223 1159 1264 quarto³:
1189 1222 1278 1254 «Vo-

318 1276 365 1308 bis
389 1276 572 1308 tImentibus
597 1285 708 1308 nomen
734 1285 839 1308 meum
864 1275 985 1308 orietur
1017 1276 1063 1307 sol
1087 1275 1224 1308 iustitiae
1248 1279 1279 1308 et

317 1330 432 1362 sanitas
457 1330 486 1361 in
513 1329 623 1371 pennis
646 1329 757 1368 eius»;
786 1333 817 1361 et
842 1329 1009 1361 Zachariae
1034 1332 1142 1361 sexto:
1172 1329 1278 1361 «Ecce

319 1384 377 1421 vir,
402 1384 512 1416 oriens
536 1392 648 1415 nomen
673 1383 742 1415 eius
759 1397 788 1414 ».
816 1384 866 1415 Ex
890 1382 976 1421 alto,
1001 1382 1175 1415 secundum
1201 1382 1278 1414 illud

318 1438 439 1469 Ioannis
463 1437 572 1470 tertio:
602 1437 693 1478 «Qui
718 1437 886 1469 desursum
919 1436 1004 1469 venit
1039 1444 1135 1477 super
1170 1444 1278 1468 omnes

317 1495 409 1523 est».
437 1491 467 1522 ln
492 1500 555 1532 quo
591 1490 670 1522 mira
701 1490 760 1522 suit
794 1490 950 1531 dignatio;
976 1490 1134 1522 Psalmus:
1165 1488 1279 1530 «Quid

317 1548 364 1576 est
388 1544 499 1582 homo,
523 1543 608 1585 quod
634 1552 754 1575 memor
778 1552 811 1575 es
842 1543 920 1580 eius,
945 1546 1000 1575 aut
1024 1542 1108 1574 tilius
1132 1542 1278 1580 hominis,

317 1597 465 1638 quoniam
490 1597 598 1629 visitas
621 1605 694 1629 eum
711 1600 745 1627 u?

410 1650 481 1684 139.
507 1650 608 1690 (Vers.
635 1650 711 1683 79.i.
746 1649 824 1681 llaec
859 1652 964 1680 autem
989 1648 1125 1680 visitatio
1148 1649 1276 1690 superni

317 1704 390 1737 solis
406 1703 464 1735 suit
481 1712 542 1735 non
560 1703 661 1735 solum
679 1711 774 1734 causa
790 1701 1038 1739 consolationis,
1056 1710 1166 1733 verum
1184 1702 1276 1734 etiam

317 1756 594 1793 illuminationis,-
618 1759 648 1787 et
672 1759 840 1797 propterea
863 1754 986 1787 subdit:
1014 1754 1210 1787 Illuminare
1226 1753 1278 1787 liis

317 1811 376 1854 qni
398 1811 434 1843 in
459 1809 598 1842 tenebris
622 1813 650 1841 et
674 1809 710 1840 in
734 1807 857 1840 umbra
880 1808 998 1841 mortis
1020 1808 1147 1846 πόρπη
1170 1812 1201 1841 et
1224 1808 1277 1841 de-

318 1865 369 1897 bet
393 1863 552 1896 construi:
579 1862 715 1894 visitavit
749 1861 946 1900 illuminare,
972 1861 1002 1894 id
1030 1865 1077 1894 est
1099 1861 1137 1894 ad
1162 1862 1277 1894 illumi-

318 1917 475 1954 nandum,
501 1916 549 1948 his
573 1915 626 1957 qui
653 1915 682 1947 in
709 1914 847 1947 tenebris
870 1914 996 1953 sedent,
1021 1914 1051 1947 id
1068 1918 1115 1948 est
1130 1915 1278 1957 gentibus

318 1970 516 2007 errantibus3
542 1969 636 2001 Isaiae
660 1968 784 2000 n0n04:
808 1981 822 1996 «
840 1968 993 2010 Populus,
1018 1968 1072 2010 qui
1096 1968 1278 2001 ambulabat

318 2024 349 2056 in
376 2023 529 2061 tenebris,
566 2022 643 2054 vidit
674 2022 775 2054 lucem
808 2030 970 2063 magnam3
1007 2021 1222 2054 habitantibus
1245 2022 1277 2054 in

318 2077 445 2119 regione
469 2075 601 2108 umbrae
626 2075 737 2107 mortis
761 2075 818 2107 lux
842 2077 912 2107 orta
927 2078 975 2107 est
999 2074 1044 2107 eis
1061 2087 1091 2114 »;
1108 2078 1139 2107 et
1163 2084 1278 2108 rursus

318 2129 558 2172 quadragesimo
582 2128 737 2161 secundo:
769 2128 871 2161 «Dedi
898 2131 927 2160 te
952 2128 981 2160 in
1008 2128 1115 2163 lucem
1126 2128 1277 2170 gentium,

318 2188 354 2216 ut
377 2183 518 2226 aperires
541 2183 649 2215 oculos
672 2191 837 2215 caecorum
861 2185 892 2214 et
915 2182 1066 2215 educeres
1089 2182 1128 2214 de
1151 2182 1278 2215 conclu-

318 2237 403 2269 sione
428 2237 586 2275 vinctum,
610 2236 648 2269 de
672 2236 764 2268 domo
795 2236 931 2268 carceris
962 2236 1106 2269 sedentes
1127 2235 1167 2268 *in
1193 2239 1279 2268 tene-

318 2291 384 2323 bris
402 2305 430 2322 ».
458 2291 492 2322 Et
516 2290 584 2322 ideo
609 2290 729 2323 loannis
760 2299 858 2322 nono:
889 2303 904 2318 «
923 2290 953 2322 ln
984 2289 1134 2322 iudicium
1160 2298 1218 2331 ego
1247 2288 1277 2320 in

319 2344 403 2376 hunc
428 2343 579 2376 mundum
609 2343 694 2382 veni,
719 2347 755 2375 ut
778 2343 831 2385 qui
858 2352 919 2375 non
945 2342 1050 2375 vident
1082 2341 1224 2380 videant,
1248 2345 1279 2373 et

318 2397 372 2438 qui
397 2396 502 2429 vident
526 2397 607 2429 caeci
633 2397 709 2429 fiant
726 2410 755 2428 n.

412 2449 482 2481 140.
510 2450 544 2481 Et
568 2449 643 2491 quia
671 2458 726 2491 per
762 2448 1022 2484 illuminationem
1058 2447 1207 2480 ducimur
1240 2446 1279 2478 ad

318 2503 546 2541 directionem,
572 2502 641 2535 ideo
673 2502 838 2544 sequitur:
874 2501 927 2533 Aa
961 2500 1153 2543 dirigendos
1181 2499 1279 2542 pedes
1300 2495 1310 2498 N

318 2561 447 2589 nostros
464 2557 498 2589 in
515 2557 607 2589 viam
620 2556 735 2598 pacis;
754 2555 995 2589 Proverbiorum
1012 2553 1133 2586 decimo
1150 2552 1278 2585 sexto⁶z

325 2625 339 2639 «
356 2611 415 2643 Cor
440 2610 575 2643 hominis
598 2609 734 2651 disponit
769 2609 850 2640 viam
876 2617 983 2646 suam,
1008 2606 1061 2639 sed
1086 2606 1208 2638 Domini
1233 2608 1279 2638 est

315 2664 454 2706 dirigere
477 2672 606 2706 gressus
629 2663 698 2695 eius
714 2675 744 2693 ».
772 2662 807 2693 Et
822 2661 891 2694 ideo
909 2660 1151 2693 proverbiorum
1169 2659 1278 2691 tertio:

325 2731 340 2747 α
358 2718 388 2750 ln
413 2717 559 2750 omnibus
583 2717 642 2749 viis
667 2715 729 2748 tuis
760 2715 861 2757 cogita
892 2714 999 2752 illum,
1019 2717 1054 2746 ,et
1077 2713 1143 2754 ipse
1167 2712 1280 2754 diriget

930 231 1122 265 COMMENT.
1147 233 1184 265 IN
1208 233 1447 266 EVANGELIUM
1472 234 1589 266 LUCAE
1614 234 1645 266 C.
1671 234 1691 266 l.

1343 330 1471 363 gressus
1496 325 1567 354 tuos
1585 334 1615 360 »ς
1639 325 1670 354 et
1706 322 1863 355 Psalmus:
1893 336 1909 351 «
1925 323 2060 364 Spiritus
2094 327 2170 356 tuus
2201 324 2302 356 bonus

1342 374 1475 406 deducet
1499 383 1549 406 me
1572 374 1603 406 in
1628 378 1746 406 terram
1771 378 1888 407 rectam
1906 388 1938 414 »,
1955 376 2008 408 ubi
2026 379 2074 409 est
2098 385 2230 418 regnum
2248 385 2302 418 pa-

1342 427 1386 459 cis
1409 427 1475 459 sine
1500 427 1623 465 labore;
1649 427 1823 469 Sapientiae
1845 428 1983 461 decimo:
2007 429 2154 462 «lustum
2170 429 2303 462 deduxit

1341 480 1492 512 Dominus
1516 489 1572 521 per
1594 480 1659 512 vias
1676 485 1778 513 rectas
1793 485 1825 513 et
1840 481 1975 514 ostendit
1991 482 2033 514 illi
2052 491 2184 524 regnum
2201 482 2255 515 Dei
2270 494 2301 520 »;

1341 533 1379 566 de
1403 542 1467 575 quo
1501 542 1599 575 regno
1629 533 1746 566 dicitur
1769 534 1800 566 in
1837 534 1971 567 Psalmo:
2002 535 2156 573 «Lauda,
2181 535 2303 568 Ierusa-

1342 586 1420 624 lem,
1446 586 1632 625 Dominum,
1657 587 1711 629 qui
1736 587 1842 628 posuit
1876 587 1954 623 fines
1979 591 2050 620 tuos
2075 597 2229 629 pacem».
2255 588 2302 620 Ie-

1341 638 1602 672 rusalem'enim
1635 640 1864 682 intorpretatur
1895 640 1973 673 visio
2009 641 2111 682 pacis,
2143 640 2182 673 ad
2206 650 2301 683 quam

1340 692 1488 725 ducimur
1512 702 1569 734 per
1591 693 1741 726 ducatum
1767 693 1882 726 Christi
1906 697 1938 726 et
1962 702 2018 735 per
2042 694 2124 726 viam
2141 694 2302 727 mandato-

1342 755 1432 784 rum,
1456 755 1538 788 quae
1561 746 1648 779 ducit
1671 746 1708 778 ad
1734 755 1859 788 pacem;
1885 746 2069 779 Psalinus⁶:
2091 760 2106 775 α
2122 747 2186 779 Pax
2203 747 2302 783 multa

1341 798 1543 840 diligentibus
1580 799 1677 841 legem
1710 802 1796 831 tuam
1815 811 1844 838 »;
1869 803 1900 832 et
1932 799 2026 832 Isaiae
2061 799 2302 842 quadragesimo

1341 855 1468 888 octavo:
1508 852 1664 885 «Utinam
1699 852 1885 886 attendisses
1921 852 2065 885 mandata
2099 862 2186 892 mea,
2222 852 2302 886 facta

1342 905 1452 938 fuisset
1476 905 1558 938 sicut
1581 905 1699 938 flumen
1725 915 1787 947 pax
1812 910 1865 938 tua
1882 919 1913 938 ».

1435 958 1506 990 141.
1532 959 1626 996 Nota,
1651 959 1735 1000 quod
1770 959 1922 991 Dominus
1946 959 2051 992 visitat
2073 958 2112 991 ad
2136 959 2304 1002 eo‘rriyen-

1342 1011 1424 1043 dum
1459 1011 1698 1054 delinquentes,
1734 1015 1770 1043 ut
1806 1012 1926 1054 legatus
1949 1012 2165 1054 provinciain;
2190 1012 2304 1045 Abdiae

1342 1063 1445 1105 primo
1458 1063 1488 1095 ⁷:
1519 1076 1534 1092 «
1551 1064 1700 1105 Legatum
1723 1064 1761 1096 ad
1785 1068 1893 1106 gentes
1911 1065 2003 1097 misit.
2022 1065 2165 1107 surgite,
2183 1068 2214 1097 et
2230 1074 2304 1104 con-

1343 1125 1511 1158 surgamus
1534 1116 1571 1149 ad
1596 1117 1724 1149 eumin
1741 1117 1896 1159 proelium
1910 1131 1939 1156 »;
1957 1118 2114 1151 Psalmus:
2138 1118 2304 1151 «visitabo

1342 1170 1374 1202 in
1399 1170 1487 1211 virga
1511 1169 1691 1211 iniquitates
1719 1179 1830 1203 eorum
1848 1185 1878 1203 ».
1905 1190 1946 1195 —
1971 1171 2013 1204 Ad
2049 1171 2303 1214 iustifieandum

1339 1223 1552 1265 poenitentes,
1578 1226 1613 1255 ut
1649 1223 1788 1256 medicus
1822 1228 2002 1267 aegrotum
2027 1225 2120 1258 Marci
2146 1225 2302 1258 secundo:

1347 1276 1446 1309 «Non
1470 1279 1562 1318 egent
1594 1276 1650 1318 qui
1682 1277 1747 1309 sani
1781 1281 1855 1310 sunt
1889 1278 2028 1317 medico;
2051 1278 2106 1311 sed
2133 1278 2187 1321 qui
2223 1278 2304 1311 male

1344 1322 1506 1361 habent».
1533 1348 1575 1352 -—
1600 1328 1641 1361 Ad
1676 1329 1859 1362 docendam
1892 1331 2103 1373 iynorantes,
2137 1334 2173 1364 ut
2208 1332 2303 1374 magi-

1343 1386 1407 1414 ster
1442 1381 1652 1423 discipulum,
1677 1381 1758 1427 sicut
1790 1383 1854 1416 bic:
1891 1384 2044 1416 Visitavit
2075 1393 2154 1423 nos,
2180 1384 2304 1417 illumi-

1342 1444 1427 1467 nare
1448 1439 1525 1473 etc.;
1552 1435 1692 1468 Psalmus
1705 1435 1736 1467 ⁸:
1758 1449 1773 1464 a
1791 1436 1927 1469 Visitasti
1947 1440 2064 1470 terram
2088 1436 2130 1470 et*
2143 1438 2303 1471 inebriasti

1343 1498 1409 1521 eam
1427 1501 1459 1527 »3
1484 1489 1645 1531 sequitur:
1676 1502 1690 1517 «ι
1707 1490 1835 1523 Flumen
1852 1491 1906 1523 Dei
1932 1491 2088 1533 repletum
2106 1495 2154 1524 est
2168 1491 2260 1534 aquis
2272 1505 2302 1524 n.

1343 1561 1387 1566 —
1410 1542 1452 1574 Ad
1484 1542 1699 1575 excitandum
1730 1543 1943 1586 negligentes,
1967 1548 2004 1577 ut
2027 1545 2173 1586 princeps
2203 1554 2303 1587 popu-
2322 1553 2422 1580 omnus.

1344 1596 1427 1633 lum;
1452 1595 1545 1637 primi
1572 1595 1688 1637 Regum
1724 1595 1845 1628 decimo
1873 1597 2023 1638 septimo:
2053 1610 2068 1625 α
2084 1598 2209 1630 Fratres
2234 1591 2305 1631 tuos

1343 1649 1500 1692 visitabis,
1526 1649 1549 1681 si
1577 1653 1660 1681 recte
1676 1652 1784 1691 agant,
1801 1654 1832 1682 et
1848 1658 1919 1682 cum
1936 1650 2054 1692 quibus
2069 1650 2202 1683 ordinati
2220 1655 2305 1691 sunt,

1342 1702 1426 1735 disce
1441 1714 1469 1741 »ς
1495 1704 1627 1736 Actuum
1652 1702 1773 1735 decimo
1797 1703 1923 1745 quinto:
1945 1716 1961 1732 «
1978 1704 2181 1737 Revertentes
2204 1704 2306 1737 visite-

1344 1765 1415 1788 mus
1439 1756 1552 1788 sratres
1577 1765 1632 1797 per
1659 1756 1821 1789 universas
1845 1756 2030 1790 civitates».
2048 1775 2089 1781 —
2107 1757 2149 1790 Ad
2169 1766 2304 1799 promo·
2323 1765 2421 1792 antus-

1341 1810 1484 1842 vendam
1508 1814 1695 1852 operanteS,
1720 1810 1802 1843 sicut
1826 1810 1941 1843 vinitor
1965 1810 2104 1849 vineam;
2124 1811 2304 1844 Psalmus·‘’:

1348 1877 1363 1892 «
1380 1863 1507 1905 Respice
1530 1863 1568 1895 de
1592 1863 1677 1895 caelo
1701 1867 1731 1896 et
1757 1863 1825 1896 vide
1849 1866 1880 1896 et
1905 1863 1996 1896 visita
2019 1863 2140 1896 vineam
2166 1864 2258 1897 istam
2273 1876 2304 1904 »;

1342 1917 1436 1950 Isaiae
1459 1917 1588 1959 quinto:
1620 1919 1634 1944 ἀ
1645 1916 1744 1948 Vinea
1767 1917 1849 1949 enim
1876 1916 1999 1949 Domini
2024 1917 2226 1950 exercituum
2250 1918 2305 1950 do-

1342 1980 1414 2003 mus
1438 1971 1532 2003 Israel
1555 1974 1650 2002 est».
1676 1988 1717 1993 —
1742 1969 1785 2002 Ad
1809 1971 2075 2005 conservandum
2107 1970 2303 2010 obedientes,
2324 1978 2409 2000 Sextus-

1342 2024 1424 2057 sicut
1436 2027 1544 2066 pastor
1556 2032 1683 2065 gregem
1695 2035 1702 2062 ;
1721 2023 1890 2056 Ezechielis
1903 2024 2066 2066 trigesimo
2078 2028 2209 2067 quarto:
2224 2038 2239 2054 α
2253 2025 2305 2058 Vi-

1342 2078 1443 2111 sitabo
1466 2085 1541 2109 oves
1553 2085 1661 2115 «meas,
1678 2076 1760 2109 sicut
1776 2076 1881 2109 visitat
1897 2080 2003 2118 pastor
2019 2086 2148 2119 gregem
2165 2087 2259 2112 suum
2272 2092 2303 2111 2».

1342 2149 1386 2154 —-
1422 2130 1465 2162 Ad
1498 2128 1752 2171 fecundandam
1787 2129 2063 2171 contemplantes,
2099 2133 2136 2162 ut
2170 2139 2305 2172 sponsus
2325 2137 2438 2165 Septimus-

1342 2190 1507 2225 sponsam;
1531 2180 1660 2214 Genesis
1683 2181 1834 2223 vigesimo
1854 2181 1958 2223 primo
1972 2181 2014 2213 ¹⁰:
2045 2195 2061 2210 «
2077 2182 2221 2215 Visitavit
2244 2183 2304 2215 Do-

1343 2236 1448 2268 minus
1472 2236 1600 2274 Saram,
1624 2238 1655 2267 et
1687 2234 1829 2276 concepit
1846 2247 1876 2273 »;
1902 2234 2004 2267 Iudith
2029 2234 2151 2282 decimo
2174 2235 2304 2281 quinto:

1348 2302 1363 2317 α
1381 2288 1534 2327 Ioachim‚
1559 2296 1705 2320 summus
1729 2287 1884 2329 pontifex,
1907 2287 1946 2319 de
1969 2287 2138 2320 Ierusalem
2164 2288 2250 2321 venit
2272 2289 2303 2321 in

1343 2341 1518 2374 Betbuliam
1543 2349 1615 2373 cum
1640 2340 1798 2373 universis
1814 2339 2008 2382 presbyteris
2023 2340 2107 2380 suis,
2125 2344 2161 2374 ut
2185 2341 2305 2375 videret

1343 2395 1446 2427 Iudith
1465 2408 1494 2426 u.
1520 2412 1562 2417 -
1587 2393 1628 2425 Ad
1660 2393 1897 2426 adiuvandam
1928 2398 2138 2436 pugnantes,
2174 2398 2210 2428 ut
2245 2404 2304 2429 rex
2322 2402 2421 2424 Octavus.

1343 2447 1538 2485 exercitum
1563 2445 1690 2478 Genesis
1714 2445 1826 2478 ultimo
1840 2447 1884 2478 ¹1:
1914 2459 1930 2475 α
1947 2446 2018 2479 Post
2046 2451 2178 2481 mortem
2203 2457 2304 2481 meam

1343 2500 1427 2532 Deus
1452 2499 1589 2532 visitabit
1613 2507 1668 2531 vos
1685 2510 1715 2537 »;
1739 2502 1770 2531 et
1794 2499 1895 2531 Lucae
1920 2499 2050 2532 ultimo:
2074 2513 2088 2529 α
2105 2501 2189 2534 State
2214 2501 2244 2533 in
2261 2501 2304 2535 ci-

1344 2553 1456 2591 vitate,
1481 2551 1688 2593 quoadusque
1723 2551 1897 2584 induamini
1921 2551 2038 2585 virtute
2062 2553 2190 2591 exalto
2206 2567 2236 2586 ».
2259 2572 2306 2578 --

1344 2605 1386 2638 Ad
1410 2605 1649 2637 consolandum
1668 2605 1850 2647 patienta,
1874 2608 1910 2638 ut
1934 2614 2030 2638 sanus
2053 2606 2234 2647 infirmum3
2253 2607 2304 2641 Iob
2323 2614 2405 2637 Nonus.

1343 2658 1465 2690 decimo
1480 2657 1522 2689 ¹²:
1544 2670 1559 2685 «
1577 2657 1718 2690 Visitatio
1736 2660 1790 2690 tua
1805 2657 1973 2690 custodivit
1989 2658 2136 2700 spiritum
2153 2668 2257 2692 meum
2271 2672 2301 2699 ²⁰3

1344 2714 1376 2744 et
1407 2711 1458 2743 lob
1489 2710 1626 2743 secundo
1658 2714 1687 2743 ei
1718 2710 1816 2744 lacobi
1852 2711 1971 2753 primo:
2009 2711 2158 2753 «Religio
2187 2712 2303 2745 munda

2323 967 2401 989 Decem
2414 968 2463 991 tinet

2339 994 2463 1018 visitationis

2340 1020 2432 1043 divinae.

2322 1047 2413 1069 Primus.

2322 1179 2440 1203 Secundus.

2322 1339 2414 1361 Tertius.

392 2878 400 2892 ¹
423 2878 497 2903 Vers.
517 2877 539 2902 4.
560 2884 616 2909 seq.
635 2890 670 2895 —
690 2875 813 2909 Sequitur
833 2875 890 2901 lsai.
909 2876 956 2906 63,
976 2875 1018 2901 15.
1037 2889 1072 2894 -
1086 2876 1214 2907 Superius
1228 2875 1279 2901 lide

321 2922 339 2948 C
350 2923 371 2947 D
382 2923 399 2947 F
418 2921 602 2947 substituimus
620 2919 773 2947 accelerant
792 2926 842 2952 pro
861 2918 1029 2946 acceleravit.

392 2964 402 2979 ²
424 2966 496 2991 Vers.
517 2966 559 2991 30.
578 2978 615 2984 —-
633 2963 750 2991 Subinde
769 2964 896 2996 allegatur
914 2963 967 2990 Col.
988 2965 1018 2996 3,
1038 2965 1081 2990 12.

393 3009 404 3026 ³
423 3010 496 3035 Vers.
516 3010 540 3034 2.
560 3023 596 3029 -
615 3009 680 3035 Tres
698 3016 773 3042 seqq.
792 3008 840 3034 loci
869 3012 930 3034 sunt
957 3009 1064 3034 Zachar.
1086 3009 1117 3040 6,
1137 3009 1185 3041 ⁴2;
1211 3009 1281 3034 loan-

323 3054 353 3086 3,
373 3054 415 3079 31.
435 3057 461 3079 et
480 3054 520 3079 Ps.
541 3054 571 3084 8,
591 3053 615 3079 5.

392 3096 403 3112 ⁸
424 3098 497 3123 Vere.
518 3098 542 3123 2.
563 3112 595 3116 —
616 3098 767 3131 Sequuntur
785 3097 842 3124 lsai.
868 3097 915 3128 12,
936 3098 959 3123 6.
979 3104 1036 3130 seq.
1053 3099 1080 3123 et
1098 3097 1166 3123 toan.
1187 3097 1217 3128 9,
1238 3096 1280 3122 39.

393 3140 404 3156 ⁶
424 3142 499 3168 Vers.
519 3143 542 3167 9.
562 3155 598 3161 —
616 3141 734 3168 Subinde
753 3142 897 3174 allegantur
910 3142 987 3167 Prov.
1002 3142 1032 3173 3,
1053 3142 1082 3173 6;
1097 3142 1138 3167 Ps.
1158 3140 1218 3173 142,
1234 3140 1280 3172 lo;

323 3187 384 3219 Sap.
405 3188 451 3219 10,
473 3187 514 3212 10.
533 3190 558 3212 et
576 3187 616 3212 Ps.
642 3186 702 3219 117,
723 3187 766 3212 12.
784 3191 810 3212 et
829 3186 872 3212 14.
890 3200 925 3205 -
943 3186 1070 3218 superlus
1089 3192 1138 3218 pro
1156 3184 1281 3212 directio-

322 3238 383 3257 nem
402 3231 459 3257 Vat.
478 3230 651 3258 dilectimem.

393 3273 404 3289 ⁶
424 3275 517 3301 Psalm.
535 3276 603 3306 118,
624 3275 689 3307 165,
709 3278 769 3307 post
795 3281 876 3307 quem
902 3274 958 3300 lsai.
978 3273 1028 3305 48,
1053 3274 1096 3300 18.
1114 3287 1149 3293 —
1167 3274 1281 3304 Hieron.,

325 3320 405 3352 Epist.
426 3319 468 3345 46.
489 3320 563 3351 (alias
583 3320 636 3352 17.)
657 3327 682 3345 n.
702 3320 731 3344 3:
752 3318 828 3345 lebas
854 3323 879 3344 et
907 3318 999 3345 Salem
1023 3322 1049 3344 et
1066 3317 1217 3345 Ierusalem
1236 3324 1282 3350 ap-

324 3365 442 3396 pellatur.
462 3364 576 3390 Primum
597 3370 706 3395 nomen,
734 3362 855 3395 calcetum
883 3362 1042 3393 secundum,
1059 3369 1135 3396 parm
1161 3363 1281 3394 tertitim,

324 3407 391 3434 visio
408 3407 492 3441 pacis.

1415 2871 1424 2887 ⁷
1447 2873 1521 2899 Vei-s.
1542 2874 1564 2899 1.
1585 2887 1620 2892 -
1639 2874 1790 2905 Sequuntur
1810 2873 1849 2898 Ps.
1870 2873 1918 2903 88,
1939 2873 1980 2898 33.
2000 2876 2026 2898 et
2044 2873 2121 2898 Marc.
2142 2872 2172 2905 2,
2194 2873 2240 2904 17,
2256 2874 2303 2898 cfr.

1345 2920 1406 2945 Luc.
1427 2918 1456 2949 5,
1477 2919 1519 2944 31.

1416 2961 1426 2976 ⁸
1446 2963 1539 2988 psalm.
1559 2962 1605 2993 64,
1627 2963 1668 2988 10.
1687 2976 1723 2981 -
1742 2963 1799 2988 Duo
1818 2969 1892 2995 seqq.
1917 2962 1966 2988 loci
1990 2965 2050 2988 sunt
2070 2962 2087 2988 1.
2106 2963 2171 2994 Reg.
2194 2962 2240 2993 17,
2261 2962 2303 2987 18.

1347 3010 1372 3032 et
1391 3008 1447 3032 Aci..
1468 3007 1515 3038 15,
1535 3008 1577 3033 36.

1416 3049 1427 3064 ⁹
1447 3051 1538 3077 Psalm.
1559 3051 1607 3082 79,
1628 3051 1670 3077 15,
1683 3064 1718 3070 -
1732 3050 1850 3077 Subinde
1863 3051 2007 3083 allegantur
2020 3051 2076 3077 lsai.
2090 3051 2120 3081 ὅ,
2134 3050 2160 3076 7.
2173 3054 2199 3076 et
2212 3051 2304 3076 Ezech.

1346 3096 1393 3128 at,
1413 3097 1457 3122 42.
1733 3112 1737 3115 -

1417 3139 1439 3154 ¹⁰
1459 3141 1532 3166 Vere.
1553 3141 1582 3173 1,
1607 3144 1666 3173 post
1691 3147 1770 3174 quem
1797 3140 1881 3170 Iudith
1902 3139 1951 3170 15,
1970 3139 2001 3170 9,
2027 3146 2075 3171 pro
2100 3146 2152 3172 qua
2177 3139 2303 3165 sententia

1345 3185 1423 3211 codd.
1444 3186 1508 3211 haec
1527 3184 1608 3211 verba
1628 3188 1728 3212 tantum
1748 3184 1883 3210 exhibent:
1907 3183 1981 3209 Venit
1999 3183 2123 3209 invisere.

1417 3228 1437 3243 ¹¹
1459 3230 1533 3255 Vers.
1554 3229 1597 3256 21.
1618 3243 1654 3249 -
1673 3229 1796 3262 Sequitur
1815 3229 1878 3254 Luc.
1897 3227 1946 3258 21,
1965 3227 2008 3253 49.

1417 3272 1439 3288 ¹²
1460 3273 1534 3302 Vers.
1555 3274 1598 3300 12.
1618 3274 1667 3299 Pro
1680 3280 1736 3306 seq.
1750 3273 1807 3299 loco
1820 3272 1865 3299 lob
1880 3270 1900 3299 2
1913 3272 1990 3298 codd.
2004 3271 2073 3297 nulla
2085 3272 2197 3297 afferunt
2209 3271 2303 3302 verbm

1348 3318 1404 3344 vat.
1424 3319 1518 3350 allegat
1546 3325 1572 3343 v.
1593 3318 1642 3343 ll:
1668 3316 1854 3344 Condioeerant
1878 3316 1966 3347 euim,
1993 3317 2024 3342 ut
2048 3315 2155 3349 pariter
2173 3315 2304 3342 venientes

1345 3362 1489 3389 visitarent
1506 3369 1567 3389 eum
1595 3363 1620 3388 et
1647 3360 1863 3389 consolarentur.
1882 3374 1917 3380 -
1937 3360 1993 3386 Duo
2013 3367 2086 3393 seqq.
2107 3360 2156 3386 loci
2176 3363 2235 3386 sunt
2255 3360 2305 3385 lac.

1350 3407 1376 3439 l,
1397 3406 1439 3432 27.
1458 3409 1483 3432 et
1503 3406 1578 3431 Eccli.
1599 3406 1630 3438 7,
1650 3406 1693 3431 39.
