2476 3921
150 437 276 465 Allegorico.

198 600 274 622 Aliter.

196 758 275 780 Aliter.

157 1077 273 1099 Mon-aliter.

195 1237 271 1258 Aliter.

196 1398 272 1427 muer.

147 1717 274 1744 Anagogice.

196 1824 282 1851 Amen,

197 2037 273 2059 Aliter.

297 288 360 321 356

296 376 480 419 tripliciter:
512 373 703 416 allecorice,
727 371 900 404 moraliter
930 374 962 405 et
992 372 1184 415 anayoyice.
1210 390 1252 396 —

296 429 476 472 Atteyorice
499 427 561 461 sic:
586 426 687 469 prima
711 425 777 458 dies
800 428 848 458 est
864 425 917 458 lex
933 429 1098 465 naturae,
1115 425 1253 458 secunda

295 486 343 515 est
366 483 418 515 lex
442 481 640 523 Scripturae
663 482 694 512 et
718 479 811 512 tertia
834 482 881 512 est
898 478 951 512 lex
964 478 1119 521 qratiam
1133 478 1173 511 de
1189 487 1253 521 quo

295 536 388 568 Marci
412 538 522 568 octavo
535 535 563 566 ¹:
593 546 609 562 α
625 533 774 565 Misereor
790 541 888 574 super
905 532 1031 565 turbam
1042 557 1050 571 ,
1074 532 1150 574 quia
1165 540 1252 570 ecce,

294 589 353 621 iam
379 588 484 620 triduo
507 586 663 619 sustinent
686 594 737 618 me
754 598 785 617 x».
810 603 852 609 —
876 585 949 624 Vel,
974 585 1097 627 primus
1120 584 1186 617 dies
1206 587 1254 617 est

291 641 481 684 passionis;
505 639 681 678 secundus,
704 638 920 681 sepulturam
952 638 1007 671 sed
1038 637 1170 677 tertius,
1202 647 1253 670 re-

293 694 535 731 sarrectionis·;
564 692 685 725 loannis
706 691 892 725 secund02:
922 704 937 719 α
954 690 1069 723 Solvite
1101 690 1252 732 templum

294 748 372 786 hoc,
395 751 426 780 et
450 747 480 779 in
513 746 616 779 tribus
647 745 759 779 diebus
786 744 932 778 excitabo
963 744 1040 777 illud
1057 757 1088 776 ιι.
1113 763 1157 767 —
1180 743 1254 783 Vel,

293 801 395 844 prima
424 801 490 833 dies
521 803 568 833 est
598 800 761 832 decursas
791 798 1069 836 seoetae‘aetatis;
1098 797 1253 837 secunda,

292 855 383 898 quies
406 854 623 891 animarum
640 853 694 886 sed
711 852 821 891 tertia,
839 851 1039 884 resurreetio
1056 860 1253 893 corporum,

293 917 374 950 quae
397 911 444 940 est
467 907 498 939 in
523 910 653 945 octava;
686 905 765 939 Osee
796 905 935 938 sexto-‘³2
966 918 981 933 α
997 904 1174 937 Vivificabit
1197 913 1254 937 nos

292 964 362 1003 post
384 960 463 993 duos
486 960 552 993 dies
575 963 606 993 et
629 959 659 991 in
684 959 734 991 die
757 958 850 992 tertia
873 957 1036 991 suscitabit
1058 966 1116 990 nos
1132 970 1163 989 n.

383 1016 434 1046 71.
460 1013 630 1046 Moraliter
654 1012 716 1052 sic,
747 1016 785 1045 ut
816 1012 918 1054 prima
941 1011 1007 1044 dies
1031 1011 1072 1044 sit
1095 1020 1253 1053 compan-

293 1068 434 1106 ctionis;
458 1067 613 1106 secunda,
638 1064 879 1108 confessionis‚·
911 1065 1022 1103 tertia,
1050 1063 1254 1107 satisfactio-

292 1121 365 1159 nis,·
383 1121 479 1154 Exodi
497 1120 607 1163 quinto
620 1121 651 1152 ⁴:
675 1133 690 1148 «
706 1119 858 1152 Dominus
874 1119 958 1151 Deus
970 1118 1182 1150 Hebraeorum
1200 1126 1254 1150 vo—

293 1175 374 1208 cavit
405 1184 478 1212 nos;
511 1174 628 1207 ibimus
659 1173 739 1206 viam
772 1173 869 1206 trium
901 1172 1024 1205 dierum
1056 1172 1087 1204 in
1113 1170 1254 1204 solitudi-

293 1239 364 1262 nem
382 1243 412 1261 ».
428 1247 469 1252 -
483 1229 553 1267 Vel,
567 1228 668 1270 prima
684 1227 751 1260 dies
768 1227 850 1260 bona
866 1226 1037 1269 cogitatio,
1054 1225 1192 1258 secunda
1207 1227 1256 1257 est

293 1284 374 1316 bona
397 1282 517 1315 locatio
541 1285 571 1314 et
596 1281 688 1314 tertia
711 1284 758 1313 est
782 1281 864 1313 bona
887 1279 1055 1322 operatio‚·
1080 1279 1169 1311 Ionae
1191 1281 1254 1311 ter-

294 1337 361 1369 tio⁵
386 1335 559 1369 secundum
584 1334 818 1367 translationem
852 1332 1076 1375 Septuaginta:
1113 1344 1129 1360 α
1146 1331 1254 1364 Adhuc

294 1394 359 1422 tres
381 1389 465 1428 dies,
490 1392 521 1421 et
544 1388 652 1420 Ninive
677 1387 881 1420 subvertetur
897 1399 928 1417 ».
946 1404 990 1409 —
1007 1385 1080 1424 Vel,
1105 1388 1170 1417 tres
1187 1384 1255 1417 dies

294 1446 367 1476 sunt
391 1442 508 1484 triplex
532 1445 640 1474 votum
658 1440 833 1482 religionis,
851 1439 969 1472 scilicet
984 1438 1167 1476 castitatis,
1184 1437 1254 1470 obe-

294 1496 436 1529 dientiae
470 1498 501 1527 et
532 1494 772 1537 paupertatis;
807 1493 935 1526 Genesis
965 1491 1253 1534 quadragesimoss:

299 1563 314 1578 «
331 1550 408 1582 Tres
430 1549 497 1582 dies
520 1551 611 1587 sunt,
636 1551 705 1589 post
729 1556 809 1589 quos
824 1545 1043 1579 recordabitur
1060 1545 1180 1577 Pharao
1196 1543 1255 1576 mi-

294 1603 413 1635 nisterii
440 1602 483 1634 tui
509 1605 540 1634 et
563 1602 708 1634 restituet
733 1604 762 1633 te
786 1600 816 1632 iu
842 1599 975 1641 gradum
999 1597 1167 1640 pristinum
1185 1611 1215 1629 ».

384 1657 436 1688 7⁶2.
462 1654 653 1697 Anagyoyz'ee
676 1654 738 1692 sic,
763 1656 799 1685 ut
819 1652 922 1694 prima
937 1652 1004 1684 dies
1021 1651 1060 1684 sit
1073 1650 1254 1693 puryaa‘oe

295 1709 449 1748 secunda,
474 1708 692 1746 illuminatio,
710 1710 741 1740 et
756 1706 867 1744 tertia,
887 1704 1045 1748 perfectio
1058 1716 1069 1743 ;
1094 1713 1190 1746 supra
1207 1713 1254 1737 se-

294 1762 396 1795 cundo
410 1763 421 1782 ⁷
437 1775 443 1794 :
474 1775 489 1790 «ι
506 1762 631 1794 Factum
649 1764 713 1799 est,
731 1763 801 1802 post
816 1758 958 1791 triduum
976 1758 1165 1791 invenerunt
1181 1766 1253 1790 eum

294 1816 325 1848 in
342 1816 459 1858 templo
472 1829 501 1847 n.
516 1832 557 1838 —
571 1814 636 1853 Vel,
654 1817 690 1846 ut
706 1813 809 1855 prima
824 1812 891 1845 dies
906 1812 946 1845 sit
962 1811 1184 1853 contemplatio
1199 1811 1254 1843 Dei

294 1870 324 1902 in
350 1878 407 1902 suo
430 1868 584 1910 vestiyio,
609 1866 746 1900 secunda
770 1866 810 1899 sit
833 1866 888 1898 Dei
914 1865 946 1898 in
970 1865 1116 1907 imayine
1140 1865 1206 1897 sive
1223 1864 1254 1897 in

295 1923 440 1964 speculo,
469 1921 580 1959 tertia,
605 1920 636 1953 in
659 1930 693 1952 se
717 1920 811 1962 ipso;
842 1919 1054 1951 Numerorum
1084 1917 1253 1951 decimoss:

300 1989 315 2004 (κ
332 1977 409 2008 Arca
442 1975 561 2007 Domini
594 1973 800 2016 praecedebat
828 1982 881 2006 eos
904 1981 961 2015 per
986 1977 1050 2005 tres
1073 1972 1157 2011 dies,
1181 1981 1254 2014 pro-

293 2028 402 2061 videns
418 2031 595 2060 castrorum
612 2027 715 2060 locum
732 2039 763 2058 ».
780 2044 825 2049 —-
840 2025 907 2064 Vel,
924 2025 1028 2067 prima
1042 2025 1109 2058 dies
1125 2025 1165 2058 sit
1181 2034 1254 2058 con-

295 2082 453 2124 templatio
485 2079 694 2113 hierarchiae
716 2078 951 2117 sabeaelestis;
975 2078 1130 2117 secunda,
1154 2078 1254 2111 caele-

293 2135 369 2174 stis,
386 2137 417 2168 et
434 2134 540 2173 tertia,
562 2133 811 2176 supercaelestis
824 2132 846 2164 ⁹.
872 2132 904 2165 In
928 2132 1030 2174 prima
1053 2135 1101 2165 est
1123 2131 1254 2164 daemo-

366 2301 374 2316 ¹
397 2302 470 2327 Vers.
489 2303 514 2327 2.
533 2301 602 2326 Haec
621 2300 748 2333 expositio
767 2303 805 2326 est
830 2300 976 2326 secundum
1002 2300 1120 2325 Glossam
1146 2299 1256 2325 ordina-

294 2346 367 2374 riam
386 2346 428 2380 (ex
447 2346 528 2379 Beda)
549 2346 574 2371 in
594 2346 680 2371 Manu.
701 2345 750 2376 45,
769 2345 811 2370 32.

365 2389 376 2406 ²
396 2391 472 2417 Vers.
492 2391 533 2415 19.
553 2390 605 2416 Csr.
624 2390 765 2419 nex-nard„
786 2390 869 2415 Serm.
894 2389 919 2414 in
947 2389 989 2414 die
1014 2392 1104 2414 sancto
1127 2389 1256 2419 Paschae,

295 2444 321 2462 n.
341 2437 364 2462 8.

366 2479 377 2494 ⁵
397 2481 471 2506 Vers.
492 2480 516 2505 3.
536 2479 587 2505 Csr.
608 2479 740 2511 Breviloq.
762 2478 864 2510 Prolog.
884 2478 899 2510 (ἕ,
919 2479 944 2503 2.
963 2480 989 2503 et
1014 2477 1039 2502 in
1065 2477 1187 2503 Hexaem.
1207 2477 1257 2502 col-

295 2526 338 2551 lat.
358 2525 400 2551 15,
420 2532 445 2550 11.
465 2525 506 2550 12.
527 2531 601 2557 seqq.
620 2537 656 2542 —-
675 2524 724 2548 Pro
743 2524 783 2548 est
800 2522 828 2548 in
847 2524 943 2549 octava
957 2522 988 2555 (11
1003 2522 1076 2547 addit
1087 2522 1183 2554 aetate)
1198 2522 1255 2547 Vat.

295 2571 335 2596 est
351 2569 381 2596 in
399 2569 493 2596 vitam.

366 2612 377 2627 ⁴
396 2614 472 2639 Vers.
492 2614 516 2639 3.
537 2613 592 2645 (cfr.
612 2618 692 2644 supra
712 2618 774 2643 pag.
794 2610 858 2641 335,
875 2613 934 2636 nota
955 2610 1004 2642 3.)‚
1024 2610 1049 2635 in
1069 2617 1149 2642 quem
1169 2610 1256 2635 locum

296 2658 403 2690 Origen.
424 2657 526 2690 (Ilomil.
547 2657 571 2682 3.
591 2656 616 2682 in
636 2656 717 2681 Exod.
736 2663 761 2681 n.
782 2655 833 2687 3.):
852 2655 906 2686 Ego
931 2655 1002 2679 viam
1027 2654 1100 2680 illurn
1127 2654 1256 2686 intelligo,

296 2703 342 2735 qui
361 2702 424 2728 dixit
444 2703 522 2734 [toan.
543 2701 591 2732 14,
611 2700 665 2734 6.];
686 2700 742 2733 qu
761 2706 822 2725 sam
837 2698 881 2725 via
900 2700 924 2724 et
941 2697 1042 2725 veritas
1055 2699 1079 2724 et
1092 2697 1173 2724 vita...
1187 2699 1257 2723 llaec

296 2749 425 2779 quantum
444 2746 478 2771 ad
498 2745 637 2777 mysticum
658 2744 769 2776 pertinet
787 2743 953 2768 intellectum.
973 2743 998 2768 Si
1019 2749 1082 2768 vero
1104 2742 1180 2768 etiam
1201 2749 1256 2767 mo-

297 2791 404 2816 ralem...
424 2790 503 2816 tridui
522 2790 571 2814 iter
590 2789 622 2814 de
642 2790 762 2820 Aegypto
781 2787 987 2819 proficiscimur,
1006 2787 1028 2812 si
1048 2787 1214 2819 purificantes
1232 2787 1256 2811 in

297 2834 374 2860 nobis
392 2833 477 2865 elicta,
498 2834 570 2867 facta
591 2834 631 2858 vel
651 2832 768 2866 coyz'lata
789 2831 848 2863 (trin
868 2834 928 2856 sunt
947 2831 1015 2856 enim
1036 2832 1113 2862 haec,
1128 2838 1175 2862 per
1188 2837 1257 2863 quae

298 2886 407 2911 peccare
427 2879 546 2904 homines
566 2880 702 2910 possunt),
730 2877 875 2902 efficiamur
901 2875 998 2901 ‘mundi
1024 2874 1118 2907 corde,
1145 2878 1173 2901 ut
1197 2882 1257 2906 pos-

298 2924 382 2949 simus
400 2924 484 2948 Deum
503 2923 594 2948 videre
613 2921 713 2956 [Matth.
734 2921 763 2953 5,
785 2920 830 2954 8.].
849 2920 899 2947 Cir.
921 2920 1058 2951 Bernard.,
1078 2920 1161 2945 Serm.
1187 2920 1210 2944 1.
1232 2920 1256 2944 111

298 2968 432 2993 Dominica
453 2969 478 2993 6.
498 2971 557 2999 post
577 2968 678 2992 pentec.
697 2974 721 2991 n.
741 2967 767 2991 2.

369 3010 380 3025 ⁶
400 3013 474 3037 vers.
495 3012 525 3043 4,
545 3011 591 3037 ubi
611 3012 740 3043 Vulgata:
760 3010 854 3036 Adhuc
873 3009 1057 3044 quadr-aynae
1076 3008 1130 3035 dies
1144 3011 1194 3034 etc.
1206 3007 1257 3034 Csr.

298 3056 417 3088 Hieron,
438 3056 463 3081 in
483 3057 553 3081 hunc
571 3056 632 3087 loc.,
652 3054 696 3080 ubi
724 3055 750 3080 in
775 3058 835 3080 nota
860 3054 961 3080 adiecta
983 3054 1103 3085 ponitur,
1123 3052 1196 3085 quod
1216 3052 1257 3077 Se-

298 3100 433 3132 ptuaginta
456 3110 469 3123 α
483 3107 534 3126 non
553 3101 608 3126 tres
628 3102 743 3131 tanturn,
762 3099 809 3125 sed
835 3097 1018 3132 quadraginta
1043 3099 1097 3124 tres
1120 3097 1257 3129 scripsisse

298 3145 480 3177 videantur»,
500 3152 548 3176 pro
568 3151 622 3177 quo
641 3144 766 3175 allegatur
785 3144 887 3175 lustin,
906 3143 1008 3174 Dialog.
1027 3149 1087 3168 cum
1105 3142 1258 3174 Tryphone.

368 3189 379 3206 θ
399 3190 473 3215 Vers.
495 3190 536 3214 12.
556 3192 581 3214 et
601 3189 648 3219 13,
668 3188 712 3213 ubi
733 3191 792 3220 post
803 3189 868 3214 sant
880 3194 941 3213 cum
960 3187 982 3212 G
1001 3190 1026 3212 et
1039 3187 1150 3218 Vulgata
1171 3185 1257 3218 posui-

298 3229 358 3260 mus
374 3235 436 3267 post
454 3240 535 3267 quos,
558 3234 578 3259 11
599 3240 659 3259 cum
678 3233 736 3258 Vnt.
756 3232 782 3258 in
803 3231 908 3266 quibus.

369 3276 378 3292 ⁷
399 3279 476 3304 Vers.
495 3278 538 3304 46.
558 3278 594 3303 De
613 3279 661 3303 hac
680 3277 854 3309 expositione,
878 3283 947 3309 quae
975 3275 1080 3308 respicit
1108 3278 1159 3301 tres
1183 3277 1257 3300 actus

298 3323 473 3354 hierarchicos
492 3323 638 3348 secundum
658 3322 777 3353 Dionys,
797 3322 842 3347 cfr.
863 3324 925 3347 torn.
946 3321 974 3347 11.
989 3327 1052 3352 pag.
1071 3320 1139 3351 267,
1152 3322 1211 3345 nota
1226 3318 1256 3350 t;

298 3368 360 3394 vide
378 3368 455 3393 etiam
476 3374 555 3399 supra
575 3375 599 3393 n.
620 3366 663 3394 tc.

369 3409 380 3425 ⁸
399 3412 476 3438 Vera.
495 3412 538 3437 33.
557 3411 608 3438 Clr.
628 3412 646 3437 l.
665 3412 735 3436 Sent.
755 3411 781 3437 d.
802 3411 825 3436 3.
845 3418 872 3443 p.
893 3410 909 3436 Ι.
928 3417 955 3443 q.
974 3410 998 3435 2.
1024 3409 1057 3434 ad
1077 3408 1110 3441 4;
1129 3409 1167 3434 lll.
1186 3409 1257 3434 Sent.

298 3456 324 3482 d.
345 3456 386 3482 it.
406 3463 429 3482 a.
449 3456 474 3481 3.
493 3463 519 3489 q.
542 3457 564 3481 1.
584 3459 610 3481 et
628 3455 711 3481 itiner.
732 3455 826 3481 mentis
845 3455 871 3480 in
891 3455 989 3486 Deum,
1002 3460 1026 3479 c.
1047 3454 1070 3479 1.
1089 3460 1116 3479 11.
1137 3454 1162 3478 2.
1182 3459 1265 3485 seqq..

874 282 1068 316 COMMENT.
1093 283 1131 316 ΙΝ
1154 282 1395 317 EVANGEL1UM
1418 283 1536 317 LUCAE
1559 284 1592 317 C.
1618 284 1691 318 Xlll.

1316 372 1452 405 nioram
1476 373 1585 406 eiectio
1598 385 1610 412 ,·
1633 373 1665 406 in
1689 373 1827 407 secunda
1850 376 1898 407 est
1921 373 2080 406 sanitatis
2097 372 2277 416 perfectio,

1317 425 1371 459 sed
1392 426 1427 476 ⁴in
1451 426 1561 466 tertia,
1586 427 1694 460 omnis
1718 426 2086 465 boni,eonsummatio;
2108 431 2140 460 et
2162 427 2201 461 de
2217 428 2278 461 hoc

1318 479 1440 518 triduo,
1458 479 1546 512 losue
1562 479 1700 513 secundo
1714 480 1757 512 ¹⁰:
1788 493 1803 509 α
1821 480 2044 522 Exploratores
2067 484 2224 513 venerunt
2239 480 2278 513 ad

1317 535 1465 564 montana
1495 535 1526 565 et
1550 536 1736 565 manserunt
1759 532 1801 565 ibi
1826 541 1883 575 per
1906 536 1972 566 tres
1994 533 2061 566 dies
2076 546 2107 565 ι).
2132 551 2174 557 —-
2199 533 2278 566 Haec
2292 528 2430 568 Amastris

1317 588 1403 616 area
1425 584 1571 617 Christus
1601 588 1666 624 est,
1698 585 1752 627 qui
1782 585 1813 618 in
1837 585 1978 627 qualibet
2000 585 2133 618 istarum
2156 585 2279 618 hierar-

1317 637 1462 670 chiarum
1486 641 1534 670 est
1557 637 1725 686 hierarcha
1747 637 1919 671 altissimus
1941 640 1973 671 et
1995 637 2063 671 dux
2087 641 2211 677 noster,
2242 640 2279 671 ut

1317 690 1482 723 veniamus
1516 690 1555 723 ad
1589 693 1707 723 terram
1742 690 1958 732 promissionis
1989 690 2079 724 nobis
2110 690 2280 733 repromis-

1318 752 1383 776 sam
1399 744 1434 776 1¹.
1452 744 1485 776 ln
1502 744 1594 776 cuius
1615 743 1766 786 fiyaram
1788 743 1881 783 dicit,
1905 752 1939 777 se
1962 753 2020 786 per
2037 744 2189 777 triduam
2207 753 2279 776 am-

1319 797 1454 837 bulare,
1486 797 1561 840 quia
1583 797 1657 830 facit
1688 806 1745 830 nos
1776 807 1833 840 per
1865 798 1947 831 hanc
1978 797 2133 840 triplicem
2157 797 2279 831 hierar-

1317 851 1421 883 chiam
1452 859 1577 893 semper
1600 860 1729 884 sursum
1753 850 1939 890 ascendere,
1964 850 2023 883 nisi
2047 850 2129 884 forte
2143 850 2280 884 descen-

1317 903 1429 937 damus
1452 904 1490 936 ad
1511 904 1658 937 actiones.
1676 904 1707 937 ln
1725 904 1817 937 cuius
1833 904 1968 946 figuram
1986 904 2114 937 Genesis
2130 904 2280 946 vigesimo

1317 962 1427 991 octavo
1441 958 1467 977 ¹²
1490 957 1624 996 dicitur,
1660 957 1744 1000 quod
1779 957 1856 990 vidit
1895 970 1911 986 <x
1936 957 2025 991 lacob
2059 958 2190 1000 Angelos
2223 957 2280 990 Dei

1318 1011 1527 1044 ascendentes
1539 1014 1570 1044 et
1582 1011 1806 1043 descendentes
1822 1011 1853 1043 in
1870 1011 1953 1044 scala
1966 1024 1996 1051 »;
2014 1011 2122 1044 nullus
2135 1010 2211 1043 vidit
2226 1019 2280 1044 eos

1317 1069 1451 1097 stantes.
1478 1065 1510 1097 ln
1534 1074 1599 1107 quo
1623 1064 1784 1106 signatur,
1809 1065 1894 1107 quod
1918 1074 2043 1108 semper
2059 1065 2091 1097 in
2108 1065 2190 1098 bono
2206 1074 2279 1107 pro—

1318 1117 1487 1151 ficiendum
1511 1121 1567 1150 est.
1593 1117 1654 1150 Hoc
1677 1117 1761 1150 enim
1777 1120 1825 1150 est
1840 1118 2096 1160 appropinquare
2112 1117 2151 1150 ad
2167 1126 2280 1160 super-

1318 1180 1391 1203 nam
1423 1171 1611 1209 Ierusalem,
1643 1170 1693 1203 cui
1726 1180 1787 1203 non
1820 1171 2113 1213 appropinquamus
2136 1171 2281 1213 passibus

1319 1224 1479 1267 corporis,
1504 1224 1558 1257 sed
1581 1223 1745 1256 affectibus
1769 1224 1872 1257 cordis
1895 1227 1926 1257 et
1951 1224 2073 1257 mentis.

1409 1278 1461 1311 73.
1480 1278 1581 1319 (Vers.
1599 1277 1677 1318 34).
1696 1277 1897 1316 Ierusalem,
1920 1277 2102 1310 Ierusalem
2119 1281 2177 1311 etc.
2195 1278 2281 1311 Post-

1318 1340 1414 1374 quam
1440 1330 1650 1364 manifestavit
1673 1330 1897 1364 sublimitatem
1921 1330 2045 1364 divinae
2068 1330 2280 1373 dispositionis

1319 1385 1351 1417 in
1375 1384 1591 1426 redemptione
1624 1384 1752 1416 humani
1776 1384 1919 1425 generis,
1944 1383 1995 1416 hic
2019 1384 2157 1417 secundo
2180 1383 2280 1416 mani-

1318 1438 1410 1471 festat
1434 1437 1465 1470 in
1490 1436 1721 1479 reprobatione
1741 1436 1844 1479 plebis
1868 1436 1994 1470 rebellis
2009 1437 2044 1469 ¹³.
2062 1438 2098 1470 Et
2114 1438 2218 1480 primo
2234 1437 2282 1470 in-

1319 1490 1423 1523 sinuat
1446 1489 1669 1529 rebellionem,
1698 1489 1810 1523 deinde
1841 1489 2094 1523 obdurationem
2126 1494 2157 1523 et
2188 1490 2282 1523 tertio

1318 1544 1542 1577 desertionem.

1410 1597 1513 1630 Primo
1537 1597 1634 1639 igitur
1662 1600 1817 1640 quantum
1841 1597 1881 1630 ad
1905 1597 1990 1631 illius
2013 1598 2114 1640 gentis
2137 1598 2282 1631 rebellio-

1318 1661 1391 1684 nem
1408 1651 1500 1684 dicit:
1518 1650 1719 1690 Ierusalem,
1738 1650 1939 1690 Ierusalem,
1956 1661 2041 1695 qaae
2058 1651 2181 1684 occidis
2196 1652 2282 1684 Pro-

1315 1703 1433 1747 phetas
1464 1708 1494 1736 et
1524 1704 1659 1746 lapidas
1683 1714 1736 1736 eos
1758 1704 1818 1747 qai
1847 1704 2029 1737 mittantur
2056 1704 2103 1737 ad
2126 1705 2203 1737 te14.
2223 1704 2282 1738 Hic

1318 1758 1472 1799 accipitur
1496 1749 1659 1790 continens
1682 1767 1740 1799 pro
1764 1761 1930 1797 content0;
1962 1758 2096 1791 Actuum
2127 1758 2281 1800 septimo:

1324 1824 1338 1840 «ι
1356 1812 1444 1844 Dura
1467 1811 1589 1844 cervice
1613 1814 1644 1844 et
1668 1811 1896 1844 incircumcisis
1920 1811 2069 1844 cordibus
2084 1814 2116 1844 et
2130 1811 2281 1850 auribus,

1320 1874 1375 1898 vos
1399 1873 1524 1907 semper
1549 1864 1678 1907 Spiritui
1704 1868 1812 1897 sancto
1827 1865 1987 1898 restitistis
2004 1878 2034 1897 ».
2058 1878 2074 1894 ι(
2090 1865 2191 1906 Quem
2207 1865 2282 1897 Pro-

1319 1919 1488 1960 phetarum
1512 1927 1575 1951 non
1607 1921 1681 1951 sunt
1712 1918 1869 1960 persecuti
1894 1921 2000 1960 patres
2024 1918 2120 1951 vestri
2136 1921 2173 1951 »2²
2196 1917 2282 1951 Unde

1319 1971 1425 2015 quarti
1454 1972 1573 2014 Regum
1604 1971 1755 2014 vigesimo
1787 1972 1912 2013 primo:
1941 1984 1957 2000 «
1974 1972 2163 2014 Sanguinem
2193 1971 2282 2004 inno-

1319 2029 1441 2058 centem
1470 2025 1551 2057 fudit
1573 2025 1729 2058 Manasses
1753 2025 1888 2058 multum
1914 2025 2025 2064 nimis,
2049 2025 2148 2058 donec
2171 2025 2282 2067 imple-

1318 2082 1410 2112 retur
1440 2079 1610 2112 Ierusalem
1642 2087 1744 2121 nsque
1776 2078 1815 2111 ad
1846 2088 1881 2111 os
1903 2093 1932 2110 ».
1966 2079 2002 2111 Et
2026 2078 2086 2112 hoc
2109 2078 2281 2118 faciebant,

1319 2132 1393 2174 quia
1417 2131 1575 2164 habebant
1598 2131 1668 2164 odio
1692 2131 2073 2170 veritatem‚·sec11ndum
2098 2131 2176 2164 illud
2192 2132 2283 2165 Amos

1392 2297 1402 2313 ⁹
1421 2298 1472 2325 Csr.
1493 2299 1519 2324 11.
1540 2299 1608 2324 Sent.
1628 2298 1654 2323 d.
1673 2298 1698 2323 9.
1719 2298 1886 2330 Praenotata,
1906 2297 2035 2330 Breviloq.
2056 2298 2158 2330 Prolog.
2178 2297 2193 2330 {5
2214 2298 2238 2324 3.
2257 2300 2283 2323 et

1321 2344 1347 2369 in
1366 2343 1489 2369 Hexae'rn.
1509 2344 1593 2368 collat.
1613 2343 1655 2368 20.
1674 2349 1749 2374 seqq.

1393 2386 1413 2401 ¹⁰
1436 2389 1508 2413 vers.
1528 2388 1570 2412 22.
1590 2387 1642 2413 Csr.
1662 2393 1742 2418 supra
1762 2393 1824 2418 pag.
1845 2386 1909 2417 355,
1929 2389 1990 2412 nota
2019 2388 2044 2412 2.
2071 2387 2161 2412 Glossa
2181 2386 2282 2413 interli-

1320 2432 1421 2458 nearis.
1439 2446 1475 2451 -
1494 2432 1575 2457 Etiam
1596 2431 1673 2457 Card.
1693 2432 1782 2463 Ilugo,
1804 2431 1828 2456 111
1848 2432 1910 2457 Luc.
1930 2431 1978 2463 13,
2003 2431 2045 2457 33.
2065 2431 2184 2457 diversas
2199 2431 2284 2458 tridui

1320 2476 1428 2502 adducit
1440 2476 1624 2508 expositiones.
1742 2474 1763 2489 ¹¹
1777 2475 1827 2501 Csr.
1842 2476 1962 2501 llexaem.
1976 2476 2060 2501 collat.
2074 2476 2099 2501 3.
2111 2483 2137 2501 n.
2156 2477 2193 2501 l2.
2207 2478 2283 2509 seqq.

1392 2519 1414 2534 ¹²
1434 2520 1508 2546 Vers.
1524 2521 1565 2546 12.
1579 2520 1705 2546 Bernard.
1715 2540 1721 2551 ,
1741 2520 1820 2552 Epist.
1834 2520 1895 2545 254.
1909 2527 1935 2545 n.
1948 2520 1979 2546 5:
2001 2519 2074 2546 Vidit
2089 2521 2186 2546 scalam
2202 2520 2282 2546 'iacob

1320 2568 1346 2590 et
1363 2565 1390 2590 in
1410 2566 1478 2591 scala
1498 2565 1625 2597 Angelos,
1644 2563 1689 2589 ubi
1709 2564 1795 2590 nullus
1814 2564 1944 2595 residenS,
1963 2565 2049 2590 nullus
2073 2564 2218 2590 subsistens
2236 2572 2283 2597 ap-

1321 2610 1420 2641 paruit,
1439 2609 1487 2635 sed
1506 2609 1548 2634 vel
1566 2607 1724 2640 ascendere,
1744 2609 1786 2634 vel
1806 2607 1964 2635 descendere
1977 2607 2135 2634 videbantur
2152 2608 2282 2640 universi;

1320 2657 1449 2687 quatenus
1468 2653 1555 2685 palam
1575 2653 1682 2678 daretur
1700 2652 1822 2685 intelligi,
1843 2653 1908 2678 inter
1928 2653 2074 2684 profectum
2100 2655 2125 2677 et
2150 2652 2283 2678 desectum

1321 2698 1346 2723 in
1366 2699 1415 2724 1100
1434 2701 1502 2723 statu
1523 2697 1638 2723 mortalis
1656 2697 1725 2723 vitae
1744 2697 1805 2723 nihil
1825 2697 1941 2723 medium
1968 2697 2094 2728 inveniri,
2113 2696 2188 2722 sed...
2207 2696 2284 2728 spiri-

1321 2746 1376 2768 tum
1395 2745 1440 2767 aut
1459 2742 1586 2774 proficere
1605 2749 1724 2773 semper,
1743 2745 1788 2767 aut
1806 2741 1928 2767 deficere.
1952 2741 2004 2767 Csr.
2031 2748 2111 2773 supra
2133 2748 2196 2773 pag.
2215 2740 2282 2772 349,

1321 2790 1379 2813 nota
1395 2787 1437 2812 11.
1450 2800 1485 2806 —-
1498 2787 1622 2819 August„
1637 2787 1660 2812 in
1676 2787 1744 2812 loen.
1758 2787 1857 2819 Evang.
1870 2790 1900 2812 tr.
1916 2786 1959 2812 48.
1975 2793 2000 2812 n.
2019 2787 2054 2812 3:
2073 2786 2124 2818 Qui
2143 2786 2226 2811 credit
2243 2793 2283 2812 ac-

1320 2832 1402 2864 cedit,
1421 2831 1467 2864 qui
1487 2835 1565 2863 negat
1583 2831 1689 2857 recedit.
1709 2832 1764 2857 Non
1784 2834 1906 2857 movetur
1925 2831 2011 2856 anima
2031 2829 2158 2862 pedibus,
2177 2831 2224 2857 sed
2248 2832 2283 2856 as-

1320 2875 1439 2901 tectibus.
1458 2875 1508 2901 Csr.
1529 2879 1591 2901 tom.
1612 2876 1653 2900 Vl.
1674 2882 1735 2907 pag.
1758 2876 1821 2906 166,
1846 2878 1906 2900 nota
1925 2875 1952 2900 7.
1970 2888 2006 2893 —
2025 2875 2074 2900 Pro
2099 2873 2193 2901 nullus
2218 2874 2283 2901 vidit

1320 2920 1341 2945 H
1360 2926 1503 2953 nunquam
1521 2919 1595 2946 vidit.
1981 2917 2003 2932 ¹³
2022 2918 2073 2945 Csr.
2093 2926 2174 2951 supra
2193 2926 2218 2944 n.
2239 2919 2282 2945 64.

1392 2962 1413 2977 ¹⁴
1432 2963 1514 2990 Codd.
1533 2963 1552 2990 C
1565 2964 1585 2989 D
1605 2965 1661 2997 (cfr.
1681 2965 1708 2989 B.
1727 2963 1825 2989 Albert.
1843 2966 1868 2989 et
1888 2963 2007 2996 Gorran.)
2033 2963 2080 2997 qui
2106 2963 2143 2989 ad
2160 2965 2185 2989 te
2206 2963 2285 2990 missi

1319 3010 1385 3035 sant
1404 3008 1447 3041 (ita
1468 3009 1556 3034 Matth.
1575 3009 1623 3039 23,
1644 3008 1706 3042 37.).
1725 3021 1761 3027 —
1780 3008 1870 3033 Glossa
1889 3006 2072 3034 interlinearis
2093 3007 2224 3041 (Hieron,
2239 3008 2281 3034 lv.

1320 3052 1465 3079 Comment.
1484 3053 1510 3078 in
1530 3053 1616 3078 Matth.
1637 3053 1686 3085 23,
1705 3052 1774 3083 37.):
1795 3051 1956 3082 Ierusalem,
1971 3051 2134 3083 Ierusalem,
2149 3052 2282 3084 homines,

1319 3104 1371 3123 non
1392 3104 1465 3128 saxa,
1485 3097 1585 3129 plangit
1604 3097 1697 3128 affectu
1717 3096 1807 3128 patris.
1819 3109 1854 3115 —
1868 3096 1973 3126 isidor.,
1992 3097 2010 3122 1.
2031 3096 2178 3128 Etymolog.
2197 3103 2219 3122 c.
2239 3096 2282 3122 37.

1319 3149 1345 3167 n.
1356 3142 1387 3167 8:
1399 3141 1561 3176 Metonymia
1571 3144 1609 3167 est
1620 3140 1834 3166 transnominatio
1847 3139 1882 3165 ab
1894 3140 1942 3165 alia
1955 3140 2145 3172 significatione
2157 3141 2191 3166 ad
2204 3141 2281 3166 aliam

1320 3185 1513 3218 proximitatem
1539 3185 1670 3211 translata.
1697 3184 1736 3210 Fit
1763 3189 1851 3209 autem
1880 3184 1969 3210 multis
1997 3184 2099 3210 modis:
2119 3187 2164 3210 aut
2189 3191 2236 3217 per
2254 3184 2282 3210 id

1320 3230 1393 3263 quod
1406 3229 1519 3255 continet
1531 3229 1558 3255 id
1572 3229 1643 3261 quod
1658 3228 1817 3259 continetur,
1830 3228 1957 3260 ostendit,
1971 3231 1999 3254 ut
2012 3228 2118 3255 theatra
2129 3228 2281 3262 plaudunt,

1316 3275 1401 3308 prata
1420 3273 1561 3307 mugiunt,
1581 3273 1645 3299 dum
1676 3273 1724 3298 illic
1752 3273 1872 3299 homines
1899 3273 2038 3305 plaudant,
2058 3272 2099 3298 hic
2125 3272 2208 3298 boves
2227 3280 2283 3299 mu-

1321 3319 1406 3350 giant3
1427 3321 1471 3344 aut
1490 3325 1537 3350 per
1556 3318 1580 3344 id
1601 3317 1673 3350 quod
1693 3317 1838 3342 continetur
1852 3317 1877 3343 id
1891 3317 1964 3350 quod
1977 3317 2090 3342 continet
2102 3320 2152 3342 etc.
2167 3330 2202 3336 -
2215 3315 2283 3342 Sub-

1321 3363 1382 3389 inde
1400 3363 1545 3395 allegantur
1564 3363 1619 3388 Act.
1638 3362 1669 3394 7,
1689 3361 1730 3387 51.
1751 3368 1806 3394 seq.
1827 3361 1883 3394 (cfr.
1903 3368 1983 3393 supra
2008 3368 2071 3394 pag.
2091 3361 2157 3394 290,
2176 3364 2237 3387 nota
2257 3361 2281 3393 6,

1319 3410 1347 3433 -et
1365 3407 1489 3439 Gregor.,
1509 3407 1535 3433 11.
1555 3405 1650 3432 11011111.
1663 3406 1689 3431 111
1706 3406 1797 3432 Ezech.
1811 3401 1899 3432 homilss
1914 3406 1939 3431 6.
1951 3413 1978 3431 11.
1993 3405 2047 3439 tt.)
2061 3408 2086 3431 et
2100 3406 2141 3431 tv.
2154 3406 2219 3437 neg.
2233 3405 2260 3431 2l
2275 3425 2282 3438 ,

1323 3451 1370 3483 16,
1389 3450 1435 3477 ubi
1454 3457 1503 3483 pro
1521 3449 1688 3477 innocentem
1710 3450 1819 3482 Vulgata
1840 3449 1993 3477 innooeiam.

2337 571 2390 591 RUE-

2304 1287 2424 1309 Secundum
2474 1278 2476 1292 ³

2304 1314 2422 1336 ostenditur

2301 1340 2423 1369 dupliciter.

2300 1607 2372 1629 Primo
2386 1601 2435 1628 initi¹
2472 1612 2476 1614 ’

2309 1636 2387 1655 nitatur
2401 1639 2423 1656 re
2472 1637 2476 1641 ¹

2309 1660 2382 1683 belllo.
