2476 3921
924 233 1200 267 PROLEGOMENA
1224 233 1256 266 C.
1283 234 1315 266 ll.
2060 236 2110 268 XV

120 338 203 366 super
221 331 303 357 Pater
321 330 420 356 noster.
440 326 489 354 Hic
504 326 618 361 ponitur
637 324 730 352 oracio
743 323 891 356 dominica,
911 322 943 350 de
962 330 1017 357 qua
1030 322 1084 349 tria

120 384 248 420 promitto
267 382 403 414 notanda,
423 380 487 416 quia
506 381 547 407 est
557 379 647 414 primo
670 377 899 409 commendanda,
918 378 950 404 ut
965 375 1085 404 ostenda-

122 441 169 466 tm·
188 438 245 465 eius
258 435 393 471 efficacia;
412 433 442 463 2.
462 432 617 466 dividenda,
637 434 668 460 ut
679 431 866 466 manifestetur
888 429 1006 456 eiusdem
1022 436 1084 463 pre-

123 491 210 524 cium,
229 496 370 521 numerus,
390 488 457 516 ordo
470 490 496 515 et
507 486 670 522 sufficiencia
680 495 690 519 ;
710 484 740 512 5.
760 483 933 519 eaeponenda,
947 484 979 510 ut
997 482 1084 509 omnis

122 544 205 577 sciat,
228 551 278 578 que
291 545 315 570 et
329 541 445 577 qualiter
464 540 555 568 debeat
569 541 660 574 petere
679 545 730 573 que
742 537 797 565 sint
814 536 867 564 sibi
883 536 982 570 petenti
999 542 1084 563 necee-

122 597 199 625 saria
218 600 268 623 etc.
286 610 322 615 —
341 596 412 628 Sign.
432 595 477 621 litt.
497 594 525 620 C.

195 651 250 676 lloc
269 650 426 682 opusculum
448 651 487 674 est
505 647 587 673 multo
606 646 727 672 diffusius
745 651 826 678 quam
841 644 999 676 impressum
1011 653 1018 674 ;
1032 649 1084 669 non

123 711 208 737 pauca
226 703 376 730 transcribit
395 701 556 728 verbotenus
574 707 605 726 ex
625 699 682 732 illo,
701 699 750 725 alia
775 698 888 729 omittit;
906 697 1085 723 additamenta

123 759 231 784 confuse
249 757 346 789 scripta
365 758 426 782 sunt
443 758 469 781 et
487 757 633 787 evagantur
649 753 683 779 ad
697 752 875 785 digressiones
887 757 982 784 parum
1002 752 1084 782 aptas.

123 811 163 837 Ad
182 811 333 844 petitionem
352 809 510 840 secundam,
530 810 650 841 quartam
670 809 696 833 et
717 806 836 840 quintam
856 806 950 831 iterum
971 805 995 830 in
1016 811 1085 830 mar-

123 866 183 898 gine
204 865 341 897 superiore
360 862 521 890 vocabulum
539 862 733 888 Bonaventura
756 860 884 892 scripturn
908 861 955 885 est.
980 858 1085 884 Addita·

124 922 210 945 menta
235 919 277 944 illa
297 917 405 943 minime
423 916 529 948 sapiunt
552 915 668 941 indolem
688 915 713 940 S.
733 913 862 940 Doctoris.
886 912 951 938 llinc
970 912 1030 938 cod.
1043 912 1085 938 hic

123 972 200 998 nobis
213 979 264 998 non
277 971 387 998 servivit
405 971 455 996 nisi
469 970 501 996 ad
522 969 749 996 confirmationem
771 968 887 1000 plurium
904 967 1032 993 locorum.

195 1027 220 1052 2.
240 1023 389 1057 Monactiz‘,
405 1023 524 1050 biblioth.
537 1022 733 1053 Universitatis‚
748 1022 790 1047 45.
804 1028 827 1047 a.
841 1022 923 1046 chart.
940 1027 1010 1046 saec.
1025 1020 1084 1046 XV.

124 1078 216 1110 lncipit
235 1078 278 1103 sol.
297 1078 357 1103 286.
377 1085 421 1103 v.:
443 1075 587 1110 Eaposicio
607 1073 742 1102 oracionis
759 1074 841 1100 Pater
858 1074 958 1100 noster.
986 1071 1084 1099 Oracio

124 1131 171 1158 heo
195 1130 371 1165 privileqiata
391 1132 430 1157 εει
448 1130 477 1156 in
498 1128 585 1156 tribus
604 1131 654 1155 etc.
678 1127 776 1153 Desinit
795 1127 837 1153 sol.
858 1126 919 1152 29¹.
938 1128 968 1152 ut
987 1126 1011 1152 in
1031 1125 1086 1151 edi-

124 1185 165 1211 tis.
183 1198 218 1204 —
237 1184 337 1210 Paucas
358 1185 459 1209 tanturn
478 1183 602 1208 lectiones
630 1180 735 1207 exhibet
763 1181 908 1212 variantes,
936 1179 984 1205 nisi
1013 1179 1086 1212 quod

125 1240 178 1265 sere
196 1240 344 1265 constanter
363 1236 459 1263 omittit
477 1235 585 1268 scilicet,
604 1241 699 1269 nempe
718 1234 821 1267 aliaque
840 1233 941 1259 similia.
959 1247 994 1252 —
1014 1233 1087 1265 Sign.

125 1293 172 1319 litt.
189 1293 217 1318 B.

202 1347 227 1372 3.
251 1345 440 1373 Wratislaciae
460 1344 484 1370 in
515 1344 619 1375 Silesia,
642 1342 761 1368 biblioth.
787 1341 985 1373 Universitatis,
1012 1341 1043 1366 cl.
1069 1341 1087 1366 l.

125 1403 178 1427 oct.
198 1400 246 1432 35,
275 1401 356 1426 chart.
386 1405 454 1425 saec.
480 1398 538 1424 XV.
566 1396 692 1423 exeuntis.
711 1395 802 1428 lncipit
821 1396 863 1421 sol.
888 1395 921 1420 5:
941 1393 1087 1428 Exposicio

126 1452 262 1481 oracionis
283 1451 414 1479 dominice
428 1458 480 1486 pet·
500 1450 753 1477 bonamventaram.
772 1449 825 1475 Hec
837 1447 929 1474 oracio
948 1448 987 1473 est
1002 1445 1088 1480 privi-

127 1507 225 1542 legiata
243 1506 272 1533 in
291 1505 377 1533 tribas
391 1508 439 1532 etc.
462 1504 561 1531 Desinit
580 1504 622 1529 iol.
645 1504 688 1529 53.
710 1509 731 1528 r.
750 1501 828 1534 Sela,
847 1500 875 1527 id
896 1502 934 1527 est
956 1507 1069 1534 semper.

197 1561 244 1587 Hic
263 1560 323 1586 cod.
342 1559 376 1585 ob
395 1559 554 1590 scripturam
574 1557 717 1590 pessimam
737 1558 776 1581 est
795 1556 863 1581 lectu
876 1555 954 1580 valde
967 1553 1087 1580 difficilis.

126 1613 162 1641 Cl.
182 1614 225 1639 Dr.
245 1612 365 1639 Clemens
383 1611 530 1642 B‘aumker,
549 1610 618 1635 Prot.
642 1609 737 1641 philos.
762 1609 788 1634 in
811 1608 881 1634 dicta
900 1607 1088 1638 Universitate‚

130 1673 179 1700 pro
198 1673 245 1692 sua
263 1665 427 1691 humanitate
445 1666 471 1689 et
490 1663 515 1689 in
534 1670 582 1689 nos
601 1662 716 1688 amicitia
744 1662 930 1694 apographum
949 1662 1090 1687 accuratis-

127 1719 224 1745 simum
244 1717 363 1744 eiusdem
382 1716 461 1742 nobis
480 1715 700 1746 communicavit,
728 1714 801 1748 quod
829 1717 904 1746 grato
933 1714 1022 1740 animo
1047 1713 1089 1739 hic

126 1777 376 1798 commemoramus.
404 1769 532 1796 Convenit
550 1769 598 1795 iste
625 1770 707 1795 codex
736 1768 798 1794 satis
827 1775 888 1794 cum
913 1768 1004 1799 editis,
1029 1774 1090 1793 non-

127 1825 199 1851 nulla
218 1827 306 1850 tamen
333 1824 430 1856 scripta
458 1825 519 1849 sunt
541 1830 589 1855 per
609 1823 719 1848 modum
739 1821 865 1855 tabellae3
885 1824 994 1854 propter
1016 1822 1090 1855 quod

127 1877 281 1904 omittuntur
294 1877 426 1911 quaedam
439 1875 522 1903 verba
543 1876 569 1902 in
583 1875 684 1902 tabellis
705 1876 848 1908 superflua.
860 1889 896 1895 -·
910 1875 980 1908 Sign.
995 1876 1041 1902 litt.
1059 1875 1089 1901 A.

199 1931 302 1959 Codices
320 1939 370 1958 non
389 1929 489 1958 collati.

200 1986 225 2012 4.
244 1984 397 2018 Bruxellis,
417 1984 537 2011 biblioth.
557 1984 655 2017 Regia,
670 1984 748 2010 5062.
762 1984 821 2010 coda
834 1985 916 2010 chart.
936 1984 995 2009 anni
1011 1983 1089 2010 4502.

128 2040 181 2066 Fol.
202 2040 244 2066 l.:
263 2038 408 2073 Emposicio
428 2037 564 2065 oracionis
584 2036 715 2064 dominice
732 2044 755 2064 ε.
777 2037 879 2064 Bonav.
892 2037 973 2064 Pater
989 2038 1089 2064 noster.

130 2093 306 2128 privilegiata
333 2094 380 2120 est.
408 2093 507 2119 Desinit
534 2092 578 2118 rol.
609 2093 634 2118 2.
663 2099 703 2117 r.:
731 2091 891 2125 sempiterne
917 2090 1090 2118 calamitatis.

129 2147 223 2174 Amen.
241 2146 298 2181 fiat.
316 2146 373 2181 fiat.

201 2201 226 2226 5.
246 2198 442 2234 Οαηιαὸνίραε,
471 2198 592 2225 biblioth.
623 2198 758 2229 Univers.,
777 2198 837 2224 cod.
867 2198 897 2224 D.
923 2198 950 2225 d.
975 2199 1018 2225 lV.
1047 2199 1090 2225 50.

130 2254 214 2280 chart.
232 2260 302 2279 saec.
321 2253 380 2279 XV.
397 2253 451 2278 Fol.
471 2253 531 2278 408.
550 2259 590 2278 r.:
608 2252 690 2278 Pater
715 2252 821 2283 noster,
846 2251 895 2285 qui
917 2258 944 2278 es
966 2251 993 2278 in
1019 2252 1091 2279 celis.

132 2307 230 2335 Oracio
249 2307 296 2334 hec
311 2306 487 2341 privilegiata
505 2307 543 2332 est
562 2305 590 2332 in
609 2304 706 2332 tribus.
721 2304 820 2331 Desinit
838 2305 880 2331 sol.
896 2305 972 2331 lO9.:
992 2305 1090 2340 confir-

132 2362 208 2388 mata
225 2360 253 2387 in
272 2359 391 2387 veritate.

200 2415 224 2440 6.
244 2412 404 2440 Darmstadt
422 2413 449 2439 in
467 2412 572 2445 Hassia,
591 2411 710 2437 biblioth.
729 2411 848 2442 DucaliS‚
870 2411 913 2437 95.
927 2412 1010 2437 chart.
1022 2418 1090 2437 saec.

131 2467 190 2493 XV.
208 2469 312 2493 exeunt.
330 2467 372 2492 rol.
394 2465 454 2491 496.
473 2472 512 2491 r.:
540 2465 621 2491 Pater
649 2465 749 2490 noster.
779 2462 957 2497 Privileqiata
980 2465 1020 2490 est
1037 2463 1090 2490 ista

130 2519 222 2547 oracio
240 2519 269 2546 in
288 2518 384 2546 tribus.
403 2519 501 2545 Desinit
521 2519 564 2544 tol.
585 2518 646 2543 498.
664 2525 708 2543 v.:
728 2516 810 2544 Fiant
827 2516 904 2544 nobis
916 2524 952 2544 ea·
964 2519 1013 2544 tua
1031 2524 1092 2551 yra-

129 2572 176 2599 tia.
195 2571 323 2606 Explicit.

200 2626 227 2652 7.
247 2625 306 2653 Ibid
323 2626 386 2652 964.
407 2627 490 2652 chart.
508 2631 579 2651 saec.
597 2624 666 2651 XlV.
686 2624 800 2651 membr.
820 2624 862 2650 sol.
883 2624 927 2650 44.
945 2631 989 2650 v.:
1010 2624 1092 2651 Pater

130 2680 230 2706 noster.
248 2678 425 2714 Privileqiata
443 2680 484 2706 est
500 2678 553 2706 ista
565 2678 658 2705 oracio
671 2677 700 2704 in
713 2677 810 2705 tribus.
825 2677 925 2704 Desinit
939 2678 982 2704 rol.
997 2678 1040 2704 46.
1053 2685 1093 2704 v.:

131 2730 213 2758 Fiam
230 2731 306 2758 nobis
324 2739 360 2758 ex
379 2733 428 2759 tua
446 2730 550 2766 gracia.

198 2771 228 2811 ’8.
247 2784 388 2817 Lambaei,
409 2787 551 2811 monaster.
570 2784 597 2810 in
615 2784 734 2821 Austria‚
763 2784 823 2810 cod.
842 2784 904 2810 462.
922 2785 1006 2810 chart.
1024 2790 1094 2810 saec.

132 2837 191 2863 XV.
211 2838 253 2864 rol.
273 2838 334 2864 462.
352 2845 396 2864 v.:
418 2837 562 2872 Exposicio
576 2837 605 2865 S.
618 2838 807 2865 Bonaventure
827 2837 859 2864 de
881 2837 1016 2865 dominica
1035 2845 1095 2865 ora·

132 2891 215 2918 cione.
233 2892 315 2919 Pater
333 2893 425 2919 noster
444 2893 492 2919 etc.
512 2891 611 2919 Oracio
631 2891 678 2919 hec
692 2891 868 2926 privilegiata
891 2893 931 2918 est
949 2891 979 2918 in
999 2890 1095 2919 tribus.

133 2945 232 2971 Desinit
256 2945 298 2971 sol.
325 2945 385 2971 466.
404 2952 444 2971 r.:
462 2944 544 2972 Fiant
569 2944 644 2972 nobis
669 2952 704 2972 esc
723 2946 771 2972 tua
796 2944 901 2979 gracia.
922 2944 995 2972 Finit
1014 2945 1094 2972 Pater

133 2999 234 3024 noster.
253 2997 355 3030 Scripta
374 3000 413 3024 est
432 2997 466 3024 ad
484 2998 596 3024 modum
614 2998 764 3025 schematis.

207 3052 233 3077 9.
260 3051 388 3084 Paris-iis,
418 3051 538 3078 biblioth.
563 3052 721 3084 Mazarinea,
746 3051 804 3078 cod.
831 3052 892 3078 902.
918 3052 1001 3078 chart.
1026 3059 1094 3078 saec.

135 3104 204 3130 XVl.
222 3105 322 3132 ineunt.
340 3105 394 3131 Fol.
414 3105 456 3131 Sl.
474 3112 511 3131 r.:
534 3104 679 3139 Exposicio
697 3112 720 3132 s.
735 3105 838 3132 Bonav.
849 3112 932 3139 super
951 3105 1033 3132 Pater
1051 3112 1096 3132 no·

134 3158 200 3184 ster.
212 3158 294 3185 Pater
305 3160 407 3186 noster.
421 3158 519 3186 oracio
532 3158 580 3185 lwc
589 3147 764 3193 privilegiam
777 3160 823 3186 est.
834 3159 933 3185 Desinit
946 3160 989 3186 sol.
1003 3159 1045 3185 87.
1059 3166 1096 3185 r.:

135 3217 172 3237 ea-
190 3212 238 3238 taa
250 3211 354 3246 oracta.
367 3211 487 3246 Empticit
505 3211 640 3246 eoeposicio
654 3211 790 3239 oracionis
802 3211 934 3239 dominice
946 3212 1096 3240 secundum

137 3264 280 3300 Doctorem
297 3265 471 3300 seraphicum
489 3273 511 3292 s.
530 3266 760 3293 Bonaventuram.

210 3319 251 3345 40.
273 3319 390 3347 Traiecti
415 3319 452 3347 ad
478 3319 614 3353 Rhenum,
640 3319 758 3346 biblioth.
786 3319 926 3352 Academ„
949 3320 1009 3346 cod.
1036 3320 1096 3346 408.

138 3370 214 3397 inter.
233 3372 260 3398 S.
277 3372 304 3398 E.
324 3379 392 3398 saec.
412 3372 470 3399 XV.
494 3374 598 3399 exeunt.
624 3372 679 3398 Fol.
707 3372 751 3398 23.
775 3379 817 3398 v.:
842 3371 938 3406 Incipit
960 3371 1096 3406 eaposicio

1148 328 1232 355 super
1249 322 1331 349 Pater
1349 324 1450 349 noster.
1469 324 1550 350 Pater
1569 325 1659 350 noster
1679 325 1726 350 etc.
1748 323 1845 350 oracio
1866 323 1913 350 Ιιεε
1935 323 2110 357 priviteqiata

1149 376 1188 401 εει
1206 374 1235 401 in
1254 374 1350 402 tribus.
1370 375 1468 402 Desinlt
1488 376 1531 402 tol.
1550 377 1594 402 28.
1607 383 1633 401 v.
1645 385 1651 401 ε
1665 375 1748 403 Fiant
1759 375 1835 403 nobis
1849 383 1883 402 ex
1896 376 1999 410 gracia.
2016 376 2110 411 Expli-

1148 427 1186 454 cit
1203 428 1339 462 exposict'o
1357 435 1439 462 super
1458 429 1539 455 Pater
1558 430 1658 456 noster.

1222 481 1264 507 44.
1285 480 1394 514 Ulmae,
1415 481 1533 507 biblioth.
1558 481 1690 514 Civitatis,
1719 482 1778 508 cod.
1809 483 1904 508 45490.
1934 483 2002 509 XlV.
2032 484 2059 508 E.
2088 484 2111 508 4.

1148 541 1218 560 saec.
1237 535 1306 560 XVl.
1326 535 1425 560 ineunt.
1443 535 1495 560 Fol.
1515 535 1575 561 2534.
1595 542 1634 560 r.:
1655 535 1736 561 Pater
1756 537 1857 561 noster.
1876 535 2052 569 Priviceqiatc
2072 538 2112 562 ent

1148 587 1200 614 ista
1219 587 1311 614 oracio
1331 587 1359 614 in
1379 587 1474 615 tribua.
1495 588 1592 614 Desinit
1610 589 1652 614 tol.
1672 588 1733 614 255.
1754 596 1797 614 v.:
1823 595 1874 622 per
1902 588 1997 615 vitium
2020 589 2111 615 inanis

1148 641 1234 676 ylorie
1252 642 1411 669 amiserunt.

1221 696 1262 721 42.
1286 695 1470 729 Vindomium,
1491 695 1610 722 biblioth.
1624 696 1752 728 Palatina,
1772 696 1852 722 3555.
1866 698 1946 722 chart.
1967 704 2036 723 saec.
2055 697 2111 723 XV.

1148 751 1252 774 exeunt.
1271 748 1299 774 in
1319 749 1363 774 tol.
1387 755 1462 781 parV.
1487 749 1540 774 Fol.
1567 748 1610 774 80.
1634 755 1673 774 r.:
1699 747 1795 782 Incipit
1817 748 1952 782 exposicio
1975 749 2113 775 Bonaven-

1148 803 1209 828 ture
1227 809 1309 836 super
1338 800 1502 828 dominicam
1521 800 1685 828 oracionem.
1713 801 1795 828 Pater
1823 803 1921 828 noster.
1946 802 1998 828 Hec
2019 802 2112 829 oracio

1143 854 1318 889 privileyiata
1337 857 1377 881 est
1403 854 1432 881 in
1460 853 1555 881 tribus.
1579 854 1676 880 Desinit
1704 855 1747 880 rol.
1773 854 1816 880 84.
1842 862 1866 880 v.
1894 856 1987 881 Amen.
2013 854 2111 881 Omnia

1144 908 1269 943 predicta
1289 908 1358 943 fiant
1385 907 1461 935 nobis
1489 915 1525 934 eoe
1553 909 1601 935 tua
1624 907 1728 941 qracia.
1755 908 1855 941 Scripta
1882 912 1921 934 est
1946 909 1979 935 ad
2004 909 2112 934 modum

1148 963 1296 989 schematis.
2089 993 2094 996 Ι

1220 1016 1236 1049 S
1255 1016 1281 1043 8.
1298 1015 1333 1042 De
1345 1015 1408 1042 aliis
1421 1014 1627 1050 expositionibus
1645 1014 1772 1042 orationis
1791 1014 1931 1041 dominicae
1945 1014 2011 1041 seluo
2025 1014 2051 1041 8.
2065 1014 2114 1041 Bo-

1148 1069 1311 1097 nevcnturco
1330 1069 1481 1097 attributis.

1220 1124 1250 1156 a)
1271 1124 1298 1149 P.
1315 1123 1412 1149 Bened.
1432 1123 1530 1149 Bonelli
1549 1123 1575 1149 in
1594 1130 1643 1149 suo
1663 1123 1851 1155 supplemento
1871 1123 1904 1149 ad
1924 1130 2004 1156 opera
2026 1123 2050 1148 S.
2066 1123 2112 1148 Bo-

1151 1183 1225 1208 nav.,
1246 1177 1365 1203 Tridenti
1386 1176 1454 1202 4774
1476 1177 1550 1209 (tom.
1570 1176 1606 1202 lll.
1627 1177 1675 1202 col.
1696 1176 1748 1202 268
1768 1176 1853 1209 seqq.)
1877 1176 1958 1202 edidit
1977 1176 2111 1209 quandam

1150 1230 1340 1262 expositionem
1355 1231 1396 1256 vel
1410 1230 1498 1263 potius
1516 1229 1682 1261 orationem,
1696 1236 1765 1263 quae
1778 1230 1879 1262 Incipit:
1896 1240 1908 1252 a
1921 1230 2000 1256 Pater
2013 1231 2114 1256 noster.

1151 1282 1172 1308 Ο
1193 1283 1320 1309 immensa
1340 1284 1492 1309 clementia!
1513 1283 1533 1309 Ο
1553 1283 1689 1309 ineffabilis
1709 1283 1873 1315 benignitas!
1893 1283 1913 1309 Ο
1934 1284 2000 1309 mira
2021 1283 2114 1315 digna-

1152 1336 1205 1362 tio!
1224 1336 1244 1362 0
1265 1337 1416 1369 longitudo,
1444 1337 1553 1363 latitudo
1567 1347 1580 1360 υ
1602 1339 1665 1369 etc.‚
1686 1340 1712 1363 et
1729 1338 1808 1369 plena
1827 1341 1866 1363 est
1884 1337 2014 1363 similibus
2033 1337 2115 1363 excla-

1152 1389 1319 1416 mationibus.
1339 1391 1397 1423 lpse
1417 1394 1506 1423 putat,
1525 1398 1583 1417 eam
1604 1398 1662 1417 esse
1680 1391 1827 1423 legitimum
1847 1392 1976 1423 seraphici
1996 1391 2114 1417 Doctoris

1152 1443 1327 1474 opusculum,
1355 1444 1418 1476 quia
1440 1443 1527 1469 eidem
1547 1443 1703 1475 inscriptum
1724 1444 1821 1469 invenit
1840 1444 1866 1469 in
1885 1444 2003 1477 quodam
2023 1443 2114 1469 codice

1153 1496 1257 1522 iuniore
1275 1496 1426 1523 Conventus
1443 1497 1530 1523 Fontis
1549 1496 1693 1523 Columbae
1717 1497 1790 1530 (vide
1813 1497 1906 1523 Prodr.
1930 1498 1979 1523 col.
2000 1497 2061 1529 420)
2090 1500 2115 1522 et

1154 1550 1180 1575 in
1199 1550 1280 1575 altero
1301 1550 1448 1576 Monasterii
1467 1550 1583 1576 Lunilaci
1601 1550 1628 1576 in
1646 1550 1751 1576 Austria
1770 1549 1846 1582 (ibid.
1864 1550 1912 1576 col.
1933 1550 2006 1582 427).

1226 1604 1278 1629 Sed
1296 1606 1398 1630 certum
1417 1606 1472 1635 est,
1491 1603 1598 1629 doctum
1617 1604 1704 1629 virum
1719 1604 1746 1629 in
1760 1589 1810 1629 hoc
1822 1610 1932 1629 errasse.
1946 1603 2033 1629 Primo
2046 1603 2116 1629 enim

1154 1658 1219 1683 haec
1237 1657 1336 1688 oratio,
1355 1657 1416 1683 licet
1433 1656 1466 1682 sit
1484 1657 1594 1689 devota,
1620 1660 1672 1683 tota
1691 1660 1731 1683 est
1750 1657 1775 1682 in
1794 1656 1931 1683 affectibus
1949 1657 1985 1682 ita
2004 1656 2116 1683 verbose

1153 1711 1285 1744 repetitis,
1304 1713 1333 1737 ut
1352 1710 1461 1736 minime
1489 1710 1604 1736 indolem
1623 1713 1649 1736 et
1667 1710 1756 1736 stilum
1784 1710 1914 1743 seraphici
1943 1711 2062 1736 Doctoris
2080 1718 2117 1736 sa-

1154 1765 1217 1798 piat.
1236 1779 1272 1784 —
1291 1765 1428 1796 Secundo,
1440 1764 1534 1790 eadem
1548 1763 1652 1798 pluries
1672 1764 1723 1789 iam
1743 1763 1813 1790 edita
1831 1764 1940 1797 aliisque
1955 1763 2049 1790 tributa
2063 1768 2116 1795 est,

1153 1820 1227 1853 quod
1246 1819 1345 1845 Bonelli
1362 1826 1415 1845 non
1434 1819 1497 1845 satis
1516 1818 1652 1851 cognovit.
1665 1818 1692 1844 ln
1706 1818 1835 1851 opusculo
1854 1817 1988 1844 Stimalus
2002 1818 2115 1850 amoris,

1155 1874 1193 1907 (p.
1212 1874 1251 1900 lll.
1269 1881 1292 1900 c.
1312 1873 1366 1907 47.)
1386 1873 1462 1899 toties
1480 1873 1533 1898 iam
1553 1873 1683 1905 impresso
1701 1875 1728 1898 et
1745 1872 1796 1905 ipsi
1810 1872 2008 1911 Bonaventurae
2022 1879 2117 1904 perpe-

1153 1935 1212 1954 ram
1230 1926 1356 1953 attributo
1374 1927 1468 1953 eadem
1488 1933 1597 1959 prorsus
1616 1926 1699 1952 oratio
1717 1925 1843 1959 habetur,
1863 1926 1978 1958 exceptis
1997 1925 2117 1958 pluribus

1153 1980 1310 2009 lectionibus
1338 1980 1502 2007 variantibus
1531 1980 1658 2014 (ibidem,
1678 1987 1702 2006 c.
1722 1981 1764 2006 48.
1792 1980 1870 2006 ctiam
1899 1980 1968 2006 duae
1998 1980 2063 2006 aliae
2091 1984 2116 2006 et

1153 2036 1291 2063 breviores
1310 2035 1486 2068 expositiones
1504 2035 1624 2061 eiusdem
1637 2034 1763 2060 orationis
1776 2034 1923 2061 dominicae
1939 2034 2117 2067 exhibentur).

1153 2089 1218 2115 lllud
1237 2096 1290 2115 non
1308 2089 1382 2114 latuit
1399 2089 1428 2114 P.
1446 2088 1558 2119 Bonelli‚
1571 2088 1618 2114 sed
1630 2088 1737 2119 asserit,
1757 2090 1892 2114 auctorem
1910 2087 2022 2114 Stimuli
2040 2093 2116 2113 amo-

1153 2142 1193 2169 ris
1212 2141 1329 2168 libellum
1348 2142 1547 2167 Bonaventurae
1566 2141 1615 2167 sibi
1635 2141 1864 2173 accommodasse,
1884 2151 1897 2164 α
1910 2148 1972 2167 cum
1984 2141 2035 2166 alia
2053 2147 2116 2173 quo-

1154 2202 1207 2229 que
1226 2195 1260 2221 ab
1278 2195 1393 2228 ipsomet
1411 2195 1594 2221 Bonaventura
1618 2195 1695 2221 suerit
1722 2197 1858 2221 mutuatus
1871 2204 1896 2220 n.
1924 2194 1979 2220 Hoc
2007 2193 2115 2226 quidem

1154 2256 1250 2275 verum
1277 2251 1330 2280 est,
1359 2255 1420 2274 cum
1440 2248 1489 2274 iste
1508 2248 1589 2274 soleat
1607 2248 1749 2274 sententias
1768 2247 2010 2273 Bonaventurianas
2028 2246 2116 2272 multis

1154 2302 1244 2329 verbis
1261 2306 1288 2329 et
1306 2301 1443 2328 affectibus
1462 2308 1561 2333 augere
1571 2311 1578 2333 ς
1598 2301 1645 2327 sed
1658 2301 1731 2334 quod
1744 2300 1881 2334 integrum
1899 2301 2048 2326 tractatam
2062 2300 2116 2324 iere

1155 2355 1318 2382 verbotenus
1346 2355 1528 2387 descripserit,
1547 2354 1618 2380 nullo
1637 2354 1757 2386 exemplo
1776 2352 1885 2386 probari
1903 2356 1997 2385 potest.
2017 2353 2036 2378 Ε
2055 2359 2116 2378 con-

1155 2408 1250 2440 trario,
1268 2408 1331 2441 quia
1350 2407 1507 2441 antiquitus,
1519 2407 1600 2433 istum
1613 2405 1762 2434 Stimulam
1775 2413 1833 2432 esse
1845 2405 1942 2432 librum
1956 2406 2117 2431 Bonaventu-

1155 2469 1213 2495 rae,
1232 2462 1408 2489 communiter
1426 2460 1578 2494 putabatur,
1591 2460 1692 2486 facilius
1705 2460 1862 2492 intelligitur,
1874 2459 2010 2493 quomodo
2022 2460 2049 2485 in
2062 2459 2118 2485 istis

1156 2515 1263 2543 duobus
1281 2514 1418 2542 codicibus
1443 2516 1508 2540 haec
1534 2514 1617 2540 oratio
1643 2520 1675 2539 ex
1700 2512 1817 2540 Stimulo
1836 2512 1940 2539 amoris
1960 2512 2116 2544 transcripta

1156 2570 1358 2595 Bonaventurae
1376 2567 1473 2594 tributa
1492 2568 1533 2594 sit.

1229 2623 1281 2649 Sed
1300 2622 1422 2655 graviora
1451 2621 1563 2648 dicenda
1582 2624 1656 2654 suut,
1675 2627 1744 2654 quae
1762 2621 1873 2647 nescivit
1891 2620 1918 2646 P.
1937 2620 2045 2646 Bonelli.
2065 2620 2119 2646 lam

1158 2685 1173 2704 a
1193 2678 1219 2703 Ρ.
1238 2677 1391 2709 Waddingo
1410 2677 1475 2702 haec
1495 2675 1629 2701 meditatio
1648 2681 1709 2701 cum
1729 2673 1813 2700 tribus
1832 2674 1887 2700 aliis
1900 2680 1980 2706 super
1993 2675 2048 2700 Ace
2061 2673 2119 2700 Ma-

1157 2731 1203 2758 ria
1222 2734 1248 2757 et
1266 2730 1348 2758 Salve
1366 2729 1469 2764 Reqz'na
1488 2729 1557 2755 edita
1576 2731 1616 2755 est
1635 2731 1663 2754 ut
1680 2735 1748 2761 opus
1767 2727 1796 2755 S.
1816 2727 1950 2760 Anselmi‚
1971 2728 2053 2760 episc.
2072 2727 2119 2753 Lu-

1158 2784 1289 2817 cen.,sed
1302 2786 1391 2810 tamen
1403 2782 1523 2809 dubium.
1537 2782 1602 2808 Nam
1616 2782 1641 2807 in
1654 2781 1864 2814 praemonitione
1883 2781 1991 2807 dicitur:
2009 2790 2021 2803 ι
2034 2780 2120 2806 Liceat

1158 2838 1248 2871 itaque
1266 2835 1487 2869 praecedentibus
1506 2835 1641 2868 opusculis
1659 2835 1706 2861 ista
1726 2834 1878 2866 subtexere,
1898 2834 1989 2860 saltem
2008 2840 2041 2859 ne
2060 2840 2120 2866 per-

1158 2893 1219 2917 eant
1231 2900 1257 2916 n.
1285 2890 1360 2916 Unde
1387 2893 1512 2923 apparet,
1540 2889 1725 2921 Waddingum
1752 2888 1873 2920 latuisse,
1902 2887 1950 2914 ista
1975 2888 2026 2913 iam
2045 2887 2120 2913 toties

1159 2945 1268 2977 vulgata
1287 2951 1346 2970 esse
1364 2943 1392 2969 in
1411 2943 1454 2969 illo
1474 2942 1591 2970 Stimulo
1610 2941 1724 2969 amoris.

1231 2997 1330 3024 Eadem
1349 2999 1456 3029 recepta
1479 2996 1649 3023 inveniuntur
1677 2996 1703 3021 in
1729 2994 1894 3022 Bibliotheca
1921 2996 2041 3022 veterum
2069 2994 2121 3020 Pa-

1160 3052 1250 3083 trum,
1270 3051 1505 3083 supplementum,
1524 3052 1587 3075 tom.
1607 3049 1711 3075 xxvh.
1732 3049 1780 3075 col.
1800 3048 1851 3074 436
1871 3052 1896 3074 et
1921 3048 2008 3074 denuo
2028 3048 2055 3073 in
2074 3048 2120 3073 Pa-

1159 3104 1271 3136 trologia
1289 3105 1343 3130 Lat.
1362 3103 1462 3136 Migne,
1482 3106 1545 3129 tom.
1566 3102 1626 3129 449.
1645 3103 1694 3129 col.
1714 3102 1776 3128 568.

1230 3156 1453 3183 Consentiendum
1472 3159 1511 3182 est
1536 3155 1639 3182 Oudino
1668 3155 1824 3189 (Commeat.
1853 3155 1945 3187 Script.
1974 3154 2119 3180 Ecclesiast.

1159 3211 1188 3238 li.
1207 3217 1269 3244 pag.
1287 3210 1350 3243 740)
1371 3211 1436 3236 haec
1454 3210 1551 3242 scripta
1570 3209 1678 3242 indigna
1696 3216 1754 3235 esse
1774 3210 1801 3235 S.
1819 3209 1942 3235 Anselmo
1961 3207 2080 3234 Lucensi.

1232 3262 1259 3295 b)
1278 3264 1306 3290 ln
1324 3263 1419 3289 eodem
1439 3266 1511 3288 tomo
1531 3262 1643 3295 praefati
1670 3262 1853 3295 supplementi
1880 3262 1937 3295 (col.
1967 3260 2029 3294 284)
2059 3267 2073 3286 a
2092 3261 2118 3286 P.

1160 3317 1259 3343 Bonelli
1278 3316 1401 3343 tribuitur
1420 3317 1447 3342 S.
1465 3317 1663 3342 Bonaventurae
1690 3315 1740 3341 alia
1767 3315 1924 3341 brevissima
1943 3314 2069 3346 expositio
2089 3320 2119 3339 ex

1160 3371 1278 3405 quodam
1303 3370 1395 3396 codice
1420 3369 1629 3402 Balneoregiensi
1649 3368 1723 3403 (ibid.
1748 3369 1797 3395 col.
1823 3368 1885 3400 389)
1912 3367 2069 3400 deprompta
2094 3370 2119 3392 et
