2476 3921
158 1027 259 1058 Instantis

153 1060 262 1082 pauperis.

134 1239 262 1261 Notandum.

127 2403 219 2425 Perfidia
231 2404 277 2425 ani-

127 2431 156 2451 mi
169 2431 276 2452 obdurati.

277 284 358 322 [ὥθ’

111 392 137 413 a:
151 389 261 418 superma.
276 387 338 411 non
364 376 531 415 Dominus,
555 376 628 409 fecit
651 375 729 408 haee
751 375 856 408 omnia
872 388 901 407 n.
919 393 963 398 —
979 374 1015 406 Et
1030 374 1105 416 quia
1121 373 1157 406 ad
1174 373 1234 406 du-

277 431 380 463 ritiam
404 428 632 462 concomitatur
656 427 823 469 superbia,
846 427 915 460 ideo
937 427 1043 459 addit:
1070 427 1109 459 Et
1130 425 1234 458 laomi-

277 493 351 516 nem
364 484 375 502 ¹
399 492 465 515 non
488 480 718 519 reverebatur,
750 483 880 522 propter
911 479 1121 522 arrogantiam
1146 488 1234 512 meu-

278 538 327 569 tis.
353 536 437 569 Unde
461 535 512 568 hic
536 534 575 567 de
599 543 732 566 numero
754 534 880 566 illorum
901 532 978 571 fuit,
994 533 1032 565 de
1048 532 1165 574 quibus
1181 533 1234 564 Sa—

279 590 411 632 pientiae
434 588 572 622 secundo
585 588 615 620 ²:
645 600 660 615 α
677 587 899 629 opprimamus
924 595 1093 628 pauperem
1114 586 1233 618 iustum

278 649 308 677 ct
339 653 401 676 non
432 651 600 685 parcamus
631 641 744 673 viduae
775 649 831 673 nec
864 639 1000 672 veterani
1032 647 1235 671 revereamur

279 706 372 730 canos
408 696 497 729 multi
530 694 680 737 temporis
698 708 726 726 n.
751 694 815 726 Tali
848 693 923 726 dicit
952 692 1045 725 lsaias
1076 691 1236 733 trigesimo

281 751 394 784 tertio:
424 763 440 779 α
456 750 536 782 Vae!
562 749 616 791 qui
642 748 819 790 praedaris;
844 755 947 779 nonne
970 750 1001 779 et
1024 746 1090 788 ipse
1106 744 1237 786 praeda-

282 804 391 837 beris?
418 804 452 836 Et
475 803 529 845 qui
554 803 694 844 spernis,
712 810 814 833 nonne
830 804 862 833 et
878 800 943 842 ipse
960 799 1141 841 sperneris?
1157 798 1235 830 Cum

281 856 549 889 consummaveris
586 854 876 896 depraedationem,
910 851 1169 894 depraedaberis,
1206 853 1237 882 et

281 920 353 943 cum
378 910 524 952 fatigatus
547 909 676 941 desieris
699 911 912 945 contemnere,
937 905 1147 939 contemneris
1163 917 1193 935 n.

371 965 400 995 5.
425 963 526 1003 (Vers.
552 962 606 1002 3.).
632 961 773 994 Secundo
801 963 953 1002 quantum
977 959 1015 991 ad
1040 957 1237 990 instantiam

281 1016 441 1060 pauperis
465 1015 591 1048 subdit:
623 1014 730 1046 Vidua
761 1018 871 1046 autem
902 1012 1067 1056 quaedam
1099 1014 1171 1043 erat
1202 1010 1238 1042 in

282 1070 413 1102 civitate
437 1069 517 1106 itta‚·
541 1067 645 1100 vidua
669 1067 786 1100 scilicet
809 1066 957 1098 destituta
981 1064 1090 1097 solatio
1114 1063 1190 1100 viri;
1207 1066 1239 1095 et

283 1123 398 1155 talibus
421 1122 561 1154 maxime
584 1124 631 1153 est
653 1119 930 1157 subveniendam,
955 1117 1129 1150 secundum
1159 1115 1238 1148 illud

285 1177 376 1209 isaiae
408 1175 556 1217 prim0⁸.·
587 1187 602 1202 «z
626 1173 773 1215 Quaerite
797 1171 961 1210 iudicium,
986 1170 1150 1203 subvenite
1181 1178 1235 1210 op-

285 1238 408 1271 presso,
432 1228 567 1261 iudicate
592 1226 710 1269 pupillo
733 1229 764 1258 et
787 1225 941 1258 defendite
965 1224 1090 1257 viduam
1109 1236 1138 1254 ».
1156 1222 1237 1254 Tali-

284 1283 344 1315 bus
368 1282 466 1324 magis
489 1280 578 1313 debet
599 1280 676 1322 fieri
698 1279 847 1317 iustitia,
879 1278 953 1320 quia
985 1277 1089 1309 minus
1113 1286 1146 1309 se
1169 1285 1240 1317 pos-

284 1339 359 1369 sunt
381 1334 547 1368 defendere
570 1338 602 1366 et
624 1332 822 1375 frequentius
845 1331 1090 1373 opprimuntur;
1115 1333 1147 1362 et
1170 1329 1239 1362 ideo

287 1388 486 1422 EcclesiastIci
500 1390 626 1429 :quarto
638 1387 672 1418 4:
702 1399 717 1414 «
735 1385 844 1418 Libera
860 1394 931 1417 eum
949 1384 1002 1426 qui
1021 1383 1167 1416 iniuriam
1185 1392 1239 1424 pa-

286 1443 380 1481 titur,
404 1442 442 1474 de
467 1450 561 1473 manu
585 1439 713 1481 superbi
734 1453 762 1470 ι».
793 1452 807 1466 a
827 1439 858 1470 ln
890 1437 1054 1470 iudicando
1085 1441 1152 1469 esto
1183 1445 1241 1478 pu-

287 1496 368 1538 pillis
391 1494 569 1527 misericors
593 1497 628 1525 ut
652 1496 740 1534 pater
764 1496 794 1524 et
819 1501 875 1533 pro
899 1491 968 1523 viro
984 1490 1075 1522 matri
1093 1490 1238 1528 illorum;

286 1553 317 1582 et
341 1548 403 1581 eris
426 1548 512 1580 velut
536 1546 619 1579 filius
642 1545 785 1578 Altissimi
811 1544 975 1582 obediens,
992 1547 1024 1576 et
1041 1543 1242 1575 miserebitur

288 1602 331 1634 tui
358 1601 455 1643 magis
478 1609 572 1642 quam
597 1602 696 1631 mater
713 1611 743 1629 ».
762 1616 806 1621 —
822 1597 865 1629 De
883 1597 941 1629 hac
966 1596 1061 1638 igitur
1086 1595 1180 1627 vidua
1196 1595 1242 1626 in-

287 1655 410 1696 digente
434 1653 545 1685 iudicis
570 1650 740 1693 patrocinio
765 1654 893 1691 propter
916 1649 1150 1691 oppressionem
1175 1656 1241 1679 ma-

290 1708 391 1739 lorum
416 1705 541 1738 subdit:
569 1705 608 1737 Et
630 1703 776 1736 veniebat
793 1702 838 1735 aa
853 1711 927 1734 eum
944 1702 1073 1734 dicens.-
1105 1700 1244 1732 Vindt‘ea

291 1769 339 1792 me
362 1759 399 1791 de
423 1755 619 1790 adversario
642 1765 730 1794 meo,
748 1764 804 1797 per
820 1755 1046 1787 districtionem
1072 1753 1177 1785 Iudicii
1196 1753 1244 1784 iu-

290 1813 351 1850 sti;
376 1815 408 1844 et
430 1812 489 1843 hoc
513 1810 638 1852 quidem
670 1810 789 1842 iustum
818 1812 885 1840 erat
909 1807 962 1839 tali
986 1814 1156 1849 personae;
1190 1805 1244 1837 Ec-

293 1864 455 1898 clesiastici
472 1853 621 1905 vigesimo
638 1862 738 1904 primo
751 1861 763 1881 ⁶
778 1873 785 1893 ε
807 1873 822 1889 α
840 1860 1024 1902 Deprecatio
1040 1858 1188 1901 pauperis
1204 1867 1246 1890 ex

292 1927 347 1950 ore
371 1925 472 1958 usque
494 1916 533 1948 ad
557 1923 650 1948 aures
674 1914 851 1956 perveniet,
875 1917 906 1946 et
930 1912 1079 1945 iudicium
1103 1911 1246 1944 festinato

292 1971 435 2003 adveniet
458 1969 500 2002 illi
518 1982 549 2007 υ,
581 1968 699 2001 scilicet
721 1976 740 2000 a
764 1967 847 2005 Deo:
872 1970 903 1999 et
926 1966 1086 2007 trigesimo
1114 1964 1244 2006 quinto:

299 2038 313 2052 «
331 2023 583 2066 Deprecationem
610 2021 681 2054 laesi
706 2020 875 2059 exaudiet3
900 2028 957 2052 nec
972 2018 1122 2060 despiciet
1138 2025 1247 2059 preces

295 2077 401 2119 pupilli
434 2085 490 2108 nec
522 2075 666 2113 viduam,
698 2073 722 2106 si
755 2073 893 2106 effundat
922 2072 1077 2114 loquelam
1101 2070 1246 2113 gemitus.

293 2131 398 2162 Nonne
422 2129 576 2170 lacrymae
601 2127 712 2160 viduae
735 2126 773 2159 ad
797 2126 957 2159 maxillam
981 2123 1192 2162 descendunt,
1216 2126 1248 2155 et

293 2183 480 2216 exclamatio
503 2182 571 2215 eius
602 2189 698 2223 supet·
729 2180 934 2213 deducentem
968 2181 1045 2211 eas?
1074 2178 1094 2209 A
1119 2177 1248 2209 maxilla

291 2236 373 2268 enim
398 2234 571 2268 ascendunt
594 2242 695 2276 usque
718 2233 755 2265 ad
780 2233 902 2265 caelum
918 2245 949 2263 n.
984 2231 1019 2263 Et
1050 2234 1152 2263 tamen
1185 2238 1247 2262 non

292 2288 479 2330 perveniunt
502 2295 605 2329 usque
628 2286 666 2318 ad
690 2295 745 2318 cor
769 2284 904 2318 hominis
928 2283 1120 2316 induratum.

382 2341 410 2373 6.
436 2340 536 2380 (Vers.
554 2339 609 2379 4.).
634 2338 720 2371 Unde
744 2338 870 2371 subdit:
895 2338 932 2369 Et
947 2336 1074 2369 nolebat
1086 2345 1148 2378 per
1163 2335 1249 2367 mat-

293 2399 363 2427 tam
394 2392 565 2436 tempas⁰,
597 2394 726 2434 propter
757 2390 919 2432 perfidiam
952 2389 1046 2422 animi
1078 2388 1247 2426 obdurati;

293 2448 376 2480 unde
399 2447 450 2479 bic
473 2449 541 2478 erat
564 2445 603 2478 de
626 2453 759 2477 numero
782 2443 927 2481 illorum,
951 2442 990 2475 de
1013 2442 1131 2484 quibus
1155 2441 1249 2474 Isaiae

293 2501 395 2542 primo
407 2500 418 2519 ⁷
434 2511 441 2532 z
464 2512 479 2527 α
496 2498 653 2539 Principes
669 2496 714 2530 tui
732 2496 890 2534 infideles,
907 2495 980 2528 socii
998 2495 1115 2528 surum.
1133 2494 1250 2526 Omnes

365 2699 374 2713 ¹
394 2698 478 2725 Codd.
497 2697 546 2724 AC
558 2698 610 2723 DG
629 2697 749 2723 homines:
770 2697 826 2729 (cfr.
845 2697 873 2722 B.
896 2696 1022 2728 Albert.);
1046 2696 1154 2721 inferius
1179 2703 1204 2720 n.
1224 2695 1250 2720 7.

296 2744 373 2769 iidem
395 2743 473 2768 codd.
491 2741 613 2767 exhibent
631 2740 774 2766 hominem.

366 2787 376 2802 ²
396 2787 470 2812 Vers.
491 2787 536 2817 ⁴0,
556 2786 581 2810 in
600 2792 654 2818 quo
674 2784 725 2811 CD
744 2785 833 2816 legunt
851 2791 899 2810 mc
914 2783 1045 2815 veterani,
1065 2790 1112 2809 nec
1130 2790 1253 2809 reverea-

294 2838 361 2858 mur
380 2837 461 2857 canos
472 2840 482 2862 ,·
501 2829 577 2856 Card.
597 2830 690 2861 Ilugo:
710 2835 758 2854 nec
776 2829 917 2860 veterano,
945 2834 992 2853 nec
1011 2833 1186 2853 revereamur
1210 2833 1254 2852 ca-

299 2883 348 2902 nos
368 2876 403 2908 (in
424 2874 558 2906 margine:
576 2879 625 2900 nec
643 2874 782 2899 *veteranos
801 2878 975 2898 revereamur
994 2872 1098 2901 canos).
1116 2884 1151 2890 —-
1164 2870 1254 2902 Sequi-

301 2923 342 2945 tur
361 2919 417 2945 lsai.
436 2919 485 2949 33,
506 2918 528 2943 t.

371 2963 380 2978 Β
401 2963 475 2989 Vers.
496 2962 538 2988 Π.
556 2975 591 2981 —-·
609 2961 662 2988 Ctr.
684 2962 808 2993 August,
828 2960 907 2992 Epist.
927 2960 987 2985 430.
1002 2959 1074 2991 (alias
1088 2959 1158 2992 121.)
1173 2966 1197 2984 c.
1216 2959 1253 2984 16.

297 3016 323 3034 n.
342 3009 385 3033 29.
404 2999 429 3033 in
449 3007 514 3038 ssne,
533 3006 577 3032 ubi
606 3006 683 3031 huius
703 3004 842 3037 parabolae
863 3004 1022 3030 mentionem
1044 3003 1103 3029 facit
1121 3006 1146 3029 et
1166 3011 1190 3028 n.
1211 3003 1254 3028 30.

297 3052 433 3088 εᾱὶυῐηςὶιρ
462 3051 530 3084 Quid
549 3053 636 3076 autem
657 3050 681 3075 in
702 3051 752 3075 lioc
770 3050 858 3081 operis
877 3055 974 3081 genere
994 3049 1017 3073 in
1037 3048 1125 3073 viduis
1144 3048 1254 3073 electum

296 3100 336 3122 est
354 3097 403 3122 nisi
423 3095 553 3122 destitutio
575 3098 601 3121 et
619 3094 767 3121 desolatio?
786 3094 965 3126 Quapropter,
985 3093 1005 3118 si
1020 3100 1047 3118 se
1060 3090 1148 3119 omnis
1160 3091 1253 3117 anima

299 3141 421 3172 intelligat
440 3140 464 3165 in
483 3141 532 3165 boc
551 3139 655 3165 saeculo
673 3138 822 3164 destitutam
836 3144 867 3163 ac
879 3137 1034 3169 desolatam,
1053 3135 1180 3170 quamdiu
1198 3142 1255 3167 per-

298 3184 431 3216 egrinatur
457 3191 470 3208 a
497 3183 607 3209 Domino
633 3182 693 3216 [cfr.
718 3183 744 3208 ll.
763 3181 822 3209 Cor.
842 3181 872 3214 5,
896 3180 948 3215 6.],
977 3182 1092 3213 profecto
1120 3179 1254 3213 quandam

299 3228 451 3254 viduitatem
472 3235 546 3254 suam
567 3228 621 3253 Deo
639 3226 770 3253 defensori
789 3226 894 3252 assidua
914 3229 939 3251 et
957 3225 1151 3258 impensissima
1164 3230 1255 3255 precu-

300 3272 369 3298 tione
387 3272 553 3298 commendat
572 3275 622 3297 etc.
641 3271 708 3297 Vide
727 3271 756 3297 ll.
774 3271 822 3303 Qq.
843 3270 1005 3302 Evangelior.
1024 3276 1052 3302 q.
1070 3268 1111 3295 45.
1126 3275 1151 3294 n.
1165 3268 1196 3300 2,
1210 3266 1254 3293 ubi

300 3316 356 3348 ipse
374 3316 452 3342 dicit:
473 3317 527 3348 Ipsa
548 3323 611 3341 vero
629 3315 709 3341 vidua
729 3319 815 3347 potest
833 3314 929 3340 babere
947 3313 1145 3340 similitudinem
1167 3311 1255 3339 Eccle-

298 3360 356 3387 siae
374 3364 423 3386 etc.
925 3357 936 3373 ⁴
956 3358 1030 3384 Vers.
1049 3358 1075 3383 9.
1094 3360 1120 3383 et
1139 3357 1181 3383 10.
1200 3363 1256 3389 seq.

372 3404 383 3419 ⁶
402 3405 475 3430 Vera.
496 3405 521 3430 6.
539 3408 565 3430 et
583 3405 679 3430 deiude
699 3404 746 3435 35,
766 3404 855 3429 46-19.

371 3448 382 3462 ⁰
400 3448 484 3474 Codd.
502 3448 615 3474 CDGH
633 3455 681 3482 per
700 3447 800 3474 multos
818 3447 882 3474 dies.

847 285 1040 318 COMMENT.
1066 285 1102 319 IN
1125 284 1364 318 EVANGELIUM
1387 283 1504 317 LUCAE
1528 283 1560 315 C.
1585 282 1685 315 XVIII.

1297 372 1431 414 diligunt
1467 381 1618 410 munera,
1652 373 1833 413 sequuntur
1868 370 2101 403 retributiones.
2138 370 2259 412 Pupillo

1297 435 1359 459 non
1384 425 1540 464 iudicant,
1564 429 1596 458 et
1619 433 1714 457 causa
1738 423 1849 456 viduae
1873 433 1935 456 non
1960 423 2136 465 ingreditur
2157 423 2195 456 ad
2220 424 2257 456 il-

1296 479 1343 511 los
1359 490 1391 517 »;
1415 481 1447 510 et
1472 477 1618 510 Ieremiae
1642 476 1775 518 quinto:
1804 488 1820 503 α
1837 475 1969 508 Causam
1995 475 2107 508 viduae
2131 485 2193 508 non
2210 475 2259 508 iu-

1297 532 1500 569 dicaverunt,
1524 538 1651 563 causam
1675 527 1785 571 pupilli
1810 537 1871 561 non
1895 528 2084 561 direxerunt
2100 541 2116 557 n
2145 533 2202 561 etc.

1388 585 1417 615 7.
1443 582 1548 615 Tertio
1572 586 1726 624 quantum
1751 581 1790 614 ad
1806 580 1989 624 efficaciam
2003 580 2114 622 precis
2130 580 2256 613 subdit:
2276 589 2377 620 Efficacia

1300 638 1381 669 Post
1402 635 1482 668 haee
1505 639 1616 668 autem
1640 635 1727 667 dixit
1749 635 1843 667 intra
1871 644 1927 666 se:
1955 633 2025 666 Etsi
2058 634 2161 666 Deum
2192 643 2259 666 non
2285 622 2365 644 prema.

1299 691 1394 723 timeo
1417 699 1475 721 nec
1499 688 1662 721 hominem
1685 687 1843 726 vereorS,
1868 696 1925 729 per
1952 686 2113 719 audaciam
2138 686 2258 724 cordis,

1299 746 1428 785 propter
1452 751 1547 784 quam
1572 741 1681 773 similis
1705 744 1773 773 erat
1797 741 1838 773 illi
1864 740 2021 782 superbo,
2045 739 2083 772 de
2114 748 2178 781 quo
2208 739 2260 771 Iob

1299 796 1421 829 decimo
1452 795 1583 837 quinto:
1620 808 1636 823 a
1661 794 1810 826 Cucurrit
1841 793 1993 826 adversus
2024 793 2124 825 Deum
2155 795 2261 824 erecto

1300 849 1380 882 collo
1396 852 1427 881 et
1443 848 1550 890 pingui
1575 847 1697 880 cervice
1721 850 1862 879 armatus
1886 850 1933 878 est
1949 859 1980 878 n.
1998 845 2084 878 Unde
2101 849 2132 878 et
2147 845 2186 878 de
2201 854 2262 877 nu-

1302 911 1390 935 mero
1406 902 1532 934 illorum
1556 904 1641 939 erat,
1666 900 1705 933 de
1727 899 1844 942 quibus
1860 899 1890 931 in
1908 899 2046 931 Psalmo:
2077 911 2092 926 α
2109 897 2262 933 Contritio

1301 959 1332 988 et
1355 954 1519 988 infelicitas
1543 954 1573 985 in
1600 953 1658 985 viis
1681 961 1792 985 eorum
1810 965 1825 981 ι)
1853 956 1912 984 etc.
2206 992 2209 995 ἦ

1391 1008 1421 1040 8.
1447 1007 1548 1046 (Vers.
1575 1007 1629 1046 5.).
1671 1006 1808 1044 Tamen,
1841 1005 1923 1048 quia
1950 1004 2085 1037 molesta
2109 1008 2155 1036 est
2178 1003 2263 1037 mihi

1302 1061 1381 1094 liaeo
1404 1061 1528 1098 vidua,
1554 1068 1610 1101 per
1634 1058 1813 1091 instantiam
1839 1058 1959 1100 precis,
1977 1067 2058 1099 quae
2073 1056 2178 1090 omnia
2194 1057 2262 1090 vin-

1302 1115 1361 1153 cit,
1397 1112 1571 1146 secundum
1604 1111 1681 1144 illud
1714 1110 1854 1143 Indicum
1885 1110 2008 1142 decimo
2042 1109 2185 1151 quarto⁹
2224 1109 2263 1142 de
2282 1116 2413 1144 exemptum.

1277 1210 1279 1212 Ι
1302 1176 1405 1201 uxore
1429 1166 1603 1205 samsonis,
1628 1173 1710 1207 quae
1738 1177 1753 1192 α
1770 1167 1890 1205 septem
1914 1163 2026 1195 diebus
2050 1162 2183 1195 convivii
2207 1162 2264 1195 sse-

1302 1221 1355 1254 bat
1378 1220 1462 1262 apud
1485 1228 1577 1257 eum,
1602 1218 1792 1259 tandemque
1815 1216 1865 1248 die
1889 1215 2032 1257 septimo,
2048 1223 2120 1247 cum
2138 1214 2165 1247 ei
2182 1217 2265 1247 esset

1302 1274 1449 1311 molesta,
1474 1271 1669 1314 exposuit».
1696 1271 1826 1311 Propter
1849 1268 1935 1310 quod
1959 1277 2057 1310 supra
2073 1267 2262 1300 undecimo:

1308 1340 1323 1355 «
1342 1327 1377 1359 Et
1400 1326 1451 1358 ille
1467 1325 1593 1357 deintus
1610 1322 1813 1365 respondeat:
1831 1321 1896 1354 Noli
1915 1321 1991 1353 mihi
2009 1321 2162 1353 molestus
2177 1328 2264 1359 esse,

1304 1379 1379 1422 quia
1404 1378 1494 1420 pueri
1519 1377 1578 1410 mei
1604 1384 1727 1409 mecum
1752 1379 1827 1408 sunt
1851 1375 1881 1406 in
1906 1373 2049 1406 cubili».
2080 1386 2096 1402 «
2112 1373 2148 1405 Et
2162 1372 2195 1410 ,si
2214 1372 2265 1405 ille

1305 1431 1556 1474 perseveraverit
1580 1430 1727 1472 pulsans,
1751 1429 1820 1461 dico
1844 1427 1950 1466 vobis,
1967 1427 2024 1460 etsi
2041 1436 2104 1459 nou
2120 1426 2206 1459 dabit
2221 1425 2265 1458 illi

1306 1494 1457 1527 surgens,
1481 1493 1518 1517 eo
1542 1483 1626 1526 quod
1650 1483 1770 1522 amicus
1794 1482 1862 1514 eius
1886 1481 1944 1520 sit,
1969 1484 2099 1522 propter
2115 1479 2266 1521 improbi-

1306 1542 1400 1571 tatem
1426 1541 1529 1569 tamen
1554 1537 1622 1569 eius
1646 1540 1755 1578 surget
1786 1539 1817 1567 et
1850 1534 1936 1567 dabit
1959 1534 2002 1566 illi
2027 1536 2184 1576 quotquot
2211 1533 2267 1565 ha-

1306 1592 1358 1624 bet
1389 1590 1582 1623 necessarios
1599 1603 1628 1621 ι».
1654 1608 1697 1612 -
1719 1578 1770 1621 ‘Sic
1801 1592 1831 1621 et
1863 1588 1960 1620 iudex
1985 1587 2043 1620 iste
2067 1586 2266 1629 improbitate
2279 1593 2424 1642 iiffirxoffgffctiq

1309 1644 1460 1682 vincitur;
1486 1643 1569 1676 unde
1592 1642 1697 1675 addit:
1734 1641 1912 1674 Vindicabo
1944 1640 2058 1679 illam,
2090 1640 2322 1673 secundumtur.

1307 1696 1496 1738 exigentiam
1522 1695 1569 1727 sui
1595 1695 1691 1733 iuris;
1717 1690 1776 1726 lioc
1800 1694 1881 1726 enim
1906 1697 1954 1726 est
1977 1693 2116 1725 officium
2140 1692 2266 1730 iudicis,

1308 1753 1344 1782 ut
1368 1750 1485 1782 relevet
1515 1757 1682 1790 oppressos
1704 1751 1735 1780 et
1759 1747 1869 1788 puniat
1896 1746 2127 1788 opprImentes3
2152 1746 2268 1778 Nume-

1309 1811 1418 1835 rorum
1437 1801 1595 1843 trigesimo
1613 1801 1715 1842 primo
1729 1800 1755 1819 ²⁰
1769 1812 1775 1832 :
1805 1813 1821 1828 «
1838 1800 1975 1832 Locutus
1996 1803 2043 1831 est
2059 1798 2212 1831 Dominus
2228 1798 2268 1831 ad

1309 1855 1449 1896 Moysen:
1478 1853 1631 1886 Ulciscere
1664 1852 1753 1894 prius
1785 1852 1865 1884 filios
1898 1851 1991 1884 lsrael
2015 1851 2053 1883 de
2077 1850 2268 1889 Madianitis,

1309 1911 1340 1940 et
1364 1908 1408 1940 sic
1431 1907 1588 1948 colligeris
1611 1905 1649 1939 ad
1674 1909 1780 1947 patres
1804 1908 1875 1938 tuos
1891 1918 1922 1944 ³?-
1948 1905 2010 1936 Hoc
2034 1913 2095 1936 non
2112 1903 2205 1936 debet
2221 1903 2270 1936 iu-

1309 1961 1371 1993 dex
1396 1960 1498 1993 facere
1522 1968 1562 1992 ex
1587 1959 1658 1992 odio
1675 1967 1844 2001 personae,
1862 1957 1915 1991 sed
1932 1967 1974 1990 ex
1990 1966 2098 1990 amore
2114 1956 2268 1995 iustitiae,

1311 2013 1595 2051 sicutMatbathias‚
1608 2012 1646 2045 de
1658 2022 1721 2055 quo
1734 2012 1826 2054 primi
1841 2011 2100 2044 Macbabaeorum
2114 2010 2268 2044 secundo:

1315 2080 1330 2094 «
1348 2068 1502 2099 Accensus
1525 2068 1573 2098 est
1595 2065 1685 2098 furor
1709 2065 1777 2098 eius
1802 2065 1975 2098 secundum
1994 2064 2146 2097 iudicium
2162 2063 2269 2106 Legis,

1310 2123 1342 2153 et
1365 2119 1504 2152 insiliens
1522 2118 1688 2151 trucidavit
1706 2118 1864 2151 hominem
1881 2118 1969 2151 illum
1987 2131 2017 2149 n.
2035 2136 2080 2141 --
2095 2117 2149 2150 Hie
2164 2121 2272 2150 autem

1311 2173 1408 2206 iudex
1433 2182 1494 2205 non
1519 2171 1689 2205 exercebat
1713 2171 1880 2204 vindictam
1900 2175 2028 2213 propter
2050 2171 2152 2204 zelum
2176 2170 2270 2212 legis,

1311 2226 1365 2259 sed
1390 2229 1518 2268 propter
1542 2225 1704 2258 vitandum
1722 2224 1858 2258 taedium
1877 2225 1996 2266 precis;
2015 2227 2046 2257 et
2061 2223 2130 2256 ideo
2147 2222 2270 2256 subdit:

1311 2278 1359 2312 Ne
1383 2279 1418 2311 in
1442 2278 1621 2311 novissimo
1643 2277 1775 2310 veniens
1791 2277 1921 2320 sagittet
1943 2287 2010 2315 me,
2037 2285 2094 2319 per
2118 2276 2268 2318 frequen·
2289 2283 2422 2312 Quidsngii-

1312 2333 1386 2365 tiam
1410 2332 1564 2365 clamoriS.
1590 2331 1670 2365 Beda
1684 2333 1730 2363 ¹¹:
1760 2344 1776 2359 α
1795 2332 1833 2363 ln
1861 2331 2059 2370 novissimo,
2084 2330 2114 2362 id
2139 2332 2204 2368 est,
2229 2338 2269 2362 ne
2329 2311 2382 2332 ’Μ’

1313 2386 1429 2419 iterum
1446 2389 1477 2418 et
1493 2385 1609 2418 iterum
1634 2385 1761 2418 veniens
1784 2385 1960 2427 strangulet
1976 2393 2027 2417 me
2051 2383 2195 2416 taediosis
2211 2383 2273 2416 cla-

1312 2440 1455 2472 moribus
1472 2453 1501 2471 ».
1527 2439 1613 2472 Unde
1636 2439 1744 2471 Glossa
1759 2434 1851 2477 dicit,
1868 2437 1954 2480 quod
1975 2451 1991 2466 α
2006 2436 2126 2480 εαρίῖἰο
2142 2446 2161 2469 a
2175 2446 2272 2479 awo,

1314 2496 1450 2525 tractum
1475 2502 1494 2525 a
1517 2492 1635 2531 lamiis,
1659 2492 1690 2524 id
1722 2494 1769 2524 est
1800 2491 1963 2533 strangulo
1979 2504 2010 2523 ι).
2036 2490 2158 2523 Lamiae
2189 2489 2272 2522 enim

1387 2693 1396 2708 ⁷
1416 2694 1491 2719 Vers.
1511 2694 1560 2724 23,
1580 2695 1640 2725 post
1657 2699 1737 2725 quem
1758 2693 1805 2717 lor.
1824 2691 1848 2723 5,
1869 2693 1910 2717 28.

1386 2736 1396 2751 Β
1417 2738 1528 2768 Vulgata
1547 2740 1573 2762 et
1592 2737 1612 2761 Η
1631 2742 1774 2767 revereor,·
1794 2743 1842 2767 pro
1861 2742 1909 2762 nec
1922 2735 2057 2761 hominem
2076 2734 2127 2761 Cl{
2146 2737 2172 2760 et
2190 2733 2276 2760 homi-

1316 2788 1377 2807 nem
1395 2787 1463 2812 non,
1487 2781 1507 2806 I)
1525 2780 1660 2806 hominem
1679 2786 1744 2805 non.
1756 2793 1791 2798 —
1805 2780 1862 2805 Duo
1875 2787 1950 2812 seqq.
1964 2779 2013 2805 loci
2032 2783 2092 2805 sunt
2111 2779 2156 2805 lob
2177 2778 2218 2810 45,
2232 2779 2275 2804 26.

1318 2830 1342 2850 et
1361 2825 1402 2850 ps.
1422 2825 1469 2855 rt3’,
1489 2825 1513 2850 3.

1388 2868 1399 2882 ⁰
1419 2869 1493 2894 Vers.
1508 2869 1560 2899 >l7,
1579 2869 1621 2894 cui
1640 2868 1838 2900 subiunguntur
1850 2869 1913 2894 Luc.
1933 2869 1973 2898 ll,
1986 2868 2012 2893 7.
2031 2871 2057 2893 et
2077 2868 2110 2901 8;
2129 2869 2175 2894 cfr.
2195 2874 2275 2899 supra

1318 2919 1341 2938 c.
1362 2913 1404 2937 Η.
1423 2920 1446 2937 n.
1468 2913 1509 2937 22.
1530 2912 1556 2937 in
1576 2912 1654 2937 tlne.‘

1391 2956 1412 2971 ¹⁰
1432 2957 1505 2982 Vers.
1526 2957 1550 2982 t.
1570 2963 1624 2989 seq.
1639 2956 1698 2988 (pro
1710 2955 1780 2990 filios
1799 2956 1849 2982 AC
1862 2957 1882 2981 D
1900 2956 1987 2988 viros,
2007 2959 2032 2981 et
2045 2963 2093 2988 pro
2102 2957 2196 2990 patres
2215 2957 2277 2982 tuos

1319 3002 1377 3027 Vat.
1397 3008 1457 3027 cum
1478 3001 1589 3033 Vulgata
1606 2999 1740 3034 papalum
1765 3002 1855 3028 tuum)
1875 3003 1900 3026 et
1919 3000 2015 3026 deinde
2034 3001 2051 3026 l.
2071 3001 2153 3026 Macri.
2177 3001 2208 3032 2,
2232 2999 2276 3025 24.

1390 3045 1410 3060 ¹¹
1432 3046 1493 3071 Sive
1512 3045 1599 3077 potius
1617 3046 1705 3070 Glossa
1725 3044 1868 3071 ordinaria
1881 3045 1951 3077 apud
1966 3045 2112 3077 Lyranum,
2132 3051 2200 3077 quae
2217 3051 2278 3070 ver-

1319 3090 1360 3116 bis
1378 3090 1464 3116 Bedae
1484 3091 1550 3115 bunc
1569 3089 1766 3121 explicationem
1786 3089 1868 3115 addit.
1886 3103 1922 3109 -
1940 3090 2030 3115 Glossa
2050 3097 2106 3122 seq.
2119 3093 2158 3115 est
2178 3088 2277 3115 interti-

1317 3134 1422 3166 nem-is,
1442 3141 1510 3167 quae
1523 3141 1536 3159 a
1552 3135 1653 3166 Lyrano
1667 3134 1704 3160 sic
1716 3133 1869 3160 exhibetur:
1886 3144 1899 3157 α
1913 3133 2044 3167 Suyillat,
2059 3141 2073 3159 a
2086 3140 2215 3166 suggero,
2228 3136 2277 3159 tra-

1318 3183 1389 3205 ctum
1409 3185 1422 3204 a
1444 3178 1541 3211 lamiis,
1560 3178 1587 3204 id
1606 3182 1646 3204 est
1663 3179 1797 3210 strangulo
1812 3189 1835 3203 n.
1850 3179 1877 3204 B.
1891 3178 1990 3204 Albert.
2002 3179 2054 3204 ait:
2074 3178 2221 3210 suggillare
2233 3185 2276 3203 au·

1318 3226 1370 3249 tem
1391 3226 1490 3248 tantum
1510 3222 1579 3248 valet
1597 3226 1723 3255 quantum
1744 3223 1895 3254 subgulare.
1909 3222 2082 3255 Componitur
2095 3226 2196 3253 autem,
2210 3222 2277 3250 sieut

1318 3266 1381 3292 dicit
1402 3266 1528 3297 lsidorus,
1547 3273 1560 3291 n
1580 3273 1648 3300 suyo
1667 3270 1693 3292 et
1711 3265 1792 3300 qula,
1812 3267 1906 3299 quasi:
1931 3273 1966 3292 ne
1990 3270 2068 3298 sugat
2088 3266 2192 3292 tandem
2218 3254 2277 3294 ann-

1320 3311 1426 3343 guinem
1446 3310 1480 3336 de
1499 3311 1560 3342 gula
1580 3318 1655 3343 mea;
1684 3311 1755 3344 quod
1776 3311 1913 3343 proprium
1934 3311 2029 3336 dicitur
2048 3318 2106 3337 esse
2125 3310 2276 3342 lamiarum,

1319 3361 1388 3388 quae
1406 3355 1506 3380 occulte
1525 3355 1632 3381 veniunt
1650 3355 1683 3380 nd
1704 3355 1822 3381 nomines
1840 3358 1866 3381 et
1884 3358 1983 3387 sugunt
2001 3355 2156 3387 sanguinem
2171 3354 2204 3380 de
2217 3354 2277 3386 gula

1319 3406 1420 3425 eorum.
1440 3398 1513 3425 Unde
1532 3399 1580 3424 alia
1600 3399 1682 3425 littera
1702 3401 1766 3425 baec
1786 3399 1881 3425 nubet:
1901 3399 1940 3426 Ne
1959 3398 2058 3426 iterum
2076 3400 2102 3426 et
2119 3398 2220 3425 imum
2238 3404 2278 3424 ve-

1319 3443 1395 3470 niens
1413 3442 1540 3477 maculet
1558 3450 1607 3469 me..
