2476 3921
208 1278 296 1299 Divisio.

160 1598 233 1619 Primo
247 1604 302 1619 com-

175 1625 289 1646 mandatur

169 1652 297 1678 simplicitas

152 1680 223 1699 rectae
234 1679 303 1699 inten-

173 1706 238 1726 tionis
252 1711 290 1732 per

206 1732 254 1752 tria.

194 1811 296 1832 Primum.

317 271 382 303 300

315 358 535 402 poenitentiam
559 356 598 389 de
628 355 786 398 peccatis;
818 354 873 397 qui
897 354 937 387 ad
952 354 1002 387 sui
1038 354 1275 387 excusationem

316 414 474 454 quaerunt
490 410 578 452 signa
594 408 837 447 miraculorum,
854 416 927 440 cum
952 410 1056 440 tamen
1073 410 1145 440 ante
1168 407 1277 439 oculos

316 465 450 497 habeant
481 463 641 496 Christum
666 461 873 500 crucifixum,
896 461 940 493 ita
963 463 999 493 ut
1022 460 1119 502 possit
1142 460 1188 493 eis
1215 459 1275 492 dici

315 517 392 550 illud
416 517 455 549 ad
478 516 601 548 Galatas
623 515 717 548 tertio
731 515 757 546 ¹:
787 527 802 543 α
819 513 845 546 Ο
868 513 1017 546 insensati
1040 513 1179 546 Galatae!
1204 512 1277 555 quis

316 580 370 604 vos
386 570 546 603 fascinavit
570 578 631 602 non
647 568 775 601 obedire
795 567 935 605 veritati,
951 570 1023 599 ante
1046 575 1184 609 quorum
1201 575 1276 598 ocu-

316 625 361 657 los
380 624 524 656 Christus
541 621 755 664 praescriptus
774 624 821 653 est
838 620 869 652 in
890 619 978 653 vobis
994 623 1025 652 et
1045 619 1221 653 crucifixus
1234 622 1275 651 »t

317 696 356 700 -
375 676 527 709 Habentes
543 675 640 717 igitur
663 678 695 707 et
710 674 851 707 videntes
875 674 999 716 signum
1024 673 1129 706 crucis
1143 673 1275 712 Christi,

315 739 376 762 non
396 729 547 761 debemus
570 737 642 760 cum
662 727 781 760 ludaeis
804 735 873 759 esse
890 735 946 759 nec
970 725 1066 758 dubii
1083 725 1123 758 ad
1147 725 1276 758 creden—

314 783 389 815 dum
407 791 463 814 nec
487 781 589 823 tepidi
610 780 648 813 ad
672 780 863 813 audiendum
887 788 945 812 nec
968 778 1092 822 frigidi
1106 779 1146 811 ad
1170 779 1276 821 poeni-

317 835 444 868 tendum
462 838 492 867 et
508 833 703 876 operandum
720 834 751 866 in
769 833 1001 875 comparatione
1026 832 1152 874 reginae
1175 832 1276 865 austri

316 893 346 921 et
370 889 595 927 Ninivitarum,
621 896 659 920 ne
682 896 701 919 a
723 886 855 919 Domino
879 885 1136 919 condemnemur.

481 1002 640 1030 confutatur
658 1000 768 1028 fallacia.
786 999 970 1027 simulantium
989 1008 1034 1035 per
1053 999 1110 1026 duo.

406 1103 457 1134 70.
476 1101 577 1134 Nemo
594 1100 742 1133 accendit
759 1100 931 1133 lucernam
948 1103 1006 1132 etc.
1025 1099 1191 1141 Postquam
1213 1099 1278 1131 Sal-

316 1159 405 1188 vator
422 1155 594 1188 confutavit
610 1154 762 1186 sallaciam
781 1154 1070 1196 blasphematorum
1085 1156 1115 1185 et
1132 1152 1278 1185 incredu-

316 1209 419 1241 lorum
444 1208 509 1241 sive
532 1211 740 1246 tentatorum,
766 1207 795 1239 in
822 1207 880 1239 hac
905 1210 994 1248 parte
1017 1206 1158 1239 confutat
1176 1204 1278 1248 falla-

316 1262 404 1295 ciam
434 1261 671 1294 simulatorum
685 1261 707 1293 2.
741 1260 837 1293 Habet
867 1264 972 1293 autem
1006 1269 1079 1302 pars
1111 1260 1170 1292 ista
1199 1259 1279 1292 duas

316 1320 439 1358 partes,
463 1316 494 1348 in
519 1324 655 1358 quarum
682 1315 784 1356 prima
808 1314 1015 1346 commendat
1033 1313 1278 1355 simplicitatem

316 1369 505 1402 intentionis
527 1374 655 1406 rectae;
680 1368 709 1400 in
732 1367 869 1400 secunda
892 1376 968 1400 vero
985 1365 1136 1409 confutat
1159 1367 1279 1399 dolosi-

317 1428 416 1455 tatem
439 1422 665 1455 simulationis
688 1418 942 1464 wialz‘ynaejibl
958 1420 988 1452 ³:
1016 1421 1146 1453 Etcum
1172 1420 1278 1464 loque-

316 1480 421 1515 retur,
445 1476 578 1518 royacit
601 1485 676 1507 cum
691 1478 750 1508 etc.

406 1529 447 1562 Ad
465 1529 762 1562 commendandam
787 1528 884 1570 igitur
903 1527 1148 1570 simplicitatem
1171 1531 1279 1559 rectae

317 1583 506 1616 intentionis
530 1583 633 1625 primo
656 1582 717 1614 tria
734 1582 995 1620 introducuntur,
1020 1581 1138 1613 scilicet
1160 1580 1279 1613 simili-

317 1637 395 1670 tudo
419 1636 613 1674 rationalis,
647 1635 821 1677 adaptatio
852 1634 1087 1667 similitudinis
1118 1637 1149 1666 et
1172 1633 1279 1676 insor-

315 1691 418 1723 matio
443 1688 721 1723 commendabilis.

406 1745 458 1775 71.
484 1743 585 1783 (Vers.
611 1741 687 1781 33).
715 1741 817 1773 Primo
842 1741 938 1782 igitur
958 1740 1170 1772 introducitur
1185 1740 1279 1773 simi-

317 1797 421 1830 litudo
445 1795 643 1833 rationalis,
660 1803 733 1827 cum
750 1793 883 1826 dicitur:
909 1793 1011 1826 Nemo
1035 1793 1207 1826 lucernam
1223 1803 1279 1826 ac-

317 1850 422 1883 cendit
446 1853 474 1881 ct
505 1849 541 1881 in
573 1848 763 1880 abscondito
784 1847 878 1890 ponit
909 1856 1012 1890 neque
1042 1846 1104 1879 sub
1128 1847 1238 1879 modio
1254 1848 1277 1880 ⁴².

318 1905 471 1937 Lucerna
493 1903 609 1935 dicitur
641 1901 823 1934 vehiculum
849 1901 976 1934 luminis
1008 1900 1073 1934 sive
1101 1910 1156 1934 vas
1187 1901 1280 1933 lumi-

317 1958 366 1990 nis
390 1956 619 1994 contentivum,
643 1964 724 1997 quae
745 1955 809 1987 sive
826 1954 997 1986 materialis
1020 1954 1073 1992 sit,
1099 1954 1163 1987 sive
1188 1954 1280 1996 spiri-

318 2010 428 2049 tualis,
453 2019 515 2042 non
539 2012 587 2042 est
609 2007 836 2041 abscondenda.
862 2008 1003 2040 Lucerna
1026 2007 1109 2040 enim
1134 2007 1280 2040 materia-

317 2063 355 2096 lis
378 2062 559 2095 abscondita
590 2062 697 2094 lumen
730 2070 790 2093 non
824 2060 953 2099 tribuit,
985 2060 1039 2093 sed
1071 2063 1118 2093 est
1149 2069 1281 2102 prorsus

317 2115 453 2154 inutilis,
486 2115 630 2148 similiter
661 2123 719 2146 nec
750 2113 939 2155 spiritualis;
968 2112 1051 2146 unde
1076 2113 1280 2145 Ecclesiastici

317 2169 506 2211 vigesimo-‘³2
535 2181 550 2196 «
568 2167 724 2209 Sapientia
746 2166 928 2199 abscondita
951 2171 982 2199 et
1008 2167 1177 2199 thesaurus
1201 2166 1280 2198 invi—

317 2231 385 2261 sus,
410 2231 491 2264 quae
521 2221 641 2254 utilitas
663 2221 694 2253 in
727 2220 902 2262 utrisque?
926 2220 1033 2252 Melior
1064 2223 1113 2252 est
1136 2219 1200 2259 vir,
1225 2219 1280 2261 qui

317 2275 397 2308 celat
420 2275 628 2317 insipientiam
653 2283 758 2312 suam,
783 2282 878 2315 quam
895 2273 949 2315 qui
973 2272 1136 2305 abscondit
1159 2272 1281 2314 sapien-

319 2329 392 2361 tiam
417 2337 505 2361 suam
526 2342 557 2360 ».
583 2328 620 2360 Et
650 2327 719 2360 ideo
737 2328 820 2360 'haec
844 2327 974 2359 lucerna
1005 2335 1067 2358 non
1099 2325 1192 2358 debet
1226 2326 1282 2358 ab·

318 2381 443 2420 scandi,
468 2381 521 2414 sed
546 2380 748 2413 manifestari.
767 2398 808 2403 —
831 2379 917 2412 Unde
940 2379 1064 2411 subdit:
1088 2378 1150 2410 Sed
1172 2388 1282 2420 supra

319 2434 577 2472 candelabrum,
609 2434 728 2466 scilicet
751 2433 855 2475 ponit,
885 2436 921 2464 ut
951 2431 1011 2475 qui
1041 2431 1282 2474 inyrcdiuntur

908 265 1102 299 COMMENT.
1128 265 1163 297 lN
1189 264 1430 298 EVANGELIUM
1453 264 1572 297 LUCAE
1597 263 1630 296 C.
1654 264 1702 295 xl.

1341 352 1451 386 lumen
1479 352 1623 385 videant.
1656 352 1780 393 Quanto
1810 355 1916 385 autem
1947 352 2094 385 lucernae
2121 352 2216 385 altius
2247 361 2302 394 po-

1340 410 1477 445 nuntur,
1494 409 1581 438 tanto
1605 405 1722 438 clarius
1738 405 1952 447 resplendent;
1970 409 2002 438 et
2017 405 2087 438 ideo
2101 415 2211 447 supra
2227 415 2304 438 can-

1340 458 1512 491 delabrum
1537 458 1619 491 sicut
1643 467 1741 500 supra
1764 458 1869 491 locum
1888 458 2049 492 excelsum
2074 458 2188 492 debent
2211 459 2303 501 poni,

1339 512 1432 545 iuxta
1455 512 1606 545 visionem
1632 511 1800 544 Zachariae
1831 511 1989 554 quarto⁶:
2019 525 2035 541 «ι
2051 511 2135 551 Vidi,
2159 516 2190 545 et
2214 521 2303 551 ecce,

1341 565 1566 598 candelabrum
1589 573 1723 597 aureum
1747 567 1778 597 et
1802 568 1921 607 septem
1945 565 2093 598 lucernae
2116 565 2184 598 eius
2208 574 2304 608 super

1341 617 1418 650 illud
1436 632 1465 650 n,

1431 672 1484 702 72.
1501 670 1540 711 (V
1542 678 1603 703 ers.
1617 670 1695 711 34).
1712 670 1855 703 Secundo
1872 679 1947 703 vero
1963 671 2146 713 adiungitur
2162 672 2304 714 adapta-
2323 677 2459 715 secunaum„

1342 723 1386 756 tio
1416 723 1669 762 similitudinis,
1701 732 1774 756 cum
1797 723 1934 756 dicitur:
1966 724 2119 757 Lucerna
2152 725 2303 767 corporis

1341 776 1393 809 tui
1422 781 1468 809 esc
1497 776 1612 809 oculus
1644 781 1732 809 tuus.
1763 777 1920 820 Corporis
1951 786 2087 820 namque
2118 777 2306 811 materialis

1341 830 1453 863 oculus
1476 830 1649 872 corporalis
1665 834 1713 863 est
1736 831 1881 870 lucerna,
1905 831 1980 873 quia
1997 835 2098 864 totum
2122 840 2239 874 corpus
2255 840 2306 865 re-

1341 884 1403 925 git,
1427 883 1535 926 dirigit
1558 888 1589 916 et
1612 884 1787 924 illuminat;
1817 885 1970 927 corporis
1994 894 2069 918 vero
2091 885 2302 927 spiritualis,

1342 937 1372 970 id
1397 940 1444 970 est
1467 937 1623 979 congeriei
1641 937 1796 970 bonorum
1820 934 1969 980 operum,
1987 938 2117 971 lucerna
2132 942 2179 971 est
2194 939 2306 972 oculus

1342 990 1533 1032 spiritualis,
1558 990 1589 1023 id
1612 994 1660 1023 est
1684 990 1814 1023 intentio
1827 991 1850 1023 ⁷.
1876 991 2007 1024 Intentio
2030 1000 2167 1034 namque
2190 991 2306 1025 dicitur
2319 997 2453 1046 ggtenssomdi·

1343 1043 1460 1076 oculus
1483 1047 1513 1076 et
1537 1043 1694 1076 lucerna:
1716 1044 1847 1083 oculus,
1872 1044 1903 1077 in
1928 1048 2083 1086 quantum
2108 1045 2306 1078 illuminatur
2321 1030 2453 1073 afflegem?

1342 1106 1361 1129 a
1385 1097 1449 1129 Deo
1465 1097 1502 1129 ad
1528 1097 1625 1129 totius
1652 1097 1788 1130 hominis
1811 1097 2032 1136 directionem;
2056 1098 2195 1131 lucerna
2211 1107 2304 1138 vero,

1343 1149 1375 1182 in
1400 1153 1554 1192 quantum
1586 1159 1711 1183 omnem
1735 1151 1904 1190 actionem,
1933 1151 2150 1194 cogitationem
2178 1154 2210 1185 et
2232 1152 2306 1185 asfe-

1343 1203 1477 1236 ctionem
1494 1203 1618 1246 dirigit;
1633 1204 1722 1246 quasi
1735 1213 1864 1246 gressus
1877 1205 2013 1237 liominis
2034 1218 2047 1233 a
2061 1205 2168 1247 dirigit
2179 1205 2212 1238 in
2225 1205 2305 1238 viam

1344 1257 1429 1298 pacis
1446 1271 1476 1296 »,
1501 1257 1675 1290 secundum
1697 1258 1775 1290 illud
1798 1267 1896 1300 supra
1919 1258 2065 1300 primoss:
2095 1272 2110 1287 α
2128 1259 2307 1292 llluminate

1344 1310 1393 1343 liis
1409 1310 1463 1352 qui
1481 1310 1511 1343 in
1530 1310 1668 1343 tenebris
1684 1314 1714 1344 et
1731 1311 1762 1343 in
1780 1311 1895 1344 umbra
1906 1311 2017 1344 mortis
2034 1312 2170 1345 sedent»
2191 1315 2249 1345 etc.
2263 1331 2308 1336 -

1343 1364 1503 1397 Lucernae
1527 1364 1610 1397 enim
1634 1368 1682 1397 est
1704 1365 1901 1404 illuminare,
1925 1368 1956 1398 et
1980 1369 2147 1407 propterea
2170 1366 2450 1419 veritumnger¹1¹¹³¹3¹

1345 1417 1405 1450 Dei
1426 1415 1542 1450 dicitur
1565 1417 1720 1457 lucerna,
1738 1419 1910 1451 secundum
1936 1418 2013 1452 illud
2038 1419 2147 1452 Psalmi
2162 1419 2189 1451 ⁹:
2219 1420 2307 1452 «Lu-
2339 1403 2418 1445 wag-³
2447 1404 2450 1418 Ι

1343 1479 1439 1502 cerna
1462 1470 1595 1512 pedibus
1618 1471 1697 1504 meis
1721 1471 1854 1504 verbum
1880 1475 1971 1504 tuum
1997 1474 2028 1504 et
2059 1472 2164 1509 lumen
2189 1472 2309 1504 semitis

1344 1523 1421 1556 meis
1439 1538 1473 1562 n,
1498 1527 1653 1565 quantum
1677 1524 1714 1557 ad
1738 1525 1923 1563 credenda,-
1954 1525 2109 1558 secundae
2138 1525 2219 1558 Petri
2244 1525 2309 1567 pri-

1344 1586 1413 1609 mo:
1442 1577 1632 1611 «Habemus
1663 1578 1835 1610 firmiorem
1861 1579 2080 1620 propheticum
2112 1588 2308 1618 sermonem,

1345 1631 1394 1663 cui
1420 1631 1499 1664 bene
1523 1631 1623 1664 facitis
1646 1631 1842 1665 attendentes
1857 1632 1939 1665 sicut
1962 1632 2111 1666 lucernae
2135 1633 2251 1666 lucenti
2275 1633 2307 1666 in

1344 1684 1513 1726 caliginoso
1530 1685 1597 1717 loco
1613 1697 1644 1724 »ς
1662 1689 1692 1718 et
1709 1688 1863 1727 quantum
1880 1686 1917 1718 ad
1935 1687 2066 1728 agenda
2079 1695 2135 1728 per
2150 1687 2308 1726 mandata;

1344 1738 1588 1771 Proverbiorum
1605 1741 1714 1771 sexto:
1744 1752 1759 1767 «
1776 1739 1954 1772 Mandatum
1971 1740 2101 1772 lucerna
2116 1743 2180 1779 est,
2202 1744 2233 1773 et
2257 1740 2309 1773 lex

1345 1791 1402 1824 lux
1417 1804 1446 1822 ».
1466 1791 1617 1823 Lucerna.
1629 1790 1745 1823 dicitur
1754 1791 1986 1833 praedicatam
2003 1792 2125 1825 Ioannis
2140 1793 2251 1835 quinto
2266 1793 2307 1825 ¹⁰:
2328 1796 2387 1845 “ger
2400 1802 2448 1845 gae

1350 1857 1365 1873 «
1382 1844 1449 1886 Ipse
1472 1847 1541 1876 erat
1565 1844 1694 1877 lucerna
1716 1844 1830 1877 ardens
1845 1848 1876 1877 et
1897 1845 2005 1878 lucens
2021 1857 2056 1885 »ς
2081 1848 2112 1878 et
2131 1845 2171 1878 ad
2195 1846 2310 1888 Philip-
2366 1829 2398 1845 ’ω
2422 1829 2438 1845 r'

1346 1906 1457 1939 penses
1481 1897 1636 1930 secundo:
1667 1897 1782 1930 «Inter
1799 1906 1879 1940 quos
1903 1898 2014 1931 lucetis
2037 1898 2119 1931 sicut
2143 1898 2310 1931 luminaria

1345 1951 1377 1983 in
1402 1951 1520 1984 mundo
1536 1964 1567 1983 u.
1592 1951 1714 1984 Dicitur
1738 1952 1862 1984 donum
1888 1951 2036 1994 Spiritus
2058 1952 2169 1985 sancti
2176 1964 2188 1991 ;
2211 1952 2309 1985 Exodi
2324 1956 2449 2006 Ῑὲεῐξιιῇξῡξ

1346 2005 1496 2047 vigesimo
1513 2005 1624 2047 quinto
1638 2006 1678 2037 ¹¹:
1708 2018 1723 2034 «
1739 2005 1843 2038 Facies
1859 2009 1890 2038 et
1906 2006 2051 2039 lucernas
2067 2009 2186 2048 septem
2204 2010 2235 2039 et
2256 2016 2311 2049 po—
2346 1989 2368 2011 ⁹¹
2380 1990 2389 2005 ¹

1345 2067 1402 2091 nes
1418 2067 1471 2091 eas
1494 2067 1591 2100 super
1607 2058 1831 2091 candelabrum
1849 2072 1880 2098 »,
1897 2059 1928 2091 id
1947 2063 1995 2092 est
2010 2058 2089 2091 dona
2107 2063 2225 2101 septem
2243 2059 2311 2102 Spi-

1346 2111 1428 2144 ritus
1451 2112 1548 2144 sancti
1574 2120 1670 2153 super
1687 2111 1858 2144 Christum.
1884 2112 2005 2145 Dicitur
2021 2112 2115 2145 etiam
2140 2122 2240 2155 opus,·
2263 2113 2311 2146 in·
2329 2116 2390 2142 stem·
2405 2122 2451 2144 orm

1346 2165 1395 2197 fra
1417 2165 1604 2197 duodecimo
1616 2164 1662 2197 ¹²:
1691 2177 1707 2193 α
1724 2165 1791 2197 Sint
1815 2165 1914 2198 lumbi
1939 2166 2035 2198 vestri
2060 2166 2248 2208 praecincti,
2279 2170 2311 2200 et

1347 2218 1494 2251 lucernae
1509 2217 1656 2251 ardentes
1672 2217 1702 2250 in
1727 2217 1873 2251 manibus
1888 2218 2002 2251 vestris
2019 2222 2055 2251 »ζ
2074 2218 2196 2252 Dicitur
2217 2219 2311 2252 etiam
2330 2223 2454 2272 “emt-winte-

1347 2271 1497 2310 intcnti0‚
1522 2280 1619 2315 quae,
1643 2271 1668 2304 si
1691 2274 1739 2303 est
1760 2270 1855 2312 ficta,
1879 2272 2110 2314 exstinguitur,
2135 2272 2310 2306 secundum
2411 2266 2417 2271 “

1346 2324 1423 2357 illud
1441 2324 1492 2356 lob
1508 2324 1629 2357 decimo
1652 2327 1762 2356 octavo
1776 2324 1820 2356 ¹³:
1849 2337 1865 2352 α
1882 2324 1951 2357 Lux
1968 2318 2204 2358 obtenebrescet
2220 2325 2251 2358 in
2269 2329 2311 2358 ta-

1346 2377 1517 2410 bernaculo
1548 2377 1635 2416 eius,
1667 2380 1697 2409 et
1729 2377 1873 2415 lucerna,
1903 2386 1984 2419 quae
2015 2386 2112 2420 super
2141 2387 2215 2411 eum
2245 2381 2311 2417 est,

1346 2430 1569 2472 exstinguetur
1585 2441 1620 2469 »;
1645 2429 1670 2462 si
1695 2433 1801 2462 autem
1826 2434 1916 2462 recca
1939 2433 2129 2469 eststotum
2156 2431 2312 2464 illuminat

391 2587 399 2601 ¹
423 2587 497 2612 Vcrs.
518 2587 547 2618 4,
567 2585 593 2611 in
612 2585 687 2611 cuius
707 2585 759 2610 tlne
778 2584 891 2616 Vulgata
906 2584 1096 2618 praescriptus
1114 2587 1170 2618 est,
1194 2584 1223 2611 in
1242 2592 1284 2612 vo-

321 2632 359 2658 bis
373 2630 533 2666 crucifizcus.

392 2674 403 2689 ⁹
421 2674 474 2701 Csr.
492 2681 572 2706 supra
592 2681 616 2699 n.
632 2673 674 2698 36.
693 2687 729 2692 -
747 2673 875 2704 Superius
888 2679 937 2704 pro
956 2671 1204 2708 blasphematorum
1224 2681 1285 2699 non-

321 2720 383 2746 nulli
401 2719 479 2745 codd.
499 2717 725 2751 blasphemorum.

392 2762 403 2777 Β
423 2764 497 2789 Vers.
517 2763 565 2794 37,
586 2762 631 2788 ubi
658 2769 705 2794 pro
724 2769 786 2788 eum
812 2761 932 2793 Vulgata·
950 2761 1045 2794 illum,·
1072 2762 1149 2788 codd.
1172 2766 1233 2794 post
1251 2763 1286 2789 Et

321 2815 384 2834 cum
403 2808 504 2833 addunt
522 2808 563 2832 vel
583 2806 662 2838 haec,
681 2806 723 2831 vel
742 2805 805 2837 hoc,
824 2806 897 2838 quod
917 2809 1005 2831 tamen
1024 2806 1132 2832 inst-rius
1150 2814 1177 2832 n.
1196 2807 1240 2832 77.
1260 2810 1286 2833 et

321 2853 365 2878 78.
384 2853 514 2878 omittunt.

392 2896 403 2910 ⁴
422 2897 511 2922 Plures
529 2896 607 2922 codd.
626 2896 748 2921 omittunt
764 2902 849 2929 neque
867 2894 917 2922 sub
935 2894 1033 2922 modio.

394 2940 405 2955 ⁵
425 2942 500 2967 Vers.
520 2941 564 2966 32.
582 2943 607 2965 et
626 2941 670 2966 33.
689 2941 741 2966 Cir.
760 2947 839 2972 supra
859 2946 921 2972 pag.
942 2940 1008 2972 496,
1027 2942 1088 2965 nota
1109 2941 1134 2966 3.

393 2984 405 2999 ⁰
424 2986 500 3011 Vers.
519 2987 548 3017 2,
569 2985 613 3011 ubi
633 2988 693 3017 post
717 2991 834 3011 aureum
855 2984 965 3016 Vulgata
992 2987 1019 3009 et
1047 2984 1104 3010 Vat.
1134 2984 1237 3010 addunt
1260 2986 1286 3011 et

324 3030 429 3064 lampas
449 3029 505 3056 eius
524 3036 606 3063 super
625 3030 708 3062 caput
725 3028 820 3062 ipsius.
832 3042 868 3047 —
882 3028 950 3054 Vide
962 3035 1042 3060 supra
1057 3035 1079 3054 c.
1094 3030 1119 3054 8.
1130 3036 1156 3054 n.
1172 3029 1215 3054 23.
1228 3035 1284 3061 seq.

393 3073 403 3088 '¹
424 3075 515 3100 Glossa
542 3072 741 3100 interlinearis:
766 3073 891 3099 Lucerna
916 3072 1039 3106 corporis
1062 3072 1117 3105 tui,
1146 3073 1173 3099 id
1192 3076 1231 3098 est
1250 3076 1286 3098 to-

324 3119 375 3145 tius
393 3122 452 3144 tuae
477 3118 651 3151 operationis,
670 3119 710 3144 est
734 3116 829 3143 ocutus
849 3118 926 3148 tuus,
950 3117 977 3142 id
996 3119 1035 3142 est
1054 3117 1148 3142 mentis
1168 3116 1284 3142 intentio.

324 3163 391 3189 Vide
410 3164 487 3189 etiam
508 3162 712 3189 interlinearem
732 3162 758 3187 in
777 3162 865 3188 Matth.
884 3162 913 3193 6,
934 3162 976 3192 22,
996 3161 1021 3186 in
1045 3168 1097 3194 qua
1117 3163 1203 3188 lotum
1229 3167 1286 3187 cor-

320 3215 375 3242 pus
394 3211 503 3233 vocatur
527 3217 539 3230 c
552 3207 688 3239 congeries
701 3208 828 3233 virtutum
848 3207 890 3232 vel
903 3206 970 3231 actio
990 3208 1043 3231 tota
1056 3215 1082 3231 ιι.
1096 3205 1148 3231 Csr.
1162 3207 1286 3237 August„

324 3253 352 3278 ll.
370 3251 404 3278 de
429 3252 513 3277 Serm.
537 3251 641 3277 Domini
667 3251 691 3277 in
711 3254 812 3283 monte,
838 3258 860 3276 c.
882 3251 922 3276 43.
949 3258 974 3276 n.
999 3249 1042 3276 45.
1061 3257 1131 3283 seq.;
1157 3250 1285 3281 Gregor.,

325 3296 439 3322 XXVlll.
458 3296 546 3322 Moral.
564 3302 587 3321 c.
609 3296 651 3321 14.
670 3303 695 3321 n.
714 3295 758 3321 30.
783 3298 808 3321 et
826 3296 844 3321 1.
864 3295 958 3320 llomil.
986 3294 1013 3320 in
1032 3295 1122 3320 Ezecli.
1147 3294 1239 3320 homil.
1256 3293 1284 3320 7.

325 3348 350 3366 n.
370 3341 394 3366 2.
416 3340 481 3366 Vide
494 3340 573 3366 etiam
592 3340 620 3366 ll.
634 3340 704 3365 Sent.
718 3340 755 3365 lit.
767 3339 895 3371 Magistri,
907 3339 934 3365 d.
946 3339 999 3371 XL,
1012 3342 1038 3366 et
1056 3339 1119 3365 ibid.
1138 3338 1286 3366 comment.

325 3392 348 3410 a.
370 3386 393 3411 4.
433 3405 439 3411 .
460 3386 484 3411 4.
504 3392 516 3410 s
572 3405 577 3410 .

395 3392 500 3456 ¹'qvtsrs.
518 3392 617 3455 3311-
636 3429 763 3462 Superius
788 3429 847 3456 voci
867 3428 946 3463 quasi
965 3429 989 3455 in
1009 3429 1030 3454 D
1055 3428 1171 3455 secunda
1191 3434 1285 3454 manus

1347 2584 1465 2617 praefixit
1483 2583 1572 2616 unde,·
1592 2583 1651 2609 Vat.
1670 2585 1730 2615 post
1749 2581 1860 2609 lucerna
1874 2588 1952 2614 vcro,
1971 2580 2000 2608 in
2025 2583 2159 2616 quantum
2178 2583 2313 2616 prosequi-

1348 2632 1389 2655 tur
1405 2628 1527 2655 omnium
1545 2627 1698 2659 actionum,
1718 2626 1911 2661 cogitationum
1924 2628 1950 2653 et
1967 2625 2141 2661 affectionum
2160 2627 2311 2660 conaeriem

1347 2673 1454 2707 dirigit,
1475 2672 1555 2707 quasi
1573 2679 1684 2706 gressus
1704 2670 1821 2698 hominis
1840 2670 1869 2697 in
1887 2670 1960 2697 viam
1980 2674 2029 2697 etc.
2049 2671 2101 2697 Sed
2120 2671 2142 2696 ll
2161 2671 2255 2697 clarius
2273 2671 2312 2705 af-

1347 2717 1488 2751 fectionem
1507 2716 1615 2750 dirigit,
1628 2716 1698 2743 sicut
1713 2715 1825 2743 lucerna
1839 2715 1934 2749 dirigit
1946 2722 2057 2749 gressus
2076 2714 2194 2742 hominis
2206 2714 2243 2741 ad
2254 2723 2310 2742 am-

1349 2761 1508 2788 bulandum.
1522 2760 1697 2787 Bernartius:
1712 2760 1799 2787 Suam
1818 2767 1867 2786 vas
1886 2761 1911 2786 et
1928 2761 2062 2787 secretum
2081 2759 2243 2787 conscicntia
2262 2764 2312 2786 etc.

1348 2806 1400 2833 Csr.
1420 2806 1498 2832 Card.
1517 2806 1594 2838 Ilugo
1620 2805 1684 2831 ibid.
1709 2806 1829 2831 Fortasse
1848 2805 1872 2830 in
1891 2804 2048 2836 ACDFG,
2076 2805 2122 2838 qui
2148 2804 2245 2831 habent
2269 2812 2313 2831 no-

1348 2854 1429 2876 stram
1449 2850 1603 2883 lectionem,
1622 2856 1707 2882 pauca
1727 2850 1897 2881 exciderunt;
1917 2850 1938 2875 11
1958 2850 2056 2882 passim
2076 2850 2163 2881 addit,
2185 2853 2269 2876 mutat
2287 2853 2313 2876 et

1349 2894 1453 2920 omittit.
1519 2916 1521 2918 .

1421 2937 1432 2952 ⁹
1451 2939 1546 2964 Psalm.
1565 2939 1631 2970 448,
1651 2938 1710 2964 405.
1725 2952 1759 2956 -
1772 2939 1830 2964 1)υο
1849 2946 1922 2972 seqq.
1943 2939 1991 2965 loc-i
2011 2942 2071 2965 sunt
2090 2940 2118 2965 ll.
2138 2940 2205 2965 Petr.
2225 2939 2249 2971 l,
2270 2940 2312 2965 49.

1349 2986 1375 3009 et
1394 2984 1471 3009 Prov.
1491 2984 1520 3014 6,
1540 2984 1582 3009 23.
1597 2997 1630 3002 --
1644 2983 1754 3009 luterius
1772 2990 1821 3015 pro
1837 2990 1888 3016 per
1901 2982 2033 3010 mandata
2046 2983 2105 3009 Vat.
2124 2983 2223 3010 dicitur
2235 2990 2312 3010 man·

1349 3027 1454 3054 dacum.

1421 3069 1443 3084 ¹⁰
1463 3071 1536 3097 Vers.
1557 3071 1606 3102 35,
1625 3074 1684 3103 post
1697 3077 1777 3103 quem
1792 3070 1856 3096 Phil.
1875 3071 1890 3096 2
1900 3090 1906 3101 ,
1922 3070 1962 3096 45.
1975 3084 2012 3090 -
2024 3071 2149 3102 Gregor„
2162 3071 2248 3096 XXX.
2261 3071 2312 3097 Μο-

1349 3115 1394 3141 ral.
1414 3122 1437 3140 c.
1457 3115 1501 3141 25.
1520 3123 1545 3141 n.
1563 3115 1613 3141 77:
1632 3116 1658 3141 ln
1671 3115 1776 3140 lucerna
1797 3118 1884 3141 autem
1904 3115 1945 3141 lux
1959 3115 2162 3147 praedicationis
2175 3115 2312 3148 accipitur.

1348 3173 1384 3179 —-
1403 3160 1529 3192 Superius
1548 3159 1659 3186 vocibus
1677 3158 1776 3186 dt'ct'lur
1795 3158 1966 3193 praedicator
1984 3167 2015 3186 ex
2035 3160 2057 3185 G
2075 3160 2243 3192 praefiximus
2262 3160 2312 3186 Lu-

1349 3210 1441 3230 cerna.

1421 3247 1441 3262 ¹¹
1462 3249 1537 3275 Vers.
1557 3248 1600 3275 37.
1619 3249 1690 3274 Hane
1709 3248 1907 3280 explicationem
1927 3248 2040 3274 insinuat
2058 3247 2195 3280 Ambros.,
2216 3248 2266 3273 Vll.
2284 3247 2312 3275 in

1349 3293 1412 3319 Luc.
1432 3301 1458 3319 n.
1479 3293 1522 3319 98.
1541 3307 1577 3313 -
1596 3293 1723 3326 Superius
1741 3293 1801 3318 voci
1820 3292 1926 3319 Dicitur
1945 3293 1965 3318 G
1985 3293 2107 3325 praefigit
2125 3292 2257 3319 Lucerna.

1422 3336 1444 3352 ¹²
1463 3338 1538 3364 Vers.
1558 3338 1602 3365 35.
1620 3337 1673 3364 Ct'r.
1691 3338 1816 3369 Gregor„
1835 3337 1950 3363 xxvul.
1971 3337 2059 3363 Moral.
2072 3344 2095 3363 c.
2115 3337 2140 3363 3.
2158 3344 2185 3363 n.
2201 3337 2242 3362 42.
2255 3337 2311 3363 etl.

1350 3382 1446 3408 Homil.
1465 3382 1490 3408 in
1510 3383 1609 3414 Evang.
1629 3382 1719 3408 homil.
1739 3381 1780 3407 43.
1800 3388 1826 3407 n.
1847 3382 1872 3407 4.

1422 3424 1444 3441 ¹⁸
1463 3426 1539 3452 Vers.
1557 3427 1583 3460 6,
1602 3426 1635 3452 de
1654 3434 1707 3459 quo
1727 3426 1789 3452 vide
1808 3426 1931 3459 Gregon,
1950 3425 2019 3452 XlV.
2039 3425 2128 3452 Moral.
2147 3432 2170 3452 c.
2190 3425 2215 3451 8.
2228 3431 2253 3450 n.
2269 3425 2311 3451 40.
