2476 3921
32 607 153 640 Benedictio

51 641 125 664 prima.

758 238 955 272 COMMENT.
980 239 1018 272 ΙΝ
1040 238 1281 273 EVANGELIUM
1306 240 1424 273 LUCAE
1448 240 1480 273 C.
1505 241 1580 274 xlx.

172 330 335 369 Christus,
359 338 422 362 non
446 328 521 371 quia
544 337 587 361 ex
608 327 827 362 benedictione
850 328 990 360 humana
1017 327 1138 370 aliquid

173 383 231 417 sibi
255 382 459 425 acquiratur,
482 381 537 415 sed
560 385 712 424 tanquam
744 389 868 414 summe
902 381 1006 414 bonus
1029 380 1137 414 lauda-

172 440 236 470 tur.
260 435 347 469 Unde
381 435 629 478 Hieronymus1:
658 447 675 464 α
692 434 887 473 Benedictio,
917 442 1000 476 quae
1030 434 1065 466 fit
1101 434 1137 466 in

173 489 254 528 Deo,
279 488 432 522 confessio
468 488 542 521 sola
557 490 605 521 est
636 491 668 521 et
691 487 829 520 laudatio
853 487 1030 526 honorum,
1055 495 1137 530 quae

172 542 323 586 praestita
346 544 438 581 sunt:
462 540 639 575 benedictio
662 549 754 580 ver0,
779 549 861 583 quae
885 540 921 573 fit
944 550 967 573 a
998 541 1081 580 Deo,
1106 541 1137 573 in

171 592 262 630 nobis
285 596 454 639 impletur,
478 595 554 628 dum
578 595 647 628 eius
670 594 831 628 beneficiis
847 594 1017 636 implemur
1033 607 1064 627 ».
1083 594 1138 627 Be-

171 650 322 683 nedicunt
345 658 421 691 ergo
455 651 487 682 et
521 648 651 681 laudant
681 656 755 681 eum
787 650 937 690 tanquam
966 657 1074 690 regem
1098 657 1137 680 ex

171 703 294 737 semine
319 702 430 736 David
452 701 627 735 secundum
652 710 780 734 carnem
804 703 933 740 natum;
957 709 1055 743 supra
1072 701 1137 743 pri-

174 767 224 791 mo
239 756 269 789 ²:
300 769 316 786 «
331 756 424 790 Dabit
447 756 492 789 illi
516 754 673 788 Dominus
691 755 774 788 Deus
791 754 896 788 sedem
922 754 1020 787 David
1038 754 1137 797 patris

172 811 253 857 eius,
268 814 299 844 et
315 809 459 853 regnabit
473 822 488 839 »
509 812 580 848 etc.;
598 808 683 841 etad
700 808 854 841 Romanos
877 808 998 841 decimo
1026 808 1137 850 quinto

171 864 310 907 allegans
333 863 499 906 Apostolus
522 862 743 895 auctoritatem
760 861 856 895 Isaiae
871 861 962 894 dicit:
980 874 995 890 ει
1010 861 1046 894 Et
1063 871 1136 894 rur-

159 920 228 951 *sus
244 917 337 951 lsaias
352 917 410 950 ait:
437 916 502 949 Erit
519 916 611 949 radix
629 916 720 955 Iesse,
737 919 769 948 et
785 915 839 958 qui
856 918 1010 957 exsurget
1027 924 1137 958 regere

15 1213 16 1217 ,
50 1195 153 1219 Secunda.

12 1477 13 1480 =
39 1464 145 1486 Adventus

24 1491 101 1513 Christi
115 1491 159 1518 pri<

64 1524 118 1539 mus.

70 1731 154 1759 Figura.

173 974 292 1014 gentes,
309 971 341 1004 in
358 979 431 1004 eum
450 972 559 1013 gentes
583 968 758 1011 sperabunt
774 980 805 1007 »;
823 967 908 1010 quod
925 970 1065 1000 sumtum
1090 971 1138 1001 est

172 1025 211 1058 de
234 1024 329 1058 Isaiae
353 1023 520 1057 undecimo
551 1021 726 1056 secundum
763 1021 856 1054 aliani
881 1021 1136 1060 translationem3

173 1081 204 1111 et
221 1077 369 1111 Ieremiae
392 1077 543 1120 vigesimo
567 1075 676 1122 tertio:
707 1087 723 1103 α
740 1074 827 1114 Ecce,
852 1074 919 1107 dies
943 1074 1087 1114 venient,
1104 1078 1135 1107 et

173 1131 332 1165 suscitabo
348 1131 447 1164 David
463 1139 592 1174 germen
609 1129 741 1168 iustum,
757 1131 789 1162 et
805 1128 950 1171 regnabit
967 1137 1026 1162 rex
1041 1142 1056 1158 »
1077 1131 1135 1162 etc.

173 1205 218 1210 —
233 1185 425 1219 Benedicunt
440 1185 535 1218 etiam
552 1192 625 1217 eum
643 1186 793 1225 tanquam
806 1182 970 1215 (livinitus
982 1182 1136 1222 missum,

174 1248 247 1273 cum
260 1239 387 1272 dicunt:
408 1238 475 1280 Qui
485 1237 572 1270 venit
589 1237 625 1270 in
643 1236 774 1269 nomine
792 1236 935 1269 Domini.
954 1236 993 1268 ln
1005 1236 1138 1269 nomine

173 1292 309 1326 Domini
319 1292 406 1325 venit
422 1292 476 1334 qui
493 1300 535 1324 ex
551 1294 641 1333 parte
659 1290 713 1323 Dei
730 1289 829 1328 venit;
849 1289 969 1322 loannis
987 1289 1136 1332 quint0³z

178 1359 194 1375 «
211 1346 273 1388 Ego
297 1345 367 1379 veni
391 1345 422 1377 in
448 1344 574 1377 nomine
599 1343 699 1376 Patris
724 1343 832 1376 mei».

265 1400 317 1432 57.
347 1397 438 1431 Venit
472 1400 579 1430 autem
610 1396 756 1429 Christus
788 1396 820 1428 in
852 1396 978 1429 nomine
1014 1395 1136 1428 Domini

173 1452 356 1495 tripliciter,
381 1451 499 1485 scilicet
522 1451 559 1484 in
582 1460 739 1488 carneum
764 1449 886 1482 Ioannis
911 1449 1053 1491 primo4:
1077 1448 1137 1481 «In

173 1506 303 1549 propria
325 1504 428 1544 venit,
452 1508 484 1538 et
507 1504 555 1537 sui
585 1513 659 1537 eum
683 1513 746 1536 non
770 1505 961 1545 receperunt
976 1514 1007 1541 »;
1033 1506 1063 1535 et
1087 1501 1138 1535 hic

174 1559 329 1592 adventus
352 1561 399 1591 est
423 1557 666 1590 memorandus-
686 1560 817 1599 propter
841 1556 969 1589 nimiam
985 1555 1138 1597 dignatio-

174 1621 264 1652 nem;
300 1611 411 1655 Aggaei
448 1611 604 1644 secundo:
635 1610 776 1643 «Adhuc
812 1609 989 1648 modicum,
1019 1611 1050 1641 et
1081 1617 1139 1650 ego

174 1665 306 1699 movebo
329 1665 452 1698 caelum
483 1668 514 1698 et
546 1668 664 1697 terram
680 1676 712 1703 »3
752 1677 767 1692 a
784 1666 815 1697 et
846 1662 951 1696 veniet
981 1661 1138 1695 desidera-

175 1723 228 1752 tus
244 1732 260 1749 »
289 1722 347 1752 etc.
373 1719 405 1751 ln
430 1718 528 1752 huius
552 1718 688 1761 figuram
720 1717 837 1750 dicitur
866 1716 995 1750 secundi
1021 1716 1139 1757 Regum

157 1772 303 1806 ultimo:
333 1785 349 1801 «
366 1771 446 1814 Quid
471 1781 585 1805 causae
608 1775 666 1811 est,
690 1775 727 1804 ut
752 1771 856 1804 veniat
879 1770 1026 1806 dominus
1049 1777 1140 1802 meus

8 1858 9 1861 ,
39 1838 155 1861 secundus.

65 2211 157 2235 Tertius.

3 2599 4 2603 ,
30 2585 158 2607 Notandum.

175 1835 235 1860 rex
258 1825 300 1859 ad'
321 1834 450 1859 servum
474 1834 569 1859 suum
586 1839 602 1854 »
632 1828 690 1859 etc.
715 1843 761 1848 —
783 1824 876 1858 Venit
911 1823 947 1856 in
981 1827 1120 1856 mentem
1128 1833 1140 1860 ;

174 1879 213 1913 de
237 1889 301 1922 quo
324 1879 378 1912 Iob
401 1879 528 1912 non0⁵z
558 1892 574 1908 α
591 1879 621 1912 Si
646 1879 769 1912 venerit
792 1878 832 1911 ad
854 1886 916 1916 me,
941 1886 1004 1910 non
1028 1876 1140 1910 videbo

175 1942 249 1967 eum
264 1946 296 1973 »;
321 1936 352 1966 et
375 1933 427 1967 hic
451 1933 607 1966 adventus
630 1936 677 1965 est
700 1932 927 1975 acceptandus
944 1934 1073 1974 propter
1090 1930 1139 1963 ni-

174 1988 270 2020 miam
293 1986 509 2027 dilectionem;
533 1986 656 2019 Ioannis
679 1985 801 2019 decimo
817 1989 949 2028 quarto:
980 1997 995 2013 «
1013 1984 1043 2016 Si
1068 1983 1140 2026 quis

175 2040 276 2083 diligit
299 2049 368 2080 me,
385 2049 564 2074 sermonem
587 2048 696 2072 meum
711 2039 875 2078 servabit,
890 2043 921 2072 et
939 2039 1028 2071 Pater
1050 2046 1140 2070 meus

175 2093 283 2136 diliget
306 2103 380 2127 eum
391 2120 399 2133 ,
423 2097 454 2126 et
469 2093 508 2126 ad
525 2101 599 2126 eum
616 2092 781 2125 veniemus
797 2095 828 2125 et
845 2091 1038 2125 mansionem
1055 2089 1140 2132 apud

176 2156 249 2180 eum
273 2147 424 2180 faciemus
440 2159 472 2186 »;
504 2149 536 2179 et
559 2145 638 2178 illud
662 2145 837 2188 Sapientiae
869 2145 1019 2188 septimo:
1049 2157 1065 2173 «
1081 2144 1140 2176 Ve-

176 2204 294 2234 nerunt
318 2201 395 2234 mihi
420 2196 525 2233 omnia
540 2199 758 2242 bouapariter
776 2208 849 2233 cum
866 2199 919 2232 illa
935 2212 965 2231 ι).
983 2216 1027 2221 -
1048 2197 1141 2230 Venit

162 2255 224 2288 *acl
247 2254 411 2288 iudicium
434 2253 553 2296 finale,
588 2253 628 2286 de
663 2262 727 2296 quo
762 2252 962 2295 Apocalypsis
993 2250 1139 2294 primo⁶:

183 2321 198 2337 ε(
215 2308 309 2347 Ecce,
333 2307 419 2341 venit
450 2316 523 2340 cum
558 2306 727 2340 nubibus»
756 2311 826 2345 etc.;
856 2309 888 2339 et
911 2305 963 2338 hic
986 2304 1141 2337 adventus

177 2364 224 2394 est
243 2360 505 2403 praestolandus
533 2369 589 2403 per
621 2360 749 2393 nimiam
782 2353 1022 2397 discretionem;
1047 2357 1140 2390 Mala-

177 2415 266 2448 chiae
297 2414 409 2447 tertio:
439 2427 454 2443 «1
473 2414 567 2453 Ecce,
599 2413 703 2452 venit,
735 2417 767 2446 et
802 2412 874 2455 quis
909 2411 1024 2454 poterit
1056 2409 1140 2452 cogi-

177 2471 245 2501 tare
268 2467 350 2500 diem
385 2467 540 2500 adventus
575 2466 645 2500 eius
661 2480 676 2496 1)
705 2469 776 2506 etc.;
801 2465 877 2508 quia
900 2473 999 2507 supra
1022 2463 1140 2496 duode-

178 2521 277 2555 cimo:
307 2534 323 2550 «
338 2521 451 2555 Beatus
474 2520 526 2553 ille
550 2529 680 2559 servus,
704 2528 818 2562 quem,
844 2527 917 2552 cum
941 2517 1062 2550 venerit
1078 2516 1139 2549 Do-

177 2575 301 2615 minus,
325 2574 480 2608 invenerit
503 2574 683 2617 vigilantem
697 2586 727 2606 ».
754 2592 795 2596 -
820 2573 853 2605 In
876 2571 1017 2614 quolibet
1032 2573 1138 2603 autem

178 2628 275 2662 trium
300 2628 494 2676 adventuum
517 2628 569 2661 ille
593 2627 646 2670 qui
665 2627 767 2666 venit,
785 2626 903 2662 scilicet
919 2624 1074 2664 Christus,
1092 2627 1139 2656 est

2098 244 2162 277 493

1201 328 1449 369 benedicendus3
1487 330 1668 364 Psalmus⁷z
1699 331 1757 364 «Ο
1782 332 1930 371 Domine,
1962 332 2085 365 salvum
2115 342 2165 366 me

1201 381 1267 421 sac,
1292 391 1311 415 o
1335 383 1476 422 Domine,
1498 383 1578 416 bene
1594 393 1792 426 prosperare.
1819 385 2022 425 Benedictus,
2039 386 2094 428 qui
2112 395 2165 419 ve-

1202 435 1248 468 nit
1271 435 1304 468 in
1326 436 1452 469 nomine
1476 437 1647 470 Domini».
1674 438 1709 471 Et
1733 447 1791 480 pro
1808 439 1867 471 hoc
1883 439 2001 481 triplici
2024 439 2162 472 adventu

1202 488 1337 522 Ecclesia
1360 490 1560 529 solemnizat,
1584 500 1685 523 unum
1710 492 1869 531 recolens,
1893 492 1990 525 alium
2007 496 2117 534 petens
2134 496 2164 525 et

1201 541 1330 574 tertium
1356 546 1392 575 ut
1415 543 1629 586 propinquum
1655 544 1850 586 praevidens.

1292 595 1344 628 58.
1370 596 1512 629 Secundo
1535 600 1690 639 quantum
1714 597 1753 630 ad
1777 598 1939 630 adventas·
1962 598 2163 631 excellentem
2192 607 2303 628 Adventu:

1199 648 1384 692 efficaciam
1409 650 1532 683 subdit:
1559 651 1636 683 Pam
1671 651 1707 683 in
1741 651 1830 684 caclo
1861 655 1890 684 et
1912 651 2024 694 ylorz‘a
2049 652 2084 684 in
2109 634 2324 684 eae-⁰⁸⁶c=²e':}{?³'.²¹‘

1200 702 1312 741 celsis,
1337 703 1368 735 in
1393 712 1457 745 quo
1480 703 1574 736 datur
1599 704 1727 747 intelligi
1751 705 1871 747 duplex
1895 705 2033 738 efficacia
2049 705 2164 738 adven-

1174 776 1182 789 ,
1201 759 1254 788 tus
1276 756 1402 789 Christi.
1429 757 1532 789 Prima
1555 758 1649 790 estin
1666 758 1932 791 reconciliatione
1952 759 2160 801 peccantium
2185 767 2265 788 Prima.

1200 819 1260 851 per
1281 810 1450 852 ⁴qratianu
1473 814 1505 843 et
1521 811 1602 844 hanc
1619 815 1720 850 notat,
1738 821 1810 844 cum
1827 812 1902 844 dicit
1915 822 1987 854 pax
2004 813 2040 845 in
2056 813 2164 850 caclo,-

1201 862 1240 895 ad
1264 862 1461 896 Colossenses
1486 863 1631 905 primoss:
1662 877 1677 893 α
1694 865 1862 898 l'acificans
1887 874 1943 907 per
1978 865 2162 907 sanguinem

1201 916 1306 949 crucis
1329 925 1406 949 suae
1430 926 1512 959 quae
1533 917 1563 949 in
1581 917 1674 951 caelis
1698 922 1772 951 sunt
1795 922 1826 951 et
1850 928 1932 961 quae
1956 919 1987 951 in
2006 919 2108 952 terris.
2128 920 2162 951 Et

1201 977 1273 1008 vos,
1290 977 1364 1002 cum
1381 969 1490 1003 essetis
1513 970 1682 1012 aliquando
1705 971 1829 1004 alienati
1854 975 1886 1004 et
1909 971 2024 1004 inimici
2043 972 2074 1004 in
2091 981 2165 1014 ope-

1202 1022 1292 1055 ribus
1309 1022 1417 1062 malis,
1434 1024 1726 1064 nunc-reconciliati
1752 1025 1826 1057 estis
1852 1025 1881 1057 in
1906 1034 2037 1067 corpore
2061 1026 2165 1059 carnis

1201 1076 1270 1109 eius
1287 1090 1317 1108 n.
1345 1076 1379 1109 Et
1402 1086 1460 1118 pro
1493 1077 1551 1109 hac
1583 1077 1723 1110 facienda
1754 1078 1854 1117 venit:
1879 1078 1917 1111 ad
1943 1079 2092 1120 Ephesios
2117 1088 2164 1112 se-

1201 1130 1347 1163 cund02:
1378 1144 1394 1159 α
1411 1131 1478 1172 lpse
1501 1134 1549 1163 est
1573 1140 1637 1173 pax
1664 1135 1793 1171 nostra,
1826 1132 1880 1174 qui
1920 1132 1992 1165 fecit
2028 1136 2163 1175 utraque

1201 1193 1349 1217 unum».
1392 1185 1460 1216 «Et
1495 1184 1623 1218 veniens
1654 1185 1878 1227 evangelizavit
1914 1195 2020 1228 pacem
2058 1186 2162 1225 vobis,

1201 1237 1255 1279 qui
1273 1237 1378 1270 fuistis
1394 1237 1502 1280 longe,
1520 1240 1552 1270 et
1567 1247 1674 1279 pacem
1693 1238 1742 1271 his
1758 1239 1811 1280 qui
1830 1248 1956 1281 prope»
1977 1242 2034 1272 etc.
2054 1259 2093 1262 —
2111 1240 2164 1273 Sc-
2183 1246 2288 1268 Secunda-

1201 1290 1305 1324 cunda
1328 1294 1376 1324 est
1399 1290 1596 1333 beatificatio
1621 1291 1788 1327 iustorum
1808 1302 1870 1335 per
1891 1293 2055 1335 9loriam;
2082 1294 2163 1326 Psal—

1201 1353 1273 1377 mus
1286 1344 1330 1376 ¹⁰:
1361 1357 1377 1373 <r
1393 1344 1620 1377 Gloriabuntur
1644 1345 1675 1377 in
1693 1348 1722 1378 te
1739 1354 1862 1385 omnes,
1888 1346 1941 1388 qui
1959 1346 2092 1388 diligunt
2109 1356 2164 1379 no-

1202 1406 1273 1430 men
1298 1400 1388 1430 tuum
1408 1411 1438 1430 n.
1465 1398 1500 1430 Et
1523 1397 1561 1430 de
1597 1398 1656 1431 hoc
1691 1398 1809 1440 duplici
1844 1399 1957 1432 effectu
1993 1405 2113 1432 rursus*
2133 1400 2162 1432 in

1202 1451 1340 1483 Psalmo:
1371 1464 1386 1480 α
1402 1451 1556 1493 Quoniam
1580 1451 1827 1484 misericordiam
1851 1455 1883 1485 et
1907 1452 2070 1485 veritatem
2094 1453 2164 1485 dili-

1201 1505 1246 1547 git
1270 1505 1371 1544 Deus,
1403 1505 1535 1546 gratiam
1567 1508 1598 1538 et
1628 1505 1760 1547 gloriam
1789 1506 1876 1539 dabit
1908 1506 2059 1538 Dominus
2077 1519 2106 1545 »;
2133 1510 2164 1539 et

1202 1558 1253 1590 hic
1277 1557 1396 1599 duplex
1421 1557 1551 1590 effectus
1574 1561 1622 1591 est
1645 1567 1701 1600 per
1724 1558 1885 1590 Christum
1903 1558 2098 1597 venientem,
2116 1567 2163 1591 se-

1202 1610 1342 1643 cundum
1367 1610 1445 1643 illud
1468 1610 1506 1643 ad
1532 1611 1685 1643 Romanos
1701 1610 1811 1652 quintc
1826 1611 1871 1642 ¹¹:
1906 1623 1921 1639 α
1939 1610 2097 1643 iustificati
2123 1619 2163 1643 ex

1203 1664 1281 1703 lide,
1307 1673 1415 1706 pacem
1440 1664 1613 1697 habeamus
1644 1663 1682 1696 ad
1711 1663 1810 1696 Deum
1836 1672 1893 1706 per
1917 1664 2083 1696 Dominum
2109 1673 2165 1696 no-

1203 1720 1304 1750 strum
1330 1717 1429 1750 Iesum
1454 1717 1634 1756 Christum,
1659 1725 1715 1759 per
1751 1725 1844 1759 quem
1877 1726 2038 1750 accessum
2068 1717 2164 1750 habe-

1204 1780 1275 1804 mus
1298 1779 1355 1813 per
1379 1771 1472 1803 fidem
1496 1770 1527 1803 in
1552 1770 1684 1812 gratiam
1709 1770 1819 1809 istam,
1844 1770 1876 1803 in
1900 1780 1963 1813 qua
1986 1774 2017 1803 et
2044 1774 2164 1804 stamus

1204 1827 1235 1858 et
1258 1824 1433 1867 gloriamur
1457 1824 1489 1856 in
1513 1832 1568 1866 spe
1590 1824 1708 1866 gloriae
1732 1823 1870 1856 filiorum
1896 1824 1950 1857 Dei
1969 1838 1998 1856 n.

1294 1877 1407 1918 59.‚Et
1430 1876 1468 1910 de
1492 1877 1551 1910 hoc
1575 1876 1692 1918 duplici
1717 1877 1830 1910 effectu
1854 1877 1948 1909 nobili
1967 1876 2059 1909 debet
2074 1877 2164 1909 Chri-
2181 1884 2212 1906 ue
2227 1885 2267 1907 hoc
2281 1885 2320 1906 aa·

1204 1934 1271 1964 stus
1295 1930 1422 1963 veniens
1446 1929 1615 1963 collaudari
1640 1933 1671 1962 et
1695 1930 1726 1962 in
1750 1939 1808 1963 sua
1831 1930 1992 1962 nativitate
2016 1933 2047 1962 et
2063 1930 2164 1961 immi-
2190 1912 2238 1939 ”¹⁶³¹
2253 1912 2308 1933 ¹²⁰*

1204 1986 1297 2016 nente
1313 1982 1470 2025 passione;
1487 1982 1585 2021 unde,
1603 1982 1685 2015 sicut
1701 1982 1805 2024 Angeli
1823 1986 2047 2015 cantaverunt:
2067 1995 2082 2010 a
2094 1982 2164 2014 Glo-

1204 2037 1251 2070 ria
1267 2037 1298 2069 in
1314 2036 1448 2069 excelsis
1464 2036 1543 2078 Deo,
1560 2038 1591 2068 et
1615 2036 1645 2068 in
1671 2039 1756 2068 terra
1772 2045 1835 2078 pax
1853 2035 2034 2068 hominibus
2051 2048 2065 2063 ι»
2088 2039 2162 2074 etc,

1204 2099 1302 2132 snpra
1325 2089 1462 2123 secundo
1481 2089 1525 2128 12;
1550 2089 1594 2122 510
1617 2097 1709 2122 versa
1740 2089 1808 2121 vice
1840 2091 1967 2121 cantant
1990 2097 2074 2132 nnnc
2107 2088 2163 2120 ho-

1204 2144 1314 2183 mines,
1345 2143 1528 2175 imminente
1555 2142 1708 2184 passione.
1735 2142 1770 2174 Et
1793 2141 1862 2174 ideo
1885 2141 2009 2174 Glossa:
2028 2154 2044 2169 α
2061 2141 2162 2180 Sicut,

1204 2199 1351 2230 nascente
1386 2196 1518 2229 Domino
1550 2195 1712 2228 hominum
1744 2198 1775 2228 et
1806 2195 2008 2237 Angelorum,
2040 2195 2164 2237 agmina

1204 2250 1350 2283 caelestia
1373 2248 1602 2282 decantabant:
1632 2248 1749 2281 Gloria
1773 2248 1809 2281 in
1832 2247 1967 2281 excelsis
1995 2249 2060 2280 Deo
2084 2252 2162 2286 etc,

1204 2303 1249 2336 sic
1283 2303 1383 2335 eidem
1415 2311 1491 2334 mox
1523 2302 1760 2344 triumphaturo
1796 2301 1938 2334 homines
1974 2301 2161 2333 concinunt:

1204 2356 1282 2388 Pax
1306 2355 1342 2387 in
1365 2354 1453 2387 caelo
1487 2358 1518 2387 et
1549 2354 1661 2397 9lorz'a
1691 2355 1727 2387 in
1758 2354 1935 2386 excelsae».
1969 2354 2024 2385 Alii
2056 2357 2161 2386 autem

1205 2408 1417 2450 Evangelistae
1439 2407 1559 2446 dicunt,
1580 2407 1664 2449 quod
1688 2407 1873 2440 cantabant:
1903 2419 1918 2435 α
1932 2407 2074 2439 Hosanna
2097 2406 2162 2438 filio

1203 2460 1319 2499 David,
1345 2460 1485 2493 hosanna
1509 2460 1539 2492 in
1563 2460 1698 2492 excelsis
1714 2462 1744 2492 n!
1769 2459 1914 2491 Matthaei
1933 2459 2081 2500 vigesimo
2098 2459 2162 2501 pri-

1204 2513 1295 2547 1110ιδ
1320 2516 1351 2546 et
1374 2513 1468 2546 Marci
1492 2512 1676 2552 undecim0;
1701 2513 1732 2545 in
1757 2521 1820 2554 quo
1844 2512 2023 2545 continetur
2054 2516 2084 2544 et
2116 2512 2162 2544 in-

1203 2568 1346 2601 tellectus
1369 2566 1486 2609 gloriae
1509 2569 1540 2599 et
1563 2566 1737 2599 multorum
1760 2565 1910 2604 aliorum,
1942 2568 1973 2598 et
2004 2564 2072 2598 ideo
2100 2575 2161 2598 non

1202 2622 1262 2655 fuit
1292 2621 1489 2653 translatum.
1522 2619 1608 2652 Unde
1639 2619 1881 2661 Chrysostomus
1895 2620 1947 2651 ¹⁴:
1985 2631 2001 2647 α
2030 2618 2160 2660 Quidam

205 2830 209 2842 1
252 2803 260 2818 ¹
281 2804 358 2836 Apud
383 2803 579 2838 Hieronymum
604 2805 668 2829 haec
694 2810 745 2829 non
770 2803 919 2828 invenimus
928 2812 934 2833 ;
964 2802 983 2827 B
1008 2800 1141 2827 substituit

181 2847 397 2882 Chrysostomus.
412 2848 508 2873 Similis
521 2848 648 2874 sententia
661 2846 799 2873 exhibetur
811 2853 826 2872 a
840 2847 929 2872 Glossa
943 2844 1086 2872 ordinaria
1100 2844 1141 2877 (ex

180 2891 335 2923 Comment.,
354 2891 428 2925 quod
447 2891 562 2918 habetur
576 2891 645 2918 inter
663 2898 744 2924 opera
763 2889 905 2923 Ambrosii)
926 2891 951 2916 in
972 2891 1037 2922 Epli.
1057 2889 1087 2921 1,
1108 2889 1141 2913 3:

181 2937 268 2962 Unum
287 2936 396 2969 quidem
417 2935 607 2962 benedictionis
626 2935 821 2970 verbunihsed
835 2942 882 2967 per
896 2933 1066 2972 congruentia
1086 2939 1142 2965 per·

181 2987 260 3006 sonae
279 2980 352 3005 varie
371 2979 450 3006 debet
469 2981 583 3012 intelligi.
603 2980 769 3006 Benedicitur
787 2979 821 3005 ab
842 2979 948 3004 homine
968 2978 1052 3008 Deus,
1081 2983 1140 3002 cum

181 3023 303 3051 laudibus
322 3024 410 3057 dignis
428 3025 571 3056 extollunt-3
591 3026 671 3051 homo
699 3027 787 3050 autem
816 3031 831 3049 a
860 3023 928 3054 Deo,
948 3029 1009 3048 cum
1030 3022 1099 3047 Deus
1118 3020 1141 3046 ei

182 3069 282 3101 gratiae
309 3076 373 3094 suae
401 3069 469 3095 dona
498 3069 648 3102 impartitur
675 3072 725 3095 etc.
753 3068 803 3095 cn.
828 3069 918 3094 Glossa
938 3065 1081 3093 ordinaria
1102 3065 1142 3099 (ex

182 3113 304 3146 August.)
324 3113 350 3138 in
370 3113 410 3139 Ps.
429 3113 471 3146 66,
491 3114 517 3139 2.

253 3157 263 3172 ⁹
285 3158 359 3183 vers.
379 3158 422 3183 32.
440 3171 475 3177 -
494 3156 611 3184 Subinde
630 3158 774 3190 allegantur
793 3158 870 3183 Rom.
890 3157 938 3187 15,
956 3157 994 3182 12.
1010 3155 1068 3189 (etr.
1086 3154 1143 3181 lsai.

185 3200 233 3232 11,
252 3200 295 3225 10.
314 3200 446 3226 translatio
466 3200 631 3232 septuaginta
650 3201 835 3234 interpretum)
855 3203 881 3226 et
900 3201 946 3226 ler.
966 3200 1008 3231 23,
1029 3200 1053 3225 5.

254 3243 265 3258 ³
286 3244 360 3269 Vers.
375 3243 417 3270 43.
435 3257 471 3263 —
488 3244 549 3270 Post
566 3250 602 3270 ecc
616 3246 698 3278 parte
716 3244 766 3271 Dei
784 3245 842 3270 Vat.
862 3244 936 3271 addit
953 3242 1054 3270 Patris.

255 3287 266 3301 ⁴
286 3288 360 3313 Vers.
381 3288 423 3314 11.
442 3301 477 3307 ——
496 3288 554 3314 Duo
573 3295 647 3321 seqq.
667 3288 717 3314 loci
742 3291 804 3314 sunt
830 3288 931 3320 Aggaei
950 3288 978 3318 -2,
997 3287 1024 3313 7.
1042 3293 1098 3319 seq.
1118 3288 1144 3311 et

185 3332 213 3358 11.
232 3332 298 3364 Reg.
319 3331 361 3363 24,
381 3332 424 3358 21.

256 3374 267 3390 ⁵
287 3376 360 3401 Vei-s.
381 3376 424 3407 lt,
442 3389 478 3395 —
497 3376 649 3409 Sequuntur
668 3376 737 3402 loan.
758 3376 801 3407 14,
821 3376 863 3401 23.
882 3378 908 3401 et
927 3376 988 3408 Sap.
1007 3374 1038 3406 7,
1059 3375 1101 3399 11.

256 3418 267 3434 ⁰
287 3420 363 3446 vers.
380 3419 406 3446 7.
426 3434 461 3439 —
480 3419 597 3446 Subinde
624 3412 770 3453 allegantur
794 3420 901 3445 Malach.
927 3420 956 3452 3,
986 3419 1006 3445 l.
1034 3426 1091 3452 seq.
1118 3420 1144 3444 et

1206 2800 1268 2825 Luc.
1289 2799 1336 2828 -t2,
1358 2796 1399 2822 63.
1419 2797 1478 2829 (cfr.
1497 2802 1523 2820 v.
1549 2794 1591 2820 37.
1620 2798 1645 2819 et
1674 2793 1791 2818 Breviar.
1816 2793 1927 2818 Roman.
1954 2791 2093 2817 Conunun.
2115 2799 2162 2823 pro

1204 2842 1321 2869 Confess.
1340 2848 1390 2867 non
1411 2840 1499 2872 pontis.
1520 2842 1571 2864 ant.
1592 2838 1614 2864 t.
1635 2838 1669 2863 ad
1688 2837 1809 2867 Laudes).
1830 2836 1866 2861 De
1886 2836 1980 2868 triplici
2004 2834 2097 2861 Christi
2117 2835 2164 2860 ad-

1205 2890 1285 2912 ventu
1305 2887 1352 2911 cfr.
1371 2884 1505 2914 Bernard.,
1534 2883 1616 2908 Serm.
1647 2882 1672 2907 3.
1691 2884 1716 2907 et
1742 2881 1767 2907 5.
1792 2880 1826 2906 de
1854 2880 1976 2906 Adventu
1996 2880 2108 2905 Domini.
2128 2893 2164 2898 —

1206 2931 1314 2957 Inferius
1334 2930 1393 2954 Yat.
1409 2929 1522 2962 propter
1542 2925 1655 2952 nimium
1674 2926 1731 2951 loco
1746 2931 1798 2958 per
1814 2923 1937 2950 nimiam.

1277 2973 1286 2988 ⁷
1307 2973 1401 2999 Psalm.
1428 2972 1488 3003 117,
1509 2970 1557 3001 25,
1577 2969 1621 2995 ubi
1642 2976 1690 3001 pro
1709 2968 1781 2995 venit
1798 2967 1817 2994 C
1829 2969 1850 2993 D
1862 2969 1993 2994 venturus
2012 2975 2052 2999 es,
2070 2968 2088 2993 F
2102 2975 2163 2994 ren-

1206 3022 1286 3047 turus
1306 3019 1352 3044 cst.
1371 3030 1406 3036 ——
1424 3015 1532 3042 interius
1552 3021 1600 3046 pro
1619 3020 1705 3040 unum
1726 3013 1784 3038 vat.
1802 3012 1935 3046 primum.

1277 3060 1288 3075 ⁸
1308 3061 1382 3086 Vcrs.
1402 3060 1493 3091 ‘zo-22,
1516 3057 1563 3084 ubi
1583 3057 1694 3089 Vulgata
1713 3055 1903 3083 reconciliarit.

1277 3104 1288 3120 ⁹
1308 3106 1383 3131 Vers.
1404 3104 1445 3129 14.
1464 3107 1489 3129 et
1509 3103 1551 3128 l7.

1279 3150 1301 3165 ¹⁰
1320 3150 1413 3175 Psalm.
1432 3148 1462 3178 5,
1488 3148 1525 3172 12.
1544 3150 1570 3172 et
1589 3146 1689 3181 deinde
1704 3146 1747 3176 83,
1770 3146 1810 3171 12.

1278 3194 1299 3209 ¹¹
1321 3194 1394 3218 Vers.
1417 3193 1439 3217 1.
1459 3195 1484 3217 et
1503 3192 1527 3216 2.

1278 3237 1300 3253 ¹⁹
1320 3238 1394 3263 vers.
1421 3236 1463 3261 14.
1481 3249 1517 3254 -
1535 3235 1625 3260 Glossa
1644 3241 1701 3267 seq.
1729 3237 1767 3260 est
1794 3232 1936 3260 ordinaria
1965 3233 2006 3265 (ex
2033 3232 2112 3265 Beda)
2137 3233 2162 3258 in

1207 3284 1270 3309 Luc.
1290 3283 1336 3314 19,
1357 3282 1400 3307 38.

1279 3325 1300 3341 ¹³
1320 3326 1394 3351 Vers.
1415 3325 1440 3351 9.
1461 3327 1486 3350 et
1505 3324 1581 3350 Marc.
1612 3323 1657 3354 lt,
1678 3323 1703 3348 9.
1723 3329 1778 3355 seq.
1798 3335 1833 3341 —
1853 3321 1959 3347 interius
1985 3325 2043 3352 post
2062 3322 2086 3347 e!
2104 3320 2162 3347 ideo

1207 3373 1226 3398 B
1245 3371 1319 3398 addit
1336 3370 1474 3396 Hoscnmu.

1279 3415 1300 3430 ¹⁴
1320 3415 1414 3441 Homil.
1434 3414 1475 3439 37.
1495 3413 1521 3438 in
1540 3412 1628 3438 lllatth.
1648 3412 1689 3444 21,
1710 3411 1734 3437 9.
1754 3411 1779 3436 in
1800 3410 1850 3436 stne
1870 3409 1929 3442 (Op.
1949 3409 2116 3441 imperfect).
