<?xml version="1.0" encoding="UTF-8"?>
<!DOCTYPE html PUBLIC "-//W3C//DTD XHTML 1.0 Transitional//EN"
    "http://www.w3.org/TR/xhtml1/DTD/xhtml1-transitional.dtd">
<html xmlns="http://www.w3.org/1999/xhtml" xml:lang="en" lang="en">
 <head>
  <title>
</title>
<meta http-equiv="Content-Type" content="text/html;charset=utf-8" />
  <meta name='ocr-system' content='tesseract 3.04.00' />
  <meta name='ocr-capabilities' content='ocr_page ocr_carea ocr_par ocr_line ocrx_word'/>
</head>
<body>
  <div class='ocr_page' id='page_1' title='image "./doctorisseraphic07bona_0188.png"; bbox 0 0 2476 3921; ppageno 0'>
   <div class='ocr_carea' id='block_1_1' title="bbox 150 1003 299 1084">
    <p class='ocr_par' dir='ltr' id='par_1_1' title="bbox 150 1003 299 1084">
     <span class='ocr_line' id='line_1_1' title="bbox 150 1003 299 1034; baseline -0.013 -9"><span class='ocrx_word' id='word_1_1' title='bbox 150 1004 208 1029; x_wconf 82' lang='lat' dir='ltr'>ltem,</span> <span class='ocrx_word' id='word_1_2' title='bbox 219 1003 299 1034; x_wconf 74' lang='lat' dir='ltr'>inordi-</span> 
     </span>
     <span class='ocr_line' id='line_1_2' title="bbox 164 1032 299 1060; baseline -0.007 -9"><span class='ocrx_word' id='word_1_3' title='bbox 164 1032 230 1060; x_wconf 35' lang='lat' dir='ltr'>natus*</span> <span class='ocrx_word' id='word_1_4' title='bbox 242 1036 263 1050; x_wconf 87' lang='lat' dir='ltr'>1n</span> <span class='ocrx_word' id='word_1_5' title='bbox 278 1036 299 1051; x_wconf 91' lang='lat' dir='ltr'>o-</span> 
     </span>
     <span class='ocr_line' id='line_1_3' title="bbox 162 1059 279 1084; baseline -0.017 -6"><span class='ocrx_word' id='word_1_6' title='bbox 162 1059 279 1084; x_wconf 74' lang='lat' dir='ltr'>potatione.</span> 
     </span>
    </p>
   </div>
   <div class='ocr_carea' id='block_1_2' title="bbox 322 276 383 307">
    <p class='ocr_par' dir='ltr' id='par_1_2' title="bbox 322 276 383 307">
     <span class='ocr_line' id='line_1_4' title="bbox 322 276 383 307; baseline 0.016 -1"><span class='ocrx_word' id='word_1_7' title='bbox 322 276 383 307; x_wconf 71' lang='lat'>162</span> 
     </span>
    </p>
   </div>
   <div class='ocr_carea' id='block_1_3' title="bbox 319 361 1275 456">
    <p class='ocr_par' dir='ltr' id='par_1_3' title="bbox 319 361 1275 456">
     <span class='ocr_line' id='line_1_5' title="bbox 319 361 1275 403; baseline -0.001 -9"><span class='ocrx_word' id='word_1_8' title='bbox 319 362 491 394; x_wconf 90' lang='lat' dir='ltr'>secundum</span> <span class='ocrx_word' id='word_1_9' title='bbox 516 361 594 394; x_wconf 90' lang='lat' dir='ltr'>illud</span> <span class='ocrx_word' id='word_1_10' title='bbox 616 361 758 403; x_wconf 80' lang='lat' dir='ltr'>Gregorii</span> <span class='ocrx_word' id='word_1_11' title='bbox 774 362 802 393; x_wconf 77' lang='lat'>¹:</span> <span class='ocrx_word' id='word_1_12' title='bbox 832 374 847 389; x_wconf 77' lang='grc' dir='ltr'>α</span> <span class='ocrx_word' id='word_1_13' title='bbox 864 361 962 393; x_wconf 90' lang='lat' dir='ltr'>Cuius</span> <span class='ocrx_word' id='word_1_14' title='bbox 992 361 1056 393; x_wconf 92' lang='lat' dir='ltr'>vita</span> <span class='ocrx_word' id='word_1_15' title='bbox 1086 361 1275 403; x_wconf 77' lang='lat' dir='ltr'>despicitur,</span> 
     </span>
     <span class='ocr_line' id='line_1_6' title="bbox 320 413 1208 456; baseline 0 -10"><span class='ocrx_word' id='word_1_16' title='bbox 320 417 432 452; x_wconf 90' lang='lat' dir='ltr'>restat,</span> <span class='ocrx_word' id='word_1_17' title='bbox 457 417 492 446; x_wconf 91' lang='lat' dir='ltr'>ut</span> <span class='ocrx_word' id='word_1_18' title='bbox 515 413 583 446; x_wconf 90' lang='lat' dir='ltr'>eius</span> <span class='ocrx_word' id='word_1_19' title='bbox 607 413 797 455; x_wconf 85' lang='lat' dir='ltr'>praedicatio</span> <span class='ocrx_word' id='word_1_20' title='bbox 820 416 1041 446; x_wconf 79' lang='lat' dir='ltr'>contemnatur</span> <span class='ocrx_word' id='word_1_21' title='bbox 1057 427 1088 453; x_wconf 70' lang='lat' dir='ltr'>n,</span> <span class='ocrx_word' id='word_1_22' title='bbox 1113 414 1208 456; x_wconf 86' lang='lat' dir='ltr'>quia:</span> 
     </span>
    </p>
   </div>
   <div class='ocr_carea' id='block_1_4' title="bbox 402 520 1187 553">
    <p class='ocr_par' dir='ltr' id='par_1_4' title="bbox 402 520 1187 553">
     <span class='ocr_line' id='line_1_7' title="bbox 402 520 1187 553; baseline 0 -8"><span class='ocrx_word' id='word_1_23' title='bbox 402 530 414 542; x_wconf 71' lang='lat' dir='ltr'>&lt;x</span> <span class='ocrx_word' id='word_1_24' title='bbox 429 520 518 552; x_wconf 73' lang='lat' dir='ltr'>Turpe</span> <span class='ocrx_word' id='word_1_25' title='bbox 536 522 575 546; x_wconf 84' lang='lat' dir='ltr'>est</span> <span class='ocrx_word' id='word_1_26' title='bbox 594 520 707 551; x_wconf 82' lang='lat' dir='ltr'>doctori,</span> <span class='ocrx_word' id='word_1_27' title='bbox 726 520 790 546; x_wconf 88' lang='lat' dir='ltr'>dum</span> <span class='ocrx_word' id='word_1_28' title='bbox 810 521 889 553; x_wconf 87' lang='lat' dir='ltr'>culpa</span> <span class='ocrx_word' id='word_1_29' title='bbox 907 520 1042 552; x_wconf 84' lang='lat' dir='ltr'>redarguit</span> <span class='ocrx_word' id='word_1_30' title='bbox 1060 521 1147 553; x_wconf 89' lang='lat' dir='ltr'>ipsum</span> <span class='ocrx_word' id='word_1_31' title='bbox 1162 530 1187 545; x_wconf 73' lang='grc' dir='ltr'>υ.</span> 
     </span>
    </p>
   </div>
   <div class='ocr_carea' id='block_1_5' title="bbox 309 627 1276 2477">
    <p class='ocr_par' dir='ltr' id='par_1_5' title="bbox 313 627 1276 925">
     <span class='ocr_line' id='line_1_8' title="bbox 317 627 1276 668; baseline -0.001 -9"><span class='ocrx_word' id='word_1_32' title='bbox 317 627 604 668; x_wconf 82' lang='lat' dir='ltr'>Chrysostomus2:</span> <span class='ocrx_word' id='word_1_33' title='bbox 634 640 649 655; x_wconf 75' lang='grc' dir='ltr'>α</span> <span class='ocrx_word' id='word_1_34' title='bbox 665 627 770 668; x_wconf 80' lang='lat' dir='ltr'>Quare</span> <span class='ocrx_word' id='word_1_35' title='bbox 793 627 825 659; x_wconf 91' lang='lat' dir='ltr'>in</span> <span class='ocrx_word' id='word_1_36' title='bbox 848 627 957 660; x_wconf 90' lang='lat' dir='ltr'>alienis</span> <span class='ocrx_word' id='word_1_37' title='bbox 981 627 1067 660; x_wconf 93' lang='lat' dir='ltr'>vides</span> <span class='ocrx_word' id='word_1_38' title='bbox 1091 630 1154 659; x_wconf 89' lang='lat' dir='ltr'>tam</span> <span class='ocrx_word' id='word_1_39' title='bbox 1178 635 1276 668; x_wconf 89' lang='lat' dir='ltr'>parva</span> 
     </span>
     <span class='ocr_line' id='line_1_9' title="bbox 316 679 1275 722; baseline -0.001 -10"><span class='ocrx_word' id='word_1_40' title='bbox 316 684 458 722; x_wconf 84' lang='lat' dir='ltr'>peccata,</span> <span class='ocrx_word' id='word_1_41' title='bbox 483 684 513 712; x_wconf 90' lang='lat' dir='ltr'>et</span> <span class='ocrx_word' id='word_1_42' title='bbox 537 680 567 711; x_wconf 92' lang='lat' dir='ltr'>in</span> <span class='ocrx_word' id='word_1_43' title='bbox 593 683 623 712; x_wconf 90' lang='lat' dir='ltr'>te</span> <span class='ocrx_word' id='word_1_44' title='bbox 647 684 709 712; x_wconf 90' lang='lat' dir='ltr'>tam</span> <span class='ocrx_word' id='word_1_45' title='bbox 735 689 848 721; x_wconf 85' lang='lat' dir='ltr'>magna</span> <span class='ocrx_word' id='word_1_46' title='bbox 864 680 1056 713; x_wconf 78' lang='lat' dir='ltr'>transcurris</span> <span class='ocrx_word' id='word_1_47' title='bbox 1071 683 1109 712; x_wconf 69' lang='lat'>»2</span> <span class='ocrx_word' id='word_1_48' title='bbox 1125 679 1275 712; x_wconf 88' lang='lat' dir='ltr'>Ecclesia-</span> 
     </span>
     <span class='ocr_line' id='line_1_10' title="bbox 316 732 1276 775; baseline 0 -10"><span class='ocrx_word' id='word_1_49' title='bbox 316 733 383 765; x_wconf 90' lang='lat' dir='ltr'>stici</span> <span class='ocrx_word' id='word_1_50' title='bbox 408 733 567 774; x_wconf 87' lang='lat' dir='ltr'>trigesimo</span> <span class='ocrx_word' id='word_1_51' title='bbox 595 737 731 774; x_wconf 90' lang='lat' dir='ltr'>quarto:</span> <span class='ocrx_word' id='word_1_52' title='bbox 762 746 777 761; x_wconf 92' lang='lat'>«</span> <span class='ocrx_word' id='word_1_53' title='bbox 792 733 836 765; x_wconf 84' lang='lat' dir='ltr'>Ab</span> <span class='ocrx_word' id='word_1_54' title='bbox 860 733 1023 765; x_wconf 91' lang='lat' dir='ltr'>immundo</span> <span class='ocrx_word' id='word_1_55' title='bbox 1046 733 1119 775; x_wconf 90' lang='lat' dir='ltr'>quis</span> <span class='ocrx_word' id='word_1_56' title='bbox 1143 732 1276 765; x_wconf 88' lang='lat' dir='ltr'>munda—</span> 
     </span>
     <span class='ocr_line' id='line_1_11' title="bbox 314 786 1275 828; baseline 0.001 -11"><span class='ocrx_word' id='word_1_57' title='bbox 314 786 417 824; x_wconf 84' lang='lat' dir='ltr'>bitur,</span> <span class='ocrx_word' id='word_1_58' title='bbox 441 791 472 818; x_wconf 90' lang='lat' dir='ltr'>et</span> <span class='ocrx_word' id='word_1_59' title='bbox 495 795 513 818; x_wconf 85' lang='lat' dir='ltr'>a</span> <span class='ocrx_word' id='word_1_60' title='bbox 537 786 686 818; x_wconf 88' lang='lat' dir='ltr'>mendace</span> <span class='ocrx_word' id='word_1_61' title='bbox 709 786 786 828; x_wconf 89' lang='lat' dir='ltr'>quid</span> <span class='ocrx_word' id='word_1_62' title='bbox 809 795 920 819; x_wconf 90' lang='lat' dir='ltr'>verum</span> <span class='ocrx_word' id='word_1_63' title='bbox 945 786 1068 819; x_wconf 88' lang='lat' dir='ltr'>dicetur</span> <span class='ocrx_word' id='word_1_64' title='bbox 1086 790 1123 818; x_wconf 67' lang='lat' dir='ltr'>n?</span> <span class='ocrx_word' id='word_1_65' title='bbox 1148 786 1183 818; x_wconf 91' lang='lat' dir='ltr'>Et</span> <span class='ocrx_word' id='word_1_66' title='bbox 1206 786 1275 819; x_wconf 91' lang='lat' dir='ltr'>ideo</span> 
     </span>
     <span class='ocr_line' id='line_1_12' title="bbox 314 839 1274 881; baseline 0.002 -11"><span class='ocrx_word' id='word_1_67' title='bbox 314 839 345 871; x_wconf 92' lang='lat' dir='ltr'>in</span> <span class='ocrx_word' id='word_1_68' title='bbox 369 839 506 872; x_wconf 79' lang='lat' dir='ltr'>Psalmo:</span> <span class='ocrx_word' id='word_1_69' title='bbox 536 852 551 868; x_wconf 78' lang='grc' dir='ltr'>α</span> <span class='ocrx_word' id='word_1_70' title='bbox 570 840 725 872; x_wconf 84' lang='lat' dir='ltr'>Peccatori</span> <span class='ocrx_word' id='word_1_71' title='bbox 749 843 855 872; x_wconf 89' lang='lat' dir='ltr'>autem</span> <span class='ocrx_word' id='word_1_72' title='bbox 879 839 961 871; x_wconf 84' lang='lat' dir='ltr'>dixit</span> <span class='ocrx_word' id='word_1_73' title='bbox 984 839 1086 872; x_wconf 91' lang='lat' dir='ltr'>Deus:</span> <span class='ocrx_word' id='word_1_74' title='bbox 1111 840 1215 881; x_wconf 81' lang='lat' dir='ltr'>Quare</span> <span class='ocrx_word' id='word_1_75' title='bbox 1239 843 1274 872; x_wconf 90' lang='lat' dir='ltr'>tu</span> 
     </span>
     <span class='ocr_line' id='line_1_13' title="bbox 313 893 760 925; baseline 0.002 -1"><span class='ocrx_word' id='word_1_76' title='bbox 313 901 442 925; x_wconf 88' lang='lat' dir='ltr'>enarras</span> <span class='ocrx_word' id='word_1_77' title='bbox 466 893 600 925; x_wconf 86' lang='lat' dir='ltr'>iustitias</span> <span class='ocrx_word' id='word_1_78' title='bbox 624 902 709 925; x_wconf 91' lang='lat' dir='ltr'>meas</span> <span class='ocrx_word' id='word_1_79' title='bbox 725 896 760 924; x_wconf 71' lang='lat' dir='ltr'>n?</span> 
     </span>
    </p>

    <p class='ocr_par' dir='ltr' id='par_1_6' title="bbox 309 945 1274 2477">
     <span class='ocr_line' id='line_1_14' title="bbox 402 945 1274 988; baseline 0 -10"><span class='ocrx_word' id='word_1_80' title='bbox 402 946 454 978; x_wconf 87' lang='lat'>98.</span> <span class='ocrx_word' id='word_1_81' title='bbox 480 946 585 978; x_wconf 91' lang='lat' dir='ltr'>Tertio</span> <span class='ocrx_word' id='word_1_82' title='bbox 610 955 685 978; x_wconf 91' lang='lat' dir='ltr'>vero</span> <span class='ocrx_word' id='word_1_83' title='bbox 705 945 840 978; x_wconf 87' lang='lat' dir='ltr'>ostendit</span> <span class='ocrx_word' id='word_1_84' title='bbox 856 946 1087 978; x_wconf 84' lang='lat' dir='ltr'>inordinatum</span> <span class='ocrx_word' id='word_1_85' title='bbox 1104 946 1140 978; x_wconf 83' lang='lat' dir='ltr'>in</span> <span class='ocrx_word' id='word_1_86' title='bbox 1157 956 1274 988; x_wconf 80' lang='lat' dir='ltr'>opera-</span> 
     </span>
     <span class='ocr_line' id='line_1_15' title="bbox 313 999 1274 1041; baseline 0 -10"><span class='ocrx_word' id='word_1_87' title='bbox 313 999 416 1037; x_wconf 88' lang='lat' dir='ltr'>tione,</span> <span class='ocrx_word' id='word_1_88' title='bbox 440 999 515 1041; x_wconf 89' lang='lat' dir='ltr'>quia</span> <span class='ocrx_word' id='word_1_89' title='bbox 538 999 696 1041; x_wconf 83' lang='lat' dir='ltr'>postponit</span> <span class='ocrx_word' id='word_1_90' title='bbox 720 999 813 1037; x_wconf 91' lang='lat' dir='ltr'>illud,</span> <span class='ocrx_word' id='word_1_91' title='bbox 837 999 875 1031; x_wconf 86' lang='lat' dir='ltr'>ad</span> <span class='ocrx_word' id='word_1_92' title='bbox 899 999 983 1041; x_wconf 88' lang='lat' dir='ltr'>quod</span> <span class='ocrx_word' id='word_1_93' title='bbox 1008 1002 1134 1031; x_wconf 89' lang='lat' dir='ltr'>tenetur</span> <span class='ocrx_word' id='word_1_94' title='bbox 1157 999 1274 1040; x_wconf 88' lang='lat' dir='ltr'>princi-</span> 
     </span>
     <span class='ocr_line' id='line_1_16' title="bbox 314 1052 1274 1095; baseline 0 -11"><span class='ocrx_word' id='word_1_95' title='bbox 314 1053 443 1094; x_wconf 90' lang='lat' dir='ltr'>paliter;</span> <span class='ocrx_word' id='word_1_96' title='bbox 477 1056 606 1094; x_wconf 89' lang='lat' dir='ltr'>propter</span> <span class='ocrx_word' id='word_1_97' title='bbox 637 1052 721 1094; x_wconf 91' lang='lat' dir='ltr'>quod</span> <span class='ocrx_word' id='word_1_98' title='bbox 752 1053 843 1084; x_wconf 84' lang='lat' dir='ltr'>dicit:</span> <span class='ocrx_word' id='word_1_99' title='bbox 870 1053 1074 1095; x_wconf 78' lang='lat' dir='ltr'>Hypocrita,</span> <span class='ocrx_word' id='word_1_100' title='bbox 1103 1053 1179 1084; x_wconf 80' lang='lat' dir='ltr'>ciice</span> <span class='ocrx_word' id='word_1_101' title='bbox 1199 1053 1274 1094; x_wconf 79' lang='lat' dir='ltr'>pri-</span> 
     </span>
     <span class='ocr_line' id='line_1_17' title="bbox 312 1105 1272 1148; baseline 0 -11"><span class='ocrx_word' id='word_1_102' title='bbox 312 1116 405 1138; x_wconf 88' lang='lat' dir='ltr'>mum</span> <span class='ocrx_word' id='word_1_103' title='bbox 430 1105 553 1138; x_wconf 81' lang='lat' dir='ltr'>trabem</span> <span class='ocrx_word' id='word_1_104' title='bbox 578 1106 616 1138; x_wconf 84' lang='lat' dir='ltr'>de</span> <span class='ocrx_word' id='word_1_105' title='bbox 640 1105 732 1137; x_wconf 80' lang='lat' dir='ltr'>oculo</span> <span class='ocrx_word' id='word_1_106' title='bbox 754 1111 819 1137; x_wconf 89' lang='lat' dir='ltr'>tuo.</span> <span class='ocrx_word' id='word_1_107' title='bbox 838 1106 1056 1148; x_wconf 74' lang='lat' dir='ltr'>Hypocritam</span> <span class='ocrx_word' id='word_1_108' title='bbox 1074 1108 1163 1138; x_wconf 84' lang='lat' dir='ltr'>vocat</span> <span class='ocrx_word' id='word_1_109' title='bbox 1180 1106 1272 1138; x_wconf 91' lang='lat' dir='ltr'>talem</span> 
     </span>
     <span class='ocr_line' id='line_1_18' title="bbox 312 1154 1273 1201; baseline 0 -10"><span class='ocrx_word' id='word_1_110' title='bbox 312 1159 445 1192; x_wconf 88' lang='lat' dir='ltr'>iudicem</span> <span class='ocrx_word' id='word_1_111' title='bbox 470 1159 693 1197; x_wconf 88' lang='lat' dir='ltr'>temerarium,</span> <span class='ocrx_word' id='word_1_112' title='bbox 718 1159 791 1201; x_wconf 86' lang='lat' dir='ltr'>quia</span> <span class='ocrx_word' id='word_1_113' title='bbox 816 1159 847 1191; x_wconf 93' lang='lat' dir='ltr'>in</span> <span class='ocrx_word' id='word_1_114' title='bbox 872 1159 1052 1191; x_wconf 80' lang='lat' dir='ltr'>iudicando</span> <span class='ocrx_word' id='word_1_115' title='bbox 1069 1154 1153 1191; x_wconf 74' lang='lat' dir='ltr'>alios</span> <span class='ocrx_word' id='word_1_116' title='bbox 1169 1162 1273 1192; x_wconf 89' lang='lat' dir='ltr'>osten-</span> 
     </span>
     <span class='ocr_line' id='line_1_19' title="bbox 311 1212 1273 1254; baseline -0.001 -9"><span class='ocrx_word' id='word_1_117' title='bbox 311 1213 356 1245; x_wconf 92' lang='lat' dir='ltr'>dit</span> <span class='ocrx_word' id='word_1_118' title='bbox 379 1216 410 1245; x_wconf 90' lang='lat' dir='ltr'>et</span> <span class='ocrx_word' id='word_1_119' title='bbox 433 1213 609 1254; x_wconf 82' lang='lat' dir='ltr'>praetendit</span> <span class='ocrx_word' id='word_1_120' title='bbox 642 1212 743 1245; x_wconf 88' lang='lat' dir='ltr'>zelum</span> <span class='ocrx_word' id='word_1_121' title='bbox 778 1212 930 1250; x_wconf 87' lang='lat' dir='ltr'>iustitiae,</span> <span class='ocrx_word' id='word_1_122' title='bbox 955 1216 986 1244; x_wconf 91' lang='lat' dir='ltr'>et</span> <span class='ocrx_word' id='word_1_123' title='bbox 1009 1222 1043 1244; x_wconf 76' lang='lat' dir='ltr'>se</span> <span class='ocrx_word' id='word_1_124' title='bbox 1066 1212 1178 1254; x_wconf 77' lang='lat' dir='ltr'>ipsum</span> <span class='ocrx_word' id='word_1_125' title='bbox 1205 1222 1273 1245; x_wconf 88' lang='lat' dir='ltr'>non</span> 
     </span>
     <span class='ocr_line' id='line_1_20' title="bbox 312 1265 1270 1307; baseline -0.001 -9"><span class='ocrx_word' id='word_1_126' title='bbox 312 1266 492 1298; x_wconf 83' lang='lat' dir='ltr'>iudicando</span> <span class='ocrx_word' id='word_1_127' title='bbox 506 1266 599 1298; x_wconf 87' lang='lat' dir='ltr'>babet</span> <span class='ocrx_word' id='word_1_128' title='bbox 613 1265 723 1297; x_wconf 86' lang='lat' dir='ltr'>vitium</span> <span class='ocrx_word' id='word_1_129' title='bbox 738 1266 822 1297; x_wconf 90' lang='lat' dir='ltr'>intus</span> <span class='ocrx_word' id='word_1_130' title='bbox 836 1266 943 1298; x_wconf 87' lang='lat' dir='ltr'>latens.</span> <span class='ocrx_word' id='word_1_131' title='bbox 959 1265 1044 1298; x_wconf 89' lang='lat' dir='ltr'>Unde</span> <span class='ocrx_word' id='word_1_132' title='bbox 1057 1265 1227 1307; x_wconf 83' lang='lat' dir='ltr'>Gregorius</span> <span class='ocrx_word' id='word_1_133' title='bbox 1240 1266 1270 1297; x_wconf 76' lang='lat'>³:</span> 
     </span>
     <span class='ocr_line' id='line_1_21' title="bbox 316 1319 1271 1361; baseline 0 -10"><span class='ocrx_word' id='word_1_134' title='bbox 316 1332 331 1347; x_wconf 89' lang='lat'>«</span> <span class='ocrx_word' id='word_1_135' title='bbox 349 1320 514 1361; x_wconf 90' lang='lat' dir='ltr'>Hypocrita</span> <span class='ocrx_word' id='word_1_136' title='bbox 538 1322 659 1352; x_wconf 83' lang='lat' dir='ltr'>ceteros</span> <span class='ocrx_word' id='word_1_137' title='bbox 677 1319 896 1360; x_wconf 80' lang='lat' dir='ltr'>reprehendit,</span> <span class='ocrx_word' id='word_1_138' title='bbox 922 1322 958 1351; x_wconf 89' lang='lat' dir='ltr'>ut</span> <span class='ocrx_word' id='word_1_139' title='bbox 981 1319 1010 1351; x_wconf 91' lang='lat' dir='ltr'>in</span> <span class='ocrx_word' id='word_1_140' title='bbox 1035 1319 1170 1351; x_wconf 92' lang='lat' dir='ltr'>aliorum</span> <span class='ocrx_word' id='word_1_141' title='bbox 1187 1328 1271 1351; x_wconf 89' lang='lat' dir='ltr'>com-</span> 
     </span>
     <span class='ocr_line' id='line_1_22' title="bbox 311 1371 1271 1415; baseline -0.001 -10"><span class='ocrx_word' id='word_1_142' title='bbox 311 1373 471 1414; x_wconf 86' lang='lat' dir='ltr'>paratione</span> <span class='ocrx_word' id='word_1_143' title='bbox 503 1373 568 1414; x_wconf 92' lang='lat' dir='ltr'>ipse</span> <span class='ocrx_word' id='word_1_144' title='bbox 600 1373 735 1405; x_wconf 83' lang='lat' dir='ltr'>sanctior</span> <span class='ocrx_word' id='word_1_145' title='bbox 768 1372 957 1405; x_wconf 82' lang='lat' dir='ltr'>videatur».</span> <span class='ocrx_word' id='word_1_146' title='bbox 983 1373 1037 1405; x_wconf 89' lang='lat' dir='ltr'>Vel</span> <span class='ocrx_word' id='word_1_147' title='bbox 1063 1371 1271 1415; x_wconf 77' lang='lat' dir='ltr'>hypocritam</span> 
     </span>
     <span class='ocr_line' id='line_1_23' title="bbox 311 1426 1270 1468; baseline -0.001 -9"><span class='ocrx_word' id='word_1_148' title='bbox 311 1430 416 1464; x_wconf 87' lang='lat' dir='ltr'>vocat,</span> <span class='ocrx_word' id='word_1_149' title='bbox 441 1427 529 1468; x_wconf 88' lang='lat' dir='ltr'>quia,</span> <span class='ocrx_word' id='word_1_150' title='bbox 546 1427 707 1459; x_wconf 85' lang='lat' dir='ltr'>exteriora</span> <span class='ocrx_word' id='word_1_151' title='bbox 731 1426 925 1468; x_wconf 69' lang='lat' dir='ltr'>ponderam,</span> <span class='ocrx_word' id='word_1_152' title='bbox 951 1427 1101 1459; x_wconf 86' lang='lat' dir='ltr'>interiora</span> <span class='ocrx_word' id='word_1_153' title='bbox 1126 1426 1270 1468; x_wconf 82' lang='lat' dir='ltr'>negligit,</span> 
     </span>
     <span class='ocr_line' id='line_1_24' title="bbox 310 1479 1271 1521; baseline 0 -10"><span class='ocrx_word' id='word_1_154' title='bbox 310 1489 391 1521; x_wconf 86' lang='lat' dir='ltr'>quae</span> <span class='ocrx_word' id='word_1_155' title='bbox 423 1483 496 1512; x_wconf 90' lang='lat' dir='ltr'>sunt</span> <span class='ocrx_word' id='word_1_156' title='bbox 529 1480 625 1521; x_wconf 84' lang='lat' dir='ltr'>magis</span> <span class='ocrx_word' id='word_1_157' title='bbox 654 1479 870 1520; x_wconf 86' lang='lat' dir='ltr'>ponderanda,</span> <span class='ocrx_word' id='word_1_158' title='bbox 896 1480 1068 1511; x_wconf 87' lang='lat' dir='ltr'>secundum</span> <span class='ocrx_word' id='word_1_159' title='bbox 1096 1479 1171 1511; x_wconf 91' lang='lat' dir='ltr'>illud</span> <span class='ocrx_word' id='word_1_160' title='bbox 1196 1480 1271 1511; x_wconf 85' lang='lat' dir='ltr'>Mat-</span> 
     </span>
     <span class='ocr_line' id='line_1_25' title="bbox 312 1532 1271 1580; baseline 0 -16"><span class='ocrx_word' id='word_1_161' title='bbox 312 1532 392 1564; x_wconf 87' lang='lat' dir='ltr'>thaei</span> <span class='ocrx_word' id='word_1_162' title='bbox 418 1533 567 1574; x_wconf 87' lang='lat' dir='ltr'>vigesimo</span> <span class='ocrx_word' id='word_1_163' title='bbox 591 1532 730 1565; x_wconf 71' lang='lat' dir='ltr'>tertio⁴z</span> <span class='ocrx_word' id='word_1_164' title='bbox 761 1545 775 1559; x_wconf 77' lang='grc' dir='ltr'><em>α</em></span> <span class='ocrx_word' id='word_1_165' title='bbox 795 1532 855 1564; x_wconf 87' lang='lat' dir='ltr'>Vae</span> <span class='ocrx_word' id='word_1_166' title='bbox 880 1532 985 1570; x_wconf 88' lang='lat' dir='ltr'>vobis,</span> <span class='ocrx_word' id='word_1_167' title='bbox 1007 1532 1128 1564; x_wconf 87' lang='lat' dir='ltr'>scribae</span> <span class='ocrx_word' id='word_1_168' title='bbox 1145 1537 1175 1564; x_wconf 91' lang='lat' dir='ltr'>et</span> <span class='ocrx_word' id='word_1_169' title='bbox 1193 1533 1271 1580; x_wconf 81' lang='lat' dir='ltr'>Pha-</span> 
     </span>
     <span class='ocr_line' id='line_1_26' title="bbox 312 1585 1272 1626; baseline 0.001 -9"><span class='ocrx_word' id='word_1_170' title='bbox 312 1585 420 1617; x_wconf 84' lang='lat' dir='ltr'>risaei!</span> <span class='ocrx_word' id='word_1_171' title='bbox 454 1585 652 1626; x_wconf 83' lang='lat' dir='ltr'>hypocritae,</span> <span class='ocrx_word' id='word_1_172' title='bbox 684 1585 738 1626; x_wconf 86' lang='lat' dir='ltr'>qui</span> <span class='ocrx_word' id='word_1_173' title='bbox 774 1585 931 1617; x_wconf 89' lang='lat' dir='ltr'>mundatis</span> <span class='ocrx_word' id='word_1_174' title='bbox 962 1585 1046 1626; x_wconf 91' lang='lat' dir='ltr'>quod</span> <span class='ocrx_word' id='word_1_175' title='bbox 1078 1585 1194 1618; x_wconf 78' lang='lat' dir='ltr'>deforis</span> <span class='ocrx_word' id='word_1_176' title='bbox 1224 1590 1272 1619; x_wconf 89' lang='lat' dir='ltr'>est</span> 
     </span>
     <span class='ocr_line' id='line_1_27' title="bbox 312 1639 1272 1681; baseline 0.002 -11"><span class='ocrx_word' id='word_1_177' title='bbox 312 1639 415 1671; x_wconf 79' lang='lat' dir='ltr'>calicis</span> <span class='ocrx_word' id='word_1_178' title='bbox 431 1643 461 1671; x_wconf 94' lang='lat' dir='ltr'>et</span> <span class='ocrx_word' id='word_1_179' title='bbox 479 1639 669 1680; x_wconf 84' lang='lat' dir='ltr'>paropsidis,</span> <span class='ocrx_word' id='word_1_180' title='bbox 687 1639 772 1670; x_wconf 84' lang='lat' dir='ltr'>intus</span> <span class='ocrx_word' id='word_1_181' title='bbox 788 1643 892 1670; x_wconf 84' lang='lat' dir='ltr'>auteni</span> <span class='ocrx_word' id='word_1_182' title='bbox 919 1639 1000 1680; x_wconf 89' lang='lat' dir='ltr'>pleni</span> <span class='ocrx_word' id='word_1_183' title='bbox 1026 1639 1100 1671; x_wconf 85' lang='lat' dir='ltr'>estis</span> <span class='ocrx_word' id='word_1_184' title='bbox 1117 1640 1226 1681; x_wconf 86' lang='lat' dir='ltr'>rapina</span> <span class='ocrx_word' id='word_1_185' title='bbox 1241 1644 1272 1672; x_wconf 88' lang='lat' dir='ltr'>et</span> 
     </span>
     <span class='ocr_line' id='line_1_28' title="bbox 312 1691 1272 1733; baseline 0.001 -10"><span class='ocrx_word' id='word_1_186' title='bbox 312 1691 518 1723; x_wconf 85' lang='lat' dir='ltr'>immunditia.</span> <span class='ocrx_word' id='word_1_187' title='bbox 537 1691 699 1723; x_wconf 81' lang='lat' dir='ltr'>pharisaee</span> <span class='ocrx_word' id='word_1_188' title='bbox 717 1694 823 1723; x_wconf 87' lang='lat' dir='ltr'>caece!</span> <span class='ocrx_word' id='word_1_189' title='bbox 848 1691 963 1723; x_wconf 85' lang='lat' dir='ltr'>munda</span> <span class='ocrx_word' id='word_1_190' title='bbox 981 1692 1070 1732; x_wconf 90' lang='lat' dir='ltr'>prius</span> <span class='ocrx_word' id='word_1_191' title='bbox 1086 1692 1170 1733; x_wconf 86' lang='lat' dir='ltr'>quod</span> <span class='ocrx_word' id='word_1_192' title='bbox 1187 1693 1272 1725; x_wconf 89' lang='lat' dir='ltr'>intus</span> 
     </span>
     <span class='ocr_line' id='line_1_29' title="bbox 311 1744 1272 1787; baseline 0 -9"><span class='ocrx_word' id='word_1_193' title='bbox 311 1749 359 1778; x_wconf 90' lang='lat' dir='ltr'>est</span> <span class='ocrx_word' id='word_1_194' title='bbox 374 1758 404 1777; x_wconf 85' lang='lat'>».</span> <span class='ocrx_word' id='word_1_195' title='bbox 432 1745 466 1777; x_wconf 91' lang='lat' dir='ltr'>Et</span> <span class='ocrx_word' id='word_1_196' title='bbox 484 1745 552 1777; x_wconf 89' lang='lat' dir='ltr'>ideo</span> <span class='ocrx_word' id='word_1_197' title='bbox 569 1749 652 1777; x_wconf 87' lang='lat' dir='ltr'>recte</span> <span class='ocrx_word' id='word_1_198' title='bbox 670 1753 753 1776; x_wconf 82' lang='lat' dir='ltr'>nunc</span> <span class='ocrx_word' id='word_1_199' title='bbox 769 1744 841 1776; x_wconf 87' lang='lat' dir='ltr'>dicit</span> <span class='ocrx_word' id='word_1_200' title='bbox 859 1757 864 1776; x_wconf 93' lang='lat'>:</span> <span class='ocrx_word' id='word_1_201' title='bbox 894 1745 980 1776; x_wconf 85' lang='lat' dir='ltr'>Eiice</span> <span class='ocrx_word' id='word_1_202' title='bbox 1001 1745 1171 1786; x_wconf 78' lang='lat' dir='ltr'>primum,</span> <span class='ocrx_word' id='word_1_203' title='bbox 1197 1746 1272 1787; x_wconf 87' lang='lat' dir='ltr'>quia</span> 
     </span>
     <span class='ocr_line' id='line_1_30' title="bbox 312 1797 1270 1840; baseline 0.001 -9"><span class='ocrx_word' id='word_1_204' title='bbox 312 1800 395 1831; x_wconf 85' lang='lat' dir='ltr'>circa</span> <span class='ocrx_word' id='word_1_205' title='bbox 428 1799 485 1831; x_wconf 88' lang='lat' dir='ltr'>hoc</span> <span class='ocrx_word' id='word_1_206' title='bbox 518 1798 732 1840; x_wconf 78' lang='lat' dir='ltr'>principaliter</span> <span class='ocrx_word' id='word_1_207' title='bbox 766 1797 969 1830; x_wconf 86' lang='lat' dir='ltr'>insistendum</span> <span class='ocrx_word' id='word_1_208' title='bbox 1000 1801 1064 1837; x_wconf 86' lang='lat' dir='ltr'>est,</span> <span class='ocrx_word' id='word_1_209' title='bbox 1089 1802 1125 1831; x_wconf 92' lang='lat' dir='ltr'>ut</span> <span class='ocrx_word' id='word_1_210' title='bbox 1148 1799 1270 1838; x_wconf 87' lang='lat' dir='ltr'>trabes,</span> 
     </span>
     <span class='ocr_line' id='line_1_31' title="bbox 312 1851 1270 1893; baseline 0.001 -9"><span class='ocrx_word' id='word_1_211' title='bbox 312 1852 342 1884; x_wconf 89' lang='lat' dir='ltr'>id</span> <span class='ocrx_word' id='word_1_212' title='bbox 366 1856 413 1884; x_wconf 91' lang='lat' dir='ltr'>est</span> <span class='ocrx_word' id='word_1_213' title='bbox 436 1860 531 1893; x_wconf 85' lang='lat' dir='ltr'>grave</span> <span class='ocrx_word' id='word_1_214' title='bbox 557 1855 739 1892; x_wconf 87' lang='lat' dir='ltr'>peccatum,</span> <span class='ocrx_word' id='word_1_215' title='bbox 763 1851 801 1883; x_wconf 91' lang='lat' dir='ltr'>de</span> <span class='ocrx_word' id='word_1_216' title='bbox 826 1851 966 1883; x_wconf 90' lang='lat' dir='ltr'>interiori</span> <span class='ocrx_word' id='word_1_217' title='bbox 992 1852 1084 1884; x_wconf 89' lang='lat' dir='ltr'>oculo</span> <span class='ocrx_word' id='word_1_218' title='bbox 1106 1852 1270 1892; x_wconf 82' lang='lat' dir='ltr'>eiiciatur3</span> 
     </span>
     <span class='ocr_line' id='line_1_32' title="bbox 312 1903 1269 1947; baseline 0.001 -10"><span class='ocrx_word' id='word_1_219' title='bbox 312 1905 410 1938; x_wconf 81' lang='lat' dir='ltr'>iacobi</span> <span class='ocrx_word' id='word_1_220' title='bbox 434 1908 548 1947; x_wconf 85' lang='lat' dir='ltr'>quarto</span> <span class='ocrx_word' id='word_1_221' title='bbox 561 1904 573 1923; x_wconf 86' lang='lat'>⁵</span> <span class='ocrx_word' id='word_1_222' title='bbox 588 1916 595 1936; x_wconf 79' lang='lat' dir='ltr'><strong><em>z</em></strong></span> <span class='ocrx_word' id='word_1_223' title='bbox 618 1917 633 1932; x_wconf 89' lang='lat'>«</span> <span class='ocrx_word' id='word_1_224' title='bbox 652 1903 817 1936; x_wconf 85' lang='lat' dir='ltr'>Purificate</span> <span class='ocrx_word' id='word_1_225' title='bbox 833 1903 944 1942; x_wconf 84' lang='lat' dir='ltr'>corda,</span> <span class='ocrx_word' id='word_1_226' title='bbox 961 1904 1102 1946; x_wconf 83' lang='lat' dir='ltr'>duplices</span> <span class='ocrx_word' id='word_1_227' title='bbox 1118 1905 1223 1938; x_wconf 88' lang='lat' dir='ltr'>animo</span> <span class='ocrx_word' id='word_1_228' title='bbox 1239 1917 1269 1944; x_wconf 83' lang='lat'>»3</span> 
     </span>
     <span class='ocr_line' id='line_1_33' title="bbox 311 1957 1270 2001; baseline 0.001 -10"><span class='ocrx_word' id='word_1_229' title='bbox 311 1959 475 2001; x_wconf 85' lang='lat' dir='ltr'>quoniam,</span> <span class='ocrx_word' id='word_1_230' title='bbox 500 1958 581 1990; x_wconf 89' lang='lat' dir='ltr'>sicut</span> <span class='ocrx_word' id='word_1_231' title='bbox 604 1957 719 1990; x_wconf 87' lang='lat' dir='ltr'>dicitur</span> <span class='ocrx_word' id='word_1_232' title='bbox 752 1957 956 1990; x_wconf 87' lang='lat' dir='ltr'>Ecclesiastici</span> <span class='ocrx_word' id='word_1_233' title='bbox 988 1957 1109 1991; x_wconf 83' lang='lat' dir='ltr'>decimo</span> <span class='ocrx_word' id='word_1_234' title='bbox 1144 1963 1270 2001; x_wconf 83' lang='lat' dir='ltr'>quarto,</span> 
     </span>
     <span class='ocr_line' id='line_1_34' title="bbox 315 2010 1271 2054; baseline 0.001 -10"><span class='ocrx_word' id='word_1_235' title='bbox 315 2026 330 2041; x_wconf 74' lang='lat'>«1</span> <span class='ocrx_word' id='word_1_236' title='bbox 348 2012 401 2054; x_wconf 91' lang='lat' dir='ltr'>qui</span> <span class='ocrx_word' id='word_1_237' title='bbox 428 2012 484 2044; x_wconf 88' lang='lat' dir='ltr'>sibi</span> <span class='ocrx_word' id='word_1_238' title='bbox 511 2020 646 2053; x_wconf 87' lang='lat' dir='ltr'>nequam</span> <span class='ocrx_word' id='word_1_239' title='bbox 671 2014 735 2048; x_wconf 87' lang='lat' dir='ltr'>est,</span> <span class='ocrx_word' id='word_1_240' title='bbox 761 2010 810 2042; x_wconf 87' lang='lat' dir='ltr'>cui</span> <span class='ocrx_word' id='word_1_241' title='bbox 835 2010 885 2042; x_wconf 82' lang='lat' dir='ltr'>alii</span> <span class='ocrx_word' id='word_1_242' title='bbox 912 2010 1014 2043; x_wconf 90' lang='lat' dir='ltr'>bonus</span> <span class='ocrx_word' id='word_1_243' title='bbox 1037 2011 1149 2043; x_wconf 71' lang='lat' dir='ltr'>erit»‘.&gt;</span> <span class='ocrx_word' id='word_1_244' title='bbox 1173 2012 1271 2045; x_wconf 87' lang='lat' dir='ltr'>Debet</span> 
     </span>
     <span class='ocr_line' id='line_1_35' title="bbox 310 2064 1268 2106; baseline 0.002 -9"><span class='ocrx_word' id='word_1_245' title='bbox 310 2065 392 2098; x_wconf 91' lang='lat' dir='ltr'>enim</span> <span class='ocrx_word' id='word_1_246' title='bbox 417 2065 531 2097; x_wconf 83' lang='lat' dir='ltr'>caritas</span> <span class='ocrx_word' id='word_1_247' title='bbox 554 2073 622 2097; x_wconf 87' lang='lat' dir='ltr'>esse</span> <span class='ocrx_word' id='word_1_248' title='bbox 645 2064 805 2102; x_wconf 85' lang='lat' dir='ltr'>ordinata,</span> <span class='ocrx_word' id='word_1_249' title='bbox 839 2069 873 2097; x_wconf 90' lang='lat' dir='ltr'>ut</span> <span class='ocrx_word' id='word_1_250' title='bbox 905 2065 1008 2106; x_wconf 92' lang='lat' dir='ltr'>primo</span> <span class='ocrx_word' id='word_1_251' title='bbox 1040 2065 1180 2098; x_wconf 87' lang='lat' dir='ltr'>intendat</span> <span class='ocrx_word' id='word_1_252' title='bbox 1211 2066 1268 2099; x_wconf 90' lang='lat' dir='ltr'>sibi</span> 
     </span>
     <span class='ocr_line' id='line_1_36' title="bbox 309 2118 1270 2161; baseline 0 -9"><span class='ocrx_word' id='word_1_253' title='bbox 309 2123 340 2152; x_wconf 85' lang='lat' dir='ltr'>et</span> <span class='ocrx_word' id='word_1_254' title='bbox 364 2123 432 2161; x_wconf 86' lang='lat' dir='ltr'>post</span> <span class='ocrx_word' id='word_1_255' title='bbox 461 2119 530 2156; x_wconf 89' lang='lat' dir='ltr'>alii,</span> <span class='ocrx_word' id='word_1_256' title='bbox 564 2118 736 2151; x_wconf 89' lang='lat' dir='ltr'>secundum</span> <span class='ocrx_word' id='word_1_257' title='bbox 763 2118 839 2150; x_wconf 89' lang='lat' dir='ltr'>illud</span> <span class='ocrx_word' id='word_1_258' title='bbox 864 2118 984 2160; x_wconf 85' lang='lat' dir='ltr'>primae</span> <span class='ocrx_word' id='word_1_259' title='bbox 1009 2118 1047 2151; x_wconf 89' lang='lat' dir='ltr'>ad</span> <span class='ocrx_word' id='word_1_260' title='bbox 1071 2119 1270 2152; x_wconf 85' lang='lat' dir='ltr'>Timotheum</span> 
     </span>
     <span class='ocr_line' id='line_1_37' title="bbox 309 2171 1269 2214; baseline 0.002 -10"><span class='ocrx_word' id='word_1_261' title='bbox 309 2177 440 2214; x_wconf 86' lang='lat' dir='ltr'>quarto:</span> <span class='ocrx_word' id='word_1_262' title='bbox 470 2185 484 2200; x_wconf 87' lang='lat'>«</span> <span class='ocrx_word' id='word_1_263' title='bbox 502 2171 630 2204; x_wconf 80' lang='lat' dir='ltr'>Attende</span> <span class='ocrx_word' id='word_1_264' title='bbox 656 2171 709 2204; x_wconf 87' lang='lat' dir='ltr'>tibi</span> <span class='ocrx_word' id='word_1_265' title='bbox 726 2175 757 2204; x_wconf 91' lang='lat' dir='ltr'>et</span> <span class='ocrx_word' id='word_1_266' title='bbox 773 2172 943 2204; x_wconf 86' lang='lat' dir='ltr'>doctrinae.</span> <span class='ocrx_word' id='word_1_267' title='bbox 962 2172 1022 2204; x_wconf 90' lang='lat' dir='ltr'>lloc</span> <span class='ocrx_word' id='word_1_268' title='bbox 1039 2174 1122 2204; x_wconf 85' lang='lat' dir='ltr'>enim</span> <span class='ocrx_word' id='word_1_269' title='bbox 1139 2173 1269 2212; x_wconf 85' lang='lat' dir='ltr'>faciens,</span> 
     </span>
     <span class='ocr_line' id='line_1_38' title="bbox 309 2225 1268 2267; baseline 0.001 -10"><span class='ocrx_word' id='word_1_270' title='bbox 309 2230 340 2257; x_wconf 90' lang='lat' dir='ltr'>et</span> <span class='ocrx_word' id='word_1_271' title='bbox 364 2229 393 2257; x_wconf 88' lang='lat' dir='ltr'>te</span> <span class='ocrx_word' id='word_1_272' title='bbox 418 2226 519 2267; x_wconf 85' lang='lat' dir='ltr'>ipsum</span> <span class='ocrx_word' id='word_1_273' title='bbox 545 2225 665 2257; x_wconf 83' lang='lat' dir='ltr'>salvum</span> <span class='ocrx_word' id='word_1_274' title='bbox 691 2225 783 2257; x_wconf 87' lang='lat' dir='ltr'>facies</span> <span class='ocrx_word' id='word_1_275' title='bbox 807 2229 837 2257; x_wconf 89' lang='lat' dir='ltr'>et</span> <span class='ocrx_word' id='word_1_276' title='bbox 861 2234 914 2257; x_wconf 91' lang='lat' dir='ltr'>eos</span> <span class='ocrx_word' id='word_1_277' title='bbox 937 2225 991 2267; x_wconf 92' lang='lat' dir='ltr'>qui</span> <span class='ocrx_word' id='word_1_278' title='bbox 1017 2229 1120 2258; x_wconf 90' lang='lat' dir='ltr'>tecum</span> <span class='ocrx_word' id='word_1_279' title='bbox 1147 2230 1268 2258; x_wconf 82' lang='lat' dir='ltr'>sunt».</span> 
     </span>
     <span class='ocr_line' id='line_1_39' title="bbox 310 2279 1270 2321; baseline 0 -9"><span class='ocrx_word' id='word_1_280' title='bbox 310 2279 394 2312; x_wconf 87' lang='lat' dir='ltr'>Unde</span> <span class='ocrx_word' id='word_1_281' title='bbox 419 2279 587 2311; x_wconf 81' lang='lat' dir='ltr'>subditur:</span> <span class='ocrx_word' id='word_1_282' title='bbox 614 2280 653 2311; x_wconf 89' lang='lat' dir='ltr'>Et</span> <span class='ocrx_word' id='word_1_283' title='bbox 677 2284 755 2311; x_wconf 83' lang='lat' dir='ltr'>tunc</span> <span class='ocrx_word' id='word_1_284' title='bbox 776 2279 976 2320; x_wconf 70' lang='lat' dir='ltr'>perspicies,</span> <span class='ocrx_word' id='word_1_285' title='bbox 1001 2279 1030 2311; x_wconf 92' lang='lat' dir='ltr'>id</span> <span class='ocrx_word' id='word_1_286' title='bbox 1052 2283 1115 2318; x_wconf 90' lang='lat' dir='ltr'>est,</span> <span class='ocrx_word' id='word_1_287' title='bbox 1134 2280 1270 2321; x_wconf 81' lang='lat' dir='ltr'>perfecte</span> 
     </span>
     <span class='ocr_line' id='line_1_40' title="bbox 309 2332 1271 2375; baseline 0.001 -11"><span class='ocrx_word' id='word_1_288' title='bbox 309 2333 456 2374; x_wconf 78' lang='lat' dir='ltr'>aspicies,</span> <span class='ocrx_word' id='word_1_289' title='bbox 488 2332 579 2364; x_wconf 87' lang='lat' dir='ltr'>oculo</span> <span class='ocrx_word' id='word_1_290' title='bbox 612 2332 670 2364; x_wconf 89' lang='lat' dir='ltr'>iam</span> <span class='ocrx_word' id='word_1_291' title='bbox 705 2332 871 2370; x_wconf 89' lang='lat' dir='ltr'>mundato,</span> <span class='ocrx_word' id='word_1_292' title='bbox 902 2337 936 2364; x_wconf 87' lang='lat' dir='ltr'>ut</span> <span class='ocrx_word' id='word_1_293' title='bbox 960 2333 1084 2364; x_wconf 79' lang='lat' dir='ltr'>educa-s</span> <span class='ocrx_word' id='word_1_294' title='bbox 1107 2332 1271 2375; x_wconf 73' lang='lat' dir='ltr'>festucam</span> 
     </span>
     <span class='ocr_line' id='line_1_41' title="bbox 309 2384 1270 2428; baseline 0 -10"><span class='ocrx_word' id='word_1_295' title='bbox 309 2387 348 2418; x_wconf 79' lang='lat' dir='ltr'>de</span> <span class='ocrx_word' id='word_1_296' title='bbox 364 2386 456 2418; x_wconf 81' lang='lat' dir='ltr'>oculo</span> <span class='ocrx_word' id='word_1_297' title='bbox 473 2384 597 2428; x_wconf 81' lang='lat' dir='ltr'>fratris</span> <span class='ocrx_word' id='word_1_298' title='bbox 614 2385 683 2422; x_wconf 83' lang='lat' dir='ltr'>tui‚·</span> <span class='ocrx_word' id='word_1_299' title='bbox 701 2385 752 2417; x_wconf 90' lang='lat' dir='ltr'>lob</span> <span class='ocrx_word' id='word_1_300' title='bbox 769 2385 918 2427; x_wconf 86' lang='lat' dir='ltr'>vigesimo</span> <span class='ocrx_word' id='word_1_301' title='bbox 934 2389 1026 2417; x_wconf 89' lang='lat' dir='ltr'>sexto</span> <span class='ocrx_word' id='word_1_302' title='bbox 1038 2386 1068 2417; x_wconf 81' lang='lat'>⁶:</span> <span class='ocrx_word' id='word_1_303' title='bbox 1088 2399 1103 2414; x_wconf 88' lang='lat'>«</span> <span class='ocrx_word' id='word_1_304' title='bbox 1116 2385 1270 2418; x_wconf 86' lang='lat' dir='ltr'>Obstetri-</span> 
     </span>
     <span class='ocr_line' id='line_1_42' title="bbox 309 2438 1269 2477; baseline -0.001 -5"><span class='ocrx_word' id='word_1_305' title='bbox 309 2443 398 2472; x_wconf 88' lang='lat' dir='ltr'>cante</span> <span class='ocrx_word' id='word_1_306' title='bbox 422 2448 536 2477; x_wconf 88' lang='lat' dir='ltr'>manu,</span> <span class='ocrx_word' id='word_1_307' title='bbox 560 2438 693 2471; x_wconf 90' lang='lat' dir='ltr'>eductus</span> <span class='ocrx_word' id='word_1_308' title='bbox 716 2441 764 2470; x_wconf 91' lang='lat' dir='ltr'>est</span> <span class='ocrx_word' id='word_1_309' title='bbox 787 2438 918 2470; x_wconf 85' lang='lat' dir='ltr'>coluber</span> <span class='ocrx_word' id='word_1_310' title='bbox 943 2442 1106 2471; x_wconf 83' lang='lat' dir='ltr'>tortuosus</span> <span class='ocrx_word' id='word_1_311' title='bbox 1123 2451 1153 2477; x_wconf 81' lang='lat'>»;</span> <span class='ocrx_word' id='word_1_312' title='bbox 1187 2439 1269 2475; x_wconf 89' lang='lat' dir='ltr'>unde</span> 
     </span>
    </p>
   </div>
   <div class='ocr_carea' id='block_1_6' title="bbox 918 272 1704 306">
    <p class='ocr_par' dir='ltr' id='par_1_7' title="bbox 918 272 1704 306">
     <span class='ocr_line' id='line_1_43' title="bbox 918 272 1704 306; baseline 0.001 -2"><span class='ocrx_word' id='word_1_313' title='bbox 918 272 1109 305; x_wconf 84' lang='lat' dir='ltr'>COMMENT.</span> <span class='ocrx_word' id='word_1_314' title='bbox 1136 273 1173 305; x_wconf 80' lang='grc' dir='ltr'>ΙΝ</span> <span class='ocrx_word' id='word_1_315' title='bbox 1198 273 1435 306; x_wconf 84' lang='lat' dir='ltr'>EVANGELIUM</span> <span class='ocrx_word' id='word_1_316' title='bbox 1460 273 1576 306; x_wconf 86' lang='lat' dir='ltr'>LUCAE</span> <span class='ocrx_word' id='word_1_317' title='bbox 1601 273 1632 305; x_wconf 92' lang='lat' dir='ltr'>C.</span> <span class='ocrx_word' id='word_1_318' title='bbox 1658 274 1704 306; x_wconf 91' lang='lat' dir='ltr'>Vl.</span> 
     </span>
    </p>
   </div>
   <div class='ocr_carea' id='block_1_7' title="bbox 1336 357 2462 1310">
    <p class='ocr_par' dir='ltr' id='par_1_8' title="bbox 1338 357 2302 882">
     <span class='ocr_line' id='line_1_44' title="bbox 1340 357 2299 404; baseline 0.003 -10"><span class='ocrx_word' id='word_1_319' title='bbox 1340 362 1469 395; x_wconf 85' lang='lat' dir='ltr'>Glossa:</span> <span class='ocrx_word' id='word_1_320' title='bbox 1499 375 1515 391; x_wconf 84' lang='lat'><strong><em>«</em></strong></span> <span class='ocrx_word' id='word_1_321' title='bbox 1532 362 1597 394; x_wconf 91' lang='lat' dir='ltr'>Non</span> <span class='ocrx_word' id='word_1_322' title='bbox 1622 365 1669 395; x_wconf 90' lang='lat' dir='ltr'>est</span> <span class='ocrx_word' id='word_1_323' title='bbox 1692 362 1802 395; x_wconf 88' lang='lat' dir='ltr'>doctor</span> <span class='ocrx_word' id='word_1_324' title='bbox 1826 362 1916 404; x_wconf 88' lang='lat' dir='ltr'>prius</span> <span class='ocrx_word' id='word_1_325' title='bbox 1940 363 2071 396; x_wconf 90' lang='lat' dir='ltr'>idoneus</span> <span class='ocrx_word' id='word_1_326' title='bbox 2094 357 2145 396; x_wconf 86' lang='lat' dir='ltr'>alii</span> <span class='ocrx_word' id='word_1_327' title='bbox 2162 364 2299 402; x_wconf 87' lang='lat' dir='ltr'>mederi,</span> 
     </span>
     <span class='ocr_line' id='line_1_45' title="bbox 1340 415 2301 457; baseline 0.003 -10"><span class='ocrx_word' id='word_1_328' title='bbox 1340 415 1394 457; x_wconf 90' lang='lat' dir='ltr'>qui</span> <span class='ocrx_word' id='word_1_329' title='bbox 1426 415 1566 448; x_wconf 90' lang='lat' dir='ltr'>nondum</span> <span class='ocrx_word' id='word_1_330' title='bbox 1598 424 1631 448; x_wconf 89' lang='lat' dir='ltr'>se</span> <span class='ocrx_word' id='word_1_331' title='bbox 1659 415 1826 448; x_wconf 85' lang='lat' dir='ltr'>sanavit».</span> <span class='ocrx_word' id='word_1_332' title='bbox 1851 416 1937 448; x_wconf 90' lang='lat' dir='ltr'>Unde</span> <span class='ocrx_word' id='word_1_333' title='bbox 1961 416 1992 448; x_wconf 93' lang='lat' dir='ltr'>in</span> <span class='ocrx_word' id='word_1_334' title='bbox 2015 416 2162 450; x_wconf 90' lang='lat' dir='ltr'>omnibus</span> <span class='ocrx_word' id='word_1_335' title='bbox 2187 416 2301 450; x_wconf 90' lang='lat' dir='ltr'>talibus</span> 
     </span>
     <span class='ocr_line' id='line_1_46' title="bbox 1340 468 2301 510; baseline 0.002 -9"><span class='ocrx_word' id='word_1_336' title='bbox 1340 472 1387 501; x_wconf 88' lang='lat' dir='ltr'>est</span> <span class='ocrx_word' id='word_1_337' title='bbox 1411 469 1491 501; x_wconf 78' lang='lat' dir='ltr'>ordo</span> <span class='ocrx_word' id='word_1_338' title='bbox 1516 468 1684 510; x_wconf 87' lang='lat' dir='ltr'>praecipue</span> <span class='ocrx_word' id='word_1_339' title='bbox 1707 468 1938 508; x_wconf 89' lang='lat' dir='ltr'>attendendus;</span> <span class='ocrx_word' id='word_1_340' title='bbox 1962 469 2080 502; x_wconf 89' lang='lat' dir='ltr'>stultus</span> <span class='ocrx_word' id='word_1_341' title='bbox 2103 470 2187 502; x_wconf 90' lang='lat' dir='ltr'>enim</span> <span class='ocrx_word' id='word_1_342' title='bbox 2203 474 2251 503; x_wconf 89' lang='lat' dir='ltr'>est</span> <span class='ocrx_word' id='word_1_343' title='bbox 2270 474 2301 503; x_wconf 91' lang='lat' dir='ltr'>et</span> 
     </span>
     <span class='ocr_line' id='line_1_47' title="bbox 1340 521 2300 565; baseline 0.002 -11"><span class='ocrx_word' id='word_1_344' title='bbox 1340 521 1522 563; x_wconf 84' lang='lat' dir='ltr'>hypocrita,</span> <span class='ocrx_word' id='word_1_345' title='bbox 1554 521 1609 564; x_wconf 87' lang='lat' dir='ltr'>qui</span> <span class='ocrx_word' id='word_1_346' title='bbox 1641 521 1805 554; x_wconf 90' lang='lat' dir='ltr'>sollicitius</span> <span class='ocrx_word' id='word_1_347' title='bbox 1836 525 1928 554; x_wconf 88' lang='lat' dir='ltr'>curat</span> <span class='ocrx_word' id='word_1_348' title='bbox 1958 522 2060 555; x_wconf 87' lang='lat' dir='ltr'>aliena</span> <span class='ocrx_word' id='word_1_349' title='bbox 2093 522 2174 556; x_wconf 81' lang='lat' dir='ltr'>facta</span> <span class='ocrx_word' id='word_1_350' title='bbox 2205 532 2300 565; x_wconf 88' lang='lat' dir='ltr'>quam</span> 
     </span>
     <span class='ocr_line' id='line_1_48' title="bbox 1339 574 2301 616; baseline 0.002 -10"><span class='ocrx_word' id='word_1_351' title='bbox 1339 575 1476 616; x_wconf 85' lang='lat' dir='ltr'>propria.</span> <span class='ocrx_word' id='word_1_352' title='bbox 1505 574 1691 616; x_wconf 86' lang='lat' dir='ltr'>Exemplum</span> <span class='ocrx_word' id='word_1_353' title='bbox 1714 575 1753 607; x_wconf 91' lang='lat' dir='ltr'>de</span> <span class='ocrx_word' id='word_1_354' title='bbox 1776 574 2002 607; x_wconf 89' lang='lat' dir='ltr'>Collationibus</span> <span class='ocrx_word' id='word_1_355' title='bbox 2025 578 2152 616; x_wconf 90' lang='lat' dir='ltr'>patrum</span> <span class='ocrx_word' id='word_1_356' title='bbox 2166 575 2194 614; x_wconf 84' lang='lat'>⁷,</span> <span class='ocrx_word' id='word_1_357' title='bbox 2210 575 2249 608; x_wconf 91' lang='lat' dir='ltr'>de</span> <span class='ocrx_word' id='word_1_358' title='bbox 2264 584 2301 608; x_wconf 92' lang='lat' dir='ltr'>eo</span> 
     </span>
     <span class='ocr_line' id='line_1_49' title="bbox 1338 627 2301 670; baseline 0.001 -10"><span class='ocrx_word' id='word_1_359' title='bbox 1338 627 1393 669; x_wconf 89' lang='lat' dir='ltr'>qui</span> <span class='ocrx_word' id='word_1_360' title='bbox 1422 628 1527 669; x_wconf 89' lang='lat' dir='ltr'>posuit</span> <span class='ocrx_word' id='word_1_361' title='bbox 1557 637 1685 661; x_wconf 87' lang='lat' dir='ltr'>arenam</span> <span class='ocrx_word' id='word_1_362' title='bbox 1709 628 1740 660; x_wconf 92' lang='lat' dir='ltr'>in</span> <span class='ocrx_word' id='word_1_363' title='bbox 1765 636 1872 667; x_wconf 87' lang='lat' dir='ltr'>sacco,</span> <span class='ocrx_word' id='word_1_364' title='bbox 1896 637 1991 670; x_wconf 89' lang='lat' dir='ltr'>quem</span> <span class='ocrx_word' id='word_1_365' title='bbox 2015 628 2217 670; x_wconf 85' lang='lat' dir='ltr'>superposuit</span> <span class='ocrx_word' id='word_1_366' title='bbox 2241 628 2301 661; x_wconf 91' lang='lat' dir='ltr'>hu-</span> 
     </span>
     <span class='ocr_line' id='line_1_50' title="bbox 1338 681 2301 722; baseline 0.001 -9"><span class='ocrx_word' id='word_1_367' title='bbox 1338 689 1444 719; x_wconf 90' lang='lat' dir='ltr'>mero,</span> <span class='ocrx_word' id='word_1_368' title='bbox 1469 681 1588 713; x_wconf 89' lang='lat' dir='ltr'>habens</span> <span class='ocrx_word' id='word_1_369' title='bbox 1616 681 1775 722; x_wconf 88' lang='lat' dir='ltr'>posterius</span> <span class='ocrx_word' id='word_1_370' title='bbox 1799 681 1934 713; x_wconf 87' lang='lat' dir='ltr'>multum</span> <span class='ocrx_word' id='word_1_371' title='bbox 1966 684 1997 713; x_wconf 88' lang='lat' dir='ltr'>et</span> <span class='ocrx_word' id='word_1_372' title='bbox 2030 681 2172 714; x_wconf 90' lang='lat' dir='ltr'>anterius</span> <span class='ocrx_word' id='word_1_373' title='bbox 2202 682 2301 714; x_wconf 91' lang='lat' dir='ltr'>modi-</span> 
     </span>
     <span class='ocr_line' id='line_1_51' title="bbox 1339 734 2302 778; baseline 0.003 -12"><span class='ocrx_word' id='word_1_374' title='bbox 1339 743 1429 773; x_wconf 92' lang='lat' dir='ltr'>cum;</span> <span class='ocrx_word' id='word_1_375' title='bbox 1454 737 1485 767; x_wconf 89' lang='lat' dir='ltr'>et</span> <span class='ocrx_word' id='word_1_376' title='bbox 1509 734 1736 776; x_wconf 90' lang='lat' dir='ltr'>interpretatus</span> <span class='ocrx_word' id='word_1_377' title='bbox 1752 737 1813 773; x_wconf 89' lang='lat' dir='ltr'>est,</span> <span class='ocrx_word' id='word_1_378' title='bbox 1831 734 1909 767; x_wconf 93' lang='lat' dir='ltr'>illud</span> <span class='ocrx_word' id='word_1_379' title='bbox 1931 735 2074 768; x_wconf 85' lang='lat' dir='ltr'>muttum</span> <span class='ocrx_word' id='word_1_380' title='bbox 2091 744 2159 768; x_wconf 85' lang='lat' dir='ltr'>esse</span> <span class='ocrx_word' id='word_1_381' title='bbox 2175 739 2302 778; x_wconf 86' lang='lat' dir='ltr'>peccata</span> 
     </span>
     <span class='ocr_line' id='line_1_52' title="bbox 1338 788 2302 830; baseline 0.002 -10"><span class='ocrx_word' id='word_1_382' title='bbox 1338 788 1485 829; x_wconf 87' lang='lat' dir='ltr'>propria,</span> <span class='ocrx_word' id='word_1_383' title='bbox 1509 791 1541 820; x_wconf 90' lang='lat' dir='ltr'>et</span> <span class='ocrx_word' id='word_1_384' title='bbox 1564 788 1642 820; x_wconf 91' lang='lat' dir='ltr'>illud</span> <span class='ocrx_word' id='word_1_385' title='bbox 1665 788 1833 820; x_wconf 87' lang='lat' dir='ltr'>modicum</span> <span class='ocrx_word' id='word_1_386' title='bbox 1857 797 1925 821; x_wconf 90' lang='lat' dir='ltr'>esse</span> <span class='ocrx_word' id='word_1_387' title='bbox 1941 792 2068 830; x_wconf 88' lang='lat' dir='ltr'>peccata</span> <span class='ocrx_word' id='word_1_388' title='bbox 2084 789 2203 828; x_wconf 87' lang='lat' dir='ltr'>aliena,</span> <span class='ocrx_word' id='word_1_389' title='bbox 2219 789 2302 822; x_wconf 88' lang='lat' dir='ltr'>sicut</span> 
     </span>
     <span class='ocr_line' id='line_1_53' title="bbox 1338 840 1607 882; baseline 0 -9"><span class='ocrx_word' id='word_1_390' title='bbox 1338 840 1410 873; x_wconf 85' lang='lat' dir='ltr'>facit</span> <span class='ocrx_word' id='word_1_391' title='bbox 1433 841 1607 882; x_wconf 85' lang='lat' dir='ltr'>hypocrita.</span> 
     </span>
    </p>

    <p class='ocr_par' dir='ltr' id='par_1_9' title="bbox 1336 894 2462 1256">
     <span class='ocr_line' id='line_1_54' title="bbox 1429 894 2462 950; baseline 0.003 -24"><span class='ocrx_word' id='word_1_392' title='bbox 1429 895 1480 926; x_wconf 85' lang='lat'>99.</span> <span class='ocrx_word' id='word_1_393' title='bbox 1506 895 1608 935; x_wconf 88' lang='lat' dir='ltr'>(Vers.</span> <span class='ocrx_word' id='word_1_394' title='bbox 1633 894 1711 935; x_wconf 56' lang='lat'>43).</span> <span class='ocrx_word' id='word_1_395' title='bbox 1737 894 1811 927; x_wconf 89' lang='lat' dir='ltr'>Non</span> <span class='ocrx_word' id='word_1_396' title='bbox 1834 900 1883 927; x_wconf 78' lang='lat' dir='ltr'>est</span> <span class='ocrx_word' id='word_1_397' title='bbox 1904 895 1990 927; x_wconf 88' lang='lat' dir='ltr'>enim</span> <span class='ocrx_word' id='word_1_398' title='bbox 2015 894 2118 927; x_wconf 87' lang='lat' dir='ltr'>arbor</span> <span class='ocrx_word' id='word_1_399' title='bbox 2139 894 2225 928; x_wconf 86' lang='lat' dir='ltr'>bona</span> <span class='ocrx_word' id='word_1_400' title='bbox 2241 899 2300 928; x_wconf 90' lang='lat' dir='ltr'>etc.</span> <span class='ocrx_word' id='word_1_401' title='bbox 2311 901 2462 950; x_wconf 51' lang='lat' dir='ltr'>”33:³5sser</span> 
     </span>
     <span class='ocr_line' id='line_1_55' title="bbox 1338 934 2453 991; baseline 0.001 -11"><span class='ocrx_word' id='word_1_402' title='bbox 1338 948 1505 989; x_wconf 87' lang='lat' dir='ltr'>Postquam</span> <span class='ocrx_word' id='word_1_403' title='bbox 1531 948 1667 980; x_wconf 89' lang='lat' dir='ltr'>retraxit</span> <span class='ocrx_word' id='word_1_404' title='bbox 1684 957 1702 980; x_wconf 93' lang='lat' dir='ltr'>a</span> <span class='ocrx_word' id='word_1_405' title='bbox 1718 948 1895 981; x_wconf 90' lang='lat' dir='ltr'>temeritate</span> <span class='ocrx_word' id='word_1_406' title='bbox 1919 948 2094 988; x_wconf 90' lang='lat' dir='ltr'>iudicandi,</span> <span class='ocrx_word' id='word_1_407' title='bbox 2119 948 2170 981; x_wconf 90' lang='lat' dir='ltr'>hic</span> <span class='ocrx_word' id='word_1_408' title='bbox 2193 947 2301 991; x_wconf 82' lang='lat' dir='ltr'>infor·</span> <span class='ocrx_word' id='word_1_409' title='bbox 2315 934 2328 955; x_wconf 70' lang='lat'>⁸</span> <span class='ocrx_word' id='word_1_410' title='bbox 2415 935 2453 951; x_wconf 55' lang='grc' dir='ltr'>ω’</span> 
     </span>
     <span class='ocr_line' id='line_1_56' title="bbox 1337 1001 2300 1044; baseline 0.003 -12"><span class='ocrx_word' id='word_1_411' title='bbox 1337 1005 1406 1032; x_wconf 85' lang='lat' dir='ltr'>mat</span> <span class='ocrx_word' id='word_1_412' title='bbox 1430 1001 1475 1033; x_wconf 81' lang='lat' dir='ltr'>ad</span> <span class='ocrx_word' id='word_1_413' title='bbox 1497 1001 1710 1043; x_wconf 75' lang='lat' dir='ltr'>prudentiam</span> <span class='ocrx_word' id='word_1_414' title='bbox 1744 1001 1971 1040; x_wconf 81' lang='lat' dir='ltr'>discernendi,</span> <span class='ocrx_word' id='word_1_415' title='bbox 1995 1002 2080 1044; x_wconf 86' lang='lat' dir='ltr'>quod</span> <span class='ocrx_word' id='word_1_416' title='bbox 2104 1002 2231 1044; x_wconf 89' lang='lat' dir='ltr'>quidem</span> <span class='ocrx_word' id='word_1_417' title='bbox 2256 1002 2300 1035; x_wconf 87' lang='lat' dir='ltr'>fa-</span> 
     </span>
     <span class='ocr_line' id='line_1_57' title="bbox 1337 1053 2300 1096; baseline 0.003 -11"><span class='ocrx_word' id='word_1_418' title='bbox 1337 1053 1378 1086; x_wconf 90' lang='lat' dir='ltr'>cit</span> <span class='ocrx_word' id='word_1_419' title='bbox 1403 1054 1461 1086; x_wconf 88' lang='lat' dir='ltr'>hoc</span> <span class='ocrx_word' id='word_1_420' title='bbox 1490 1053 1608 1086; x_wconf 88' lang='lat' dir='ltr'>ordine.</span> <span class='ocrx_word' id='word_1_421' title='bbox 1642 1054 1745 1086; x_wconf 92' lang='lat' dir='ltr'>Primo</span> <span class='ocrx_word' id='word_1_422' title='bbox 1768 1054 1851 1087; x_wconf 91' lang='lat' dir='ltr'>enim</span> <span class='ocrx_word' id='word_1_423' title='bbox 1877 1055 2024 1096; x_wconf 87' lang='lat' dir='ltr'>proponit</span> <span class='ocrx_word' id='word_1_424' title='bbox 2047 1055 2300 1088; x_wconf 78' lang='lat' dir='ltr'>similitudinem</span> 
     </span>
     <span class='ocr_line' id='line_1_58' title="bbox 1336 1105 2300 1150; baseline 0.002 -12"><span class='ocrx_word' id='word_1_425' title='bbox 1336 1105 1619 1148; x_wconf 59' lang='lat' dir='ltr'>metaphoricanu</span> <span class='ocrx_word' id='word_1_426' title='bbox 1632 1107 1770 1140; x_wconf 91' lang='lat' dir='ltr'>secundo</span> <span class='ocrx_word' id='word_1_427' title='bbox 1783 1116 1859 1140; x_wconf 91' lang='lat' dir='ltr'>vero</span> <span class='ocrx_word' id='word_1_428' title='bbox 1871 1107 1955 1140; x_wconf 88' lang='lat' dir='ltr'>elicit</span> <span class='ocrx_word' id='word_1_429' title='bbox 1967 1108 2185 1141; x_wconf 84' lang='lat' dir='ltr'>eruditionem</span> <span class='ocrx_word' id='word_1_430' title='bbox 2202 1108 2300 1150; x_wconf 73' lang='lat' dir='ltr'>expli-</span> 
     </span>
     <span class='ocr_line' id='line_1_59' title="bbox 1336 1159 2300 1202; baseline 0.002 -11"><span class='ocrx_word' id='word_1_431' title='bbox 1336 1159 1458 1197; x_wconf 84' lang='lat' dir='ltr'>citam;</span> <span class='ocrx_word' id='word_1_432' title='bbox 1490 1160 1583 1192; x_wconf 90' lang='lat' dir='ltr'>tertio</span> <span class='ocrx_word' id='word_1_433' title='bbox 1614 1168 1690 1192; x_wconf 88' lang='lat' dir='ltr'>vero</span> <span class='ocrx_word' id='word_1_434' title='bbox 1719 1169 1760 1191; x_wconf 91' lang='lat' dir='ltr'>ex</span> <span class='ocrx_word' id='word_1_435' title='bbox 1784 1160 1844 1192; x_wconf 91' lang='lat' dir='ltr'>hoc</span> <span class='ocrx_word' id='word_1_436' title='bbox 1868 1160 2031 1202; x_wconf 89' lang='lat' dir='ltr'>redarguit</span> <span class='ocrx_word' id='word_1_437' title='bbox 2053 1160 2300 1193; x_wconf 69' lang='lat' dir='ltr'>simulationem</span> 
     </span>
     <span class='ocr_line' id='line_1_60' title="bbox 1336 1213 1565 1256; baseline 0.004 -11"><span class='ocrx_word' id='word_1_438' title='bbox 1336 1213 1565 1256; x_wconf 74' lang='lat' dir='ltr'>deceptoriam.</span> 
     </span>
    </p>

    <p class='ocr_par' dir='ltr' id='par_1_10' title="bbox 1426 1267 2461 1310">
     <span class='ocr_line' id='line_1_61' title="bbox 1426 1267 2461 1310; baseline 0.005 -11"><span class='ocrx_word' id='word_1_439' title='bbox 1426 1267 1614 1309; x_wconf 77' lang='lat' dir='ltr'>proponitur</span> <span class='ocrx_word' id='word_1_440' title='bbox 1638 1277 1714 1309; x_wconf 82' lang='lat' dir='ltr'>ergo</span> <span class='ocrx_word' id='word_1_441' title='bbox 1745 1267 1971 1310; x_wconf 74' lang='lat' dir='ltr'>metaphorica</span> <span class='ocrx_word' id='word_1_442' title='bbox 1994 1268 2199 1307; x_wconf 81' lang='lat' dir='ltr'>similitudo,</span> <span class='ocrx_word' id='word_1_443' title='bbox 2224 1277 2297 1301; x_wconf 91' lang='lat' dir='ltr'>cum</span> <span class='ocrx_word' id='word_1_444' title='bbox 2324 1273 2358 1303; x_wconf 78' lang='lat' dir='ltr'>,Ad</span> <span class='ocrx_word' id='word_1_445' title='bbox 2373 1274 2461 1304; x_wconf 64' lang='lat' dir='ltr'>pruden-</span> 
     </span>
    </p>
   </div>
   <div class='ocr_carea' id='block_1_8' title="bbox 1335 1300 2460 1364">
    <p class='ocr_par' dir='ltr' id='par_1_11' title="bbox 1335 1300 2460 1364">
     <span class='ocr_line' id='line_1_62' title="bbox 1335 1300 2460 1364; baseline 0 -11"><span class='ocrx_word' id='word_1_446' title='bbox 1335 1321 1468 1353; x_wconf 84' lang='lat' dir='ltr'>dicitur:</span> <span class='ocrx_word' id='word_1_447' title='bbox 1492 1320 1566 1352; x_wconf 75' lang='lat' dir='ltr'>Non</span> <span class='ocrx_word' id='word_1_448' title='bbox 1582 1324 1627 1352; x_wconf 78' lang='lat' dir='ltr'>est</span> <span class='ocrx_word' id='word_1_449' title='bbox 1643 1321 1730 1353; x_wconf 82' lang='lat' dir='ltr'>enim</span> <span class='ocrx_word' id='word_1_450' title='bbox 1747 1320 1851 1353; x_wconf 83' lang='lat' dir='ltr'>arbor</span> <span class='ocrx_word' id='word_1_451' title='bbox 1875 1320 1980 1359; x_wconf 86' lang='lat' dir='ltr'>bona,</span> <span class='ocrx_word' id='word_1_452' title='bbox 2005 1331 2090 1364; x_wconf 87' lang='lat' dir='ltr'>quae</span> <span class='ocrx_word' id='word_1_453' title='bbox 2113 1319 2198 1363; x_wconf 79' lang='lat' dir='ltr'>facit</span> <span class='ocrx_word' id='word_1_454' title='bbox 2220 1320 2297 1364; x_wconf 76' lang='lat' dir='ltr'>fru-</span> <span class='ocrx_word' id='word_1_455' title='bbox 2310 1302 2374 1357; x_wconf 55' lang='grc' dir='ltr'>ρξ’ἷιῗᾶῑ</span> <span class='ocrx_word' id='word_1_456' title='bbox 2384 1300 2460 1354; x_wconf 52' lang='grc' dir='ltr'>ι111)ιῖῑεῖἧῖ</span> 
     </span>
    </p>
   </div>
   <div class='ocr_carea' id='block_1_9' title="bbox 1333 1353 2461 2480">
    <p class='ocr_par' dir='ltr' id='par_1_12' title="bbox 1334 1353 2461 1470">
     <span class='ocr_line' id='line_1_63' title="bbox 1334 1353 2461 1427; baseline 0 -20"><span class='ocrx_word' id='word_1_457' title='bbox 1334 1380 1407 1407; x_wconf 69' lang='lat' dir='ltr'>ctus</span> <span class='ocrx_word' id='word_1_458' title='bbox 1430 1374 1545 1407; x_wconf 80' lang='lat' dir='ltr'>malos.</span> <span class='ocrx_word' id='word_1_459' title='bbox 1574 1374 1671 1406; x_wconf 82' lang='lat' dir='ltr'>Enim</span> <span class='ocrx_word' id='word_1_460' title='bbox 1702 1383 1762 1406; x_wconf 90' lang='lat' dir='ltr'>non</span> <span class='ocrx_word' id='word_1_461' title='bbox 1787 1377 1834 1407; x_wconf 89' lang='lat' dir='ltr'>est</span> <span class='ocrx_word' id='word_1_462' title='bbox 1859 1375 1909 1407; x_wconf 91' lang='lat' dir='ltr'>hic</span> <span class='ocrx_word' id='word_1_463' title='bbox 1938 1375 2079 1413; x_wconf 87' lang='lat' dir='ltr'>causale,</span> <span class='ocrx_word' id='word_1_464' title='bbox 2112 1374 2164 1407; x_wconf 90' lang='lat' dir='ltr'>sed</span> <span class='ocrx_word' id='word_1_465' title='bbox 2197 1353 2461 1427; x_wconf 40' lang='grc' dir='ltr'>6011ῑί-’’ἒἷίἰιιὶῐῖιζῗὶιῖ(ῖς-ΘΓ</span> 
     </span>
     <span class='ocr_line' id='line_1_64' title="bbox 1335 1422 2410 1470; baseline 0.001 -10"><span class='ocrx_word' id='word_1_466' title='bbox 1335 1429 1522 1466; x_wconf 84' lang='lat' dir='ltr'>nuativum;</span> <span class='ocrx_word' id='word_1_467' title='bbox 1547 1427 1701 1460; x_wconf 79' lang='lat' dir='ltr'>arborem</span> <span class='ocrx_word' id='word_1_468' title='bbox 1727 1431 1816 1460; x_wconf 87' lang='lat' dir='ltr'>vocat</span> <span class='ocrx_word' id='word_1_469' title='bbox 1839 1438 1900 1460; x_wconf 89' lang='lat' dir='ltr'>non</span> <span class='ocrx_word' id='word_1_470' title='bbox 1923 1429 2134 1466; x_wconf 88' lang='lat' dir='ltr'>voluntatem,</span> <span class='ocrx_word' id='word_1_471' title='bbox 2151 1437 2233 1470; x_wconf 90' lang='lat' dir='ltr'>quae</span> <span class='ocrx_word' id='word_1_472' title='bbox 2249 1432 2296 1461; x_wconf 90' lang='lat' dir='ltr'>est</span> <span class='ocrx_word' id='word_1_473' title='bbox 2405 1422 2410 1428; x_wconf 78' lang='grc'><em>’</em></span> 
     </span>
    </p>

    <p class='ocr_par' dir='ltr' id='par_1_13' title="bbox 1333 1481 2298 2480">
     <span class='ocr_line' id='line_1_65' title="bbox 1334 1481 2297 1524; baseline 0 -11"><span class='ocrx_word' id='word_1_474' title='bbox 1334 1491 1352 1513; x_wconf 84' lang='lat' dir='ltr'>a</span> <span class='ocrx_word' id='word_1_475' title='bbox 1377 1482 1458 1520; x_wconf 89' lang='lat' dir='ltr'>Deo;</span> <span class='ocrx_word' id='word_1_476' title='bbox 1491 1482 1534 1514; x_wconf 87' lang='lat' dir='ltr'>sic</span> <span class='ocrx_word' id='word_1_477' title='bbox 1559 1484 1606 1514; x_wconf 88' lang='lat' dir='ltr'>est</span> <span class='ocrx_word' id='word_1_478' title='bbox 1638 1481 1732 1520; x_wconf 86' lang='lat' dir='ltr'>bona,</span> <span class='ocrx_word' id='word_1_479' title='bbox 1758 1482 1832 1524; x_wconf 89' lang='lat' dir='ltr'>quia</span> <span class='ocrx_word' id='word_1_480' title='bbox 1855 1491 1874 1514; x_wconf 88' lang='lat' dir='ltr'>a</span> <span class='ocrx_word' id='word_1_481' title='bbox 1898 1482 1983 1520; x_wconf 87' lang='lat' dir='ltr'>Deo;</span> <span class='ocrx_word' id='word_1_482' title='bbox 2008 1482 2061 1514; x_wconf 91' lang='lat' dir='ltr'>sed</span> <span class='ocrx_word' id='word_1_483' title='bbox 2086 1482 2297 1520; x_wconf 89' lang='lat' dir='ltr'>voluntatem,</span> 
     </span>
     <span class='ocr_line' id='line_1_66' title="bbox 1335 1535 2298 1577; baseline 0.001 -11"><span class='ocrx_word' id='word_1_484' title='bbox 1335 1544 1416 1577; x_wconf 85' lang='lat' dir='ltr'>quae</span> <span class='ocrx_word' id='word_1_485' title='bbox 1440 1544 1501 1566; x_wconf 88' lang='lat' dir='ltr'>non</span> <span class='ocrx_word' id='word_1_486' title='bbox 1527 1539 1574 1567; x_wconf 91' lang='lat' dir='ltr'>est</span> <span class='ocrx_word' id='word_1_487' title='bbox 1598 1535 1696 1573; x_wconf 91' lang='lat' dir='ltr'>bona,</span> <span class='ocrx_word' id='word_1_488' title='bbox 1722 1544 1794 1567; x_wconf 90' lang='lat' dir='ltr'>cum</span> <span class='ocrx_word' id='word_1_489' title='bbox 1820 1535 1893 1567; x_wconf 86' lang='lat' dir='ltr'>facit</span> <span class='ocrx_word' id='word_1_490' title='bbox 1913 1536 2050 1574; x_wconf 88' lang='lat' dir='ltr'>malum;</span> <span class='ocrx_word' id='word_1_491' title='bbox 2068 1543 2125 1567; x_wconf 88' lang='lat' dir='ltr'>nec</span> <span class='ocrx_word' id='word_1_492' title='bbox 2141 1535 2233 1567; x_wconf 88' lang='lat' dir='ltr'>etiam</span> <span class='ocrx_word' id='word_1_493' title='bbox 2251 1538 2298 1567; x_wconf 87' lang='lat' dir='ltr'>est</span> 
     </span>
     <span class='ocr_line' id='line_1_67' title="bbox 1337 1587 2296 1629; baseline 0 -10"><span class='ocrx_word' id='word_1_494' title='bbox 1337 1588 1434 1626; x_wconf 84' lang='lat' dir='ltr'>mala,</span> <span class='ocrx_word' id='word_1_495' title='bbox 1467 1596 1539 1619; x_wconf 87' lang='lat' dir='ltr'>cum</span> <span class='ocrx_word' id='word_1_496' title='bbox 1572 1587 1645 1619; x_wconf 85' lang='lat' dir='ltr'>facit</span> <span class='ocrx_word' id='word_1_497' title='bbox 1674 1588 1814 1624; x_wconf 86' lang='lat' dir='ltr'>bonum;</span> <span class='ocrx_word' id='word_1_498' title='bbox 1839 1591 1994 1629; x_wconf 83' lang='lat' dir='ltr'>quantum</span> <span class='ocrx_word' id='word_1_499' title='bbox 2019 1587 2057 1620; x_wconf 92' lang='lat' dir='ltr'>ad</span> <span class='ocrx_word' id='word_1_500' title='bbox 2081 1587 2165 1629; x_wconf 89' lang='lat' dir='ltr'>quod</span> <span class='ocrx_word' id='word_1_501' title='bbox 2189 1587 2296 1620; x_wconf 85' lang='lat' dir='ltr'>addit:</span> 
     </span>
     <span class='ocr_line' id='line_1_68' title="bbox 1336 1639 2298 1684; baseline 0.001 -11"><span class='ocrx_word' id='word_1_502' title='bbox 1336 1640 1445 1684; x_wconf 82' lang='lat' dir='ltr'>Neque</span> <span class='ocrx_word' id='word_1_503' title='bbox 1476 1640 1579 1672; x_wconf 83' lang='lat' dir='ltr'>arbor</span> <span class='ocrx_word' id='word_1_504' title='bbox 1610 1641 1703 1672; x_wconf 85' lang='lat' dir='ltr'>mala</span> <span class='ocrx_word' id='word_1_505' title='bbox 1734 1640 1863 1683; x_wconf 77' lang='lat' dir='ltr'>faciens</span> <span class='ocrx_word' id='word_1_506' title='bbox 1890 1639 2042 1682; x_wconf 84' lang='lat' dir='ltr'>fructum</span> <span class='ocrx_word' id='word_1_507' title='bbox 2067 1641 2197 1673; x_wconf 83' lang='lat' dir='ltr'>bonum.</span> <span class='ocrx_word' id='word_1_508' title='bbox 2223 1641 2298 1674; x_wconf 90' lang='lat' dir='ltr'>Con-</span> 
     </span>
     <span class='ocr_line' id='line_1_69' title="bbox 1335 1693 2296 1734; baseline 0.002 -9"><span class='ocrx_word' id='word_1_509' title='bbox 1335 1693 1444 1725; x_wconf 89' lang='lat' dir='ltr'>formis</span> <span class='ocrx_word' id='word_1_510' title='bbox 1467 1697 1515 1725; x_wconf 89' lang='lat' dir='ltr'>est</span> <span class='ocrx_word' id='word_1_511' title='bbox 1539 1693 1620 1725; x_wconf 88' lang='lat' dir='ltr'>enim</span> <span class='ocrx_word' id='word_1_512' title='bbox 1646 1694 1792 1725; x_wconf 85' lang='lat' dir='ltr'>voluntas</span> <span class='ocrx_word' id='word_1_513' title='bbox 1815 1693 1921 1734; x_wconf 89' lang='lat' dir='ltr'>operi,</span> <span class='ocrx_word' id='word_1_514' title='bbox 1945 1693 2026 1726; x_wconf 90' lang='lat' dir='ltr'>sicut</span> <span class='ocrx_word' id='word_1_515' title='bbox 2050 1694 2145 1726; x_wconf 87' lang='lat' dir='ltr'>arbor</span> <span class='ocrx_word' id='word_1_516' title='bbox 2161 1695 2296 1733; x_wconf 86' lang='lat' dir='ltr'>fructui;</span> 
     </span>
     <span class='ocr_line' id='line_1_70' title="bbox 1336 1746 2298 1781; baseline 0.002 -3"><span class='ocrx_word' id='word_1_517' title='bbox 1336 1746 1577 1779; x_wconf 86' lang='lat' dir='ltr'>Proverbiorum</span> <span class='ocrx_word' id='word_1_518' title='bbox 1594 1746 1779 1779; x_wconf 87' lang='lat' dir='ltr'>duodecimo</span> <span class='ocrx_word' id='word_1_519' title='bbox 1791 1746 1820 1778; x_wconf 74' lang='lat'>⁸:</span> <span class='ocrx_word' id='word_1_520' title='bbox 1842 1759 1856 1774; x_wconf 90' lang='lat'>«</span> <span class='ocrx_word' id='word_1_521' title='bbox 1870 1747 1913 1779; x_wconf 93' lang='lat' dir='ltr'>De</span> <span class='ocrx_word' id='word_1_522' title='bbox 1930 1746 2036 1779; x_wconf 82' lang='lat' dir='ltr'>fructu</span> <span class='ocrx_word' id='word_1_523' title='bbox 2053 1748 2117 1780; x_wconf 90' lang='lat' dir='ltr'>oris</span> <span class='ocrx_word' id='word_1_524' title='bbox 2133 1748 2181 1780; x_wconf 93' lang='lat' dir='ltr'>sui</span> <span class='ocrx_word' id='word_1_525' title='bbox 2201 1757 2298 1781; x_wconf 89' lang='lat' dir='ltr'>unus-</span> 
     </span>
     <span class='ocr_line' id='line_1_71' title="bbox 1335 1800 2296 1842; baseline 0.002 -10"><span class='ocrx_word' id='word_1_526' title='bbox 1335 1800 1471 1842; x_wconf 85' lang='lat' dir='ltr'>quisque</span> <span class='ocrx_word' id='word_1_527' title='bbox 1504 1800 1677 1842; x_wconf 87' lang='lat' dir='ltr'>replebitur</span> <span class='ocrx_word' id='word_1_528' title='bbox 1711 1800 1817 1839; x_wconf 89' lang='lat' dir='ltr'>bonis,</span> <span class='ocrx_word' id='word_1_529' title='bbox 1849 1804 1879 1833; x_wconf 88' lang='lat' dir='ltr'>et</span> <span class='ocrx_word' id='word_1_530' title='bbox 1911 1800 2001 1833; x_wconf 84' lang='lat' dir='ltr'>iuxta</span> <span class='ocrx_word' id='word_1_531' title='bbox 2025 1810 2121 1842; x_wconf 90' lang='lat' dir='ltr'>opera</span> <span class='ocrx_word' id='word_1_532' title='bbox 2144 1810 2296 1834; x_wconf 91' lang='lat' dir='ltr'>manuum</span> 
     </span>
     <span class='ocr_line' id='line_1_72' title="bbox 1335 1853 2298 1896; baseline 0.001 -11"><span class='ocrx_word' id='word_1_533' title='bbox 1335 1863 1465 1886; x_wconf 88' lang='lat' dir='ltr'>suarum</span> <span class='ocrx_word' id='word_1_534' title='bbox 1491 1853 1687 1886; x_wconf 86' lang='lat' dir='ltr'>retribuetur</span> <span class='ocrx_word' id='word_1_535' title='bbox 1711 1853 1737 1886; x_wconf 91' lang='lat' dir='ltr'>ei</span> <span class='ocrx_word' id='word_1_536' title='bbox 1757 1866 1787 1892; x_wconf 91' lang='lat'>»;</span> <span class='ocrx_word' id='word_1_537' title='bbox 1816 1853 1908 1895; x_wconf 85' lang='lat' dir='ltr'>quia,</span> <span class='ocrx_word' id='word_1_538' title='bbox 1940 1854 2022 1886; x_wconf 84' lang='lat' dir='ltr'>sicut</span> <span class='ocrx_word' id='word_1_539' title='bbox 2053 1854 2168 1886; x_wconf 88' lang='lat' dir='ltr'>dicitur</span> <span class='ocrx_word' id='word_1_540' title='bbox 2200 1863 2298 1896; x_wconf 86' lang='lat' dir='ltr'>supra</span> 
     </span>
     <span class='ocr_line' id='line_1_73' title="bbox 1335 1906 2297 1949; baseline 0.002 -11"><span class='ocrx_word' id='word_1_541' title='bbox 1335 1906 1446 1945; x_wconf 88' lang='lat' dir='ltr'>tertio,</span> <span class='ocrx_word' id='word_1_542' title='bbox 1477 1920 1491 1934; x_wconf 90' lang='lat'>«</span> <span class='ocrx_word' id='word_1_543' title='bbox 1509 1906 1610 1939; x_wconf 89' lang='lat' dir='ltr'>omnis</span> <span class='ocrx_word' id='word_1_544' title='bbox 1641 1907 1754 1945; x_wconf 90' lang='lat' dir='ltr'>arbor,</span> <span class='ocrx_word' id='word_1_545' title='bbox 1787 1916 1868 1949; x_wconf 84' lang='lat' dir='ltr'>quae</span> <span class='ocrx_word' id='word_1_546' title='bbox 1897 1916 1959 1939; x_wconf 91' lang='lat' dir='ltr'>non</span> <span class='ocrx_word' id='word_1_547' title='bbox 1983 1907 2056 1940; x_wconf 86' lang='lat' dir='ltr'>facit</span> <span class='ocrx_word' id='word_1_548' title='bbox 2079 1907 2218 1940; x_wconf 89' lang='lat' dir='ltr'>fructum</span> <span class='ocrx_word' id='word_1_549' title='bbox 2243 1908 2297 1940; x_wconf 89' lang='lat' dir='ltr'>bo—</span> 
     </span>
     <span class='ocr_line' id='line_1_74' title="bbox 1334 1959 2298 2003; baseline 0.001 -11"><span class='ocrx_word' id='word_1_550' title='bbox 1334 1969 1428 1998; x_wconf 90' lang='lat' dir='ltr'>num,</span> <span class='ocrx_word' id='word_1_551' title='bbox 1453 1959 1618 1993; x_wconf 85' lang='lat' dir='ltr'>excidetur</span> <span class='ocrx_word' id='word_1_552' title='bbox 1643 1963 1673 1992; x_wconf 86' lang='lat' dir='ltr'>et</span> <span class='ocrx_word' id='word_1_553' title='bbox 1697 1960 1726 1992; x_wconf 91' lang='lat' dir='ltr'>in</span> <span class='ocrx_word' id='word_1_554' title='bbox 1752 1960 1855 2001; x_wconf 84' lang='lat' dir='ltr'>iguem</span> <span class='ocrx_word' id='word_1_555' title='bbox 1880 1960 2070 1993; x_wconf 87' lang='lat' dir='ltr'>mittetur».</span> <span class='ocrx_word' id='word_1_556' title='bbox 2095 1960 2181 1993; x_wconf 91' lang='lat' dir='ltr'>Unde</span> <span class='ocrx_word' id='word_1_557' title='bbox 2196 1961 2298 2003; x_wconf 77' lang='lat' dir='ltr'>spiri-</span> 
     </span>
     <span class='ocr_line' id='line_1_75' title="bbox 1335 2013 2297 2056; baseline 0.002 -11"><span class='ocrx_word' id='word_1_558' title='bbox 1335 2013 1470 2046; x_wconf 79' lang='lat' dir='ltr'>tualiter</span> <span class='ocrx_word' id='word_1_559' title='bbox 1502 2013 1633 2046; x_wconf 85' lang='lat' dir='ltr'>arbores</span> <span class='ocrx_word' id='word_1_560' title='bbox 1663 2013 1820 2046; x_wconf 89' lang='lat' dir='ltr'>fructibus</span> <span class='ocrx_word' id='word_1_561' title='bbox 1850 2014 2016 2055; x_wconf 82' lang='lat' dir='ltr'>privantur</span> <span class='ocrx_word' id='word_1_562' title='bbox 2041 2023 2097 2055; x_wconf 86' lang='lat' dir='ltr'>per</span> <span class='ocrx_word' id='word_1_563' title='bbox 2120 2014 2297 2056; x_wconf 87' lang='lat' dir='ltr'>gelicidium</span> 
     </span>
     <span class='ocr_line' id='line_1_76' title="bbox 1334 2066 2298 2108; baseline 0.003 -10"><span class='ocrx_word' id='word_1_564' title='bbox 1334 2066 1525 2108; x_wconf 87' lang='lat' dir='ltr'>iniquitatis,</span> <span class='ocrx_word' id='word_1_565' title='bbox 1550 2066 1723 2099; x_wconf 87' lang='lat' dir='ltr'>secundum</span> <span class='ocrx_word' id='word_1_566' title='bbox 1742 2067 1818 2099; x_wconf 91' lang='lat' dir='ltr'>illud</span> <span class='ocrx_word' id='word_1_567' title='bbox 1838 2066 1928 2099; x_wconf 89' lang='lat' dir='ltr'>ludae</span> <span class='ocrx_word' id='word_1_568' title='bbox 1945 2067 1975 2099; x_wconf 93' lang='lat' dir='ltr'>in</span> <span class='ocrx_word' id='word_1_569' title='bbox 1993 2067 2147 2100; x_wconf 85' lang='lat' dir='ltr'>Canonica</span> <span class='ocrx_word' id='word_1_570' title='bbox 2163 2068 2243 2100; x_wconf 81' lang='lat' dir='ltr'>sua⁰</span> <span class='ocrx_word' id='word_1_571' title='bbox 2259 2067 2298 2101; x_wconf 88' lang='lat' dir='ltr'>de</span> 
     </span>
     <span class='ocr_line' id='line_1_77' title="bbox 1335 2120 2298 2160; baseline 0.002 -8"><span class='ocrx_word' id='word_1_572' title='bbox 1335 2120 1445 2152; x_wconf 89' lang='lat' dir='ltr'>malis:</span> <span class='ocrx_word' id='word_1_573' title='bbox 1475 2133 1489 2148; x_wconf 73' lang='grc' dir='ltr'>(ι</span> <span class='ocrx_word' id='word_1_574' title='bbox 1509 2120 1643 2152; x_wconf 79' lang='lat' dir='ltr'>Arbores</span> <span class='ocrx_word' id='word_1_575' title='bbox 1667 2123 1741 2152; x_wconf 90' lang='lat' dir='ltr'>sunt</span> <span class='ocrx_word' id='word_1_576' title='bbox 1765 2120 1982 2158; x_wconf 88' lang='lat' dir='ltr'>autumnales,</span> <span class='ocrx_word' id='word_1_577' title='bbox 2000 2120 2233 2160; x_wconf 83' lang='lat' dir='ltr'>infructuosae,</span> <span class='ocrx_word' id='word_1_578' title='bbox 2250 2121 2298 2154; x_wconf 89' lang='lat' dir='ltr'>bis</span> 
     </span>
     <span class='ocr_line' id='line_1_78' title="bbox 1334 2173 2298 2216; baseline 0 -10"><span class='ocrx_word' id='word_1_579' title='bbox 1334 2178 1477 2206; x_wconf 88' lang='lat' dir='ltr'>mortuae</span> <span class='ocrx_word' id='word_1_580' title='bbox 1495 2187 1525 2205; x_wconf 89' lang='lat'>».</span> <span class='ocrx_word' id='word_1_581' title='bbox 1550 2174 1638 2205; x_wconf 91' lang='lat' dir='ltr'>Tunc</span> <span class='ocrx_word' id='word_1_582' title='bbox 1659 2176 1764 2205; x_wconf 90' lang='lat' dir='ltr'>autem</span> <span class='ocrx_word' id='word_1_583' title='bbox 1784 2173 1940 2206; x_wconf 88' lang='lat' dir='ltr'>fructibus</span> <span class='ocrx_word' id='word_1_584' title='bbox 1957 2174 2138 2215; x_wconf 88' lang='lat' dir='ltr'>replentur,</span> <span class='ocrx_word' id='word_1_585' title='bbox 2155 2183 2226 2206; x_wconf 88' lang='lat' dir='ltr'>cuin</span> <span class='ocrx_word' id='word_1_586' title='bbox 2244 2183 2298 2216; x_wconf 90' lang='lat' dir='ltr'>ap-</span> 
     </span>
     <span class='ocr_line' id='line_1_79' title="bbox 1335 2226 2297 2268; baseline 0.001 -10"><span class='ocrx_word' id='word_1_587' title='bbox 1335 2229 1548 2268; x_wconf 86' lang='lat' dir='ltr'>propinquant</span> <span class='ocrx_word' id='word_1_588' title='bbox 1571 2226 1666 2258; x_wconf 84' lang='lat' dir='ltr'>calori</span> <span class='ocrx_word' id='word_1_589' title='bbox 1692 2226 1848 2264; x_wconf 78' lang='lat' dir='ltr'>caritatis,</span> <span class='ocrx_word' id='word_1_590' title='bbox 1870 2227 2044 2259; x_wconf 87' lang='lat' dir='ltr'>secundum</span> <span class='ocrx_word' id='word_1_591' title='bbox 2061 2227 2138 2259; x_wconf 91' lang='lat' dir='ltr'>illud</span> <span class='ocrx_word' id='word_1_592' title='bbox 2155 2226 2236 2259; x_wconf 89' lang='lat' dir='ltr'>infra</span> <span class='ocrx_word' id='word_1_593' title='bbox 2253 2227 2297 2259; x_wconf 94' lang='lat' dir='ltr'>vi-</span> 
     </span>
     <span class='ocr_line' id='line_1_80' title="bbox 1334 2279 2297 2322; baseline 0.001 -10"><span class='ocrx_word' id='word_1_594' title='bbox 1334 2280 1452 2322; x_wconf 90' lang='lat' dir='ltr'>gesimo</span> <span class='ocrx_word' id='word_1_595' title='bbox 1484 2280 1606 2321; x_wconf 87' lang='lat' dir='ltr'>primo:</span> <span class='ocrx_word' id='word_1_596' title='bbox 1644 2292 1659 2307; x_wconf 87' lang='lat'>«</span> <span class='ocrx_word' id='word_1_597' title='bbox 1677 2279 1784 2311; x_wconf 91' lang='lat' dir='ltr'>Videte</span> <span class='ocrx_word' id='word_1_598' title='bbox 1816 2279 1982 2311; x_wconf 80' lang='lat' dir='ltr'>ficulneam</span> <span class='ocrx_word' id='word_1_599' title='bbox 2014 2284 2045 2312; x_wconf 93' lang='lat' dir='ltr'>et</span> <span class='ocrx_word' id='word_1_600' title='bbox 2073 2289 2182 2313; x_wconf 91' lang='lat' dir='ltr'>omnes</span> <span class='ocrx_word' id='word_1_601' title='bbox 2205 2280 2297 2313; x_wconf 88' lang='lat' dir='ltr'>arbo-</span> 
     </span>
     <span class='ocr_line' id='line_1_81' title="bbox 1335 2332 2298 2375; baseline 0.001 -10"><span class='ocrx_word' id='word_1_602' title='bbox 1335 2342 1403 2372; x_wconf 75' lang='lat' dir='ltr'>res:</span> <span class='ocrx_word' id='word_1_603' title='bbox 1421 2342 1492 2365; x_wconf 87' lang='lat' dir='ltr'>cum</span> <span class='ocrx_word' id='word_1_604' title='bbox 1512 2332 1691 2374; x_wconf 68' lang='lat' dir='ltr'>producunt</span> <span class='ocrx_word' id='word_1_605' title='bbox 1708 2341 1748 2364; x_wconf 89' lang='lat' dir='ltr'>ex</span> <span class='ocrx_word' id='word_1_606' title='bbox 1767 2341 1799 2364; x_wconf 83' lang='lat' dir='ltr'>se</span> <span class='ocrx_word' id='word_1_607' title='bbox 1818 2332 1974 2371; x_wconf 82' lang='lat' dir='ltr'>fructum,</span> <span class='ocrx_word' id='word_1_608' title='bbox 1992 2333 2093 2372; x_wconf 81' lang='lat' dir='ltr'>scitis,</span> <span class='ocrx_word' id='word_1_609' title='bbox 2110 2333 2185 2375; x_wconf 83' lang='lat' dir='ltr'>quia</span> <span class='ocrx_word' id='word_1_610' title='bbox 2200 2342 2298 2375; x_wconf 88' lang='lat' dir='ltr'>prope</span> 
     </span>
     <span class='ocr_line' id='line_1_82' title="bbox 1333 2385 2297 2427; baseline 0.002 -9"><span class='ocrx_word' id='word_1_611' title='bbox 1333 2389 1379 2418; x_wconf 82' lang='lat' dir='ltr'>est</span> <span class='ocrx_word' id='word_1_612' title='bbox 1404 2389 1506 2418; x_wconf 88' lang='lat' dir='ltr'>aestas</span> <span class='ocrx_word' id='word_1_613' title='bbox 1523 2399 1552 2417; x_wconf 89' lang='lat'>».</span> <span class='ocrx_word' id='word_1_614' title='bbox 1579 2385 1664 2418; x_wconf 90' lang='lat' dir='ltr'>Unde</span> <span class='ocrx_word' id='word_1_615' title='bbox 1690 2385 1828 2427; x_wconf 88' lang='lat' dir='ltr'>prudens</span> <span class='ocrx_word' id='word_1_616' title='bbox 1852 2385 2066 2418; x_wconf 79' lang='lat' dir='ltr'>considerator</span> <span class='ocrx_word' id='word_1_617' title='bbox 2097 2386 2228 2419; x_wconf 82' lang='lat' dir='ltr'>arbores</span> <span class='ocrx_word' id='word_1_618' title='bbox 2251 2387 2297 2420; x_wconf 90' lang='lat' dir='ltr'>di-</span> 
     </span>
     <span class='ocr_line' id='line_1_83' title="bbox 1335 2438 1707 2480; baseline -0.003 -9"><span class='ocrx_word' id='word_1_619' title='bbox 1335 2439 1453 2471; x_wconf 88' lang='lat' dir='ltr'>scernit</span> <span class='ocrx_word' id='word_1_620' title='bbox 1477 2448 1533 2480; x_wconf 91' lang='lat' dir='ltr'>per</span> <span class='ocrx_word' id='word_1_621' title='bbox 1557 2438 1707 2471; x_wconf 89' lang='lat' dir='ltr'>fructum.</span> 
     </span>
    </p>
   </div>
   <div class='ocr_carea' id='block_1_10' title="bbox 2317 1965 2451 2013">
    <p class='ocr_par' dir='ltr' id='par_1_14' title="bbox 2317 1965 2451 2013">
     <span class='ocr_line' id='line_1_84' title="bbox 2317 1965 2451 1992; baseline 0 -6"><span class='ocrx_word' id='word_1_622' title='bbox 2317 1965 2397 1986; x_wconf 74' lang='lat' dir='ltr'>Sensus</span> <span class='ocrx_word' id='word_1_623' title='bbox 2411 1966 2451 1992; x_wconf 77' lang='lat' dir='ltr'>spi·</span> 
     </span>
     <span class='ocr_line' id='line_1_85' title="bbox 2337 1991 2427 2013; baseline 0 -1"><span class='ocrx_word' id='word_1_624' title='bbox 2337 1991 2427 2013; x_wconf 72' lang='lat' dir='ltr'>ritualia.</span> 
     </span>
    </p>
   </div>
   <div class='ocr_carea' id='block_1_11' title="bbox 1011 2538 1597 2542">
    <p class='ocr_par' dir='ltr' id='par_1_15' title="bbox 1011 2538 1597 2542">
     <span class='ocr_line' id='line_1_86' title="bbox 1011 2538 1597 2542; baseline 0 0"><span class='ocrx_word' id='word_1_625' title='bbox 1011 2538 1597 2542; x_wconf 95' lang='lat' dir='ltr'> </span> 
     </span>
    </p>
   </div>
   <div class='ocr_carea' id='block_1_12' title="bbox 382 2603 1270 2635">
    <p class='ocr_par' dir='ltr' id='par_1_16' title="bbox 382 2603 1270 2635">
     <span class='ocr_line' id='line_1_87' title="bbox 382 2603 1270 2635; baseline 0 -6"><span class='ocrx_word' id='word_1_626' title='bbox 382 2603 390 2618; x_wconf 88' lang='lat'>¹</span> <span class='ocrx_word' id='word_1_627' title='bbox 411 2603 461 2630; x_wconf 91' lang='lat' dir='ltr'>Cfr.</span> <span class='ocrx_word' id='word_1_628' title='bbox 475 2610 555 2635; x_wconf 88' lang='lat' dir='ltr'>supra</span> <span class='ocrx_word' id='word_1_629' title='bbox 569 2610 631 2635; x_wconf 81' lang='lat' dir='ltr'>pag.</span> <span class='ocrx_word' id='word_1_630' title='bbox 645 2603 687 2634; x_wconf 98' lang='lat'>43,</span> <span class='ocrx_word' id='word_1_631' title='bbox 702 2608 762 2629; x_wconf 85' lang='lat' dir='ltr'>nota</span> <span class='ocrx_word' id='word_1_632' title='bbox 775 2604 801 2629; x_wconf 87' lang='lat'>7.</span> <span class='ocrx_word' id='word_1_633' title='bbox 814 2617 848 2622; x_wconf 94' lang='lat'>-—</span> <span class='ocrx_word' id='word_1_634' title='bbox 862 2603 924 2629; x_wconf 85' lang='lat' dir='ltr'>Cato</span> <span class='ocrx_word' id='word_1_635' title='bbox 940 2604 1054 2635; x_wconf 60' lang='lat' dir='ltr'>Dionys,</span> <span class='ocrx_word' id='word_1_636' title='bbox 1069 2605 1085 2629; x_wconf 93' lang='grc' dir='ltr'>Ι.</span> <span class='ocrx_word' id='word_1_637' title='bbox 1099 2604 1206 2630; x_wconf 87' lang='lat' dir='ltr'>Distich.</span> <span class='ocrx_word' id='word_1_638' title='bbox 1220 2605 1270 2629; x_wconf 87' lang='lat'>30:</span> 
     </span>
    </p>
   </div>
   <div class='ocr_carea' id='block_1_13' title="bbox 417 2692 1146 2769">
    <p class='ocr_par' dir='ltr' id='par_1_17' title="bbox 417 2692 1146 2769">
     <span class='ocr_line' id='line_1_88' title="bbox 417 2692 1059 2725; baseline -0.002 -7"><span class='ocrx_word' id='word_1_639' title='bbox 417 2693 489 2725; x_wconf 85' lang='lat' dir='ltr'>Quae</span> <span class='ocrx_word' id='word_1_640' title='bbox 508 2693 615 2724; x_wconf 87' lang='lat' dir='ltr'>culpare</span> <span class='ocrx_word' id='word_1_641' title='bbox 634 2693 716 2724; x_wconf 83' lang='lat' dir='ltr'>soles,</span> <span class='ocrx_word' id='word_1_642' title='bbox 735 2699 765 2717; x_wconf 88' lang='lat' dir='ltr'>ea</span> <span class='ocrx_word' id='word_1_643' title='bbox 786 2695 812 2718; x_wconf 91' lang='lat' dir='ltr'>tu</span> <span class='ocrx_word' id='word_1_644' title='bbox 834 2700 864 2717; x_wconf 86' lang='lat' dir='ltr'>ne</span> <span class='ocrx_word' id='word_1_645' title='bbox 885 2692 975 2717; x_wconf 82' lang='lat' dir='ltr'>feceris</span> <span class='ocrx_word' id='word_1_646' title='bbox 995 2692 1059 2724; x_wconf 86' lang='lat' dir='ltr'>ipse.</span> 
     </span>
     <span class='ocr_line' id='line_1_89' title="bbox 417 2736 1146 2769; baseline -0.001 -7"><span class='ocrx_word' id='word_1_647' title='bbox 417 2737 507 2769; x_wconf 89' lang='lat' dir='ltr'>Turpe</span> <span class='ocrx_word' id='word_1_648' title='bbox 526 2741 565 2762; x_wconf 80' lang='lat' dir='ltr'>est</span> <span class='ocrx_word' id='word_1_649' title='bbox 583 2736 698 2766; x_wconf 79' lang='lat' dir='ltr'>doctori,</span> <span class='ocrx_word' id='word_1_650' title='bbox 718 2743 777 2761; x_wconf 72' lang='lat' dir='ltr'>rum</span> <span class='ocrx_word' id='word_1_651' title='bbox 799 2737 874 2767; x_wconf 88' lang='lat' dir='ltr'>culpa</span> <span class='ocrx_word' id='word_1_652' title='bbox 894 2736 1030 2767; x_wconf 78' lang='lat' dir='ltr'>redarguit</span> <span class='ocrx_word' id='word_1_653' title='bbox 1050 2736 1146 2768; x_wconf 85' lang='lat' dir='ltr'>ipsum.</span> 
     </span>
    </p>
   </div>
   <div class='ocr_carea' id='block_1_14' title="bbox 309 2823 1271 3481">
    <p class='ocr_par' dir='ltr' id='par_1_18' title="bbox 310 2823 1271 2901">
     <span class='ocr_line' id='line_1_90' title="bbox 381 2823 1271 2857; baseline -0.001 -7"><span class='ocrx_word' id='word_1_654' title='bbox 381 2823 391 2839; x_wconf 74' lang='lat'>²</span> <span class='ocrx_word' id='word_1_655' title='bbox 411 2825 505 2851; x_wconf 85' lang='lat' dir='ltr'>Homil.</span> <span class='ocrx_word' id='word_1_656' title='bbox 524 2825 566 2850; x_wconf 77' lang='lat'>23.</span> <span class='ocrx_word' id='word_1_657' title='bbox 587 2825 661 2857; x_wconf 83' lang='lat' dir='ltr'>(alias</span> <span class='ocrx_word' id='word_1_658' title='bbox 681 2824 734 2855; x_wconf 85' lang='lat'>24.)</span> <span class='ocrx_word' id='word_1_659' title='bbox 755 2824 782 2849; x_wconf 91' lang='lat' dir='ltr'>in</span> <span class='ocrx_word' id='word_1_660' title='bbox 802 2824 889 2849; x_wconf 88' lang='lat' dir='ltr'>Matth.</span> <span class='ocrx_word' id='word_1_661' title='bbox 909 2831 934 2849; x_wconf 93' lang='lat' dir='ltr'>n.</span> <span class='ocrx_word' id='word_1_662' title='bbox 954 2825 977 2849; x_wconf 87' lang='lat'>2.</span> <span class='ocrx_word' id='word_1_663' title='bbox 997 2837 1033 2842; x_wconf 94' lang='lat'>—</span> <span class='ocrx_word' id='word_1_664' title='bbox 1052 2824 1108 2849; x_wconf 92' lang='lat' dir='ltr'>Duo</span> <span class='ocrx_word' id='word_1_665' title='bbox 1127 2830 1202 2857; x_wconf 84' lang='lat' dir='ltr'>seqq.</span> <span class='ocrx_word' id='word_1_666' title='bbox 1222 2824 1271 2849; x_wconf 84' lang='lat' dir='ltr'>loci</span> 
     </span>
     <span class='ocr_line' id='line_1_91' title="bbox 310 2869 814 2901; baseline -0.002 -6"><span class='ocrx_word' id='word_1_667' title='bbox 310 2873 370 2895; x_wconf 82' lang='lat' dir='ltr'>sunt</span> <span class='ocrx_word' id='word_1_668' title='bbox 389 2870 464 2895; x_wconf 86' lang='lat' dir='ltr'>Eccli.</span> <span class='ocrx_word' id='word_1_669' title='bbox 485 2870 533 2901; x_wconf 86' lang='lat'>34,</span> <span class='ocrx_word' id='word_1_670' title='bbox 554 2870 577 2895; x_wconf 88' lang='lat'>4.</span> <span class='ocrx_word' id='word_1_671' title='bbox 597 2873 623 2895; x_wconf 90' lang='lat' dir='ltr'>et</span> <span class='ocrx_word' id='word_1_672' title='bbox 642 2870 680 2894; x_wconf 66' lang='grc' dir='ltr'>ΡΒ.</span> <span class='ocrx_word' id='word_1_673' title='bbox 702 2869 751 2901; x_wconf 81' lang='lat'>49,</span> <span class='ocrx_word' id='word_1_674' title='bbox 773 2869 814 2894; x_wconf 89' lang='grc'>16.</span> 
     </span>
    </p>

    <p class='ocr_par' dir='ltr' id='par_1_19' title="bbox 309 2913 1271 3385">
     <span class='ocr_line' id='line_1_92' title="bbox 381 2913 1271 2947; baseline -0.003 -6"><span class='ocrx_word' id='word_1_675' title='bbox 381 2914 391 2929; x_wconf 79' lang='lat'><strong>³</strong></span> <span class='ocrx_word' id='word_1_676' title='bbox 410 2915 460 2941; x_wconf 88' lang='lat' dir='ltr'>Cfr.</span> <span class='ocrx_word' id='word_1_677' title='bbox 482 2916 542 2941; x_wconf 90' lang='lat' dir='ltr'>Vlll.</span> <span class='ocrx_word' id='word_1_678' title='bbox 563 2915 650 2941; x_wconf 90' lang='lat' dir='ltr'>Moral.</span> <span class='ocrx_word' id='word_1_679' title='bbox 670 2921 693 2940; x_wconf 94' lang='lat' dir='ltr'>c.</span> <span class='ocrx_word' id='word_1_680' title='bbox 714 2914 756 2940; x_wconf 97' lang='lat'>42.</span> <span class='ocrx_word' id='word_1_681' title='bbox 775 2921 863 2947; x_wconf 82' lang='lat' dir='ltr'>seqq.,</span> <span class='ocrx_word' id='word_1_682' title='bbox 886 2913 930 2939; x_wconf 89' lang='lat' dir='ltr'>ubi</span> <span class='ocrx_word' id='word_1_683' title='bbox 950 2913 1002 2939; x_wconf 85' lang='lat' dir='ltr'>vita</span> <span class='ocrx_word' id='word_1_684' title='bbox 1017 2914 1214 2945; x_wconf 85' lang='lat' dir='ltr'>hypocritarum</span> <span class='ocrx_word' id='word_1_685' title='bbox 1228 2914 1271 2939; x_wconf 87' lang='lat' dir='ltr'>de-</span> 
     </span>
     <span class='ocr_line' id='line_1_93' title="bbox 309 2958 1271 2992; baseline -0.003 -6"><span class='ocrx_word' id='word_1_686' title='bbox 309 2960 445 2992; x_wconf 82' lang='lat' dir='ltr'>scribitur,</span> <span class='ocrx_word' id='word_1_687' title='bbox 465 2964 490 2986; x_wconf 84' lang='lat' dir='ltr'>et</span> <span class='ocrx_word' id='word_1_688' title='bbox 510 2968 536 2986; x_wconf 89' lang='lat' dir='ltr'>n.</span> <span class='ocrx_word' id='word_1_689' title='bbox 556 2960 598 2985; x_wconf 83' lang='lat'>69.</span> <span class='ocrx_word' id='word_1_690' title='bbox 618 2960 684 2984; x_wconf 89' lang='lat' dir='ltr'>inter</span> <span class='ocrx_word' id='word_1_691' title='bbox 703 2959 750 2984; x_wconf 88' lang='lat' dir='ltr'>alia</span> <span class='ocrx_word' id='word_1_692' title='bbox 771 2959 883 2984; x_wconf 88' lang='lat' dir='ltr'>dicitur:</span> <span class='ocrx_word' id='word_1_693' title='bbox 905 2968 917 2981; x_wconf 72' lang='lat' dir='ltr'>a</span> <span class='ocrx_word' id='word_1_694' title='bbox 932 2958 1000 2990; x_wconf 90' lang='lat' dir='ltr'>Quid</span> <span class='ocrx_word' id='word_1_695' title='bbox 1020 2959 1090 2983; x_wconf 88' lang='lat' dir='ltr'>enim</span> <span class='ocrx_word' id='word_1_696' title='bbox 1104 2958 1204 2984; x_wconf 89' lang='lat' dir='ltr'>cunctis</span> <span class='ocrx_word' id='word_1_697' title='bbox 1217 2958 1271 2983; x_wconf 81' lang='lat' dir='ltr'>suis</span> 
     </span>
     <span class='ocr_line' id='line_1_94' title="bbox 310 3003 1270 3037; baseline -0.001 -8"><span class='ocrx_word' id='word_1_698' title='bbox 310 3005 435 3036; x_wconf 81' lang='lat' dir='ltr'>operibus</span> <span class='ocrx_word' id='word_1_699' title='bbox 465 3005 599 3037; x_wconf 88' lang='lat' dir='ltr'>hypocrita</span> <span class='ocrx_word' id='word_1_700' title='bbox 625 3007 712 3036; x_wconf 83' lang='lat' dir='ltr'>sperat</span> <span class='ocrx_word' id='word_1_701' title='bbox 738 3003 786 3029; x_wconf 85' lang='lat' dir='ltr'>nisi</span> <span class='ocrx_word' id='word_1_702' title='bbox 816 3003 923 3029; x_wconf 88' lang='lat' dir='ltr'>honoris</span> <span class='ocrx_word' id='word_1_703' title='bbox 947 3003 1135 3035; x_wconf 82' lang='lat' dir='ltr'>reverentiam,</span> <span class='ocrx_word' id='word_1_704' title='bbox 1159 3003 1270 3034; x_wconf 85' lang='lat' dir='ltr'>gloriam</span> 
     </span>
     <span class='ocr_line' id='line_1_95' title="bbox 311 3047 1270 3081; baseline -0.002 -7"><span class='ocrx_word' id='word_1_705' title='bbox 311 3049 407 3081; x_wconf 84' lang='lat' dir='ltr'>laudis,</span> <span class='ocrx_word' id='word_1_706' title='bbox 428 3057 441 3074; x_wconf 87' lang='lat' dir='ltr'>a</span> <span class='ocrx_word' id='word_1_707' title='bbox 462 3049 615 3075; x_wconf 83' lang='lat' dir='ltr'>melioribus</span> <span class='ocrx_word' id='word_1_708' title='bbox 629 3049 723 3079; x_wconf 89' lang='lat' dir='ltr'>metui,</span> <span class='ocrx_word' id='word_1_709' title='bbox 743 3052 848 3073; x_wconf 78' lang='lat' dir='ltr'>sanctus</span> <span class='ocrx_word' id='word_1_710' title='bbox 861 3047 896 3073; x_wconf 90' lang='lat' dir='ltr'>ab</span> <span class='ocrx_word' id='word_1_711' title='bbox 913 3047 1037 3073; x_wconf 83' lang='lat' dir='ltr'>omnibus</span> <span class='ocrx_word' id='word_1_712' title='bbox 1048 3047 1135 3073; x_wconf 88' lang='lat' dir='ltr'>vocari</span> <span class='ocrx_word' id='word_1_713' title='bbox 1151 3049 1179 3072; x_wconf 69' lang='lat' dir='ltr'>n?</span> <span class='ocrx_word' id='word_1_714' title='bbox 1193 3047 1270 3073; x_wconf 89' lang='lat' dir='ltr'>Card.</span> 
     </span>
     <span class='ocr_line' id='line_1_96' title="bbox 311 3092 1269 3126; baseline -0.001 -8"><span class='ocrx_word' id='word_1_715' title='bbox 311 3093 387 3125; x_wconf 84' lang='lat' dir='ltr'>Hugo</span> <span class='ocrx_word' id='word_1_716' title='bbox 406 3094 518 3119; x_wconf 83' lang='lat' dir='ltr'>similem</span> <span class='ocrx_word' id='word_1_717' title='bbox 537 3093 691 3119; x_wconf 83' lang='lat' dir='ltr'>sententiam</span> <span class='ocrx_word' id='word_1_718' title='bbox 712 3092 802 3118; x_wconf 87' lang='lat' dir='ltr'>tribuit</span> <span class='ocrx_word' id='word_1_719' title='bbox 821 3092 987 3126; x_wconf 64' lang='lat' dir='ltr'>Augustino,</span> <span class='ocrx_word' id='word_1_720' title='bbox 1017 3092 1163 3118; x_wconf 82' lang='lat' dir='ltr'>secundum</span> <span class='ocrx_word' id='word_1_721' title='bbox 1188 3098 1269 3124; x_wconf 86' lang='lat' dir='ltr'>quern</span> 
     </span>
     <span class='ocr_line' id='line_1_97' title="bbox 310 3137 1270 3170; baseline -0.002 -7"><span class='ocrx_word' id='word_1_722' title='bbox 310 3138 415 3169; x_wconf 79' lang='lat' dir='ltr'>signum</span> <span class='ocrx_word' id='word_1_723' title='bbox 444 3138 568 3169; x_wconf 86' lang='lat' dir='ltr'>alterum,</span> <span class='ocrx_word' id='word_1_724' title='bbox 596 3145 626 3163; x_wconf 86' lang='lat' dir='ltr'>ex</span> <span class='ocrx_word' id='word_1_725' title='bbox 654 3144 708 3170; x_wconf 88' lang='lat' dir='ltr'>quo</span> <span class='ocrx_word' id='word_1_726' title='bbox 737 3137 889 3169; x_wconf 80' lang='lat' dir='ltr'>hypocritae</span> <span class='ocrx_word' id='word_1_727' title='bbox 917 3140 1129 3169; x_wconf 80' lang='lat' dir='ltr'>cognoscuntur,</span> <span class='ocrx_word' id='word_1_728' title='bbox 1154 3140 1218 3162; x_wconf 76' lang='lat' dir='ltr'>«est</span> <span class='ocrx_word' id='word_1_729' title='bbox 1238 3137 1270 3161; x_wconf 83' lang='lat' dir='ltr'>fa-</span> 
     </span>
     <span class='ocr_line' id='line_1_98' title="bbox 311 3180 1271 3214; baseline -0.001 -7"><span class='ocrx_word' id='word_1_730' title='bbox 311 3182 366 3207; x_wconf 81' lang='lat' dir='ltr'>cuis</span> <span class='ocrx_word' id='word_1_731' title='bbox 386 3183 554 3213; x_wconf 81' lang='lat' dir='ltr'>reprehensio</span> <span class='ocrx_word' id='word_1_732' title='bbox 574 3182 698 3213; x_wconf 89' lang='lat' dir='ltr'>aliorum,</span> <span class='ocrx_word' id='word_1_733' title='bbox 719 3182 791 3214; x_wconf 91' lang='lat' dir='ltr'>quod</span> <span class='ocrx_word' id='word_1_734' title='bbox 812 3182 922 3212; x_wconf 80' lang='lat' dir='ltr'>faciunt,</span> <span class='ocrx_word' id='word_1_735' title='bbox 950 3186 978 3207; x_wconf 93' lang='lat' dir='ltr'>ut</span> <span class='ocrx_word' id='word_1_736' title='bbox 1008 3182 1147 3207; x_wconf 87' lang='lat' dir='ltr'>videantur</span> <span class='ocrx_word' id='word_1_737' title='bbox 1172 3180 1271 3206; x_wconf 84' lang='lat' dir='ltr'>habere</span> 
     </span>
     <span class='ocr_line' id='line_1_99' title="bbox 311 3226 1271 3258; baseline 0 -7"><span class='ocrx_word' id='word_1_738' title='bbox 311 3227 394 3251; x_wconf 88' lang='lat' dir='ltr'>zelum</span> <span class='ocrx_word' id='word_1_739' title='bbox 409 3236 433 3251; x_wconf 83' lang='lat'>›.</span> <span class='ocrx_word' id='word_1_740' title='bbox 454 3227 478 3251; x_wconf 84' lang='lat' dir='ltr'>S.</span> <span class='ocrx_word' id='word_1_741' title='bbox 500 3227 611 3257; x_wconf 85' lang='lat' dir='ltr'>Thom.,</span> <span class='ocrx_word' id='word_1_742' title='bbox 631 3226 728 3252; x_wconf 84' lang='lat' dir='ltr'>Catena</span> <span class='ocrx_word' id='word_1_743' title='bbox 749 3233 827 3251; x_wconf 84' lang='lat' dir='ltr'>aurea</span> <span class='ocrx_word' id='word_1_744' title='bbox 848 3227 872 3251; x_wconf 88' lang='lat' dir='ltr'>ln</span> <span class='ocrx_word' id='word_1_745' title='bbox 893 3227 954 3251; x_wconf 88' lang='lat' dir='ltr'>Luc.</span> <span class='ocrx_word' id='word_1_746' title='bbox 975 3226 1005 3258; x_wconf 83' lang='lat'>6,</span> <span class='ocrx_word' id='word_1_747' title='bbox 1025 3226 1066 3251; x_wconf 86' lang='lat'>42.</span> <span class='ocrx_word' id='word_1_748' title='bbox 1087 3233 1112 3251; x_wconf 92' lang='lat' dir='ltr'>n.</span> <span class='ocrx_word' id='word_1_749' title='bbox 1134 3227 1175 3251; x_wconf 86' lang='grc'>10.</span> <span class='ocrx_word' id='word_1_750' title='bbox 1188 3226 1271 3251; x_wconf 82' lang='lat' dir='ltr'>Theo-</span> 
     </span>
     <span class='ocr_line' id='line_1_100' title="bbox 311 3271 1270 3303; baseline 0 -7"><span class='ocrx_word' id='word_1_751' title='bbox 311 3271 423 3302; x_wconf 87' lang='lat' dir='ltr'>phylacti</span> <span class='ocrx_word' id='word_1_752' title='bbox 444 3272 510 3296; x_wconf 85' lang='lat' dir='ltr'>hanc</span> <span class='ocrx_word' id='word_1_753' title='bbox 529 3271 682 3296; x_wconf 79' lang='lat' dir='ltr'>sententiam</span> <span class='ocrx_word' id='word_1_754' title='bbox 701 3272 797 3296; x_wconf 85' lang='lat' dir='ltr'>refert:</span> <span class='ocrx_word' id='word_1_755' title='bbox 818 3271 925 3302; x_wconf 78' lang='lat' dir='ltr'>Propter</span> <span class='ocrx_word' id='word_1_756' title='bbox 945 3273 994 3297; x_wconf 87' lang='lat' dir='ltr'>hoc</span> <span class='ocrx_word' id='word_1_757' title='bbox 1013 3278 1059 3296; x_wconf 79' lang='lat' dir='ltr'>eos</span> <span class='ocrx_word' id='word_1_758' title='bbox 1079 3271 1206 3297; x_wconf 84' lang='lat' dir='ltr'>Dominus</span> <span class='ocrx_word' id='word_1_759' title='bbox 1226 3272 1270 3303; x_wconf 87' lang='lat' dir='ltr'>hy-</span> 
     </span>
     <span class='ocr_line' id='line_1_101' title="bbox 312 3315 1270 3348; baseline 0.001 -8"><span class='ocrx_word' id='word_1_760' title='bbox 312 3316 424 3347; x_wconf 82' lang='lat' dir='ltr'>pocritas</span> <span class='ocrx_word' id='word_1_761' title='bbox 443 3318 533 3346; x_wconf 79' lang='lat' dir='ltr'>vocat,</span> <span class='ocrx_word' id='word_1_762' title='bbox 552 3315 598 3348; x_wconf 91' lang='lat' dir='ltr'>qui</span> <span class='ocrx_word' id='word_1_763' title='bbox 617 3323 647 3341; x_wconf 87' lang='lat' dir='ltr'>ex</span> <span class='ocrx_word' id='word_1_764' title='bbox 668 3316 717 3340; x_wconf 84' lang='lat' dir='ltr'>hoc</span> <span class='ocrx_word' id='word_1_765' title='bbox 737 3315 846 3340; x_wconf 86' lang='lat' dir='ltr'>aliorum</span> <span class='ocrx_word' id='word_1_766' title='bbox 866 3319 972 3347; x_wconf 84' lang='lat' dir='ltr'>peccata</span> <span class='ocrx_word' id='word_1_767' title='bbox 999 3316 1127 3348; x_wconf 81' lang='lat' dir='ltr'>iudicant,</span> <span class='ocrx_word' id='word_1_768' title='bbox 1157 3319 1185 3342; x_wconf 92' lang='lat' dir='ltr'>ut</span> <span class='ocrx_word' id='word_1_769' title='bbox 1210 3316 1270 3341; x_wconf 85' lang='lat' dir='ltr'>iusti</span> 
     </span>
     <span class='ocr_line' id='line_1_102' title="bbox 311 3360 458 3385; baseline -0.007 0"><span class='ocrx_word' id='word_1_770' title='bbox 311 3360 458 3385; x_wconf 82' lang='lat' dir='ltr'>videantur.</span> 
     </span>
    </p>

    <p class='ocr_par' dir='ltr' id='par_1_20' title="bbox 381 3403 625 3437">
     <span class='ocr_line' id='line_1_103' title="bbox 381 3403 625 3437; baseline -0.004 -7"><span class='ocrx_word' id='word_1_771' title='bbox 381 3403 392 3418; x_wconf 84' lang='lat'>⁴</span> <span class='ocrx_word' id='word_1_772' title='bbox 414 3405 488 3430; x_wconf 79' lang='lat' dir='ltr'>vers.</span> <span class='ocrx_word' id='word_1_773' title='bbox 507 3405 549 3430; x_wconf 78' lang='lat'>25.</span> <span class='ocrx_word' id='word_1_774' title='bbox 569 3411 625 3437; x_wconf 84' lang='lat' dir='ltr'>seq.</span> 
     </span>
    </p>

    <p class='ocr_par' dir='ltr' id='par_1_21' title="bbox 382 3447 1270 3481">
     <span class='ocr_line' id='line_1_104' title="bbox 382 3447 1270 3481; baseline 0.002 -7"><span class='ocrx_word' id='word_1_775' title='bbox 382 3447 392 3461; x_wconf 77' lang='lat'>⁵</span> <span class='ocrx_word' id='word_1_776' title='bbox 415 3450 485 3474; x_wconf 84' lang='lat' dir='ltr'>Vers.</span> <span class='ocrx_word' id='word_1_777' title='bbox 507 3449 536 3479; x_wconf 78' lang='lat'>8,</span> <span class='ocrx_word' id='word_1_778' title='bbox 557 3452 616 3480; x_wconf 72' lang='lat' dir='ltr'>post</span> <span class='ocrx_word' id='word_1_779' title='bbox 635 3456 714 3481; x_wconf 77' lang='lat' dir='ltr'>quem</span> <span class='ocrx_word' id='word_1_780' title='bbox 742 3449 817 3474; x_wconf 72' lang='lat' dir='ltr'>Eccli.</span> <span class='ocrx_word' id='word_1_781' title='bbox 843 3448 887 3478; x_wconf 81' lang='lat'>14,</span> <span class='ocrx_word' id='word_1_782' title='bbox 908 3449 933 3474; x_wconf 80' lang='lat'>5.</span> <span class='ocrx_word' id='word_1_783' title='bbox 952 3452 977 3475; x_wconf 89' lang='lat' dir='ltr'>et</span> <span class='ocrx_word' id='word_1_784' title='bbox 997 3450 1012 3475; x_wconf 93' lang='lat' dir='ltr'>l.</span> <span class='ocrx_word' id='word_1_785' title='bbox 1034 3450 1102 3476; x_wconf 87' lang='lat' dir='ltr'>Tim.</span> <span class='ocrx_word' id='word_1_786' title='bbox 1123 3450 1152 3481; x_wconf 89' lang='lat'>4,</span> <span class='ocrx_word' id='word_1_787' title='bbox 1175 3451 1216 3476; x_wconf 89' lang='grc'>16.</span> <span class='ocrx_word' id='word_1_788' title='bbox 1236 3463 1270 3469; x_wconf 92' lang='grc'><strong>-</strong></span> 
     </span>
    </p>
   </div>
   <div class='ocr_carea' id='block_1_15' title="bbox 1301 2612 1305 3127">
    <p class='ocr_par' dir='ltr' id='par_1_22' title="bbox 1301 2612 1305 3127">
     <span class='ocr_line' id='line_1_105' title="bbox 1301 2612 1305 3127; baseline 0 0"><span class='ocrx_word' id='word_1_789' title='bbox 1301 2612 1305 3127; x_wconf 95' lang='lat' dir='ltr'> </span> 
     </span>
    </p>
   </div>
   <div class='ocr_carea' id='block_1_16' title="bbox 1300 2612 1305 3408">
    <p class='ocr_par' dir='ltr' id='par_1_23' title="bbox 1300 2612 1305 3408">
     <span class='ocr_line' id='line_1_106' title="bbox 1300 2612 1305 3408; baseline 0 0"><span class='ocrx_word' id='word_1_790' title='bbox 1300 2612 1305 3408; x_wconf 95' lang='lat' dir='ltr'> </span> 
     </span>
    </p>
   </div>
   <div class='ocr_carea' id='block_1_17' title="bbox 1335 2603 2298 3170">
    <p class='ocr_par' dir='ltr' id='par_1_24' title="bbox 1336 2603 2298 2727">
     <span class='ocr_line' id='line_1_107' title="bbox 1336 2603 2296 2638; baseline 0.002 -8"><span class='ocrx_word' id='word_1_791' title='bbox 1336 2605 1463 2636; x_wconf 81' lang='lat' dir='ltr'>Superius</span> <span class='ocrx_word' id='word_1_792' title='bbox 1483 2611 1530 2636; x_wconf 88' lang='lat' dir='ltr'>pro</span> <span class='ocrx_word' id='word_1_793' title='bbox 1552 2606 1581 2631; x_wconf 86' lang='lat' dir='ltr'>ut</span> <span class='ocrx_word' id='word_1_794' title='bbox 1600 2603 1688 2631; x_wconf 75' lang='lat' dir='ltr'>trabes</span> <span class='ocrx_word' id='word_1_795' title='bbox 1709 2605 1766 2630; x_wconf 85' lang='lat' dir='ltr'>Vat.</span> <span class='ocrx_word' id='word_1_796' title='bbox 1787 2612 1847 2630; x_wconf 88' lang='lat' dir='ltr'>cum</span> <span class='ocrx_word' id='word_1_797' title='bbox 1868 2612 1921 2630; x_wconf 90' lang='lat' dir='ltr'>uno</span> <span class='ocrx_word' id='word_1_798' title='bbox 1939 2606 2075 2638; x_wconf 85' lang='lat' dir='ltr'>alteroque</span> <span class='ocrx_word' id='word_1_799' title='bbox 2094 2606 2153 2631; x_wconf 89' lang='lat' dir='ltr'>cod.</span> <span class='ocrx_word' id='word_1_800' title='bbox 2172 2607 2203 2632; x_wconf 83' lang='lat' dir='ltr'>ut</span> <span class='ocrx_word' id='word_1_801' title='bbox 2221 2605 2296 2632; x_wconf 77' lang='lat' dir='ltr'>trabs</span> 
     </span>
     <span class='ocr_line' id='line_1_108' title="bbox 1336 2647 2298 2682; baseline 0.002 -9"><span class='ocrx_word' id='word_1_802' title='bbox 1336 2648 1411 2679; x_wconf 83' lang='lat' dir='ltr'>(teste</span> <span class='ocrx_word' id='word_1_803' title='bbox 1430 2648 1576 2680; x_wconf 74' lang='lat' dir='ltr'>Forcellini,</span> <span class='ocrx_word' id='word_1_804' title='bbox 1596 2647 1630 2673; x_wconf 88' lang='lat' dir='ltr'>ab</span> <span class='ocrx_word' id='word_1_805' title='bbox 1649 2648 1763 2681; x_wconf 87' lang='lat' dir='ltr'>antiquis</span> <span class='ocrx_word' id='word_1_806' title='bbox 1776 2647 1864 2675; x_wconf 76' lang='lat' dir='ltr'>trabes</span> <span class='ocrx_word' id='word_1_807' title='bbox 1878 2648 2016 2674; x_wconf 82' lang='lat' dir='ltr'>dicebatur</span> <span class='ocrx_word' id='word_1_808' title='bbox 2035 2656 2084 2681; x_wconf 86' lang='lat' dir='ltr'>pro</span> <span class='ocrx_word' id='word_1_809' title='bbox 2098 2648 2194 2682; x_wconf 73' lang='lat' dir='ltr'>trabs),</span> <span class='ocrx_word' id='word_1_810' title='bbox 2214 2653 2240 2675; x_wconf 87' lang='lat' dir='ltr'>et</span> <span class='ocrx_word' id='word_1_811' title='bbox 2259 2649 2298 2675; x_wconf 89' lang='lat' dir='ltr'>in-</span> 
     </span>
     <span class='ocr_line' id='line_1_109' title="bbox 1338 2692 1863 2727; baseline 0.004 -10"><span class='ocrx_word' id='word_1_812' title='bbox 1338 2692 1424 2717; x_wconf 75' lang='lat' dir='ltr'>ferius·</span> <span class='ocrx_word' id='word_1_813' title='bbox 1436 2699 1484 2723; x_wconf 91' lang='lat' dir='ltr'>pro</span> <span class='ocrx_word' id='word_1_814' title='bbox 1504 2694 1534 2718; x_wconf 84' lang='lat' dir='ltr'>ut</span> <span class='ocrx_word' id='word_1_815' title='bbox 1549 2692 1640 2726; x_wconf 83' lang='lat' dir='ltr'>primo</span> <span class='ocrx_word' id='word_1_816' title='bbox 1659 2693 1709 2719; x_wconf 83' lang='lat' dir='ltr'>CH</span> <span class='ocrx_word' id='word_1_817' title='bbox 1729 2695 1760 2719; x_wconf 82' lang='lat' dir='ltr'>ut</span> <span class='ocrx_word' id='word_1_818' title='bbox 1774 2693 1863 2727; x_wconf 76' lang='lat' dir='ltr'>prius.</span> 
     </span>
    </p>

    <p class='ocr_par' dir='ltr' id='par_1_25' title="bbox 1335 2735 2297 2814">
     <span class='ocr_line' id='line_1_110' title="bbox 1406 2735 2297 2771; baseline 0.002 -9"><span class='ocrx_word' id='word_1_819' title='bbox 1406 2735 1418 2750; x_wconf 79' lang='lat'><strong>⁰</strong></span> <span class='ocrx_word' id='word_1_820' title='bbox 1437 2737 1510 2762; x_wconf 88' lang='lat' dir='ltr'>Vers.</span> <span class='ocrx_word' id='word_1_821' title='bbox 1536 2738 1572 2762; x_wconf 80' lang='lat'>¹3.</span> <span class='ocrx_word' id='word_1_822' title='bbox 1593 2751 1628 2756; x_wconf 98' lang='lat'><strong>—</strong></span> <span class='ocrx_word' id='word_1_823' title='bbox 1647 2737 1770 2771; x_wconf 85' lang='lat' dir='ltr'>Sequitur</span> <span class='ocrx_word' id='word_1_824' title='bbox 1789 2739 1878 2764; x_wconf 80' lang='lat' dir='ltr'>Glossa</span> <span class='ocrx_word' id='word_1_825' title='bbox 1898 2737 2080 2765; x_wconf 72' lang='lat' dir='ltr'>interlinearis</span> <span class='ocrx_word' id='word_1_826' title='bbox 2100 2738 2124 2763; x_wconf 89' lang='lat' dir='ltr'>iu</span> <span class='ocrx_word' id='word_1_827' title='bbox 2139 2739 2202 2764; x_wconf 88' lang='lat' dir='ltr'>Luc.</span> <span class='ocrx_word' id='word_1_828' title='bbox 2215 2738 2240 2769; x_wconf 87' lang='lat'>6,</span> <span class='ocrx_word' id='word_1_829' title='bbox 2255 2738 2297 2771; x_wconf 86' lang='lat'>42,</span> 
     </span>
     <span class='ocr_line' id='line_1_111' title="bbox 1335 2781 1867 2814; baseline 0.002 -7"><span class='ocrx_word' id='word_1_830' title='bbox 1335 2788 1405 2814; x_wconf 86' lang='lat' dir='ltr'>quae</span> <span class='ocrx_word' id='word_1_831' title='bbox 1423 2785 1462 2807; x_wconf 84' lang='lat' dir='ltr'>est</span> <span class='ocrx_word' id='word_1_832' title='bbox 1480 2781 1622 2808; x_wconf 79' lang='lat' dir='ltr'>ordinaria</span> <span class='ocrx_word' id='word_1_833' title='bbox 1642 2783 1666 2807; x_wconf 92' lang='lat' dir='ltr'>in</span> <span class='ocrx_word' id='word_1_834' title='bbox 1687 2783 1773 2808; x_wconf 81' lang='lat' dir='ltr'>Mattli.</span> <span class='ocrx_word' id='word_1_835' title='bbox 1792 2783 1824 2813; x_wconf 87' lang='lat'>7,</span> <span class='ocrx_word' id='word_1_836' title='bbox 1844 2783 1867 2808; x_wconf 81' lang='lat'>5.</span> 
     </span>
    </p>

    <p class='ocr_par' dir='ltr' id='par_1_26' title="bbox 1335 2823 2297 3170">
     <span class='ocr_line' id='line_1_112' title="bbox 1407 2823 2297 2858; baseline 0.001 -7"><span class='ocrx_word' id='word_1_837' title='bbox 1407 2823 1416 2838; x_wconf 83' lang='lat'>&#39;¹</span> <span class='ocrx_word' id='word_1_838' title='bbox 1438 2825 1508 2851; x_wconf 88' lang='lat' dir='ltr'>Libr.</span> <span class='ocrx_word' id='word_1_839' title='bbox 1529 2827 1558 2851; x_wconf 88' lang='lat' dir='ltr'>V.</span> <span class='ocrx_word' id='word_1_840' title='bbox 1584 2826 1617 2851; x_wconf 86' lang='lat' dir='ltr'>(le</span> <span class='ocrx_word' id='word_1_841' title='bbox 1648 2827 1713 2852; x_wconf 88' lang='lat' dir='ltr'>Vitis</span> <span class='ocrx_word' id='word_1_842' title='bbox 1740 2830 1861 2858; x_wconf 84' lang='lat' dir='ltr'>patrum,</span> <span class='ocrx_word' id='word_1_843' title='bbox 1889 2825 1966 2852; x_wconf 85' lang='lat' dir='ltr'>libelli</span> <span class='ocrx_word' id='word_1_844' title='bbox 1989 2827 2014 2851; x_wconf 79' lang='lat'>9.</span> <span class='ocrx_word' id='word_1_845' title='bbox 2033 2833 2059 2851; x_wconf 93' lang='lat' dir='ltr'>n.</span> <span class='ocrx_word' id='word_1_846' title='bbox 2078 2826 2103 2851; x_wconf 88' lang='lat'>9.</span> <span class='ocrx_word' id='word_1_847' title='bbox 2124 2826 2234 2858; x_wconf 79' lang='lat' dir='ltr'>(Migne,</span> <span class='ocrx_word' id='word_1_848' title='bbox 2254 2827 2297 2852; x_wconf 77' lang='lat' dir='ltr'>Pa-</span> 
     </span>
     <span class='ocr_line' id='line_1_113' title="bbox 1336 2870 2297 2902; baseline 0.001 -7"><span class='ocrx_word' id='word_1_849' title='bbox 1336 2871 1431 2902; x_wconf 85' lang='lat' dir='ltr'>trolog.</span> <span class='ocrx_word' id='word_1_850' title='bbox 1459 2871 1512 2896; x_wconf 83' lang='lat' dir='ltr'>Lat.</span> <span class='ocrx_word' id='word_1_851' title='bbox 1541 2874 1605 2896; x_wconf 90' lang='lat' dir='ltr'>tom.</span> <span class='ocrx_word' id='word_1_852' title='bbox 1633 2871 1676 2896; x_wconf 89' lang='lat'>73.</span> <span class='ocrx_word' id='word_1_853' title='bbox 1697 2872 1745 2897; x_wconf 83' lang='lat' dir='ltr'>col.</span> <span class='ocrx_word' id='word_1_854' title='bbox 1764 2872 1826 2902; x_wconf 71' lang='lat'>9¹⁴3</span> <span class='ocrx_word' id='word_1_855' title='bbox 1845 2872 1891 2896; x_wconf 90' lang='lat' dir='ltr'>cfr.</span> <span class='ocrx_word' id='word_1_856' title='bbox 1912 2870 1975 2896; x_wconf 88' lang='lat' dir='ltr'>ibid.</span> <span class='ocrx_word' id='word_1_857' title='bbox 1994 2878 2020 2896; x_wconf 91' lang='lat' dir='ltr'>n.</span> <span class='ocrx_word' id='word_1_858' title='bbox 2039 2870 2069 2902; x_wconf 92' lang='lat'>4,</span> <span class='ocrx_word' id='word_1_859' title='bbox 2089 2870 2133 2896; x_wconf 87' lang='lat' dir='ltr'>ubi</span> <span class='ocrx_word' id='word_1_860' title='bbox 2154 2870 2238 2896; x_wconf 88' lang='lat' dir='ltr'>simile</span> <span class='ocrx_word' id='word_1_861' title='bbox 2262 2871 2297 2896; x_wconf 85' lang='lat' dir='ltr'>de</span> 
     </span>
     <span class='ocr_line' id='line_1_114' title="bbox 1336 2914 2296 2948; baseline 0 -8"><span class='ocrx_word' id='word_1_862' title='bbox 1336 2914 1431 2940; x_wconf 87' lang='lat' dir='ltr'>abbate</span> <span class='ocrx_word' id='word_1_863' title='bbox 1451 2916 1537 2947; x_wconf 80' lang='lat' dir='ltr'>Moyse</span> <span class='ocrx_word' id='word_1_864' title='bbox 1557 2916 1706 2948; x_wconf 59' lang='lat' dir='ltr'>narratum:</span> <span class='ocrx_word' id='word_1_865' title='bbox 1725 2918 1822 2941; x_wconf 81' lang='lat' dir='ltr'>Saccus</span> <span class='ocrx_word' id='word_1_866' title='bbox 1843 2916 1903 2947; x_wconf 79' lang='lat' dir='ltr'>iste,</span> <span class='ocrx_word' id='word_1_867' title='bbox 1917 2915 1962 2948; x_wconf 91' lang='lat' dir='ltr'>qui</span> <span class='ocrx_word' id='word_1_868' title='bbox 1977 2915 2088 2940; x_wconf 84' lang='lat' dir='ltr'>multum</span> <span class='ocrx_word' id='word_1_869' title='bbox 2102 2915 2181 2941; x_wconf 87' lang='lat' dir='ltr'>habet</span> <span class='ocrx_word' id='word_1_870' title='bbox 2193 2922 2296 2948; x_wconf 86' lang='lat' dir='ltr'>arenae,</span> 
     </span>
     <span class='ocr_line' id='line_1_115' title="bbox 1336 2960 2296 2993; baseline 0.001 -8"><span class='ocrx_word' id='word_1_871' title='bbox 1336 2967 1393 2985; x_wconf 88' lang='lat' dir='ltr'>mea</span> <span class='ocrx_word' id='word_1_872' title='bbox 1414 2963 1519 2992; x_wconf 82' lang='lat' dir='ltr'>peccata</span> <span class='ocrx_word' id='word_1_873' title='bbox 1540 2964 1612 2991; x_wconf 85' lang='lat' dir='ltr'>sunt,</span> <span class='ocrx_word' id='word_1_874' title='bbox 1632 2964 1654 2986; x_wconf 82' lang='lat' dir='ltr'>et</span> <span class='ocrx_word' id='word_1_875' title='bbox 1676 2961 1802 2993; x_wconf 87' lang='lat' dir='ltr'>quoniam</span> <span class='ocrx_word' id='word_1_876' title='bbox 1822 2961 1901 2986; x_wconf 86' lang='lat' dir='ltr'>multa</span> <span class='ocrx_word' id='word_1_877' title='bbox 1922 2963 1989 2991; x_wconf 74' lang='lat' dir='ltr'>sunt,</span> <span class='ocrx_word' id='word_1_878' title='bbox 2009 2960 2086 2992; x_wconf 79' lang='lat' dir='ltr'>posui</span> <span class='ocrx_word' id='word_1_879' title='bbox 2101 2967 2131 2986; x_wconf 84' lang='lat' dir='ltr'>ea</span> <span class='ocrx_word' id='word_1_880' title='bbox 2145 2967 2225 2992; x_wconf 88' lang='lat' dir='ltr'>supra</span> <span class='ocrx_word' id='word_1_881' title='bbox 2239 2960 2296 2986; x_wconf 92' lang='lat' dir='ltr'>dor-</span> 
     </span>
     <span class='ocr_line' id='line_1_116' title="bbox 1335 3005 2296 3036; baseline 0.002 -7"><span class='ocrx_word' id='word_1_882' title='bbox 1335 3011 1409 3036; x_wconf 88' lang='lat' dir='ltr'>sum,</span> <span class='ocrx_word' id='word_1_883' title='bbox 1429 3012 1461 3029; x_wconf 84' lang='lat' dir='ltr'>ne</span> <span class='ocrx_word' id='word_1_884' title='bbox 1480 3005 1583 3030; x_wconf 76' lang='lat' dir='ltr'>doleam</span> <span class='ocrx_word' id='word_1_885' title='bbox 1604 3012 1652 3036; x_wconf 91' lang='lat' dir='ltr'>pro</span> <span class='ocrx_word' id='word_1_886' title='bbox 1672 3005 1736 3036; x_wconf 78' lang='lat' dir='ltr'>ipsis</span> <span class='ocrx_word' id='word_1_887' title='bbox 1748 3009 1774 3030; x_wconf 91' lang='lat' dir='ltr'>et</span> <span class='ocrx_word' id='word_1_888' title='bbox 1788 3005 1906 3036; x_wconf 73' lang='lat' dir='ltr'>plorem3</span> <span class='ocrx_word' id='word_1_889' title='bbox 1925 3005 1972 3030; x_wconf 82' lang='lat' dir='ltr'>ista</span> <span class='ocrx_word' id='word_1_890' title='bbox 1992 3008 2079 3030; x_wconf 88' lang='lat' dir='ltr'>autem</span> <span class='ocrx_word' id='word_1_891' title='bbox 2100 3012 2177 3031; x_wconf 86' lang='lat' dir='ltr'>arena</span> <span class='ocrx_word' id='word_1_892' title='bbox 2192 3005 2296 3031; x_wconf 86' lang='lat' dir='ltr'>modica</span> 
     </span>
     <span class='ocr_line' id='line_1_117' title="bbox 1337 3049 2297 3082; baseline 0.001 -8"><span class='ocrx_word' id='word_1_893' title='bbox 1337 3052 1441 3080; x_wconf 81' lang='lat' dir='ltr'>peccata</span> <span class='ocrx_word' id='word_1_894' title='bbox 1462 3053 1521 3075; x_wconf 88' lang='lat' dir='ltr'>sunt</span> <span class='ocrx_word' id='word_1_895' title='bbox 1540 3050 1613 3075; x_wconf 81' lang='lat' dir='ltr'>istius</span> <span class='ocrx_word' id='word_1_896' title='bbox 1633 3050 1719 3075; x_wconf 81' lang='lat' dir='ltr'>fratris</span> <span class='ocrx_word' id='word_1_897' title='bbox 1738 3054 1763 3074; x_wconf 90' lang='lat' dir='ltr'>et</span> <span class='ocrx_word' id='word_1_898' title='bbox 1782 3053 1842 3075; x_wconf 83' lang='lat' dir='ltr'>sunt</span> <span class='ocrx_word' id='word_1_899' title='bbox 1861 3053 1921 3074; x_wconf 88' lang='lat' dir='ltr'>ante</span> <span class='ocrx_word' id='word_1_900' title='bbox 1935 3049 2026 3074; x_wconf 83' lang='lat' dir='ltr'>faciem</span> <span class='ocrx_word' id='word_1_901' title='bbox 2042 3056 2141 3082; x_wconf 81' lang='lat' dir='ltr'>meam,</span> <span class='ocrx_word' id='word_1_902' title='bbox 2155 3053 2180 3075; x_wconf 90' lang='lat' dir='ltr'>et</span> <span class='ocrx_word' id='word_1_903' title='bbox 2194 3050 2218 3075; x_wconf 93' lang='lat' dir='ltr'>in</span> <span class='ocrx_word' id='word_1_904' title='bbox 2232 3050 2297 3081; x_wconf 77' lang='lat' dir='ltr'>ipsis</span> 
     </span>
     <span class='ocr_line' id='line_1_118' title="bbox 1336 3093 2295 3126; baseline 0.002 -8"><span class='ocrx_word' id='word_1_905' title='bbox 1336 3100 1458 3119; x_wconf 82' lang='lat' dir='ltr'>exerceor</span> <span class='ocrx_word' id='word_1_906' title='bbox 1478 3093 1595 3119; x_wconf 77' lang='lat' dir='ltr'>iudicans</span> <span class='ocrx_word' id='word_1_907' title='bbox 1615 3096 1738 3124; x_wconf 79' lang='lat' dir='ltr'>fratrem;</span> <span class='ocrx_word' id='word_1_908' title='bbox 1757 3094 1829 3126; x_wconf 91' lang='lat' dir='ltr'>quod</span> <span class='ocrx_word' id='word_1_909' title='bbox 1850 3100 1902 3118; x_wconf 91' lang='lat' dir='ltr'>non</span> <span class='ocrx_word' id='word_1_910' title='bbox 1922 3096 2026 3125; x_wconf 90' lang='lat' dir='ltr'>oportet</span> <span class='ocrx_word' id='word_1_911' title='bbox 2039 3093 2072 3119; x_wconf 87' lang='lat' dir='ltr'>ita</span> <span class='ocrx_word' id='word_1_912' title='bbox 2087 3094 2156 3125; x_wconf 89' lang='lat' dir='ltr'>fleri,</span> <span class='ocrx_word' id='word_1_913' title='bbox 2169 3094 2216 3120; x_wconf 81' lang='lat' dir='ltr'>sed</span> <span class='ocrx_word' id='word_1_914' title='bbox 2237 3101 2295 3120; x_wconf 87' lang='lat' dir='ltr'>mea</span> 
     </span>
     <span class='ocr_line' id='line_1_119' title="bbox 1336 3137 2297 3170; baseline 0.002 -8"><span class='ocrx_word' id='word_1_915' title='bbox 1336 3138 1420 3169; x_wconf 81' lang='lat' dir='ltr'>magis</span> <span class='ocrx_word' id='word_1_916' title='bbox 1449 3142 1554 3170; x_wconf 86' lang='lat' dir='ltr'>peccata</span> <span class='ocrx_word' id='word_1_917' title='bbox 1581 3142 1640 3164; x_wconf 89' lang='lat' dir='ltr'>ante</span> <span class='ocrx_word' id='word_1_918' title='bbox 1660 3145 1702 3163; x_wconf 90' lang='lat' dir='ltr'>me</span> <span class='ocrx_word' id='word_1_919' title='bbox 1720 3145 1778 3164; x_wconf 79' lang='lat' dir='ltr'>esse</span> <span class='ocrx_word' id='word_1_920' title='bbox 1801 3141 1827 3163; x_wconf 89' lang='lat' dir='ltr'>et</span> <span class='ocrx_word' id='word_1_921' title='bbox 1854 3137 1889 3163; x_wconf 85' lang='lat' dir='ltr'>de</span> <span class='ocrx_word' id='word_1_922' title='bbox 1917 3137 1981 3169; x_wconf 81' lang='lat' dir='ltr'>ipsis</span> <span class='ocrx_word' id='word_1_923' title='bbox 2008 3138 2125 3169; x_wconf 84' lang='lat' dir='ltr'>cogitare</span> <span class='ocrx_word' id='word_1_924' title='bbox 2149 3141 2175 3164; x_wconf 86' lang='lat' dir='ltr'>et</span> <span class='ocrx_word' id='word_1_925' title='bbox 2202 3145 2297 3170; x_wconf 84' lang='lat' dir='ltr'>rogare</span> 
     </span>
    </p>
   </div>
   <div class='ocr_carea' id='block_1_18' title="bbox 1317 3176 2296 3215">
    <p class='ocr_par' dir='ltr' id='par_1_27' title="bbox 1317 3176 2296 3215">
     <span class='ocr_line' id='line_1_120' title="bbox 1317 3176 2296 3215; baseline 0.002 -8"><span class='ocrx_word' id='word_1_926' title='bbox 1317 3176 1433 3214; x_wconf 42' lang='lat' dir='ltr'>&#39;Deum,</span> <span class='ocrx_word' id='word_1_927' title='bbox 1462 3186 1490 3208; x_wconf 91' lang='lat' dir='ltr'>ut</span> <span class='ocrx_word' id='word_1_928' title='bbox 1519 3183 1636 3214; x_wconf 84' lang='lat' dir='ltr'>ignoscat</span> <span class='ocrx_word' id='word_1_929' title='bbox 1663 3183 1736 3208; x_wconf 82' lang='lat' dir='ltr'>milii.</span> <span class='ocrx_word' id='word_1_930' title='bbox 1766 3182 1907 3208; x_wconf 86' lang='lat' dir='ltr'>Audientes</span> <span class='ocrx_word' id='word_1_931' title='bbox 1929 3185 2017 3207; x_wconf 86' lang='lat' dir='ltr'>autem</span> <span class='ocrx_word' id='word_1_932' title='bbox 2036 3185 2137 3215; x_wconf 83' lang='lat' dir='ltr'>patres,</span> <span class='ocrx_word' id='word_1_933' title='bbox 2157 3182 2296 3210; x_wconf 83' lang='lat' dir='ltr'>dixerunt:</span> 
     </span>
    </p>
   </div>
   <div class='ocr_carea' id='block_1_19' title="bbox 1335 3227 2296 3482">
    <p class='ocr_par' dir='ltr' id='par_1_28' title="bbox 1337 3227 1722 3253">
     <span class='ocr_line' id='line_1_121' title="bbox 1337 3227 1722 3253; baseline 0 -2"><span class='ocrx_word' id='word_1_934' title='bbox 1337 3227 1403 3252; x_wconf 88' lang='lat' dir='ltr'>Vere</span> <span class='ocrx_word' id='word_1_935' title='bbox 1423 3228 1486 3252; x_wconf 75' lang='lat' dir='ltr'>llaec</span> <span class='ocrx_word' id='word_1_936' title='bbox 1505 3232 1544 3252; x_wconf 79' lang='lat' dir='ltr'>est</span> <span class='ocrx_word' id='word_1_937' title='bbox 1563 3228 1605 3253; x_wconf 88' lang='lat' dir='ltr'>via</span> <span class='ocrx_word' id='word_1_938' title='bbox 1625 3227 1722 3253; x_wconf 84' lang='lat' dir='ltr'>salutis.</span> 
     </span>
    </p>

    <p class='ocr_par' dir='ltr' id='par_1_29' title="bbox 1335 3269 2296 3437">
     <span class='ocr_line' id='line_1_122' title="bbox 1406 3269 2296 3304; baseline 0.001 -8"><span class='ocrx_word' id='word_1_939' title='bbox 1406 3269 1417 3284; x_wconf 78' lang='lat'>⁸</span> <span class='ocrx_word' id='word_1_940' title='bbox 1437 3271 1512 3297; x_wconf 87' lang='lat' dir='ltr'>Vers.</span> <span class='ocrx_word' id='word_1_941' title='bbox 1537 3271 1573 3296; x_wconf 88' lang='lat' dir='ltr'>t4.</span> <span class='ocrx_word' id='word_1_942' title='bbox 1593 3285 1628 3290; x_wconf 91' lang='lat'>—</span> <span class='ocrx_word' id='word_1_943' title='bbox 1648 3271 1770 3304; x_wconf 84' lang='lat' dir='ltr'>Sequitur</span> <span class='ocrx_word' id='word_1_944' title='bbox 1788 3271 1851 3296; x_wconf 85' lang='lat' dir='ltr'>Luc.</span> <span class='ocrx_word' id='word_1_945' title='bbox 1871 3271 1901 3301; x_wconf 85' lang='lat'>3,</span> <span class='ocrx_word' id='word_1_946' title='bbox 1922 3271 1946 3296; x_wconf 84' lang='lat'>9.</span> <span class='ocrx_word' id='word_1_947' title='bbox 1966 3284 2002 3289; x_wconf 97' lang='lat'><strong>—</strong></span> <span class='ocrx_word' id='word_1_948' title='bbox 2021 3271 2057 3296; x_wconf 86' lang='lat' dir='ltr'>De</span> <span class='ocrx_word' id='word_1_949' title='bbox 2076 3270 2235 3302; x_wconf 78' lang='lat' dir='ltr'>expositione</span> <span class='ocrx_word' id='word_1_950' title='bbox 2248 3273 2296 3297; x_wconf 86' lang='lat' dir='ltr'>liu—</span> 
     </span>
     <span class='ocr_line' id='line_1_123' title="bbox 1335 3315 2295 3349; baseline 0 -7"><span class='ocrx_word' id='word_1_951' title='bbox 1335 3317 1375 3342; x_wconf 86' lang='lat' dir='ltr'>ius</span> <span class='ocrx_word' id='word_1_952' title='bbox 1394 3323 1487 3343; x_wconf 85' lang='lat' dir='ltr'>versus</span> <span class='ocrx_word' id='word_1_953' title='bbox 1506 3318 1553 3342; x_wconf 90' lang='lat' dir='ltr'>cfr.</span> <span class='ocrx_word' id='word_1_954' title='bbox 1571 3316 1720 3348; x_wconf 83' lang='lat' dir='ltr'>Chrysost.,</span> <span class='ocrx_word' id='word_1_955' title='bbox 1734 3316 1827 3341; x_wconf 72' lang='grc' dir='ltr'>11οωί1.</span> <span class='ocrx_word' id='word_1_956' title='bbox 1847 3316 1884 3340; x_wconf 86' lang='grc'>19.</span> <span class='ocrx_word' id='word_1_957' title='bbox 1904 3315 1929 3341; x_wconf 92' lang='lat' dir='ltr'>in</span> <span class='ocrx_word' id='word_1_958' title='bbox 1949 3316 2037 3341; x_wconf 81' lang='lat' dir='ltr'>Matth.</span> <span class='ocrx_word' id='word_1_959' title='bbox 2055 3315 2086 3347; x_wconf 91' lang='lat'>7,</span> <span class='ocrx_word' id='word_1_960' title='bbox 2108 3316 2150 3341; x_wconf 85' lang='grc'>18.</span> <span class='ocrx_word' id='word_1_961' title='bbox 2171 3316 2230 3349; x_wconf 88' lang='lat' dir='ltr'>(Op.</span> <span class='ocrx_word' id='word_1_962' title='bbox 2249 3317 2295 3342; x_wconf 90' lang='lat' dir='ltr'>im-</span> 
     </span>
     <span class='ocr_line' id='line_1_124' title="bbox 1335 3359 2295 3394; baseline 0 -8"><span class='ocrx_word' id='word_1_963' title='bbox 1335 3362 1472 3394; x_wconf 83' lang='lat' dir='ltr'>perfect.);</span> <span class='ocrx_word' id='word_1_964' title='bbox 1493 3361 1599 3386; x_wconf 81' lang='lat' dir='ltr'>Hieron.</span> <span class='ocrx_word' id='word_1_965' title='bbox 1617 3364 1643 3386; x_wconf 90' lang='lat' dir='ltr'>et</span> <span class='ocrx_word' id='word_1_966' title='bbox 1662 3360 1745 3392; x_wconf 85' lang='lat' dir='ltr'>Beda,</span> <span class='ocrx_word' id='word_1_967' title='bbox 1766 3359 1791 3385; x_wconf 89' lang='lat' dir='ltr'>in</span> <span class='ocrx_word' id='word_1_968' title='bbox 1811 3360 1897 3385; x_wconf 86' lang='lat' dir='ltr'>Matth.</span> <span class='ocrx_word' id='word_1_969' title='bbox 1918 3360 1949 3391; x_wconf 89' lang='lat'>7,</span> <span class='ocrx_word' id='word_1_970' title='bbox 1964 3360 2011 3390; x_wconf 52' lang='lat'>1183</span> <span class='ocrx_word' id='word_1_971' title='bbox 2026 3360 2151 3391; x_wconf 66' lang='lat' dir='ltr'>August,</span> <span class='ocrx_word' id='word_1_972' title='bbox 2164 3360 2197 3386; x_wconf 84' lang='lat' dir='ltr'>de</span> <span class='ocrx_word' id='word_1_973' title='bbox 2211 3361 2295 3386; x_wconf 80' lang='lat' dir='ltr'>Serm.</span> 
     </span>
     <span class='ocr_line' id='line_1_125' title="bbox 1335 3404 1913 3437; baseline -0.002 -7"><span class='ocrx_word' id='word_1_974' title='bbox 1335 3405 1438 3430; x_wconf 90' lang='lat' dir='ltr'>Domini</span> <span class='ocrx_word' id='word_1_975' title='bbox 1458 3405 1483 3430; x_wconf 91' lang='lat' dir='ltr'>in</span> <span class='ocrx_word' id='word_1_976' title='bbox 1504 3408 1606 3435; x_wconf 84' lang='lat' dir='ltr'>moute,</span> <span class='ocrx_word' id='word_1_977' title='bbox 1626 3412 1648 3430; x_wconf 91' lang='lat' dir='ltr'>c.</span> <span class='ocrx_word' id='word_1_978' title='bbox 1669 3404 1711 3430; x_wconf 88' lang='lat'>24.</span> <span class='ocrx_word' id='word_1_979' title='bbox 1731 3412 1756 3430; x_wconf 91' lang='lat' dir='ltr'>n.</span> <span class='ocrx_word' id='word_1_980' title='bbox 1775 3404 1819 3429; x_wconf 79' lang='lat'>79.</span> <span class='ocrx_word' id='word_1_981' title='bbox 1839 3411 1913 3437; x_wconf 80' lang='lat' dir='ltr'>seqq.</span> 
     </span>
    </p>

    <p class='ocr_par' dir='ltr' id='par_1_30' title="bbox 1405 3448 2197 3482">
     <span class='ocr_line' id='line_1_126' title="bbox 1405 3448 2197 3482; baseline 0 -7"><span class='ocrx_word' id='word_1_982' title='bbox 1405 3448 1417 3463; x_wconf 77' lang='lat'><strong>⁹</strong></span> <span class='ocrx_word' id='word_1_983' title='bbox 1438 3451 1510 3475; x_wconf 84' lang='lat' dir='ltr'>Vers.</span> <span class='ocrx_word' id='word_1_984' title='bbox 1532 3450 1574 3474; x_wconf 86' lang='lat' dir='ltr'>l2.</span> <span class='ocrx_word' id='word_1_985' title='bbox 1592 3463 1627 3469; x_wconf 91' lang='lat'><strong>—</strong></span> <span class='ocrx_word' id='word_1_986' title='bbox 1647 3448 1765 3475; x_wconf 86' lang='lat' dir='ltr'>Subinde</span> <span class='ocrx_word' id='word_1_987' title='bbox 1783 3449 1910 3480; x_wconf 77' lang='lat' dir='ltr'>allegatur</span> <span class='ocrx_word' id='word_1_988' title='bbox 1929 3450 1991 3475; x_wconf 91' lang='lat' dir='ltr'>Luc.</span> <span class='ocrx_word' id='word_1_989' title='bbox 2011 3449 2059 3480; x_wconf 82' lang='grc'>21,</span> <span class='ocrx_word' id='word_1_990' title='bbox 2079 3449 2121 3475; x_wconf 79' lang='lat'>29.</span> <span class='ocrx_word' id='word_1_991' title='bbox 2141 3457 2197 3482; x_wconf 83' lang='lat' dir='ltr'>seq.</span> 
     </span>
    </p>
   </div>
  </div>
 </body>
</html>
