2476 3921
305 249 369 282 314

306 337 457 369 Dominus
473 335 553 367 dicet
565 333 642 366 illud
659 332 802 365 Matthaei
817 330 965 373 vigesimo
978 330 1105 372 quinto:
1124 342 1140 357 α
1153 329 1261 361 Ν65610

306 399 360 422 vos
378 403 392 417 ι)
420 392 478 421 etc.
503 387 588 420 Unde
612 395 709 428 supra
733 394 829 418 nono:
859 398 874 413 «
892 384 950 426 Qui
976 393 1025 416 me
1049 382 1215 416 erubuerit
1231 385 1262 414 et

305 452 390 475 meos
406 450 581 480 sermones,
606 441 691 473 hunc
707 439 801 472 Filius
825 437 960 471 hominis
982 436 1179 469 erubescet»
1202 439 1260 468 etc.

306 496 341 527 Et
372 495 430 527 hoc
461 494 559 535 exigit
589 493 731 534 aequitas
762 491 884 524 divinae
915 489 1104 528 sententiae,
1132 488 1171 521 de
1199 497 1262 530 qua

305 548 397 591 primi
424 548 541 589 Regum
573 545 753 579 secund01:
784 557 799 573 a
817 543 876 585 Qui
909 551 958 575 me
989 541 1262 580 honorificaverit,

307 601 520 634 honorificabo
543 608 634 638 cum3
659 598 712 641 qui
738 601 843 630 autem
866 598 1071 629 contemnunt
1094 603 1145 627 me
1168 597 1264 627 erunt

158 667 286 689 Notandum.
307 655 457 697 ignobiles
474 668 503 686 n.
522 673 564 677 —
590 653 624 685 Et
649 656 735 691 nota,
760 650 843 693 quod
868 650 922 692 qui
947 650 1111 682 veritatem
1135 648 1264 681 conlite-

308 714 375 748 tur,
399 717 493 751 quam
517 707 661 740 Christus
684 706 805 744 docuit,
829 704 989 737 Christum
1015 702 1183 735 confltetur
1199 701 1264 734 sive

308 763 337 795 in
363 762 440 800 side,
464 761 529 793 sive
552 760 582 792 in
601 759 760 797 moribus3
786 758 838 800 qui
863 761 969 789 autem
986 756 1069 788 illam
1095 757 1187 796 negat
1208 763 1264 796 per

308 824 502 857 consequens
525 817 617 856 negat
633 818 663 846 et
687 812 857 844 Christum.
883 811 941 852 Qui
959 810 1034 842 dicit
1047 809 1070 848 ²,
1096 809 1179 841 illam
1197 816 1265 840 esse

308 869 432 906 salsam,
455 867 530 900 dicit
553 867 712 899 Christum
737 874 793 907 per
825 872 1019 906 consequens
1042 871 1109 895 esse
1138 861 1265 894 menda-

308 930 389 959 cem,
414 929 450 953 36
474 929 530 962 per
554 920 632 957 1106,
656 919 755 951 Deum
781 927 841 950 non
867 926 952 955 esse,
977 916 1031 949 sed
1056 915 1263 948 seductorem.

400 975 448 1006 111..
483 974 529 1005 Ε1.
550 976 639 1011 nota,
671 971 754 1014 quod
787 969 947 1012 confessio
976 969 1113 1001 nominis
1148 967 1264 999 Christi

162 1038 290 1069 axceiieniia
310 1036 452 1069 magnam
489 1024 807 1067 recompensationem
840 1023 952 1061 habet,
984 1021 1059 1064 quia
1093 1020 1265 1058 confessio,

152 1069 370 1122 {tssssiifflffissqua
402 1079 546 1111 Christus
577 1077 778 1110 confitebitur
809 1076 1007 1109 confitentem
1032 1083 1083 1113 se,
1115 1074 1176 1106 erit
1207 1083 1267 1115 ap-

305 1132 499 1175 probativa,
524 1130 778 1172 ltonorisicativa
802 1133 832 1162 et
860 1128 1047 1166 salamiam
1072 1136 1143 1160 nam
1176 1126 1266 1159 Chri-

309 1189 376 1218 stus
395 1189 441 1218 est
462 1194 535 1223 rex,
557 1184 653 1216 iudex
677 1187 708 1216 et
729 1182 879 1225 pontisex.
901 1181 1058 1214 Confessio
1080 1180 1174 1213 etiam
1198 1179 1267 1212 eius

309 1242 355 1271 est
374 1238 527 1280 publiea,
546 1237 727 1279 praeclara
748 1239 778 1268 61
794 1239 969 1277 perpetum
990 1237 1097 1266 nostra
1114 1242 1188 1266 vero
1205 1242 1267 1265 mo-

308 1292 376 1324 dica
389 1292 401 1310 3
424 1295 455 1324 et
472 1294 695 1323 momentanea.
715 1290 749 1322 Et
771 1289 913 1321 similiter
931 1296 986 1330 per
1010 1287 1203 1320 contrarium
1221 1286 1268 1318 in-

309 1345 459 1387 telligitur
482 1344 520 1377 de
544 1344 714 1387 neyatione
738 1352 811 1381 sua;
836 1341 919 1384 quod
952 1340 1113 1373 manifeste
1137 1342 1268 1382 apparet

310 1399 339 1430 in
365 1398 586 1439 disceptatione
610 1396 788 1429 iudiciali4:
820 1409 835 1424 «
854 1395 979 1433 Venite,
1012 1393 1164 1426 benedicti
1183 1407 1213 1431 »‚
1237 1396 1268 1425 et

148 1463 294 1484 Corollarium.
316 1465 330 1480 α
350 1452 405 1490 116,
422 1451 575 1483 maledicti
595 1464 623 1482 n.
642 1468 683 1474 —
701 1450 779 1482 llaec
797 1449 893 1490 igitur
917 1451 963 1480 cst
986 1447 1179 1480 nobilissima
1196 1456 1268 1488 pro-

312 1504 437 1547 positio,
469 1512 550 1545 quae
574 1507 693 1536 mentes
724 1505 847 1535 nostras
877 1501 969 1543 erigit
1004 1500 1041 1533 ad
1084 1500 1266 1532 Veritatem.

314 1559 399 1591 Ratio
423 1561 526 1590 autem
545 1557 640 1589 huius
663 1560 710 1589 est
734 1556 828 1588 haec:
846 1555 920 1597 quia
937 1554 1059 1586 Veritas
1082 1557 1129 1586 est
1153 1562 1267 1590 verax;

316 1610 383 1642 ideo
407 1620 468 1642 non
493 1614 593 1651 potest
624 1618 738 1651 negare
762 1618 794 1641 se
826 1617 882 1640 nec
906 1607 1105 1640 confitentem
1130 1615 1181 1644 se,
1210 1615 1267 1638 nec

314 1663 454 1695 confiteri
487 1663 665 1695 mendacem
698 1671 753 1694 nec
785 1665 893 1694 contra
917 1670 967 1699 se;
999 1660 1083 1692 unde
1114 1659 1269 1692 secundae

314 1716 350 1748 ad
376 1717 573 1749 Timotheum
598 1716 773 1749 secundo⁵z
803 1728 818 1743 «
836 1715 864 1747 Si
890 1713 1128 1756 negaverimuS,
1152 1716 1183 1744 et
1214 1712 1266 1745 ille

315 1769 439 1811 negabit
463 1776 532 1807 nos;
557 1769 581 1801 si
606 1778 668 1801 non
693 1768 865 1805 credimus,
889 1767 941 1799 ille
965 1766 1064 1798 tidelis
1087 1769 1268 1808 permanet,

314 1831 427 1864 negare
451 1831 483 1855 se
507 1822 609 1863 ipsum
634 1830 695 1853 non
720 1824 820 1863 potest
837 1834 867 1851 ».

405 1876 455 1907 15.
480 1875 580 1916 (Vers.
609 1876 683 1915 to).
712 1873 854 1907 Secundo
877 1882 953 1905 vero
976 1875 1081 1905 monet
1112 1871 1150 1904 ad
1174 1871 1270 1904 decti-

151 1940 300 1971 0111110051-
313 1929 463 1961 nandum
486 1927 666 1971 fitlsitatem
690 1930 819 1969 propter
836 1925 1161 1958 irremissibilitatem
1185 1924 1270 1957 blas·-

157 1968 479 2024 glitfssiiffiilplzemtae,
503 1990 602 2023 quae,
628 1981 699 2013 licet
730 1979 926 2012 remissibilis
950 1979 1007 2017 sit,
1039 1987 1111 2010 cum
1144 1977 1179 2010 fit
1215 1986 1271 2019 per

157 2021 226 2046 ”hm
314 2035 519 2076 ignorantiam
533 2035 557 2073 ὃ,
582 2033 806 2066 irremissibilis
837 2036 941 2065 tamen
964 2036 1026 2070 est,
1059 2040 1132 2063 cum
1163 2031 1199 2063 iit
1230 2039 1271 2063 ex

315 2091 400 2121 certa
424 2088 550 2120 malitia.
577 2087 706 2128 Propter
723 2086 806 2128 quod
829 2085 918 2118 dicit:
946 2086 984 2117 Et
1000 2085 1123 2123 omnis,
1148 2084 1207 2127 qui
1222 2083 1272 2116 (li-

316 2142 359 2173 cit
382 2140 517 2173 verbum
543 2140 579 2171 in
603 2139 729 2171 Filium
754 2137 915 2177 leontinis,
940 2138 1125 2170 remittetur
1149 2136 1207 2169 illi.
1233 2137 1273 2169 In

175 2204 205 2226 oe
220 2206 295 2232 prima.
317 2194 440 2226 Filium
465 2192 607 2225 hominis
632 2192 767 2225 verbum
790 2192 871 2224 dicit
903 2191 956 2233 qui
987 2190 1099 2223 falsum
1123 2190 1272 2232 imponit,

313 2256 374 2289 per
398 2245 625 2289 zynorantiam
641 2246 811 2287 deeeptus;
827 2247 859 2277 et
874 2244 944 2276 talis
964 2243 1140 2285 ignorantia
1164 2242 1274 2275 remis-

317 2301 434 2333 sionem
467 2302 567 2342 potest
591 2298 749 2341 consequi.
781 2297 867 2330 Unde
891 2298 1075 2330 remittetur
1107 2306 1168 2330 non
1199 2297 1274 2329 dicit

317 2358 445 2400 actum,=
469 2353 542 2395 quia
567 2361 627 2384 non
645 2361 752 2384 omnes
778 2351 949 2393 poenitent,
967 2350 1019 2383 sed
1041 2350 1274 2392 aptitudinem,

317 2407 391 2449 quia
418 2406 591 2448 ignorantia
622 2408 763 2438 excusat.
789 2405 951 2437 Peccatum
983 2408 1089 2436 autem
1122 2413 1163 2436 ex
1187 2404 1275 2446 igno-

318 2460 418 2491 rantia
433 2459 549 2491 dicitur
573 2467 639 2491 esse
664 2459 699 2491 in
717 2458 851 2490 Filium.
878 2458 913 2490 Et
939 2458 996 2490 hoc
1013 2456 1105 2490 modo
1129 2456 1275 2498 blasphe-

318 2512 414 2544 mavit
445 2512 576 2550 Paulus,
608 2511 677 2543 ideo
701 2510 759 2543 fuit
790 2510 1036 2543 misericordiam
1068 2513 1294 2548 consecutus;·

320 2565 401 2597 mide
427 2565 544 2606 primae
567 2564 606 2596 ad
629 2564 828 2596 Timotheum
846 2563 987 2605 primo⁷z
1015 2575 1031 2591 (t
1047 2562 1100 2594 Fui
1128 2563 1273 2603 blasphe—

320 2626 390 2649 mus
413 2621 443 2649 et
468 2621 649 2659 persecutor
672 2620 703 2649 et
727 2616 990 2654 contumeliosus,
1015 2614 1068 2648 sed
1098 2615 1275 2647 misericor-

893 241 1086 274 COMMENT.
1112 240 1147 273 lN
1172 239 1413 272 EVANGELIUM
1437 238 1556 272 LUCAE
1579 238 1611 271 C.
1636 238 1696 270 xit.

1324 327 1407 360 diam
1432 330 1621 360 consecutus
1644 335 1733 366 sum,
1758 327 1833 369 quia
1849 326 1997 369 ignorans
2013 328 2090 361 haec
2107 328 2164 361 feci
2189 329 2221 362 in
2246 329 2290 362 in·

1326 380 1510 413 credulitate
1527 393 1557 412 ιι.
1574 397 1618 402 —
1637 379 1704 412 Non
1728 380 1772 413 sic
1796 383 1902 412 autem
1926 384 1991 420 est,
2015 389 2088 414 cum
2112 382 2184 424 quis
2206 382 2289 416 blas·
2312 367 2446 427 Desieemnia*³

1326 434 1454 476 phemat
1470 443 1510 466 ex
1526 437 1617 466 certa
1632 433 1788 472 malitia;
1811 437 1941 475 propter
1957 434 2042 476 quod
2058 434 2223 468 subditur:
2250 436 2291 469 Ei
2445 430 2446 435 ’

1327 491 1458 526 autem,
1482 486 1542 530 qui
1564 486 1601 518 in
1625 486 1791 528 Spiritum
1813 491 1969 519 sanctum
1993 486 2287 530 blasphemaverit,

1327 550 1394 573 non
1417 540 1612 573 remittetur.
1638 540 1677 572 ln
1702 539 1866 582 Spiritum
1897 545 2053 573 sanctum
2082 540 2288 584 blasphemat

1330 593 1385 636 qui
1409 602 1451 626 ex
1475 597 1561 625 certa
1585 593 1702 625 malitia
1731 593 1893 626 veritatem
1918 594 2081 636 impugnat
2104 599 2135 627 et
2162 595 2201 628 de
2225 596 2289 629 Deo

1327 646 1454 688 indigna
1477 646 1568 685 dicit;
1583 649 1616 679 et
1631 645 1670 678 de
1688 645 1738 678 tali
1756 646 1890 685 dicitur,
1907 646 1991 689 quod
2007 656 2074 679 non
2090 648 2286 687 remittetur,

1328 709 1391 732 non
1414 700 1489 742 quia
1511 709 1687 742 nunquam
1711 699 1781 732 talis
1812 703 2025 742 consequatur
2056 701 2291 742 remissionem,

1329 753 1382 786 sed
1400 753 1474 795 quia
1491 753 1620 795 ineptus
1642 756 1689 785 est
1712 752 1748 784 ad
1775 752 2006 792 remissionem,
2031 754 2106 796 quia
2126 754 2203 788 illud
2220 764 2291 797 pec·
2307 761 2370 783 Ratio
2379 761 2452 789 prima.

1329 809 1434 838 catum
1459 805 1590 837 nullum
1615 803 1710 837 habet
1725 804 1863 837 colorem
1881 806 2115 838 excusationis.
2140 807 2226 840 Unde
2244 808 2290 840 Ri-

1330 857 1512 891 chardus⁸z
1535 871 1549 886 a
1568 857 1699 899 Quidam
1725 858 1920 899 blasphemat
1937 867 1978 890 ex
1995 859 2168 898 coactione,
2193 863 2224 893 et
2241 860 2291 893 hic

1329 914 1437 954 peccat
1457 911 1488 944 in
1513 911 1654 950 Patrem;
1679 911 1760 944 alins
1783 920 1824 944 ex
1848 911 2044 953 deceptione,
2069 916 2100 945 et
2124 912 2175 945 hic
2196 913 2226 945 in
2244 914 2291 946 Fi-

1330 966 1427 1004 lium;
1455 965 1537 997 alius
1560 974 1601 997 ex
1625 965 1691 997 sola
1716 965 1925 1007 malignitate,
1950 968 1981 998 et
2004 965 2055 998 hic
2083 966 2113 998 in
2140 966 2290 1008 Spiritum

1331 1022 1486 1052 sanctum.
1506 1018 1556 1051 Est
1572 1022 1678 1050 autem
1696 1017 1727 1050 in
1745 1018 1804 1050 hoc
1821 1027 1935 1060 genere
1952 1018 2243 1058 sceleratissimum,
2260 1019 2292 1052 in

1331 1082 1395 1115 quo
1420 1072 1537 1104 malitia
1561 1072 1660 1104 crevit
1683 1080 1785 1114 usque
1809 1071 1847 1104 ad
1871 1080 2047 1111 summum,
2071 1072 2197 1114 quando
2221 1073 2293 1115 quis

1331 1126 1361 1158 in
1388 1125 1552 1167 vituperiis
1573 1125 1627 1157 Dei
1651 1125 1834 1157 delectatur.
1860 1125 1939 1166 Quid
1958 1134 2033 1167 ergo
2057 1125 2141 1158 aliud
2166 1125 2292 1158 videtur

1332 1179 1463 1221 spiritus
1487 1178 1698 1220 blasphemiae
1723 1187 1818 1220 quam
1841 1178 2031 1211 desiderium
2054 1179 2294 1221 vituperationis

1331 1232 1479 1265 divinae?
1505 1232 1549 1264 Ex
1576 1231 1634 1264 hoc
1658 1240 1751 1273 erge,
1776 1231 1859 1273 quod
1889 1232 1947 1264 hoc
1980 1232 2098 1264 malum
2130 1231 2214 1265 nihil
2238 1233 2293 1265 ha-

1332 1285 1385 1318 bet
1408 1285 1439 1317 in
1464 1293 1497 1317 se
1525 1284 1767 1323 excusationis,
1798 1284 1874 1316 nihil
1906 1288 2048 1317 meretur
2078 1285 2220 1327 recipere
2244 1294 2294 1318 re-

1333 1338 1490 1371 missionis
1508 1351 1537 1370 ».

1424 1393 1474 1424 16.
1501 1392 1626 1433 lneptus
1642 1391 1735 1423 etiam
1759 1390 1860 1423 estad
1886 1390 2116 1429 remissionem,
2141 1391 2216 1432 quia
2233 1391 2295 1423 im-
2314 1398 2376 1419 aaut·
2389 1403 2422 1419 se-

1331 1449 1464 1488 pugynat
1495 1445 1648 1477 diuinam
1674 1444 1842 1486 qratiam,
1874 1453 1930 1486 per
1959 1453 2053 1486 quam
2087 1447 2294 1486 praeparatur
2327 1424 2404 1446 'maa'

1335 1499 1407 1540 quis
1430 1497 1468 1530 ad
1492 1497 1729 1539 poenitentiam
1754 1497 1837 1529 unde
1861 1497 1931 1530 talis
1950 1501 2043 1539 aptus
2059 1501 2106 1530 est
2122 1497 2159 1529 ad
2177 1497 2296 1539 impoe-

1333 1551 1510 1590 nitentiam,
1535 1551 1565 1583 in
1590 1560 1654 1592 qua
1677 1551 1701 1582 si
1728 1550 1896 1592 perduret,
1926 1560 2089 1593 nunquam
2114 1550 2294 1583 remittetur

1333 1605 1434 1646 culpa.
1454 1604 1539 1637 Unde
1557 1603 1673 1636 Beda⁰z
1697 1617 1712 1632 α
1724 1604 1783 1645 Qui
1801 1604 1933 1645 gratiam
1951 1604 2085 1646 Spiritus
2102 1604 2215 1643 sancti,
2232 1613 2296 1646 qua

1333 1658 1523 1700 poenitentia
1547 1657 1720 1698 inspiratur
1753 1661 1784 1689 et
1819 1657 1857 1689 ad
1885 1657 2136 1690 communionem
2162 1657 2295 1697 reditur,

1333 1721 1394 1744 non
1428 1719 1636 1752 cognoscens,
1671 1710 1884 1751 impoenitenti
1910 1710 2003 1743 corde
2027 1710 2294 1752 perseveraverit,

1334 1774 1406 1798 611111
1432 1764 1492 1797 iam
1518 1765 1577 1797 hoc
1602 1773 1662 1796 11011
1680 1764 1720 1796 511
1743 1764 1933 1803 humanum,
1957 1764 2010 1796 sed
2035 1764 2239 1801 diabolicum,
2256 1763 2296 1795 ir-

1335 1817 1522 1851 remissibile
1546 1817 1606 1850 erit
1627 1831 1657 1849 n.
1691 1817 1727 1849 Et
1753 1817 1792 1849 de
1816 1817 1868 1849 tali
1893 1817 2101 1858 blasphemia,
2130 1825 2210 1858 quae
2242 1816 2295 1849 ad-

1335 1870 1473 1903 iunctam
1499 1869 1593 1902 habet
1614 1868 1747 1911 finalem
1773 1869 2073 1911 impoenitentiam,
2098 1878 2208 1902 verum
2234 1872 2295 1908 est,

1335 1923 1419 1965 quod
1456 1931 1619 1965 nunquam
1654 1922 1844 1955 remittetur.
1877 1922 1963 1955 Unde
1998 1923 2143 1956 Matthaei
2178 1922 2296 1956 duode-

1336 1976 1417 2008 cimo
1435 1976 1460 1995 ¹⁰
1483 1975 1618 2014 dicitur,
1642 1974 1726 2017 quod
1754 1988 1768 2003 α
1794 1984 1854 2007 non
1880 1975 2059 2008 remittetur
2075 1976 2121 2015 ei,
2145 1984 2249 2018 neque
2264 1975 2296 2008 in

1336 2028 1396 2060 hoc
1420 2028 1545 2060 saeculo
1575 2036 1676 2069 neque
1704 2027 1735 2059 in
1760 2027 1911 2059 futuro».
1930 2046 1971 2051 —
1990 2028 2116 2070 ineptus
2139 2028 2296 2061 nihilomi-
2311 2036 2373 2058 Ratio
2388 2036 2458 2058 tenta.

1337 2089 1398 2113 nus
1414 2080 1520 2118 tertio,
1544 2080 1633 2122 quia,
1651 2080 1721 2112 licet
1739 2088 1793 2121 per
1810 2080 2094 2122 appropriationem
2112 2081 2297 2122 approprie-

1337 2136 1392 2166 tur
1416 2133 1546 2175 Spiritui
1572 2136 1694 2172 sancte,
1726 2132 1797 2165 talis
1819 2133 1957 2165 maxime
1989 2131 2167 2165 inhonorat
2195 2137 2298 2165 totam

1345 2186 1551 2219 Trinitatem.
1576 2186 1635 2228 Qui
1660 2186 1742 2219 enim
1768 2186 1902 2219 scienter
1925 2190 1956 2219 et
1987 2186 2160 2228 prudenter
2185 2186 2299 2219 verita-

1337 2244 1400 2274 tem
1417 2241 1587 2274 salutarem
1605 2240 1767 2282 impugnat
1783 2243 1814 2273 et
1830 2249 1871 2273 ex
1893 2243 1978 2273 certa
2002 2240 2119 2272 malitia
2139 2240 2299 2273 maximus

1338 2299 1385 2328 est
1407 2298 1607 2337 contemptor
1630 2294 1754 2327 divinae
1770 2294 1912 2333 virtutis,
1938 2293 2099 2326 maximus
2114 2293 2300 2326 calumnia-

1339 2353 1390 2381 tor
1414 2348 1537 2380 divinae
1569 2347 1727 2386 veritatis,
1756 2346 1916 2379 maximus
1945 2351 2134 2389 persecutor
2158 2354 2300 2379 summae

1338 2401 1500 2440 bonitatis,
1525 2400 1699 2434 secundum
1716 2399 1794 2433 iilud
1813 2400 1863 2433 lob
1879 2400 2000 2433 decimo
2021 2400 2132 2442 quinto
2145 2401 2186 2432 ¹¹:
2208 2413 2224 2429 «
2241 2399 2300 2433 Cu-

1339 2455 1442 2487 currit
1464 2454 1617 2487 adversus
1649 2454 1748 2487 Deum
1781 2457 1886 2487 erecto
1913 2454 1992 2486 eollo
2027 2457 2058 2486 et
2089 2453 2196 2495 pingui
2232 2461 2301 2486 cer—

1340 2508 1407 2540 vice
1430 2512 1572 2540 armatus
1588 2511 1635 2540 est
1651 2521 1681 2539 ».
1712 2507 1797 2540 Unde
1813 2507 1888 2549 quia
1908 2507 1978 2539 talis
1998 2510 2217 2548 contemptus,
2245 2515 2301 2537 ca-

1341 2560 1471 2592 lumnia
1495 2564 1526 2592 61
1547 2560 1731 2602 persecutio
1749 2569 1809 2591 non
1828 2562 2014 2601 potestesse
2037 2559 2104 2591 sine
2120 2558 2223 2590 cordis
2246 2558 2302 2590 ob-

1340 2613 1523 2652 duratione;
1559 2617 1589 2645 et
1626 2613 1706 2645 hanc
1742 2612 1970 2644 concomitatur
1995 2611 2245 2653 impoenitentia,
2271 2615 2302 2645 et

394 2826 401 2839 ¹
424 2826 498 2852 Vcrs.
518 2827 560 2851 30.
579 2841 613 2844 —
632 2827 721 2852 Glossa
736 2825 932 2851 interlinearis:
955 2824 1008 2857 Qui
1019 2826 1109 2851 (tutem
1128 2824 1279 2858 nequi-erit,

320 2871 429 2901 timore,
447 2877 501 2902 me,
522 2871 604 2895 Deum
625 2870 666 2895 vel
686 2870 818 2895 hominem
839 2876 910 2900 esse,
930 2875 1024 2895 coram
1047 2868 1214 2900 hominibus,
1235 2868 1280 2894 ubi

324 2915 450 2946 prodesse
469 2914 547 2939 debet
566 2914 617 2939 mei
637 2914 749 2939 nominis
768 2914 910 2944 confessae,
926 2912 1102 2946 deneyabitur
1120 2919 1214 2940 coram
1230 2914 1282 2939 An·

324 2958 390 2991 gelu·
409 2958 469 2989 Dei,
489 2965 541 2984 non
561 2958 719 2990 perducetur
738 2958 770 2983 ad
791 2958 918 2983 visionem
945 2958 1039 2989 Patris,
1066 2964 1119 2990 qua
1146 2959 1281 2989 pertruun-

325 3008 366 3028 tur
386 3002 481 3028 Sancti.

396 3045 406 3060 ²
425 3047 474 3072 Pro
495 3046 548 3077 Qui
565 3045 627 3073 dicit
646 3047 666 3072 Λ
687 3045 808 3079 dicendo,
828 3046 847 3073 C
859 3047 876 3072 F
896 3047 928 3079 <D
947 3046 1078 3079 primitus)
1100 3045 1154 3078 Qui
1171 3045 1281 3072 dicendo

326 3092 360 3122 (D
378 3098 391 3116 a
412 3091 526 3117 secunda
552 3098 631 3116 11131111
658 3091 720 3124 quia
745 3091 876 3124 dicendo).
901 3091 1008 3117 inferius
1032 3094 1092 3123 post
1115 3091 1201 3117 Deum
1226 3096 1281 3116 non

325 3141 382 3161 esse
401 3135 458 3161 Vat.
477 3135 550 3161 addit
568 3142 671 3161 verum.

397 3177 408 3192 ³
427 3179 490 3205 Cod.
511 3180 531 3204 H
551 3179 624 3205 addit
642 3179 756 3206 occultu.

397 3222 408 3236 Φ
427 3223 515 3248 11131111.
534 3223 582 3255 25,
601 3222 645 3248 34.
669 3227 694 3248 et
713 3223 754 3249 41.
773 3237 808 3243 -
827 3222 935 3250 Interius
947 3231 996 3256 pro
1009 3222 1046 3250 ad
1062 3217 1205 3249 Veritatem
1224 3222 1282 3247 Vnt.

326 3274 386 3293 cum
406 3266 525 3299 pluribus
544 3267 620 3292 codd.
639 3266 676 3293 ad
692 3267 874 3294 veracitatem.

398 3309 409 3324 ⁵
429 3311 503 3337 Vei-s.
522 3311 564 3336 12.
583 3314 608 3336 61
627 3311 675 3343 13,
695 3311 739 3337 ubi
759 3318 807 3344 pro
825 3311 850 3338 si
867 3318 922 3338 non
945 3310 1081 3339 credimus
1099 3310 1241 3337 ACDFG
1259 3310 1285 3336 si

327 3356 417 3381 autem
436 3354 570 3381 credimus
590 3355 755 3388 (Menoetius
774 3356 800 3381 in
813 3356 973 3388 expositione
991 3356 1070 3381 huius
1087 3354 1135 3381 loci
1154 3355 1203 3380 ait:
1223 3354 1284 3380 Sive

329 3398 475 3429 credimus,
493 3398 550 3424 sive
568 3406 619 3425 non
637 3399 770 3426 credimus
788 3402 857 3434 ete).

1414 2822 1426 2837 ⁰
1445 2823 1528 2849 Codd.
1548 2822 1598 2849 AC
1618 2821 1677 2848 licet
1689 2820 1856 2848 remissibilis
1876 2820 1911 2848 sit
1925 2828 1976 2855 per
1990 2820 2190 2855 iqnorantiam,
2210 2821 2232 2846 D
2245 2820 2304 2847 licet

1344 2867 1512 2895 remissibilis
1531 2867 1579 2899 sit,
1600 2865 1708 2900 quando
1726 2866 1757 2901 fit
1772 2873 1822 2900 per
1842 2865 2035 2899 fauor-animm.

1416 2910 1426 2926 '¹
1449 2912 1522 2938 Vers.
1542 2905 1584 2937 ¹53.
1597 2925 1633 2930 —
1646 2911 1682 2936 De
1703 2911 1847 2942 ignorantia
1866 2914 2006 2937 excusante
2024 2911 2071 2936 cfr.
2083 2911 2111 2936 11.
2131 2911 2200 2936 Sent.
2214 2910 2240 2935 d.
2261 2910 2304 2935 22.

1345 2963 1369 2981 3.
1389 2957 1413 2982 2.
1433 2963 1459 2989 q.
1480 2956 1504 2981 3.

1417 2998 1428 3014 ⁸
1448 3001 1473 3025 ln
1494 3000 1580 3025 Tract.
1600 3000 1633 3025 de
1652 3000 1744 3031 spiritu
1760 2999 1945 3032 blasphemiae.
1961 2999 2100 3029 Nouimus,
2119 2998 2190 3031 quod
2210 3004 2305 3029 propo-

1346 3044 1453 3070 sitiones
1472 3044 1514 3070 hic
1532 3044 1623 3070 allatae
1642 3051 1692 3070 non
1712 3044 1806 3069 eodem
1826 3044 1918 3069 ordine
1937 3043 1962 3068 in
1982 3046 2049 3068 textu
2063 3042 2184 3073 originali
2204 3049 2304 3074 ponun-

1347 3093 1397 3115 tur.
1415 3089 1466 3115 Csr.
1485 3089 1513 3114 ll.
1533 3089 1602 3115 Sent.
1622 3089 1648 3115 d.
1669 3089 1711 3115 43.
1731 3088 1795 3115 dub.
1815 3090 1839 3114 2.
1858 3102 1894 3108 -
1913 3089 1938 3114 111
1958 3088 2009 3113 11116
2034 3086 2176 3112 sententiae
2195 3086 2214 3111 B
2233 3086 2306 3112 addit

1347 3133 1381 3160 Ec
1400 3133 1464 3160 haec
1483 3134 1522 3160 est
1537 3133 1630 3166 prima
1649 3133 1719 3159 ratio
1739 3131 1930 3166 ineptit-adinis.

1417 3176 1428 3191 ⁹
1448 3178 1577 3203 Sententia
1592 3178 1677 3203 [ledae
1690 3178 1796 3203 affertur
1810 3176 1898 3201 verbis
1911 3175 2017 3200 Glossae
2036 3173 2192 3201 ordinariae
2205 3174 2231 3200 in
2244 3174 2306 3200 Luc.

1349 3223 1381 3248 12
1390 3242 1396 3253 ,
1418 3223 1459 3248 to.
1478 3223 1527 3248 Pro
1540 3221 1577 3248 ad
1594 3221 1809 3248 communionem
1823 3220 1858 3254 [Η
1872 3226 1933 3245 611111
1949 3222 2017 3245 textu
2031 3218 2149 3250 originali
2163 3225 2308 3252 congrega-

1347 3266 1458 3298 tionem,
1477 3266 1532 3292 scit.
1551 3266 1676 3292 unitatem
1697 3263 1838 3297 Ecclesiae]
1859 3265 1916 3289 vat.
1935 3261 1972 3288 ad
1989 3262 2197 3289 conversionem.

1419 3309 1441 3324 ¹⁰
1461 3310 1535 3335 Vers.
1555 3310 1599 3335 32.
1617 3308 1700 3336 Codd.
1715 3315 1763 3340 pro
1777 3309 1826 3334 hoe
1838 3307 1952 3337 allegunt
1963 3306 2049 3333 Marc.
2063 3305 2093 3338 5,
2107 3306 2153 3333 ubi
2166 3313 2194 3332 v.
2212 3306 2256 3332 29.
2268 3305 2308 3331 di-

1347 3355 1427 3380 eitur:
1445 3354 1500 3380 Non
1520 3352 1626 3379 habebit
1644 3352 1826 3378 remissionem
1845 3351 1871 3376 in
1889 3353 2038 3383 aeternum,
2057 3351 2104 3377 sed
2122 3357 2184 3377 reus
2202 3350 2251 3376 erit
2268 3357 2309 3376 ne-

1348 3398 1413 3424 terni
1430 3397 1523 3424 delicti.
2130 3393 2151 3409 ¹¹
2172 3394 2246 3420 Vers.
2265 3394 2308 3419 26.
