<?xml version="1.0" encoding="UTF-8"?>
<!DOCTYPE html PUBLIC "-//W3C//DTD XHTML 1.0 Transitional//EN"
    "http://www.w3.org/TR/xhtml1/DTD/xhtml1-transitional.dtd">
<html xmlns="http://www.w3.org/1999/xhtml" xml:lang="en" lang="en">
 <head>
  <title>
</title>
<meta http-equiv="Content-Type" content="text/html;charset=utf-8" />
  <meta name='ocr-system' content='tesseract 3.04.00' />
  <meta name='ocr-capabilities' content='ocr_page ocr_carea ocr_par ocr_line ocrx_word'/>
</head>
<body>
  <div class='ocr_page' id='page_1' title='image "./doctorisseraphic07bona_0438.png"; bbox 0 0 2476 3921; ppageno 0'>
   <div class='ocr_carea' id='block_1_1' title="bbox 297 280 360 311">
    <p class='ocr_par' dir='ltr' id='par_1_1' title="bbox 297 280 360 311">
     <span class='ocr_line' id='line_1_1' title="bbox 297 280 360 311; baseline 0 0"><span class='ocrx_word' id='word_1_1' title='bbox 297 280 360 311; x_wconf 64' lang='grc' dir='ltr'>ΜΞ</span> 
     </span>
    </p>
   </div>
   <div class='ocr_carea' id='block_1_2' title="bbox 137 362 1266 2685">
    <p class='ocr_par' dir='ltr' id='par_1_2' title="bbox 137 362 1256 831">
     <span class='ocr_line' id='line_1_2' title="bbox 298 362 1254 409; baseline -0.005 -10"><span class='ocrx_word' id='word_1_2' title='bbox 298 366 515 409; x_wconf 73' lang='lat' dir='ltr'>ari-oyantiae</span> <span class='ocrx_word' id='word_1_3' title='bbox 541 364 821 401; x_wconf 78' lang='lat' dir='ltr'><em>Pharisaeorum,</em></span> <span class='ocrx_word' id='word_1_4' title='bbox 846 363 876 396; x_wconf 92' lang='lat' dir='ltr'>in</span> <span class='ocrx_word' id='word_1_5' title='bbox 902 362 1038 396; x_wconf 87' lang='lat' dir='ltr'>secunda</span> <span class='ocrx_word' id='word_1_6' title='bbox 1066 372 1155 400; x_wconf 87' lang='lat' dir='ltr'>ver0,</span> <span class='ocrx_word' id='word_1_7' title='bbox 1179 372 1254 394; x_wconf 79' lang='lat' dir='ltr'>eua-</span> 
     </span>
     <span class='ocr_line' id='line_1_3' title="bbox 298 415 1254 459; baseline -0.005 -8"><span class='ocrx_word' id='word_1_8' title='bbox 298 420 408 452; x_wconf 82' lang='lat' dir='ltr'>cuatio</span> <span class='ocrx_word' id='word_1_9' title='bbox 432 418 658 451; x_wconf 77' lang='lat' dir='ltr'><em>observantiae</em></span> <span class='ocrx_word' id='word_1_10' title='bbox 689 417 845 459; x_wconf 77' lang='lat' dir='ltr'>leyalium</span> <span class='ocrx_word' id='word_1_11' title='bbox 867 420 1138 458; x_wconf 81' lang='lat' dir='ltr'>praeceptorum,</span> <span class='ocrx_word' id='word_1_12' title='bbox 1164 415 1206 447; x_wconf 90' lang='lat' dir='ltr'>ibi</span> <span class='ocrx_word' id='word_1_13' title='bbox 1225 415 1254 446; x_wconf 84' lang='lat'>¹:</span> 
     </span>
     <span class='ocr_line' id='line_1_4' title="bbox 300 468 1254 514; baseline -0.005 -9"><span class='ocrx_word' id='word_1_14' title='bbox 300 474 363 505; x_wconf 72' lang='lat' dir='ltr'>Lea:</span> <span class='ocrx_word' id='word_1_15' title='bbox 386 476 415 505; x_wconf 86' lang='lat' dir='ltr'>et</span> <span class='ocrx_word' id='word_1_16' title='bbox 448 470 630 514; x_wconf 77' lang='lat' dir='ltr'>Prophetae</span> <span class='ocrx_word' id='word_1_17' title='bbox 661 481 763 514; x_wconf 82' lang='lat' dir='ltr'>usque</span> <span class='ocrx_word' id='word_1_18' title='bbox 794 470 839 502; x_wconf 89' lang='lat' dir='ltr'>ad</span> <span class='ocrx_word' id='word_1_19' title='bbox 864 470 1040 507; x_wconf 85' lang='lat' dir='ltr'>loannem,</span> <span class='ocrx_word' id='word_1_20' title='bbox 1073 472 1108 501; x_wconf 90' lang='lat' dir='ltr'>ut</span> <span class='ocrx_word' id='word_1_21' title='bbox 1138 468 1181 501; x_wconf 89' lang='lat' dir='ltr'>sic</span> <span class='ocrx_word' id='word_1_22' title='bbox 1213 477 1254 500; x_wconf 85' lang='lat' dir='ltr'>ex</span> 
     </span>
     <span class='ocr_line' id='line_1_5' title="bbox 299 521 1255 566; baseline -0.006 -7"><span class='ocrx_word' id='word_1_23' title='bbox 299 526 473 559; x_wconf 73' lang='lat' dir='ltr'>ostensione</span> <span class='ocrx_word' id='word_1_24' title='bbox 493 524 704 558; x_wconf 78' lang='lat' dir='ltr'>evacuationis</span> <span class='ocrx_word' id='word_1_25' title='bbox 728 524 815 566; x_wconf 87' lang='lat' dir='ltr'>Legis</span> <span class='ocrx_word' id='word_1_26' title='bbox 831 523 994 556; x_wconf 79' lang='lat' dir='ltr'>auferatur</span> <span class='ocrx_word' id='word_1_27' title='bbox 1019 522 1119 555; x_wconf 90' lang='lat' dir='ltr'>inanis</span> <span class='ocrx_word' id='word_1_28' title='bbox 1142 521 1255 564; x_wconf 87' lang='lat' dir='ltr'>gloria-</span> 
     </span>
     <span class='ocr_line' id='line_1_6' title="bbox 300 578 588 611; baseline -0.007 0"><span class='ocrx_word' id='word_1_29' title='bbox 300 580 342 611; x_wconf 93' lang='lat' dir='ltr'>tio</span> <span class='ocrx_word' id='word_1_30' title='bbox 366 588 383 611; x_wconf 89' lang='lat' dir='ltr'>a</span> <span class='ocrx_word' id='word_1_31' title='bbox 407 578 588 610; x_wconf 76' lang='lat' dir='ltr'>pharisaeis.</span> 
     </span>
     <span class='ocr_line' id='line_1_7' title="bbox 387 628 1255 672; baseline -0.006 -8"><span class='ocrx_word' id='word_1_32' title='bbox 387 632 491 664; x_wconf 86' lang='lat' dir='ltr'>Primo</span> <span class='ocrx_word' id='word_1_33' title='bbox 515 631 609 672; x_wconf 83' lang='lat' dir='ltr'>igitur</span> <span class='ocrx_word' id='word_1_34' title='bbox 642 630 802 672; x_wconf 76' lang='lat' dir='ltr'>repressio</span> <span class='ocrx_word' id='word_1_35' title='bbox 827 628 1045 671; x_wconf 77' lang='lat' dir='ltr'>arroyanliae</span> <span class='ocrx_word' id='word_1_36' title='bbox 1076 628 1255 660; x_wconf 85' lang='lat' dir='ltr'>Pharisaeo-</span> 
     </span>
     <span class='ocr_line' id='line_1_8' title="bbox 137 680 1255 725; baseline -0.008 -4"><span class='ocrx_word' id='word_1_37' title='bbox 137 693 291 724; x_wconf 64' lang='lat' dir='ltr'>Reoresstoar-</span> <span class='ocrx_word' id='word_1_38' title='bbox 303 695 372 718; x_wconf 86' lang='lat' dir='ltr'>rum</span> <span class='ocrx_word' id='word_1_39' title='bbox 397 684 586 717; x_wconf 81' lang='lat' dir='ltr'>describitur</span> <span class='ocrx_word' id='word_1_40' title='bbox 603 693 658 725; x_wconf 88' lang='lat' dir='ltr'>per</span> <span class='ocrx_word' id='word_1_41' title='bbox 680 685 764 716; x_wconf 91' lang='lat' dir='ltr'>hunc</span> <span class='ocrx_word' id='word_1_42' title='bbox 780 683 926 715; x_wconf 88' lang='lat' dir='ltr'>modum:</span> <span class='ocrx_word' id='word_1_43' title='bbox 943 681 1155 723; x_wconf 86' lang='lat' dir='ltr'>praemittitur</span> <span class='ocrx_word' id='word_1_44' title='bbox 1171 680 1255 713; x_wconf 88' lang='lat' dir='ltr'>enim</span> 
     </span>
     <span class='ocr_line' id='line_1_9' title="bbox 148 722 1256 777; baseline -0.006 -5"><span class='ocrx_word' id='word_1_45' title='bbox 148 722 277 777; x_wconf 55' lang='grc' dir='ltr'>ᾱὲἷῖῗῗιξὲῗιῗτ</span> <span class='ocrx_word' id='word_1_46' title='bbox 304 739 540 771; x_wconf 74' lang='lat' dir='ltr'>Pharisaeorum</span> <span class='ocrx_word' id='word_1_47' title='bbox 572 737 718 775; x_wconf 85' lang='lat' dir='ltr'>rebellio,</span> <span class='ocrx_word' id='word_1_48' title='bbox 754 736 900 769; x_wconf 85' lang='lat' dir='ltr'>subditur</span> <span class='ocrx_word' id='word_1_49' title='bbox 936 734 1118 767; x_wconf 77' lang='lat' dir='ltr'>rebellionis</span> <span class='ocrx_word' id='word_1_50' title='bbox 1147 743 1256 776; x_wconf 78' lang='lat' dir='ltr'>repre-</span> 
     </span>
     <span class='ocr_line' id='line_1_10' title="bbox 164 775 1099 831; baseline -0.006 -7"><span class='ocrx_word' id='word_1_51' title='bbox 164 779 201 800; x_wconf 54' lang='grc' dir='ltr'>ΡΗ</span> <span class='ocrx_word' id='word_1_52' title='bbox 216 775 263 794; x_wconf 62' lang='lat' dir='ltr'>uu.</span> <span class='ocrx_word' id='word_1_53' title='bbox 302 791 411 824; x_wconf 68' lang='lat' dir='ltr'>lien-sio</span> <span class='ocrx_word' id='word_1_54' title='bbox 436 794 466 823; x_wconf 90' lang='lat' dir='ltr'>et</span> <span class='ocrx_word' id='word_1_55' title='bbox 490 790 692 831; x_wconf 86' lang='lat' dir='ltr'>subiungitur</span> <span class='ocrx_word' id='word_1_56' title='bbox 716 788 977 830; x_wconf 71' lang='lat' dir='ltr'>reprehensionis</span> <span class='ocrx_word' id='word_1_57' title='bbox 1002 787 1099 819; x_wconf 87' lang='lat' dir='ltr'>ratio.</span> 
     </span>
    </p>

    <p class='ocr_par' dir='ltr' id='par_1_3' title="bbox 138 838 1266 2368">
     <span class='ocr_line' id='line_1_11' title="bbox 390 838 1256 883; baseline -0.006 -7"><span class='ocrx_word' id='word_1_58' title='bbox 390 845 441 876; x_wconf 72' lang='lat'>⁶26.</span> <span class='ocrx_word' id='word_1_59' title='bbox 468 844 568 882; x_wconf 86' lang='lat' dir='ltr'>(Vers.</span> <span class='ocrx_word' id='word_1_60' title='bbox 597 843 670 881; x_wconf 69' lang='lat' dir='ltr'>lli.).</span> <span class='ocrx_word' id='word_1_61' title='bbox 697 842 798 874; x_wconf 87' lang='lat' dir='ltr'>Primo</span> <span class='ocrx_word' id='word_1_62' title='bbox 822 841 917 883; x_wconf 87' lang='lat' dir='ltr'>igitur</span> <span class='ocrx_word' id='word_1_63' title='bbox 934 844 1087 882; x_wconf 89' lang='lat' dir='ltr'>quantum</span> <span class='ocrx_word' id='word_1_64' title='bbox 1112 840 1149 872; x_wconf 90' lang='lat' dir='ltr'>ad</span> <span class='ocrx_word' id='word_1_65' title='bbox 1169 838 1256 871; x_wconf 73' lang='lat' dir='ltr'>Plia-</span> 
     </span>
     <span class='ocr_line' id='line_1_12' title="bbox 179 893 1256 936; baseline -0.006 -6"><span class='ocrx_word' id='word_1_66' title='bbox 179 904 281 926; x_wconf 70' lang='lat' dir='ltr'>Rebenio-</span> <span class='ocrx_word' id='word_1_67' title='bbox 303 897 491 930; x_wconf 70' lang='lat' dir='ltr'>risaeorum</span> <span class='ocrx_word' id='word_1_68' title='bbox 523 895 745 933; x_wconf 84' lang='lat' dir='ltr'>rebellionem,</span> <span class='ocrx_word' id='word_1_69' title='bbox 777 904 840 936; x_wconf 91' lang='lat' dir='ltr'>qua</span> <span class='ocrx_word' id='word_1_70' title='bbox 871 894 1031 926; x_wconf 82' lang='lat' dir='ltr'>Christum</span> <span class='ocrx_word' id='word_1_71' title='bbox 1056 893 1256 930; x_wconf 81' lang='lat' dir='ltr'>deridebant,</span> 
     </span>
     <span class='ocr_line' id='line_1_13' title="bbox 301 945 1255 983; baseline -0.004 -2"><span class='ocrx_word' id='word_1_72' title='bbox 301 951 437 983; x_wconf 87' lang='lat' dir='ltr'>dicitur:</span> <span class='ocrx_word' id='word_1_73' title='bbox 464 948 651 981; x_wconf 83' lang='lat' dir='ltr'>Audiebant</span> <span class='ocrx_word' id='word_1_74' title='bbox 679 952 788 980; x_wconf 85' lang='lat' dir='ltr'>autem</span> <span class='ocrx_word' id='word_1_75' title='bbox 817 947 929 983; x_wconf 83' lang='lat' dir='ltr'>onznia</span> <span class='ocrx_word' id='word_1_76' title='bbox 954 946 1032 979; x_wconf 78' lang='lat' dir='ltr'>baec</span> <span class='ocrx_word' id='word_1_77' title='bbox 1058 945 1255 983; x_wconf 77' lang='lat' dir='ltr'>Pharisaei,</span> 
     </span>
     <span class='ocr_line' id='line_1_14' title="bbox 301 998 1257 1046; baseline -0.006 -11"><span class='ocrx_word' id='word_1_78' title='bbox 301 1004 359 1046; x_wconf 80' lang='lat' dir='ltr'>qui</span> <span class='ocrx_word' id='word_1_79' title='bbox 382 1003 483 1035; x_wconf 81' lang='lat' dir='ltr'>avari</span> <span class='ocrx_word' id='word_1_80' title='bbox 504 1006 619 1039; x_wconf 81' lang='lat' dir='ltr'>erant,</span> <span class='ocrx_word' id='word_1_81' title='bbox 642 1005 671 1033; x_wconf 87' lang='lat' dir='ltr'>et</span> <span class='ocrx_word' id='word_1_82' title='bbox 702 1000 893 1033; x_wconf 82' lang='lat' dir='ltr'>deridebant</span> <span class='ocrx_word' id='word_1_83' title='bbox 916 1009 991 1031; x_wconf 87' lang='lat' dir='ltr'>eum</span> <span class='ocrx_word' id='word_1_84' title='bbox 1004 998 1026 1030; x_wconf 73' lang='lat'>².</span> <span class='ocrx_word' id='word_1_85' title='bbox 1060 998 1257 1031; x_wconf 84' lang='lat' dir='ltr'>Deridebant</span> 
     </span>
     <span class='ocr_line' id='line_1_15' title="bbox 138 1051 1256 1096; baseline -0.006 -7"><span class='ocrx_word' id='word_1_86' title='bbox 138 1063 192 1090; x_wconf 80' lang='lat' dir='ltr'>Quia</span> <span class='ocrx_word' id='word_1_87' title='bbox 201 1060 406 1090; x_wconf 74' lang='lat' dir='ltr'>superbi—autem</span> <span class='ocrx_word' id='word_1_88' title='bbox 428 1064 500 1087; x_wconf 90' lang='lat' dir='ltr'>eum</span> <span class='ocrx_word' id='word_1_89' title='bbox 523 1058 670 1096; x_wconf 88' lang='lat' dir='ltr'>tanquam</span> <span class='ocrx_word' id='word_1_90' title='bbox 686 1052 823 1095; x_wconf 76' lang='lat' dir='ltr'>superbi</span> <span class='ocrx_word' id='word_1_91' title='bbox 841 1052 879 1084; x_wconf 90' lang='lat' dir='ltr'>de</span> <span class='ocrx_word' id='word_1_92' title='bbox 895 1051 1001 1084; x_wconf 80' lang='lat' dir='ltr'>verbis</span> <span class='ocrx_word' id='word_1_93' title='bbox 1018 1051 1256 1093; x_wconf 74' lang='lat' dir='ltr'>simplicitatis,</span> 
     </span>
     <span class='ocr_line' id='line_1_16' title="bbox 303 1104 1257 1142; baseline -0.006 -1"><span class='ocrx_word' id='word_1_94' title='bbox 303 1108 475 1142; x_wconf 89' lang='lat' dir='ltr'>secundum</span> <span class='ocrx_word' id='word_1_95' title='bbox 493 1107 568 1139; x_wconf 88' lang='lat' dir='ltr'>illud</span> <span class='ocrx_word' id='word_1_96' title='bbox 590 1107 642 1139; x_wconf 87' lang='lat' dir='ltr'>lob</span> <span class='ocrx_word' id='word_1_97' title='bbox 658 1106 856 1139; x_wconf 86' lang='lat' dir='ltr'>duodecimo:</span> <span class='ocrx_word' id='word_1_98' title='bbox 878 1118 893 1133; x_wconf 70' lang='grc' dir='ltr'>ι(</span> <span class='ocrx_word' id='word_1_99' title='bbox 913 1104 1077 1137; x_wconf 91' lang='lat' dir='ltr'>Deridetur</span> <span class='ocrx_word' id='word_1_100' title='bbox 1094 1104 1167 1136; x_wconf 88' lang='lat' dir='ltr'>iusti</span> <span class='ocrx_word' id='word_1_101' title='bbox 1185 1104 1257 1136; x_wconf 89' lang='lat' dir='ltr'>sim-</span> 
     </span>
     <span class='ocr_line' id='line_1_17' title="bbox 303 1156 1257 1203; baseline -0.006 -9"><span class='ocrx_word' id='word_1_102' title='bbox 303 1162 444 1203; x_wconf 87' lang='lat' dir='ltr'>plicitas;</span> <span class='ocrx_word' id='word_1_103' title='bbox 477 1161 596 1202; x_wconf 84' lang='lat' dir='ltr'>lampas</span> <span class='ocrx_word' id='word_1_104' title='bbox 628 1162 804 1200; x_wconf 85' lang='lat' dir='ltr'>contempta</span> <span class='ocrx_word' id='word_1_105' title='bbox 835 1158 916 1200; x_wconf 87' lang='lat' dir='ltr'>apud</span> <span class='ocrx_word' id='word_1_106' title='bbox 948 1158 1150 1199; x_wconf 88' lang='lat' dir='ltr'>cogitationes</span> <span class='ocrx_word' id='word_1_107' title='bbox 1179 1156 1257 1188; x_wconf 86' lang='lat' dir='ltr'>divi-</span> 
     </span>
     <span class='ocr_line' id='line_1_18' title="bbox 139 1210 1257 1249; baseline -0.007 0"><span class='ocrx_word' id='word_1_108' title='bbox 139 1223 192 1249; x_wconf 76' lang='lat' dir='ltr'>Quia</span> <span class='ocrx_word' id='word_1_109' title='bbox 207 1222 286 1243; x_wconf 70' lang='lat' dir='ltr'>stolidi·</span> <span class='ocrx_word' id='word_1_110' title='bbox 304 1219 370 1247; x_wconf 89' lang='lat' dir='ltr'>tum</span> <span class='ocrx_word' id='word_1_111' title='bbox 389 1228 417 1246; x_wconf 90' lang='lat'>».</span> <span class='ocrx_word' id='word_1_112' title='bbox 444 1214 480 1246; x_wconf 88' lang='lat' dir='ltr'>Et</span> <span class='ocrx_word' id='word_1_113' title='bbox 512 1213 593 1245; x_wconf 89' lang='lat' dir='ltr'>sicut</span> <span class='ocrx_word' id='word_1_114' title='bbox 615 1212 726 1244; x_wconf 76' lang='lat' dir='ltr'>stolidi</span> <span class='ocrx_word' id='word_1_115' title='bbox 755 1212 794 1244; x_wconf 88' lang='lat' dir='ltr'>de</span> <span class='ocrx_word' id='word_1_116' title='bbox 818 1211 963 1244; x_wconf 75' lang='lat' dir='ltr'>consiliis</span> <span class='ocrx_word' id='word_1_117' title='bbox 987 1210 1161 1246; x_wconf 82' lang='lat' dir='ltr'>utilitatis,-</span> <span class='ocrx_word' id='word_1_118' title='bbox 1186 1210 1257 1242; x_wconf 88' lang='lat' dir='ltr'>Pro-</span> 
     </span>
     <span class='ocr_line' id='line_1_19' title="bbox 304 1262 1258 1306; baseline -0.006 -6"><span class='ocrx_word' id='word_1_119' title='bbox 304 1267 484 1300; x_wconf 86' lang='lat' dir='ltr'>verbiorum</span> <span class='ocrx_word' id='word_1_120' title='bbox 508 1266 628 1298; x_wconf 89' lang='lat' dir='ltr'>decimo</span> <span class='ocrx_word' id='word_1_121' title='bbox 652 1265 780 1306; x_wconf 88' lang='lat' dir='ltr'>quinto:</span> <span class='ocrx_word' id='word_1_122' title='bbox 810 1277 826 1292; x_wconf 75' lang='grc' dir='ltr'><em>α</em></span> <span class='ocrx_word' id='word_1_123' title='bbox 842 1264 963 1296; x_wconf 80' lang='lat' dir='ltr'>Stultus</span> <span class='ocrx_word' id='word_1_124' title='bbox 987 1263 1097 1295; x_wconf 88' lang='lat' dir='ltr'>irridet</span> <span class='ocrx_word' id='word_1_125' title='bbox 1123 1262 1258 1304; x_wconf 89' lang='lat' dir='ltr'>discipli-</span> 
     </span>
     <span class='ocr_line' id='line_1_20' title="bbox 139 1315 1259 1361; baseline -0.007 -5"><span class='ocrx_word' id='word_1_126' title='bbox 139 1328 192 1356; x_wconf 71' lang='lat' dir='ltr'>Quia</span> <span class='ocrx_word' id='word_1_127' title='bbox 203 1327 290 1355; x_wconf 70' lang='lat' dir='ltr'>stupidi·</span> <span class='ocrx_word' id='word_1_128' title='bbox 304 1329 374 1353; x_wconf 88' lang='lat' dir='ltr'>nam</span> <span class='ocrx_word' id='word_1_129' title='bbox 399 1319 568 1361; x_wconf 73' lang='lat' dir='ltr'>patrissui</span> <span class='ocrx_word' id='word_1_130' title='bbox 595 1332 609 1347; x_wconf 70' lang='grc' dir='ltr'>υ</span> <span class='ocrx_word' id='word_1_131' title='bbox 638 1322 695 1351; x_wconf 91' lang='lat' dir='ltr'>etc.</span> <span class='ocrx_word' id='word_1_132' title='bbox 721 1318 776 1350; x_wconf 90' lang='lat' dir='ltr'>Vel</span> <span class='ocrx_word' id='word_1_133' title='bbox 809 1318 889 1350; x_wconf 92' lang='lat' dir='ltr'>sicut</span> <span class='ocrx_word' id='word_1_134' title='bbox 912 1317 1040 1359; x_wconf 80' lang='lat' dir='ltr'>stupidi</span> <span class='ocrx_word' id='word_1_135' title='bbox 1066 1316 1104 1349; x_wconf 90' lang='lat' dir='ltr'>de</span> <span class='ocrx_word' id='word_1_136' title='bbox 1126 1315 1259 1348; x_wconf 85' lang='lat' dir='ltr'>monitis</span> 
     </span>
     <span class='ocr_line' id='line_1_21' title="bbox 301 1369 1259 1415; baseline -0.004 -10"><span class='ocrx_word' id='word_1_137' title='bbox 301 1373 453 1415; x_wconf 72' lang='lat' dir='ltr'>pietatis,</span> <span class='ocrx_word' id='word_1_138' title='bbox 479 1371 652 1404; x_wconf 88' lang='lat' dir='ltr'>secundum</span> <span class='ocrx_word' id='word_1_139' title='bbox 682 1370 758 1403; x_wconf 88' lang='lat' dir='ltr'>illud</span> <span class='ocrx_word' id='word_1_140' title='bbox 782 1371 890 1403; x_wconf 83' lang='lat' dir='ltr'>Psalmi</span> <span class='ocrx_word' id='word_1_141' title='bbox 905 1370 936 1402; x_wconf 79' lang='lat'>³:</span> <span class='ocrx_word' id='word_1_142' title='bbox 966 1382 982 1398; x_wconf 74' lang='lat' dir='ltr'>&lt;r</span> <span class='ocrx_word' id='word_1_143' title='bbox 1005 1370 1104 1402; x_wconf 87' lang='lat' dir='ltr'>Furor</span> <span class='ocrx_word' id='word_1_144' title='bbox 1129 1369 1188 1401; x_wconf 89' lang='lat' dir='ltr'>illis</span> <span class='ocrx_word' id='word_1_145' title='bbox 1212 1377 1259 1401; x_wconf 91' lang='lat' dir='ltr'>se-</span> 
     </span>
     <span class='ocr_line' id='line_1_22' title="bbox 304 1422 1261 1466; baseline -0.004 -7"><span class='ocrx_word' id='word_1_146' title='bbox 304 1426 443 1459; x_wconf 90' lang='lat' dir='ltr'>cundum</span> <span class='ocrx_word' id='word_1_147' title='bbox 460 1425 693 1458; x_wconf 88' lang='lat' dir='ltr'>similitudinem</span> <span class='ocrx_word' id='word_1_148' title='bbox 712 1424 882 1466; x_wconf 89' lang='lat' dir='ltr'>serpentis,</span> <span class='ocrx_word' id='word_1_149' title='bbox 906 1424 988 1456; x_wconf 90' lang='lat' dir='ltr'>sicut</span> <span class='ocrx_word' id='word_1_150' title='bbox 1007 1423 1122 1465; x_wconf 81' lang='lat' dir='ltr'>aspidis</span> <span class='ocrx_word' id='word_1_151' title='bbox 1146 1422 1261 1455; x_wconf 87' lang='lat' dir='ltr'>surdae</span> 
     </span>
     <span class='ocr_line' id='line_1_23' title="bbox 305 1475 1260 1518; baseline -0.003 -7"><span class='ocrx_word' id='word_1_152' title='bbox 305 1483 335 1511; x_wconf 86' lang='lat' dir='ltr'>et</span> <span class='ocrx_word' id='word_1_153' title='bbox 359 1478 535 1511; x_wconf 88' lang='lat' dir='ltr'>obturantis</span> <span class='ocrx_word' id='word_1_154' title='bbox 555 1487 649 1510; x_wconf 89' lang='lat' dir='ltr'>aures</span> <span class='ocrx_word' id='word_1_155' title='bbox 672 1486 745 1510; x_wconf 89' lang='lat' dir='ltr'>suas</span> <span class='ocrx_word' id='word_1_156' title='bbox 762 1489 796 1516; x_wconf 78' lang='lat'>»;</span> <span class='ocrx_word' id='word_1_157' title='bbox 821 1477 904 1509; x_wconf 88' lang='lat' dir='ltr'>unde</span> <span class='ocrx_word' id='word_1_158' title='bbox 920 1477 1040 1509; x_wconf 88' lang='lat' dir='ltr'>Glossa:</span> <span class='ocrx_word' id='word_1_159' title='bbox 1070 1489 1085 1504; x_wconf 80' lang='grc' dir='ltr'><strong>α</strong></span> <span class='ocrx_word' id='word_1_160' title='bbox 1102 1475 1145 1508; x_wconf 83' lang='lat' dir='ltr'>llll</span> <span class='ocrx_word' id='word_1_161' title='bbox 1171 1484 1260 1518; x_wconf 87' lang='lat' dir='ltr'>prae-</span> 
     </span>
     <span class='ocr_line' id='line_1_24' title="bbox 305 1529 1261 1573; baseline -0.003 -9"><span class='ocrx_word' id='word_1_162' title='bbox 305 1535 462 1573; x_wconf 81' lang='lat' dir='ltr'>ceptorem</span> <span class='ocrx_word' id='word_1_163' title='bbox 487 1530 717 1563; x_wconf 85' lang='lat' dir='ltr'>misericordiae</span> <span class='ocrx_word' id='word_1_164' title='bbox 737 1534 769 1563; x_wconf 88' lang='lat' dir='ltr'>et</span> <span class='ocrx_word' id='word_1_165' title='bbox 793 1530 976 1562; x_wconf 89' lang='lat' dir='ltr'>humilitatis</span> <span class='ocrx_word' id='word_1_166' title='bbox 999 1533 1030 1562; x_wconf 88' lang='lat' dir='ltr'>et</span> <span class='ocrx_word' id='word_1_167' title='bbox 1054 1529 1261 1571; x_wconf 82' lang='lat' dir='ltr'>parsimoniae</span> 
     </span>
     <span class='ocr_line' id='line_1_25' title="bbox 305 1582 1261 1627; baseline -0.004 -9"><span class='ocrx_word' id='word_1_168' title='bbox 305 1585 465 1623; x_wconf 81' lang='lat' dir='ltr'>derident,</span> <span class='ocrx_word' id='word_1_169' title='bbox 497 1585 585 1627; x_wconf 90' lang='lat' dir='ltr'>quasi</span> <span class='ocrx_word' id='word_1_170' title='bbox 619 1584 724 1616; x_wconf 84' lang='lat' dir='ltr'>minus</span> <span class='ocrx_word' id='word_1_171' title='bbox 748 1584 837 1616; x_wconf 87' lang='lat' dir='ltr'>utilia</span> <span class='ocrx_word' id='word_1_172' title='bbox 867 1587 898 1616; x_wconf 89' lang='lat' dir='ltr'>et</span> <span class='ocrx_word' id='word_1_173' title='bbox 930 1592 1092 1624; x_wconf 89' lang='lat' dir='ltr'>nunquam</span> <span class='ocrx_word' id='word_1_174' title='bbox 1122 1582 1261 1615; x_wconf 77' lang='lat' dir='ltr'>facienda</span> 
     </span>
     <span class='ocr_line' id='line_1_26' title="bbox 306 1635 1261 1680; baseline -0.004 -9"><span class='ocrx_word' id='word_1_175' title='bbox 306 1638 421 1671; x_wconf 80' lang='lat' dir='ltr'>noxius</span> <span class='ocrx_word' id='word_1_176' title='bbox 438 1638 606 1680; x_wconf 87' lang='lat' dir='ltr'>imperaret</span> <span class='ocrx_word' id='word_1_177' title='bbox 623 1651 652 1668; x_wconf 74' lang='lat' dir='ltr'>n.</span> <span class='ocrx_word' id='word_1_178' title='bbox 671 1637 725 1669; x_wconf 88' lang='lat' dir='ltr'>Vel</span> <span class='ocrx_word' id='word_1_179' title='bbox 749 1637 830 1669; x_wconf 89' lang='lat' dir='ltr'>sicut</span> <span class='ocrx_word' id='word_1_180' title='bbox 846 1636 961 1678; x_wconf 83' lang='lat' dir='ltr'>cupidi</span> <span class='ocrx_word' id='word_1_181' title='bbox 975 1636 1117 1669; x_wconf 88' lang='lat' dir='ltr'>derident</span> <span class='ocrx_word' id='word_1_182' title='bbox 1133 1635 1171 1668; x_wconf 89' lang='lat' dir='ltr'>de</span> <span class='ocrx_word' id='word_1_183' title='bbox 1188 1635 1261 1667; x_wconf 87' lang='lat' dir='ltr'>lau-</span> 
     </span>
     <span class='ocr_line' id='line_1_27' title="bbox 306 1688 1261 1734; baseline -0.004 -10"><span class='ocrx_word' id='word_1_184' title='bbox 306 1691 403 1724; x_wconf 80' lang='lat' dir='ltr'>dibus</span> <span class='ocrx_word' id='word_1_185' title='bbox 426 1691 617 1734; x_wconf 72' lang='lat' dir='ltr'>laryitatis:</span> <span class='ocrx_word' id='word_1_186' title='bbox 642 1690 724 1723; x_wconf 89' lang='lat' dir='ltr'>unde</span> <span class='ocrx_word' id='word_1_187' title='bbox 747 1690 854 1722; x_wconf 88' lang='lat' dir='ltr'>Glossa</span> <span class='ocrx_word' id='word_1_188' title='bbox 870 1691 901 1722; x_wconf 65' lang='grc'>4;</span> <span class='ocrx_word' id='word_1_189' title='bbox 931 1703 946 1718; x_wconf 74' lang='grc' dir='ltr'><em>α</em></span> <span class='ocrx_word' id='word_1_190' title='bbox 967 1688 1182 1727; x_wconf 82' lang='lat' dir='ltr'>Deridebant,</span> <span class='ocrx_word' id='word_1_191' title='bbox 1214 1688 1261 1720; x_wconf 92' lang='lat' dir='ltr'>in-</span> 
     </span>
     <span class='ocr_line' id='line_1_28' title="bbox 307 1741 1262 1786; baseline -0.003 -10"><span class='ocrx_word' id='word_1_192' title='bbox 307 1744 479 1786; x_wconf 86' lang='lat' dir='ltr'>telligentes</span> <span class='ocrx_word' id='word_1_193' title='bbox 499 1744 633 1782; x_wconf 88' lang='lat' dir='ltr'>scilicet,</span> <span class='ocrx_word' id='word_1_194' title='bbox 658 1743 836 1785; x_wconf 89' lang='lat' dir='ltr'>parabolam</span> <span class='ocrx_word' id='word_1_195' title='bbox 852 1742 1004 1775; x_wconf 87' lang='lat' dir='ltr'>adversus</span> <span class='ocrx_word' id='word_1_196' title='bbox 1028 1751 1060 1774; x_wconf 91' lang='lat' dir='ltr'>se</span> <span class='ocrx_word' id='word_1_197' title='bbox 1083 1741 1213 1779; x_wconf 88' lang='lat' dir='ltr'>dictam,</span> <span class='ocrx_word' id='word_1_198' title='bbox 1231 1744 1262 1773; x_wconf 86' lang='lat' dir='ltr'>et</span> 
     </span>
     <span class='ocr_line' id='line_1_29' title="bbox 307 1793 1261 1838; baseline -0.003 -9"><span class='ocrx_word' id='word_1_199' title='bbox 307 1797 442 1829; x_wconf 87' lang='lat' dir='ltr'>carnalia</span> <span class='ocrx_word' id='word_1_200' title='bbox 478 1796 651 1838; x_wconf 89' lang='lat' dir='ltr'>praesentia</span> <span class='ocrx_word' id='word_1_201' title='bbox 686 1795 803 1829; x_wconf 81' lang='lat' dir='ltr'>futuris</span> <span class='ocrx_word' id='word_1_202' title='bbox 837 1794 1054 1837; x_wconf 87' lang='lat' dir='ltr'>spiritualibus</span> <span class='ocrx_word' id='word_1_203' title='bbox 1090 1793 1179 1836; x_wconf 89' lang='lat' dir='ltr'>quasi</span> <span class='ocrx_word' id='word_1_204' title='bbox 1215 1793 1261 1826; x_wconf 91' lang='lat' dir='ltr'>in-</span> 
     </span>
     <span class='ocr_line' id='line_1_30' title="bbox 306 1847 1263 1891; baseline -0.002 -9"><span class='ocrx_word' id='word_1_205' title='bbox 306 1850 400 1883; x_wconf 87' lang='lat' dir='ltr'>certis</span> <span class='ocrx_word' id='word_1_206' title='bbox 428 1853 654 1891; x_wconf 85' lang='lat' dir='ltr'>praeponentes</span> <span class='ocrx_word' id='word_1_207' title='bbox 670 1863 700 1880; x_wconf 87' lang='lat'>».</span> <span class='ocrx_word' id='word_1_208' title='bbox 727 1849 762 1881; x_wconf 88' lang='lat' dir='ltr'>Et</span> <span class='ocrx_word' id='word_1_209' title='bbox 790 1849 848 1881; x_wconf 89' lang='lat' dir='ltr'>boc</span> <span class='ocrx_word' id='word_1_210' title='bbox 871 1852 919 1881; x_wconf 92' lang='lat' dir='ltr'>est</span> <span class='ocrx_word' id='word_1_211' title='bbox 941 1848 1025 1890; x_wconf 90' lang='lat' dir='ltr'>quod</span> <span class='ocrx_word' id='word_1_212' title='bbox 1053 1847 1168 1880; x_wconf 90' lang='lat' dir='ltr'>dicitur</span> <span class='ocrx_word' id='word_1_213' title='bbox 1193 1847 1263 1880; x_wconf 88' lang='lat' dir='ltr'>Pro-</span> 
     </span>
     <span class='ocr_line' id='line_1_31' title="bbox 308 1901 1263 1944; baseline -0.002 -9"><span class='ocrx_word' id='word_1_214' title='bbox 308 1903 487 1938; x_wconf 79' lang='lat' dir='ltr'>verbiorum</span> <span class='ocrx_word' id='word_1_215' title='bbox 505 1903 625 1935; x_wconf 89' lang='lat' dir='ltr'>decimo</span> <span class='ocrx_word' id='word_1_216' title='bbox 640 1906 767 1935; x_wconf 85' lang='lat' dir='ltr'>octavo:</span> <span class='ocrx_word' id='word_1_217' title='bbox 793 1915 808 1944; x_wconf 64' lang='grc' dir='ltr'><em>ᾳ</em></span> <span class='ocrx_word' id='word_1_218' title='bbox 826 1903 891 1934; x_wconf 83' lang='grc' dir='ltr'>Νοι]</span> <span class='ocrx_word' id='word_1_219' title='bbox 908 1902 1018 1943; x_wconf 83' lang='lat' dir='ltr'>recipit</span> <span class='ocrx_word' id='word_1_220' title='bbox 1034 1902 1151 1934; x_wconf 85' lang='lat' dir='ltr'>stultus</span> <span class='ocrx_word' id='word_1_221' title='bbox 1167 1901 1263 1934; x_wconf 84' lang='lat' dir='ltr'>verba</span> 
     </span>
     <span class='ocr_line' id='line_1_32' title="bbox 308 1954 1263 1998; baseline -0.002 -10"><span class='ocrx_word' id='word_1_222' title='bbox 308 1956 510 1998; x_wconf 88' lang='lat' dir='ltr'>prudentiae,</span> <span class='ocrx_word' id='word_1_223' title='bbox 535 1956 592 1988; x_wconf 88' lang='lat' dir='ltr'>nisi</span> <span class='ocrx_word' id='word_1_224' title='bbox 617 1955 737 1988; x_wconf 88' lang='lat' dir='ltr'>dixeris</span> <span class='ocrx_word' id='word_1_225' title='bbox 760 1964 796 1988; x_wconf 84' lang='lat' dir='ltr'>ea</span> <span class='ocrx_word' id='word_1_226' title='bbox 820 1964 901 1998; x_wconf 90' lang='lat' dir='ltr'>quae</span> <span class='ocrx_word' id='word_1_227' title='bbox 925 1958 1094 1988; x_wconf 88' lang='lat' dir='ltr'>versantur</span> <span class='ocrx_word' id='word_1_228' title='bbox 1118 1954 1149 1987; x_wconf 93' lang='lat' dir='ltr'>in</span> <span class='ocrx_word' id='word_1_229' title='bbox 1170 1954 1263 1987; x_wconf 91' lang='lat' dir='ltr'>corde</span> 
     </span>
     <span class='ocr_line' id='line_1_33' title="bbox 143 2007 1264 2051; baseline -0.002 -9"><span class='ocrx_word' id='word_1_230' title='bbox 143 2016 366 2046; x_wconf 51' lang='lat' dir='ltr'>Qunam-suo</span> <span class='ocrx_word' id='word_1_231' title='bbox 388 2022 417 2041; x_wconf 67' lang='grc' dir='ltr'>ι».</span> <span class='ocrx_word' id='word_1_232' title='bbox 453 2009 507 2042; x_wconf 92' lang='lat' dir='ltr'>Vel</span> <span class='ocrx_word' id='word_1_233' title='bbox 538 2009 620 2042; x_wconf 86' lang='lat' dir='ltr'>sicut</span> <span class='ocrx_word' id='word_1_234' title='bbox 648 2008 828 2051; x_wconf 69' lang='lat' dir='ltr'>lequperui</span> <span class='ocrx_word' id='word_1_235' title='bbox 857 2008 895 2041; x_wconf 93' lang='lat' dir='ltr'>de</span> <span class='ocrx_word' id='word_1_236' title='bbox 927 2007 1264 2041; x_wconf 75' lang='lat' dir='ltr'>commendationibus</span> 
     </span>
     <span class='ocr_line' id='line_1_34' title="bbox 162 2047 1264 2103; baseline -0.002 -10"><span class='ocrx_word' id='word_1_237' title='bbox 162 2047 294 2090; x_wconf 53' lang='lat' dir='ltr'>ffufmm&#39;*</span> <span class='ocrx_word' id='word_1_238' title='bbox 306 2061 538 2103; x_wconf 80' lang='lat' dir='ltr'>paupertatis;</span> <span class='ocrx_word' id='word_1_239' title='bbox 570 2061 654 2093; x_wconf 91' lang='lat' dir='ltr'>unde</span> <span class='ocrx_word' id='word_1_240' title='bbox 684 2061 792 2093; x_wconf 86' lang='lat' dir='ltr'>Glossa</span> <span class='ocrx_word' id='word_1_241' title='bbox 807 2060 838 2092; x_wconf 84' lang='lat'>⁶:</span> <span class='ocrx_word' id='word_1_242' title='bbox 868 2073 883 2089; x_wconf 76' lang='grc' dir='ltr'>α</span> <span class='ocrx_word' id='word_1_243' title='bbox 906 2060 1122 2101; x_wconf 88' lang='lat' dir='ltr'>Disputantem</span> <span class='ocrx_word' id='word_1_244' title='bbox 1155 2063 1264 2092; x_wconf 88' lang='lat' dir='ltr'>contra</span> 
     </span>
     <span class='ocr_line' id='line_1_35' title="bbox 310 2112 1265 2156; baseline -0.002 -10"><span class='ocrx_word' id='word_1_245' title='bbox 310 2114 534 2156; x_wconf 82' lang='lat' dir='ltr'>philargyriam</span> <span class='ocrx_word' id='word_1_246' title='bbox 569 2114 752 2147; x_wconf 84' lang='lat' dir='ltr'>deridebant</span> <span class='ocrx_word' id='word_1_247' title='bbox 782 2113 870 2155; x_wconf 86' lang='lat' dir='ltr'>quasi</span> <span class='ocrx_word' id='word_1_248' title='bbox 906 2113 1099 2146; x_wconf 90' lang='lat' dir='ltr'>contrarium</span> <span class='ocrx_word' id='word_1_249' title='bbox 1131 2112 1200 2154; x_wconf 84' lang='lat' dir='ltr'>Legi</span> <span class='ocrx_word' id='word_1_250' title='bbox 1233 2116 1265 2144; x_wconf 91' lang='lat' dir='ltr'>et</span> 
     </span>
     <span class='ocr_line' id='line_1_36' title="bbox 310 2164 1263 2208; baseline -0.002 -9"><span class='ocrx_word' id='word_1_251' title='bbox 310 2167 486 2208; x_wconf 86' lang='lat' dir='ltr'>Prophetis,</span> <span class='ocrx_word' id='word_1_252' title='bbox 510 2166 630 2200; x_wconf 89' lang='lat' dir='ltr'>cumin</span> <span class='ocrx_word' id='word_1_253' title='bbox 652 2167 730 2208; x_wconf 83' lang='lat' dir='ltr'>Lege</span> <span class='ocrx_word' id='word_1_254' title='bbox 746 2166 836 2198; x_wconf 91' lang='lat' dir='ltr'>multi</span> <span class='ocrx_word' id='word_1_255' title='bbox 860 2165 971 2198; x_wconf 88' lang='lat' dir='ltr'>divites</span> <span class='ocrx_word' id='word_1_256' title='bbox 988 2165 1051 2198; x_wconf 89' lang='lat' dir='ltr'>Deo</span> <span class='ocrx_word' id='word_1_257' title='bbox 1075 2164 1263 2207; x_wconf 86' lang='lat' dir='ltr'>placuerint,</span> 
     </span>
     <span class='ocr_line' id='line_1_37' title="bbox 309 2218 1266 2260; baseline -0.002 -7"><span class='ocrx_word' id='word_1_258' title='bbox 309 2224 340 2253; x_wconf 90' lang='lat' dir='ltr'>et</span> <span class='ocrx_word' id='word_1_259' title='bbox 363 2229 434 2253; x_wconf 91' lang='lat' dir='ltr'>cum</span> <span class='ocrx_word' id='word_1_260' title='bbox 459 2220 523 2254; x_wconf 88' lang='lat' dir='ltr'>Lex</span> <span class='ocrx_word' id='word_1_261' title='bbox 543 2220 609 2252; x_wconf 91' lang='lat' dir='ltr'>suis</span> <span class='ocrx_word' id='word_1_262' title='bbox 632 2218 888 2252; x_wconf 86' lang='lat' dir='ltr'>observatoribus</span> <span class='ocrx_word' id='word_1_263' title='bbox 904 2219 985 2251; x_wconf 91' lang='lat' dir='ltr'>bona</span> <span class='ocrx_word' id='word_1_264' title='bbox 1008 2222 1112 2252; x_wconf 87' lang='lat' dir='ltr'>terrae</span> <span class='ocrx_word' id='word_1_265' title='bbox 1135 2219 1266 2260; x_wconf 88' lang='lat' dir='ltr'>promit-</span> 
     </span>
     <span class='ocr_line' id='line_1_38' title="bbox 310 2271 1265 2314; baseline -0.002 -8"><span class='ocrx_word' id='word_1_266' title='bbox 310 2277 354 2306; x_wconf 84' lang='lat' dir='ltr'>tat</span> <span class='ocrx_word' id='word_1_267' title='bbox 369 2287 400 2305; x_wconf 74' lang='lat' dir='ltr'>n.</span> <span class='ocrx_word' id='word_1_268' title='bbox 425 2273 510 2306; x_wconf 90' lang='lat' dir='ltr'>Unde</span> <span class='ocrx_word' id='word_1_269' title='bbox 535 2272 776 2306; x_wconf 89' lang='lat' dir='ltr'>Proverbiorum</span> <span class='ocrx_word' id='word_1_270' title='bbox 799 2281 896 2304; x_wconf 91' lang='lat' dir='ltr'>nono:</span> <span class='ocrx_word' id='word_1_271' title='bbox 925 2285 940 2300; x_wconf 76' lang='grc' dir='ltr'>α</span> <span class='ocrx_word' id='word_1_272' title='bbox 959 2272 994 2304; x_wconf 89' lang='lat' dir='ltr'>Et</span> <span class='ocrx_word' id='word_1_273' title='bbox 1010 2272 1063 2314; x_wconf 88' lang='lat' dir='ltr'>qui</span> <span class='ocrx_word' id='word_1_274' title='bbox 1087 2272 1192 2314; x_wconf 86' lang='lat' dir='ltr'>arguit</span> <span class='ocrx_word' id='word_1_275' title='bbox 1207 2271 1265 2304; x_wconf 90' lang='lat' dir='ltr'>im-</span> 
     </span>
     <span class='ocr_line' id='line_1_39' title="bbox 310 2323 1265 2368; baseline -0.001 -9"><span class='ocrx_word' id='word_1_276' title='bbox 310 2327 395 2368; x_wconf 91' lang='lat' dir='ltr'>pium</span> <span class='ocrx_word' id='word_1_277' title='bbox 420 2326 478 2359; x_wconf 90' lang='lat' dir='ltr'>sibi</span> <span class='ocrx_word' id='word_1_278' title='bbox 496 2323 649 2359; x_wconf 76' lang='lat' dir='ltr'>maculam</span> <span class='ocrx_word' id='word_1_279' title='bbox 670 2329 799 2368; x_wconf 83' lang='lat' dir='ltr'>generat</span> <span class='ocrx_word' id='word_1_280' title='bbox 814 2339 844 2357; x_wconf 77' lang='lat' dir='ltr'>n.</span> <span class='ocrx_word' id='word_1_281' title='bbox 864 2325 898 2358; x_wconf 90' lang='lat' dir='ltr'>Et</span> <span class='ocrx_word' id='word_1_282' title='bbox 922 2326 981 2358; x_wconf 87' lang='lat' dir='ltr'>hoc</span> <span class='ocrx_word' id='word_1_283' title='bbox 998 2329 1097 2358; x_wconf 89' lang='lat' dir='ltr'>totum</span> <span class='ocrx_word' id='word_1_284' title='bbox 1121 2325 1265 2358; x_wconf 83' lang='lat' dir='ltr'>veniebat</span> 
     </span>
    </p>

    <p class='ocr_par' dir='ltr' id='par_1_4' title="bbox 309 2378 1000 2421">
     <span class='ocr_line' id='line_1_40' title="bbox 309 2378 1000 2421; baseline -0.001 -9"><span class='ocrx_word' id='word_1_285' title='bbox 309 2388 350 2412; x_wconf 85' lang='lat' dir='ltr'>ex</span> <span class='ocrx_word' id='word_1_286' title='bbox 375 2379 543 2412; x_wconf 88' lang='lat' dir='ltr'>rebellione</span> <span class='ocrx_word' id='word_1_287' title='bbox 565 2379 699 2421; x_wconf 88' lang='lat' dir='ltr'>quadam</span> <span class='ocrx_word' id='word_1_288' title='bbox 723 2379 804 2411; x_wconf 89' lang='lat' dir='ltr'>elata</span> <span class='ocrx_word' id='word_1_289' title='bbox 827 2382 858 2411; x_wconf 87' lang='lat' dir='ltr'>et</span> <span class='ocrx_word' id='word_1_290' title='bbox 880 2378 1000 2411; x_wconf 89' lang='lat' dir='ltr'>stolida.</span> 
     </span>
    </p>

    <p class='ocr_par' dir='ltr' id='par_1_5' title="bbox 310 2431 1266 2685">
     <span class='ocr_line' id='line_1_41' title="bbox 398 2431 1264 2474; baseline 0 -10"><span class='ocrx_word' id='word_1_291' title='bbox 398 2434 450 2464; x_wconf 71' lang='lat'>27.</span> <span class='ocrx_word' id='word_1_292' title='bbox 475 2432 576 2473; x_wconf 78' lang='lat' dir='ltr'>(Vers.</span> <span class='ocrx_word' id='word_1_293' title='bbox 601 2432 675 2469; x_wconf 82' lang='grc'><strong>15.).</strong></span> <span class='ocrx_word' id='word_1_294' title='bbox 700 2431 841 2465; x_wconf 89' lang='lat' dir='ltr'>Secundo</span> <span class='ocrx_word' id='word_1_295' title='bbox 856 2435 1009 2474; x_wconf 89' lang='lat' dir='ltr'>quantum</span> <span class='ocrx_word' id='word_1_296' title='bbox 1033 2431 1072 2464; x_wconf 88' lang='lat' dir='ltr'>ad</span> <span class='ocrx_word' id='word_1_297' title='bbox 1095 2431 1264 2464; x_wconf 79' lang='lat' dir='ltr'>rebellium</span> 
     </span>
     <span class='ocr_line' id='line_1_42' title="bbox 311 2483 1264 2526; baseline 0 -9"><span class='ocrx_word' id='word_1_298' title='bbox 311 2483 608 2526; x_wconf 76' lang='lat' dir='ltr'>reprehensionem,</span> <span class='ocrx_word' id='word_1_299' title='bbox 644 2494 707 2526; x_wconf 84' lang='lat' dir='ltr'>qua</span> <span class='ocrx_word' id='word_1_300' title='bbox 737 2484 881 2517; x_wconf 89' lang='lat' dir='ltr'>Christus</span> <span class='ocrx_word' id='word_1_301' title='bbox 915 2493 1026 2517; x_wconf 90' lang='lat' dir='ltr'>eorum</span> <span class='ocrx_word' id='word_1_302' title='bbox 1061 2485 1264 2526; x_wconf 87' lang='lat' dir='ltr'>supercilium</span> 
     </span>
     <span class='ocr_line' id='line_1_43' title="bbox 310 2537 1266 2581; baseline 0 -12"><span class='ocrx_word' id='word_1_303' title='bbox 310 2537 522 2579; x_wconf 85' lang='lat' dir='ltr'>deprimebat,</span> <span class='ocrx_word' id='word_1_304' title='bbox 548 2537 712 2570; x_wconf 86' lang='lat' dir='ltr'>subditur:</span> <span class='ocrx_word' id='word_1_305' title='bbox 739 2538 779 2569; x_wconf 87' lang='lat' dir='ltr'>Et</span> <span class='ocrx_word' id='word_1_306' title='bbox 801 2537 849 2569; x_wconf 85' lang='lat' dir='ltr'>ait</span> <span class='ocrx_word' id='word_1_307' title='bbox 880 2537 963 2569; x_wconf 81' lang='lat' dir='ltr'>illis.-</span> <span class='ocrx_word' id='word_1_308' title='bbox 997 2537 1055 2570; x_wconf 80' lang='lat' dir='ltr'>Vos</span> <span class='ocrx_word' id='word_1_309' title='bbox 1077 2538 1173 2576; x_wconf 72' lang='lat' dir='ltr'>estis,</span> <span class='ocrx_word' id='word_1_310' title='bbox 1206 2537 1266 2581; x_wconf 83' lang='lat' dir='ltr'>qui</span> 
     </span>
     <span class='ocr_line' id='line_1_44' title="bbox 311 2588 1264 2631; baseline 0 -9"><span class='ocrx_word' id='word_1_311' title='bbox 311 2589 502 2631; x_wconf 70' lang='lat' dir='ltr'>iustificati-5</span> <span class='ocrx_word' id='word_1_312' title='bbox 517 2599 574 2622; x_wconf 82' lang='lat' dir='ltr'>vos</span> <span class='ocrx_word' id='word_1_313' title='bbox 597 2599 712 2622; x_wconf 84' lang='lat' dir='ltr'>eoram</span> <span class='ocrx_word' id='word_1_314' title='bbox 732 2588 934 2628; x_wconf 80' lang='lat' dir='ltr'>bominibus,</span> <span class='ocrx_word' id='word_1_315' title='bbox 955 2599 1011 2631; x_wconf 88' lang='lat' dir='ltr'>per</span> <span class='ocrx_word' id='word_1_316' title='bbox 1027 2590 1264 2623; x_wconf 85' lang='lat' dir='ltr'>ostentationem</span> 
     </span>
     <span class='ocr_line' id='line_1_45' title="bbox 310 2642 1265 2685; baseline 0.001 -10"><span class='ocrx_word' id='word_1_317' title='bbox 310 2643 448 2675; x_wconf 87' lang='lat' dir='ltr'>iustitiae</span> <span class='ocrx_word' id='word_1_318' title='bbox 465 2646 604 2680; x_wconf 81' lang='lat' dir='ltr'>vestrae,</span> <span class='ocrx_word' id='word_1_319' title='bbox 632 2642 695 2684; x_wconf 87' lang='lat' dir='ltr'>qua</span> <span class='ocrx_word' id='word_1_320' title='bbox 718 2651 774 2675; x_wconf 87' lang='lat' dir='ltr'>vos</span> <span class='ocrx_word' id='word_1_321' title='bbox 789 2642 872 2684; x_wconf 87' lang='lat' dir='ltr'>ipsos</span> <span class='ocrx_word' id='word_1_322' title='bbox 896 2643 994 2675; x_wconf 86' lang='lat' dir='ltr'>iustos</span> <span class='ocrx_word' id='word_1_323' title='bbox 1017 2643 1199 2685; x_wconf 55' lang='lat' dir='ltr'>reputati-57</span> <span class='ocrx_word' id='word_1_324' title='bbox 1226 2643 1265 2676; x_wconf 87' lang='lat' dir='ltr'>ad</span> 
     </span>
    </p>
   </div>
   <div class='ocr_carea' id='block_1_3' title="bbox 141 1645 289 1673">
    <p class='ocr_par' dir='ltr' id='par_1_6' title="bbox 141 1645 289 1673">
     <span class='ocr_line' id='line_1_46' title="bbox 141 1645 289 1673; baseline 0 -7"><span class='ocrx_word' id='word_1_325' title='bbox 141 1646 195 1673; x_wconf 80' lang='lat' dir='ltr'>Quia</span> <span class='ocrx_word' id='word_1_326' title='bbox 209 1645 289 1673; x_wconf 85' lang='lat' dir='ltr'>cupidi.</span> 
     </span>
    </p>
   </div>
   <div class='ocr_carea' id='block_1_4' title="bbox 147 2491 292 2545">
    <p class='ocr_par' dir='ltr' id='par_1_7' title="bbox 147 2491 292 2545">
     <span class='ocr_line' id='line_1_47' title="bbox 160 2491 279 2513; baseline 0.008 -1"><span class='ocrx_word' id='word_1_327' title='bbox 160 2491 279 2513; x_wconf 70' lang='lat' dir='ltr'>uehentum</span> 
     </span>
     <span class='ocr_line' id='line_1_48' title="bbox 147 2518 292 2545; baseline 0 -6"><span class='ocrx_word' id='word_1_328' title='bbox 147 2518 292 2545; x_wconf 75' lang='lat' dir='ltr'>reprehensio.</span> 
     </span>
    </p>
   </div>
   <div class='ocr_carea' id='block_1_5' title="bbox 314 2850 1267 2972">
    <p class='ocr_par' dir='ltr' id='par_1_8' title="bbox 314 2850 1267 2972">
     <span class='ocr_line' id='line_1_49' title="bbox 385 2850 550 2876; baseline 0 -1"><span class='ocrx_word' id='word_1_329' title='bbox 385 2850 392 2864; x_wconf 91' lang='lat'>¹</span> <span class='ocrx_word' id='word_1_330' title='bbox 416 2851 488 2876; x_wconf 82' lang='lat' dir='ltr'>Vers.</span> <span class='ocrx_word' id='word_1_331' title='bbox 509 2851 550 2875; x_wconf 73' lang='lat'>46.</span> 
     </span>
     <span class='ocr_line' id='line_1_50' title="bbox 383 2893 1266 2927; baseline 0.002 -8"><span class='ocrx_word' id='word_1_332' title='bbox 383 2893 394 2908; x_wconf 82' lang='lat'>¹</span> <span class='ocrx_word' id='word_1_333' title='bbox 414 2895 448 2920; x_wconf 87' lang='lat' dir='ltr'>lta</span> <span class='ocrx_word' id='word_1_334' title='bbox 468 2894 545 2920; x_wconf 81' lang='lat' dir='ltr'>etiam</span> <span class='ocrx_word' id='word_1_335' title='bbox 566 2895 592 2919; x_wconf 77' lang='grc' dir='ltr'>Β.</span> <span class='ocrx_word' id='word_1_336' title='bbox 619 2893 728 2925; x_wconf 60' lang='lat' dir='ltr'>albert,</span> <span class='ocrx_word' id='word_1_337' title='bbox 748 2895 773 2920; x_wconf 86' lang='lat' dir='ltr'>S.</span> <span class='ocrx_word' id='word_1_338' title='bbox 788 2895 893 2920; x_wconf 88' lang='lat' dir='ltr'>&#39;Thom.</span> <span class='ocrx_word' id='word_1_339' title='bbox 916 2894 979 2927; x_wconf 87' lang='lat' dir='ltr'>(Cnt.</span> <span class='ocrx_word' id='word_1_340' title='bbox 999 2902 1078 2921; x_wconf 79' lang='lat' dir='ltr'>aurea</span> <span class='ocrx_word' id='word_1_341' title='bbox 1099 2896 1122 2921; x_wconf 89' lang='lat' dir='ltr'>in</span> <span class='ocrx_word' id='word_1_342' title='bbox 1142 2897 1202 2921; x_wconf 89' lang='lat' dir='ltr'>Luc.</span> <span class='ocrx_word' id='word_1_343' title='bbox 1224 2897 1266 2921; x_wconf 70' lang='lat'>⁴6.</span> 
     </span>
     <span class='ocr_line' id='line_1_51' title="bbox 314 2938 1267 2972; baseline 0.002 -9"><span class='ocrx_word' id='word_1_344' title='bbox 314 2946 338 2964; x_wconf 93' lang='lat' dir='ltr'>n.</span> <span class='ocrx_word' id='word_1_345' title='bbox 359 2938 394 2971; x_wconf 84' lang='lat'>3.)</span> <span class='ocrx_word' id='word_1_346' title='bbox 413 2941 439 2964; x_wconf 86' lang='lat' dir='ltr'>et</span> <span class='ocrx_word' id='word_1_347' title='bbox 457 2939 602 2969; x_wconf 72' lang='lat' dir='ltr'>Gorranus,</span> <span class='ocrx_word' id='word_1_348' title='bbox 624 2938 733 2970; x_wconf 83' lang='lat' dir='ltr'>Vulgata</span> <span class='ocrx_word' id='word_1_349' title='bbox 753 2938 841 2964; x_wconf 85' lang='lat' dir='ltr'>illum.</span> <span class='ocrx_word' id='word_1_350' title='bbox 860 2952 893 2957; x_wconf 91' lang='lat'>—</span> <span class='ocrx_word' id='word_1_351' title='bbox 914 2939 969 2965; x_wconf 89' lang='lat' dir='ltr'>Duo</span> <span class='ocrx_word' id='word_1_352' title='bbox 988 2946 1063 2972; x_wconf 84' lang='lat' dir='ltr'>seqq.</span> <span class='ocrx_word' id='word_1_353' title='bbox 1082 2940 1130 2965; x_wconf 90' lang='lat' dir='ltr'>loci</span> <span class='ocrx_word' id='word_1_354' title='bbox 1144 2943 1204 2965; x_wconf 81' lang='lat' dir='ltr'>sunt</span> <span class='ocrx_word' id='word_1_355' title='bbox 1222 2939 1267 2965; x_wconf 88' lang='lat' dir='ltr'>lob</span> 
     </span>
    </p>
   </div>
   <div class='ocr_carea' id='block_1_6' title="bbox 313 2981 1272 3458">
    <p class='ocr_par' dir='ltr' id='par_1_9' title="bbox 313 2981 1268 3058">
     <span class='ocr_line' id='line_1_52' title="bbox 316 2981 1268 3015; baseline 0.001 -7"><span class='ocrx_word' id='word_1_356' title='bbox 316 2984 362 3014; x_wconf 71' lang='lat'>⁴2,</span> <span class='ocrx_word' id='word_1_357' title='bbox 382 2983 405 3008; x_wconf 76' lang='lat'>4.</span> <span class='ocrx_word' id='word_1_358' title='bbox 425 2990 481 3015; x_wconf 84' lang='lat' dir='ltr'>seq.</span> <span class='ocrx_word' id='word_1_359' title='bbox 500 2986 525 3008; x_wconf 88' lang='lat' dir='ltr'>et</span> <span class='ocrx_word' id='word_1_360' title='bbox 545 2983 620 3008; x_wconf 80' lang='lat' dir='ltr'>Prov.</span> <span class='ocrx_word' id='word_1_361' title='bbox 644 2983 687 3014; x_wconf 82' lang='lat'>15,</span> <span class='ocrx_word' id='word_1_362' title='bbox 708 2981 733 3008; x_wconf 79' lang='lat'>5:</span> <span class='ocrx_word' id='word_1_363' title='bbox 751 2996 785 3001; x_wconf 96' lang='lat'><strong>—</strong></span> <span class='ocrx_word' id='word_1_364' title='bbox 805 2983 912 3008; x_wconf 78' lang='lat' dir='ltr'>Interius</span> <span class='ocrx_word' id='word_1_365' title='bbox 932 2990 979 3015; x_wconf 82' lang='lat' dir='ltr'>pro</span> <span class='ocrx_word' id='word_1_366' title='bbox 1000 2983 1035 3009; x_wconf 89' lang='lat' dir='ltr'>Et</span> <span class='ocrx_word' id='word_1_367' title='bbox 1051 2983 1122 3010; x_wconf 77' lang='lat' dir='ltr'>sicut</span> <span class='ocrx_word' id='word_1_368' title='bbox 1142 2984 1198 3009; x_wconf 80' lang='lat' dir='ltr'>Vnt.</span> <span class='ocrx_word' id='word_1_369' title='bbox 1224 2983 1268 3009; x_wconf 83' lang='lat' dir='ltr'>Vel</span> 
     </span>
     <span class='ocr_line' id='line_1_53' title="bbox 313 3025 620 3058; baseline -0.007 -5"><span class='ocrx_word' id='word_1_370' title='bbox 313 3026 396 3058; x_wconf 78' lang='lat' dir='ltr'>sicut,</span> <span class='ocrx_word' id='word_1_371' title='bbox 419 3027 439 3052; x_wconf 90' lang='lat' dir='ltr'>ll</span> <span class='ocrx_word' id='word_1_372' title='bbox 460 3027 524 3052; x_wconf 84' lang='lat' dir='ltr'>llem</span> <span class='ocrx_word' id='word_1_373' title='bbox 543 3025 620 3053; x_wconf 78' lang='lat' dir='ltr'>sicut.</span> 
     </span>
    </p>

    <p class='ocr_par' dir='ltr' id='par_1_10' title="bbox 314 3068 1269 3146">
     <span class='ocr_line' id='line_1_54' title="bbox 384 3068 1269 3105; baseline 0.001 -10"><span class='ocrx_word' id='word_1_374' title='bbox 384 3068 394 3084; x_wconf 81' lang='lat'>⁸</span> <span class='ocrx_word' id='word_1_375' title='bbox 415 3071 507 3096; x_wconf 78' lang='lat' dir='ltr'>Psalm.</span> <span class='ocrx_word' id='word_1_376' title='bbox 527 3070 574 3102; x_wconf 86' lang='lat'>57,</span> <span class='ocrx_word' id='word_1_377' title='bbox 595 3070 620 3095; x_wconf 84' lang='grc'>5.</span> <span class='ocrx_word' id='word_1_378' title='bbox 639 3084 673 3089; x_wconf 96' lang='grc'>-</span> <span class='ocrx_word' id='word_1_379' title='bbox 692 3071 780 3096; x_wconf 82' lang='lat' dir='ltr'>Glossa</span> <span class='ocrx_word' id='word_1_380' title='bbox 800 3077 855 3103; x_wconf 78' lang='lat' dir='ltr'>seq.</span> <span class='ocrx_word' id='word_1_381' title='bbox 875 3073 914 3096; x_wconf 84' lang='lat' dir='ltr'>est</span> <span class='ocrx_word' id='word_1_382' title='bbox 932 3070 1074 3097; x_wconf 78' lang='lat' dir='ltr'>ordinaria</span> <span class='ocrx_word' id='word_1_383' title='bbox 1088 3071 1129 3104; x_wconf 86' lang='lat' dir='ltr'>(ex</span> <span class='ocrx_word' id='word_1_384' title='bbox 1143 3071 1224 3105; x_wconf 83' lang='lat' dir='ltr'>Beda)</span> <span class='ocrx_word' id='word_1_385' title='bbox 1244 3071 1269 3096; x_wconf 86' lang='lat' dir='ltr'>in</span> 
     </span>
     <span class='ocr_line' id='line_1_55' title="bbox 314 3114 1255 3146; baseline 0.002 -7"><span class='ocrx_word' id='word_1_386' title='bbox 314 3114 376 3139; x_wconf 85' lang='lat' dir='ltr'>Luc.</span> <span class='ocrx_word' id='word_1_387' title='bbox 396 3114 442 3146; x_wconf 75' lang='grc'>1-6,</span> <span class='ocrx_word' id='word_1_388' title='bbox 464 3114 506 3140; x_wconf 73' lang='grc'>16.</span> <span class='ocrx_word' id='word_1_389' title='bbox 1252 3122 1255 3124; x_wconf 93' lang='grc'><strong><em>·</em></strong></span> 
     </span>
    </p>

    <p class='ocr_par' dir='ltr' id='par_1_11' title="bbox 318 3157 1270 3233">
     <span class='ocr_line' id='line_1_56' title="bbox 383 3157 1270 3199; baseline 0.001 -16"><span class='ocrx_word' id='word_1_390' title='bbox 383 3157 394 3171; x_wconf 79' lang='lat'><strong>⁴</strong></span> <span class='ocrx_word' id='word_1_391' title='bbox 413 3158 516 3184; x_wconf 83' lang='lat' dir='ltr'>Scilicet</span> <span class='ocrx_word' id='word_1_392' title='bbox 534 3157 716 3185; x_wconf 73' lang='lat' dir='ltr'>interlinearis</span> <span class='ocrx_word' id='word_1_393' title='bbox 737 3158 760 3184; x_wconf 85' lang='lat' dir='ltr'>in</span> <span class='ocrx_word' id='word_1_394' title='bbox 780 3159 843 3199; x_wconf 83' lang='lat' dir='ltr'>Luc.</span> <span class='ocrx_word' id='word_1_395' title='bbox 864 3158 910 3190; x_wconf 79' lang='lat' dir='ltr'>l6,</span> <span class='ocrx_word' id='word_1_396' title='bbox 932 3157 972 3184; x_wconf 70' lang='lat' dir='ltr'>it.</span> <span class='ocrx_word' id='word_1_397' title='bbox 992 3172 1027 3178; x_wconf 93' lang='lat'><strong>—</strong></span> <span class='ocrx_word' id='word_1_398' title='bbox 1046 3159 1169 3191; x_wconf 81' lang='lat' dir='ltr'>Sequitur</span> <span class='ocrx_word' id='word_1_399' title='bbox 1194 3159 1270 3184; x_wconf 81' lang='lat' dir='ltr'>Prov.</span> 
     </span>
     <span class='ocr_line' id='line_1_57' title="bbox 318 3202 406 3233; baseline 0.023 -8"><span class='ocrx_word' id='word_1_400' title='bbox 318 3202 362 3233; x_wconf 72' lang='lat' dir='ltr'>is,</span> <span class='ocrx_word' id='word_1_401' title='bbox 382 3203 406 3227; x_wconf 77' lang='lat'>2.</span> 
     </span>
    </p>

    <p class='ocr_par' dir='ltr' id='par_1_12' title="bbox 315 3245 1271 3321">
     <span class='ocr_line' id='line_1_58' title="bbox 384 3245 1271 3280; baseline 0.001 -8"><span class='ocrx_word' id='word_1_402' title='bbox 384 3245 512 3279; x_wconf 64' lang='lat' dir='ltr'>&#39;&#39;Nempe</span> <span class='ocrx_word' id='word_1_403' title='bbox 531 3247 672 3274; x_wconf 74' lang='lat' dir='ltr'>ordinaria</span> <span class='ocrx_word' id='word_1_404' title='bbox 698 3249 738 3280; x_wconf 78' lang='lat' dir='ltr'>(ex</span> <span class='ocrx_word' id='word_1_405' title='bbox 758 3248 838 3280; x_wconf 80' lang='lat' dir='ltr'>Beda)</span> <span class='ocrx_word' id='word_1_406' title='bbox 859 3248 884 3273; x_wconf 93' lang='lat' dir='ltr'>in</span> <span class='ocrx_word' id='word_1_407' title='bbox 909 3248 971 3273; x_wconf 90' lang='lat' dir='ltr'>Luc.</span> <span class='ocrx_word' id='word_1_408' title='bbox 992 3248 1039 3279; x_wconf 75' lang='grc'>16,</span> <span class='ocrx_word' id='word_1_409' title='bbox 1061 3247 1102 3273; x_wconf 84' lang='grc'>16.</span> <span class='ocrx_word' id='word_1_410' title='bbox 1129 3250 1154 3273; x_wconf 85' lang='lat' dir='ltr'>et</span> <span class='ocrx_word' id='word_1_411' title='bbox 1175 3247 1271 3273; x_wconf 81' lang='lat' dir='ltr'>deinde</span> 
     </span>
     <span class='ocr_line' id='line_1_59' title="bbox 315 3291 485 3321; baseline 0.006 -5"><span class='ocrx_word' id='word_1_412' title='bbox 315 3291 389 3316; x_wconf 88' lang='lat' dir='ltr'>Prov.</span> <span class='ocrx_word' id='word_1_413' title='bbox 411 3292 440 3321; x_wconf 85' lang='grc'>9,</span> <span class='ocrx_word' id='word_1_414' title='bbox 459 3292 485 3317; x_wconf 90' lang='grc'>7.</span> 
     </span>
    </p>

    <p class='ocr_par' dir='ltr' id='par_1_13' title="bbox 315 3326 1272 3413">
     <span class='ocr_line' id='line_1_60' title="bbox 384 3326 1272 3370; baseline 0.001 -10"><span class='ocrx_word' id='word_1_415' title='bbox 384 3332 396 3348; x_wconf 75' lang='lat'><strong>⁶</strong></span> <span class='ocrx_word' id='word_1_416' title='bbox 416 3335 491 3361; x_wconf 83' lang='lat' dir='ltr'>Vers.</span> <span class='ocrx_word' id='word_1_417' title='bbox 509 3335 534 3361; x_wconf 88' lang='grc'>3.</span> <span class='ocrx_word' id='word_1_418' title='bbox 555 3350 586 3354; x_wconf 93' lang='grc'>-</span> <span class='ocrx_word' id='word_1_419' title='bbox 607 3336 664 3362; x_wconf 86' lang='lat' dir='ltr'>Duo</span> <span class='ocrx_word' id='word_1_420' title='bbox 683 3343 756 3370; x_wconf 76' lang='lat' dir='ltr'>seqq.</span> <span class='ocrx_word' id='word_1_421' title='bbox 782 3336 831 3362; x_wconf 89' lang='lat' dir='ltr'>loci</span> <span class='ocrx_word' id='word_1_422' title='bbox 856 3339 917 3362; x_wconf 89' lang='lat' dir='ltr'>sunt</span> <span class='ocrx_word' id='word_1_423' title='bbox 936 3335 981 3362; x_wconf 93' lang='lat' dir='ltr'>lob</span> <span class='ocrx_word' id='word_1_424' title='bbox 999 3326 1030 3367; x_wconf 74' lang='lat'>9,</span> <span class='ocrx_word' id='word_1_425' title='bbox 1050 3336 1092 3361; x_wconf 71' lang='grc' dir='ltr'>ΞΟ.</span> <span class='ocrx_word' id='word_1_426' title='bbox 1112 3335 1182 3368; x_wconf 88' lang='lat' dir='ltr'>(post</span> <span class='ocrx_word' id='word_1_427' title='bbox 1199 3335 1272 3362; x_wconf 67' lang='lat' dir='ltr'>inno-</span> 
     </span>
     <span class='ocr_line' id='line_1_61' title="bbox 315 3375 1272 3413; baseline 0.001 -8"><span class='ocrx_word' id='word_1_428' title='bbox 315 3381 414 3405; x_wconf 79' lang='lat' dir='ltr'>centem</span> <span class='ocrx_word' id='word_1_429' title='bbox 434 3380 543 3412; x_wconf 79' lang='lat' dir='ltr'>Vulgatu</span> <span class='ocrx_word' id='word_1_430' title='bbox 563 3380 636 3406; x_wconf 83' lang='lat' dir='ltr'>addit</span> <span class='ocrx_word' id='word_1_431' title='bbox 648 3375 800 3413; x_wconf 63' lang='lat' dir='ltr'>ostermere,</span> <span class='ocrx_word' id='word_1_432' title='bbox 822 3381 879 3407; x_wconf 81' lang='lat' dir='ltr'>vat.</span> <span class='ocrx_word' id='word_1_433' title='bbox 891 3379 1040 3410; x_wconf 69' lang='lat' dir='ltr'>ostendere)</span> <span class='ocrx_word' id='word_1_434' title='bbox 1053 3383 1080 3406; x_wconf 85' lang='lat' dir='ltr'>et</span> <span class='ocrx_word' id='word_1_435' title='bbox 1092 3380 1179 3407; x_wconf 78' lang='lat' dir='ltr'>Matth.</span> <span class='ocrx_word' id='word_1_436' title='bbox 1196 3381 1227 3411; x_wconf 81' lang='lat'>6,</span> <span class='ocrx_word' id='word_1_437' title='bbox 1247 3381 1272 3407; x_wconf 71' lang='grc'>4.</span> 
     </span>
    </p>

    <p class='ocr_par' dir='ltr' id='par_1_14' title="bbox 385 3421 1271 3458">
     <span class='ocr_line' id='line_1_62' title="bbox 385 3421 1271 3458; baseline 0.002 -10"><span class='ocrx_word' id='word_1_438' title='bbox 385 3421 395 3436; x_wconf 96' lang='lat'>⁷</span> <span class='ocrx_word' id='word_1_439' title='bbox 415 3423 509 3449; x_wconf 78' lang='lat' dir='ltr'>Psalm.</span> <span class='ocrx_word' id='word_1_440' title='bbox 532 3424 596 3456; x_wconf 79' lang='grc'><strong>-137,</strong></span> <span class='ocrx_word' id='word_1_441' title='bbox 615 3425 645 3457; x_wconf 81' lang='grc'>6,</span> <span class='ocrx_word' id='word_1_442' title='bbox 665 3428 822 3458; x_wconf 81' lang='lat' dir='ltr'>postquem</span> <span class='ocrx_word' id='word_1_443' title='bbox 850 3425 923 3451; x_wconf 82' lang='lat' dir='ltr'>Prov.</span> <span class='ocrx_word' id='word_1_444' title='bbox 951 3425 997 3458; x_wconf 73' lang='grc'>46,</span> <span class='ocrx_word' id='word_1_445' title='bbox 1020 3425 1045 3451; x_wconf 82' lang='lat'>2.</span> <span class='ocrx_word' id='word_1_446' title='bbox 1063 3427 1088 3451; x_wconf 83' lang='lat' dir='ltr'>et</span> <span class='ocrx_word' id='word_1_447' title='bbox 1107 3425 1154 3451; x_wconf 81' lang='lat' dir='ltr'>ler.</span> <span class='ocrx_word' id='word_1_448' title='bbox 1180 3425 1221 3455; x_wconf 80' lang='lat'>⁴7,</span> <span class='ocrx_word' id='word_1_449' title='bbox 1247 3426 1271 3457; x_wconf 80' lang='lat'>9,</span> 
     </span>
    </p>
   </div>
   <div class='ocr_carea' id='block_1_7' title="bbox 1286 426 1299 2632">
    <p class='ocr_par' dir='ltr' id='par_1_15' title="bbox 1286 426 1299 2632">
     <span class='ocr_line' id='line_1_63' title="bbox 1286 426 1299 2632; baseline 0 0"><span class='ocrx_word' id='word_1_450' title='bbox 1286 426 1299 2632; x_wconf 95' lang='lat' dir='ltr'> </span> 
     </span>
    </p>
   </div>
   <div class='ocr_carea' id='block_1_8' title="bbox 880 271 1693 307">
    <p class='ocr_par' dir='ltr' id='par_1_16' title="bbox 880 271 1693 307">
     <span class='ocr_line' id='line_1_64' title="bbox 880 271 1693 307; baseline -0.004 0"><span class='ocrx_word' id='word_1_451' title='bbox 880 274 1073 307; x_wconf 86' lang='lat' dir='ltr'>COMMENT.</span> <span class='ocrx_word' id='word_1_452' title='bbox 1099 274 1135 306; x_wconf 90' lang='grc' dir='ltr'>ΙΝ</span> <span class='ocrx_word' id='word_1_453' title='bbox 1161 273 1398 306; x_wconf 76' lang='lat' dir='ltr'>EVANGELIUM</span> <span class='ocrx_word' id='word_1_454' title='bbox 1422 272 1539 305; x_wconf 70' lang='lat' dir='ltr'>LUCAE</span> <span class='ocrx_word' id='word_1_455' title='bbox 1563 271 1594 304; x_wconf 87' lang='lat' dir='ltr'>C.</span> <span class='ocrx_word' id='word_1_456' title='bbox 1619 272 1693 305; x_wconf 83' lang='lat' dir='ltr'><strong>XVI.</strong></span> 
     </span>
    </p>
   </div>
   <div class='ocr_carea' id='block_1_9' title="bbox 1319 359 2453 2686">
    <p class='ocr_par' dir='ltr' id='par_1_17' title="bbox 1319 359 2434 1888">
     <span class='ocr_line' id='line_1_65' title="bbox 1321 359 2279 402; baseline 0.001 -8"><span class='ocrx_word' id='word_1_457' title='bbox 1321 362 1472 394; x_wconf 87' lang='lat' dir='ltr'>Romanos</span> <span class='ocrx_word' id='word_1_458' title='bbox 1488 359 1608 394; x_wconf 90' lang='lat' dir='ltr'>decimo</span> <span class='ocrx_word' id='word_1_459' title='bbox 1619 360 1646 393; x_wconf 81' lang='lat'>⁶:</span> <span class='ocrx_word' id='word_1_460' title='bbox 1670 373 1685 389; x_wconf 70' lang='grc' dir='ltr'><strong><em>κ</em></strong></span> <span class='ocrx_word' id='word_1_461' title='bbox 1702 360 1883 402; x_wconf 86' lang='lat' dir='ltr'>Ignorantes</span> <span class='ocrx_word' id='word_1_462' title='bbox 1899 359 2049 394; x_wconf 89' lang='lat' dir='ltr'>iustitiam</span> <span class='ocrx_word' id='word_1_463' title='bbox 2067 360 2121 394; x_wconf 90' lang='lat' dir='ltr'>Dei</span> <span class='ocrx_word' id='word_1_464' title='bbox 2141 364 2173 394; x_wconf 88' lang='lat' dir='ltr'>et</span> <span class='ocrx_word' id='word_1_465' title='bbox 2189 370 2279 395; x_wconf 85' lang='lat' dir='ltr'>suam</span> 
     </span>
     <span class='ocr_line' id='line_1_66' title="bbox 1321 413 2280 452; baseline 0.001 -6"><span class='ocrx_word' id='word_1_466' title='bbox 1321 414 1459 447; x_wconf 89' lang='lat' dir='ltr'>volentes</span> <span class='ocrx_word' id='word_1_467' title='bbox 1481 417 1638 452; x_wconf 89' lang='lat' dir='ltr'>statuere,</span> <span class='ocrx_word' id='word_1_468' title='bbox 1663 413 1800 446; x_wconf 87' lang='lat' dir='ltr'>iustitiae</span> <span class='ocrx_word' id='word_1_469' title='bbox 1823 413 1878 446; x_wconf 89' lang='lat' dir='ltr'>Dei</span> <span class='ocrx_word' id='word_1_470' title='bbox 1910 422 1973 446; x_wconf 90' lang='lat' dir='ltr'>non</span> <span class='ocrx_word' id='word_1_471' title='bbox 1997 417 2072 446; x_wconf 90' lang='lat' dir='ltr'>sunt</span> <span class='ocrx_word' id='word_1_472' title='bbox 2095 413 2227 449; x_wconf 87' lang='lat' dir='ltr'>subiecti</span> <span class='ocrx_word' id='word_1_473' title='bbox 2249 427 2280 447; x_wconf 76' lang='lat' dir='ltr'>n.</span> 
     </span>
     <span class='ocr_line' id='line_1_67' title="bbox 1320 466 2280 508; baseline 0 -9"><span class='ocrx_word' id='word_1_474' title='bbox 1320 467 1388 508; x_wconf 91' lang='lat' dir='ltr'>Qua</span> <span class='ocrx_word' id='word_1_475' title='bbox 1411 467 1503 505; x_wconf 90' lang='lat' dir='ltr'>etiam</span> <span class='ocrx_word' id='word_1_476' title='bbox 1528 466 1627 499; x_wconf 86' lang='lat' dir='ltr'>iustos</span> <span class='ocrx_word' id='word_1_477' title='bbox 1646 475 1700 499; x_wconf 88' lang='lat' dir='ltr'>vos</span> <span class='ocrx_word' id='word_1_478' title='bbox 1715 466 1844 504; x_wconf 69' lang='lat' dir='ltr'>dicitis,</span> <span class='ocrx_word' id='word_1_479' title='bbox 1869 470 1980 500; x_wconf 89' lang='lat' dir='ltr'>contra</span> <span class='ocrx_word' id='word_1_480' title='bbox 2002 467 2080 499; x_wconf 87' lang='lat' dir='ltr'>illud</span> <span class='ocrx_word' id='word_1_481' title='bbox 2103 467 2156 500; x_wconf 89' lang='lat' dir='ltr'>lob</span> <span class='ocrx_word' id='word_1_482' title='bbox 2179 476 2280 501; x_wconf 88' lang='lat' dir='ltr'>nono:</span> 
     </span>
     <span class='ocr_line' id='line_1_68' title="bbox 1325 519 2282 558; baseline 0.001 -6"><span class='ocrx_word' id='word_1_483' title='bbox 1325 520 1386 552; x_wconf 82' lang='lat' dir='ltr'>«Si</span> <span class='ocrx_word' id='word_1_484' title='bbox 1411 519 1582 552; x_wconf 84' lang='lat' dir='ltr'>iustificare</span> <span class='ocrx_word' id='word_1_485' title='bbox 1614 529 1663 552; x_wconf 90' lang='lat' dir='ltr'>me</span> <span class='ocrx_word' id='word_1_486' title='bbox 1687 519 1835 558; x_wconf 90' lang='lat' dir='ltr'>voluero,</span> <span class='ocrx_word' id='word_1_487' title='bbox 1859 528 1895 551; x_wconf 91' lang='lat' dir='ltr'>os</span> <span class='ocrx_word' id='word_1_488' title='bbox 1926 528 2032 552; x_wconf 89' lang='lat' dir='ltr'>meum</span> <span class='ocrx_word' id='word_1_489' title='bbox 2063 519 2282 553; x_wconf 87' lang='lat' dir='ltr'>condemnabit</span> 
     </span>
     <span class='ocr_line' id='line_1_69' title="bbox 1321 572 2282 614; baseline 0.001 -9"><span class='ocrx_word' id='word_1_490' title='bbox 1321 582 1388 611; x_wconf 89' lang='lat' dir='ltr'>me;</span> <span class='ocrx_word' id='word_1_491' title='bbox 1413 573 1437 605; x_wconf 86' lang='lat' dir='ltr'>si</span> <span class='ocrx_word' id='word_1_492' title='bbox 1463 573 1676 611; x_wconf 87' lang='lat' dir='ltr'>innocentem,</span> <span class='ocrx_word' id='word_1_493' title='bbox 1701 582 1834 614; x_wconf 89' lang='lat' dir='ltr'>pravum</span> <span class='ocrx_word' id='word_1_494' title='bbox 1860 581 1910 606; x_wconf 87' lang='lat' dir='ltr'>me</span> <span class='ocrx_word' id='word_1_495' title='bbox 1933 572 2196 614; x_wconf 79' lang='lat' dir='ltr'>comprobabit».</span> <span class='ocrx_word' id='word_1_496' title='bbox 2213 573 2282 614; x_wconf 86' lang='lat' dir='ltr'>Qua</span> 
     </span>
     <span class='ocr_line' id='line_1_70' title="bbox 1319 625 2282 671; baseline 0 -13"><span class='ocrx_word' id='word_1_497' title='bbox 1319 626 1412 659; x_wconf 89' lang='lat' dir='ltr'>etiam</span> <span class='ocrx_word' id='word_1_498' title='bbox 1438 626 1537 658; x_wconf 90' lang='lat' dir='ltr'>iustos</span> <span class='ocrx_word' id='word_1_499' title='bbox 1568 635 1627 671; x_wconf 17' lang='lat' dir='ltr'>vos*</span> <span class='ocrx_word' id='word_1_500' title='bbox 1645 625 1790 658; x_wconf 72' lang='lat' dir='ltr'>exterius</span> <span class='ocrx_word' id='word_1_501' title='bbox 1811 625 2046 667; x_wconf 64' lang='lat' dir='ltr'>praemunis,</span> <span class='ocrx_word' id='word_1_502' title='bbox 2070 628 2181 658; x_wconf 85' lang='lat' dir='ltr'>contra</span> <span class='ocrx_word' id='word_1_503' title='bbox 2203 625 2282 658; x_wconf 90' lang='lat' dir='ltr'>illud</span> 
     </span>
     <span class='ocr_line' id='line_1_71' title="bbox 1320 678 2282 717; baseline 0 -6"><span class='ocrx_word' id='word_1_504' title='bbox 1320 679 1464 711; x_wconf 87' lang='lat' dir='ltr'>Matthaei</span> <span class='ocrx_word' id='word_1_505' title='bbox 1493 682 1601 711; x_wconf 83' lang='lat' dir='ltr'>sexto:</span> <span class='ocrx_word' id='word_1_506' title='bbox 1638 691 1654 706; x_wconf 76' lang='grc' dir='ltr'><em>α</em></span> <span class='ocrx_word' id='word_1_507' title='bbox 1679 678 1853 717; x_wconf 80' lang='lat' dir='ltr'>Attendite,</span> <span class='ocrx_word' id='word_1_508' title='bbox 1886 688 1925 711; x_wconf 93' lang='lat' dir='ltr'>ne</span> <span class='ocrx_word' id='word_1_509' title='bbox 1956 678 2107 712; x_wconf 88' lang='lat' dir='ltr'>iustitiam</span> <span class='ocrx_word' id='word_1_510' title='bbox 2143 681 2282 711; x_wconf 84' lang='lat' dir='ltr'>vestram</span> 
     </span>
     <span class='ocr_line' id='line_1_72' title="bbox 1320 731 2283 770; baseline -0.001 -6"><span class='ocrx_word' id='word_1_511' title='bbox 1320 732 1440 764; x_wconf 79' lang='lat' dir='ltr'>faciatis</span> <span class='ocrx_word' id='word_1_512' title='bbox 1463 741 1568 764; x_wconf 90' lang='lat' dir='ltr'>coram</span> <span class='ocrx_word' id='word_1_513' title='bbox 1594 731 1791 770; x_wconf 86' lang='lat' dir='ltr'>hominibus,</span> <span class='ocrx_word' id='word_1_514' title='bbox 1817 734 1852 764; x_wconf 89' lang='lat' dir='ltr'>ut</span> <span class='ocrx_word' id='word_1_515' title='bbox 1875 731 2042 764; x_wconf 85' lang='lat' dir='ltr'>videamini</span> <span class='ocrx_word' id='word_1_516' title='bbox 2064 731 2104 764; x_wconf 90' lang='lat' dir='ltr'>ab</span> <span class='ocrx_word' id='word_1_517' title='bbox 2128 731 2173 764; x_wconf 91' lang='lat' dir='ltr'>eis</span> <span class='ocrx_word' id='word_1_518' title='bbox 2190 744 2221 763; x_wconf 68' lang='grc' dir='ltr'>ν.</span> <span class='ocrx_word' id='word_1_519' title='bbox 2239 748 2283 754; x_wconf 88' lang='lat'>—-</span> 
     </span>
     <span class='ocr_line' id='line_1_73' title="bbox 1322 783 2283 827; baseline 0 -10"><span class='ocrx_word' id='word_1_520' title='bbox 1322 786 1356 817; x_wconf 88' lang='lat' dir='ltr'>Et</span> <span class='ocrx_word' id='word_1_521' title='bbox 1380 785 1528 827; x_wconf 91' lang='lat' dir='ltr'>quoniam</span> <span class='ocrx_word' id='word_1_522' title='bbox 1554 785 1623 817; x_wconf 88' lang='lat' dir='ltr'>talis</span> <span class='ocrx_word' id='word_1_523' title='bbox 1647 784 1825 816; x_wconf 78' lang='lat' dir='ltr'>iustificatio</span> <span class='ocrx_word' id='word_1_524' title='bbox 1855 784 1937 826; x_wconf 89' lang='lat' dir='ltr'>parit</span> <span class='ocrx_word' id='word_1_525' title='bbox 1967 785 2112 826; x_wconf 85' lang='lat' dir='ltr'>culpam,</span> <span class='ocrx_word' id='word_1_526' title='bbox 2136 784 2206 819; x_wconf 85' lang='lat' dir='ltr'>ideo</span> <span class='ocrx_word' id='word_1_527' title='bbox 2229 783 2283 817; x_wconf 84' lang='lat' dir='ltr'>ad-</span> 
     </span>
     <span class='ocr_line' id='line_1_74' title="bbox 1320 837 2283 879; baseline -0.001 -8"><span class='ocrx_word' id='word_1_528' title='bbox 1320 839 1383 871; x_wconf 89' lang='lat' dir='ltr'>dit:</span> <span class='ocrx_word' id='word_1_529' title='bbox 1411 839 1496 870; x_wconf 82' lang='lat' dir='ltr'>Deus</span> <span class='ocrx_word' id='word_1_530' title='bbox 1520 843 1628 871; x_wconf 81' lang='lat' dir='ltr'>autem</span> <span class='ocrx_word' id='word_1_531' title='bbox 1661 838 1752 870; x_wconf 80' lang='lat' dir='ltr'>nouit</span> <span class='ocrx_word' id='word_1_532' title='bbox 1779 837 1883 870; x_wconf 82' lang='lat' dir='ltr'>corda</span> <span class='ocrx_word' id='word_1_533' title='bbox 1907 842 2037 876; x_wconf 84' lang='lat' dir='ltr'>vestra,</span> <span class='ocrx_word' id='word_1_534' title='bbox 2063 847 2118 879; x_wconf 90' lang='lat' dir='ltr'>per</span> <span class='ocrx_word' id='word_1_535' title='bbox 2149 837 2283 870; x_wconf 85' lang='lat' dir='ltr'>detesta-</span> 
     </span>
     <span class='ocr_line' id='line_1_75' title="bbox 1322 890 2283 933; baseline -0.001 -9"><span class='ocrx_word' id='word_1_536' title='bbox 1322 893 1437 924; x_wconf 89' lang='lat' dir='ltr'>tionem</span> <span class='ocrx_word' id='word_1_537' title='bbox 1463 892 1652 933; x_wconf 87' lang='lat' dir='ltr'>superbiae;</span> <span class='ocrx_word' id='word_1_538' title='bbox 1686 891 1768 924; x_wconf 89' lang='lat' dir='ltr'>unde</span> <span class='ocrx_word' id='word_1_539' title='bbox 1800 900 1861 923; x_wconf 92' lang='lat' dir='ltr'>non</span> <span class='ocrx_word' id='word_1_540' title='bbox 1885 891 1976 923; x_wconf 85' lang='lat' dir='ltr'>novit</span> <span class='ocrx_word' id='word_1_541' title='bbox 2005 891 2045 923; x_wconf 89' lang='lat' dir='ltr'>ad</span> <span class='ocrx_word' id='word_1_542' title='bbox 2069 890 2283 933; x_wconf 86' lang='lat' dir='ltr'>probandum,</span> 
     </span>
     <span class='ocr_line' id='line_1_76' title="bbox 1321 943 2283 983; baseline -0.002 -5"><span class='ocrx_word' id='word_1_543' title='bbox 1321 945 1374 978; x_wconf 91' lang='lat' dir='ltr'>sed</span> <span class='ocrx_word' id='word_1_544' title='bbox 1398 945 1436 978; x_wconf 89' lang='lat' dir='ltr'>ad</span> <span class='ocrx_word' id='word_1_545' title='bbox 1461 945 1681 983; x_wconf 88' lang='lat' dir='ltr'>iudicandum;</span> <span class='ocrx_word' id='word_1_546' title='bbox 1698 944 1882 977; x_wconf 86' lang='lat' dir='ltr'>Psalmus⁷:</span> <span class='ocrx_word' id='word_1_547' title='bbox 1905 957 1921 973; x_wconf 77' lang='lat' dir='ltr'>&lt;x</span> <span class='ocrx_word' id='word_1_548' title='bbox 1938 944 2089 977; x_wconf 84' lang='lat' dir='ltr'>Excelsus</span> <span class='ocrx_word' id='word_1_549' title='bbox 2112 943 2283 982; x_wconf 86' lang='lat' dir='ltr'>Dominus,</span> 
     </span>
     <span class='ocr_line' id='line_1_77' title="bbox 1320 996 2284 1040; baseline -0.002 -9"><span class='ocrx_word' id='word_1_550' title='bbox 1320 1004 1351 1032; x_wconf 89' lang='lat' dir='ltr'>et</span> <span class='ocrx_word' id='word_1_551' title='bbox 1376 999 1507 1031; x_wconf 87' lang='lat' dir='ltr'>humilia</span> <span class='ocrx_word' id='word_1_552' title='bbox 1530 998 1658 1040; x_wconf 88' lang='lat' dir='ltr'>respicit</span> <span class='ocrx_word' id='word_1_553' title='bbox 1681 1001 1712 1030; x_wconf 89' lang='lat' dir='ltr'>et</span> <span class='ocrx_word' id='word_1_554' title='bbox 1736 998 1798 1031; x_wconf 89' lang='lat' dir='ltr'>alta</span> <span class='ocrx_word' id='word_1_555' title='bbox 1821 1007 1839 1030; x_wconf 87' lang='lat' dir='ltr'>a</span> <span class='ocrx_word' id='word_1_556' title='bbox 1863 998 1954 1039; x_wconf 87' lang='lat' dir='ltr'>longe</span> <span class='ocrx_word' id='word_1_557' title='bbox 1978 997 2179 1039; x_wconf 75' lang='lat' dir='ltr'>cognoscit».</span> <span class='ocrx_word' id='word_1_558' title='bbox 2196 996 2284 1029; x_wconf 89' lang='lat' dir='ltr'>Unde</span> 
     </span>
     <span class='ocr_line' id='line_1_78' title="bbox 1320 1050 2284 1085; baseline -0.003 0"><span class='ocrx_word' id='word_1_559' title='bbox 1320 1052 1436 1085; x_wconf 88' lang='lat' dir='ltr'>dicitur</span> <span class='ocrx_word' id='word_1_560' title='bbox 1468 1051 1710 1084; x_wconf 88' lang='lat' dir='ltr'>Proverbiorum</span> <span class='ocrx_word' id='word_1_561' title='bbox 1742 1051 1864 1084; x_wconf 90' lang='lat' dir='ltr'>decimo</span> <span class='ocrx_word' id='word_1_562' title='bbox 1893 1054 2002 1083; x_wconf 81' lang='lat' dir='ltr'>sexto:</span> <span class='ocrx_word' id='word_1_563' title='bbox 2032 1062 2047 1078; x_wconf 72' lang='grc' dir='ltr'><em>α</em></span> <span class='ocrx_word' id='word_1_564' title='bbox 2069 1050 2185 1083; x_wconf 88' lang='lat' dir='ltr'>Omnes</span> <span class='ocrx_word' id='word_1_565' title='bbox 2215 1050 2284 1083; x_wconf 86' lang='lat' dir='ltr'>viae</span> 
     </span>
     <span class='ocr_line' id='line_1_79' title="bbox 1321 1102 2285 1146; baseline -0.003 -9"><span class='ocrx_word' id='word_1_566' title='bbox 1321 1105 1484 1137; x_wconf 89' lang='lat' dir='ltr'>hominum</span> <span class='ocrx_word' id='word_1_567' title='bbox 1506 1107 1612 1146; x_wconf 89' lang='lat' dir='ltr'>patent</span> <span class='ocrx_word' id='word_1_568' title='bbox 1628 1103 1729 1137; x_wconf 89' lang='lat' dir='ltr'>oculis</span> <span class='ocrx_word' id='word_1_569' title='bbox 1743 1103 1827 1142; x_wconf 87' lang='lat' dir='ltr'>eius,</span> <span class='ocrx_word' id='word_1_570' title='bbox 1844 1102 2014 1145; x_wconf 86' lang='lat' dir='ltr'>spirituum</span> <span class='ocrx_word' id='word_1_571' title='bbox 2033 1102 2221 1144; x_wconf 89' lang='lat' dir='ltr'>ponderator</span> <span class='ocrx_word' id='word_1_572' title='bbox 2236 1105 2285 1135; x_wconf 91' lang='lat' dir='ltr'>est</span> 
     </span>
     <span class='ocr_line' id='line_1_80' title="bbox 1322 1156 2284 1198; baseline -0.002 -8"><span class='ocrx_word' id='word_1_573' title='bbox 1322 1158 1474 1191; x_wconf 86' lang='lat' dir='ltr'>Dominus</span> <span class='ocrx_word' id='word_1_574' title='bbox 1491 1170 1528 1196; x_wconf 89' lang='lat'>»;</span> <span class='ocrx_word' id='word_1_575' title='bbox 1554 1157 1701 1190; x_wconf 82' lang='lat' dir='ltr'>Ieremiae</span> <span class='ocrx_word' id='word_1_576' title='bbox 1724 1156 1847 1197; x_wconf 89' lang='lat' dir='ltr'>decimo</span> <span class='ocrx_word' id='word_1_577' title='bbox 1870 1156 2025 1198; x_wconf 75' lang='lat' dir='ltr'>septimo:</span> <span class='ocrx_word' id='word_1_578' title='bbox 2052 1169 2067 1184; x_wconf 71' lang='grc' dir='ltr'><strong>α</strong></span> <span class='ocrx_word' id='word_1_579' title='bbox 2086 1156 2218 1188; x_wconf 86' lang='lat' dir='ltr'>Pravum</span> <span class='ocrx_word' id='word_1_580' title='bbox 2235 1158 2284 1188; x_wconf 89' lang='lat' dir='ltr'>est</span> 
     </span>
     <span class='ocr_line' id='line_1_81' title="bbox 1322 1208 2286 1251; baseline -0.003 -8"><span class='ocrx_word' id='word_1_581' title='bbox 1322 1220 1376 1244; x_wconf 93' lang='lat' dir='ltr'>cor</span> <span class='ocrx_word' id='word_1_582' title='bbox 1400 1211 1562 1243; x_wconf 89' lang='lat' dir='ltr'>hominum</span> <span class='ocrx_word' id='word_1_583' title='bbox 1595 1214 1625 1243; x_wconf 89' lang='lat' dir='ltr'>et</span> <span class='ocrx_word' id='word_1_584' title='bbox 1649 1210 1870 1249; x_wconf 88' lang='lat' dir='ltr'>inscrutabile,</span> <span class='ocrx_word' id='word_1_585' title='bbox 1898 1213 1930 1242; x_wconf 89' lang='lat' dir='ltr'>et</span> <span class='ocrx_word' id='word_1_586' title='bbox 1953 1209 2025 1251; x_wconf 91' lang='lat' dir='ltr'>quis</span> <span class='ocrx_word' id='word_1_587' title='bbox 2053 1211 2218 1250; x_wconf 86' lang='lat' dir='ltr'>cognoscet</span> <span class='ocrx_word' id='word_1_588' title='bbox 2248 1208 2286 1241; x_wconf 94' lang='lat' dir='ltr'>il-</span> 
     </span>
     <span class='ocr_line' id='line_1_82' title="bbox 1323 1261 2285 1305; baseline -0.002 -9"><span class='ocrx_word' id='word_1_589' title='bbox 1323 1264 1376 1296; x_wconf 89' lang='lat' dir='ltr'>lud</span> <span class='ocrx_word' id='word_1_590' title='bbox 1394 1267 1438 1296; x_wconf 84' lang='lat'>»?</span> <span class='ocrx_word' id='word_1_591' title='bbox 1462 1264 1577 1296; x_wconf 85' lang='lat' dir='ltr'>Parum</span> <span class='ocrx_word' id='word_1_592' title='bbox 1602 1264 1699 1305; x_wconf 86' lang='lat' dir='ltr'>igitur</span> <span class='ocrx_word' id='word_1_593' title='bbox 1723 1264 1805 1296; x_wconf 89' lang='lat' dir='ltr'>valet</span> <span class='ocrx_word' id='word_1_594' title='bbox 1830 1263 1918 1296; x_wconf 87' lang='lat' dir='ltr'>vobis</span> <span class='ocrx_word' id='word_1_595' title='bbox 1942 1263 2081 1295; x_wconf 87' lang='lat' dir='ltr'>humano</span> <span class='ocrx_word' id='word_1_596' title='bbox 2109 1261 2285 1295; x_wconf 89' lang='lat' dir='ltr'>testimonio</span> 
     </span>
     <span class='ocr_line' id='line_1_83' title="bbox 1324 1314 2284 1358; baseline -0.002 -9"><span class='ocrx_word' id='word_1_597' title='bbox 1324 1317 1555 1355; x_wconf 86' lang='lat' dir='ltr'>commendari,</span> <span class='ocrx_word' id='word_1_598' title='bbox 1580 1326 1652 1349; x_wconf 91' lang='lat' dir='ltr'>cum</span> <span class='ocrx_word' id='word_1_599' title='bbox 1676 1317 1744 1349; x_wconf 87' lang='lat' dir='ltr'>sitis</span> <span class='ocrx_word' id='word_1_600' title='bbox 1772 1316 1960 1358; x_wconf 88' lang='lat' dir='ltr'>reprobandi</span> <span class='ocrx_word' id='word_1_601' title='bbox 1986 1315 2101 1348; x_wconf 93' lang='lat' dir='ltr'>iudicio</span> <span class='ocrx_word' id='word_1_602' title='bbox 2123 1314 2196 1353; x_wconf 90' lang='lat' dir='ltr'>Dei,</span> <span class='ocrx_word' id='word_1_603' title='bbox 2229 1314 2284 1357; x_wconf 93' lang='lat' dir='ltr'>qui</span> 
     </span>
     <span class='ocr_line' id='line_1_84' title="bbox 1323 1368 2285 1411; baseline -0.003 -8"><span class='ocrx_word' id='word_1_604' title='bbox 1323 1374 1481 1403; x_wconf 79' lang='lat' dir='ltr'>scrutator</span> <span class='ocrx_word' id='word_1_605' title='bbox 1505 1374 1552 1403; x_wconf 91' lang='lat' dir='ltr'>est</span> <span class='ocrx_word' id='word_1_606' title='bbox 1568 1370 1680 1402; x_wconf 88' lang='lat' dir='ltr'>cordis.</span> <span class='ocrx_word' id='word_1_607' title='bbox 1703 1369 1773 1402; x_wconf 91' lang='lat' dir='ltr'>ldeo</span> <span class='ocrx_word' id='word_1_608' title='bbox 1790 1370 1910 1411; x_wconf 86' lang='lat' dir='ltr'>primae</span> <span class='ocrx_word' id='word_1_609' title='bbox 1934 1369 1972 1402; x_wconf 82' lang='lat' dir='ltr'>ad</span> <span class='ocrx_word' id='word_1_610' title='bbox 1989 1368 2168 1401; x_wconf 86' lang='lat' dir='ltr'>Corinthios</span> <span class='ocrx_word' id='word_1_611' title='bbox 2191 1376 2285 1410; x_wconf 88' lang='lat' dir='ltr'>quar-</span> 
     </span>
     <span class='ocr_line' id='line_1_85' title="bbox 1324 1421 2285 1465; baseline -0.002 -10"><span class='ocrx_word' id='word_1_612' title='bbox 1324 1423 1403 1456; x_wconf 78' lang='lat' dir='ltr'>to⁸z</span> <span class='ocrx_word' id='word_1_613' title='bbox 1442 1436 1457 1452; x_wconf 79' lang='grc' dir='ltr'>α</span> <span class='ocrx_word' id='word_1_614' title='bbox 1485 1423 1584 1456; x_wconf 87' lang='lat' dir='ltr'>Nolite</span> <span class='ocrx_word' id='word_1_615' title='bbox 1618 1426 1690 1456; x_wconf 87' lang='lat' dir='ltr'>ante</span> <span class='ocrx_word' id='word_1_616' title='bbox 1726 1427 1850 1465; x_wconf 88' lang='lat' dir='ltr'>tempus</span> <span class='ocrx_word' id='word_1_617' title='bbox 1882 1422 2044 1461; x_wconf 86' lang='lat' dir='ltr'>iudicare,</span> <span class='ocrx_word' id='word_1_618' title='bbox 2077 1421 2285 1463; x_wconf 84' lang='lat' dir='ltr'>quoadusque</span> 
     </span>
     <span class='ocr_line' id='line_1_86' title="bbox 1324 1474 2286 1518; baseline -0.002 -9"><span class='ocrx_word' id='word_1_619' title='bbox 1324 1477 1427 1509; x_wconf 90' lang='lat' dir='ltr'>veniat</span> <span class='ocrx_word' id='word_1_620' title='bbox 1451 1477 1617 1515; x_wconf 86' lang='lat' dir='ltr'>Dominus,</span> <span class='ocrx_word' id='word_1_621' title='bbox 1642 1477 1695 1518; x_wconf 88' lang='lat' dir='ltr'>qui</span> <span class='ocrx_word' id='word_1_622' title='bbox 1721 1480 1751 1508; x_wconf 90' lang='lat' dir='ltr'>et</span> <span class='ocrx_word' id='word_1_623' title='bbox 1775 1476 1965 1509; x_wconf 88' lang='lat' dir='ltr'>illuminabit</span> <span class='ocrx_word' id='word_1_624' title='bbox 1995 1474 2177 1508; x_wconf 87' lang='lat' dir='ltr'>abscondita</span> <span class='ocrx_word' id='word_1_625' title='bbox 2200 1478 2286 1507; x_wconf 91' lang='lat' dir='ltr'>tene-</span> 
     </span>
     <span class='ocr_line' id='line_1_87' title="bbox 1324 1527 2434 1572; baseline -0.005 -9"><span class='ocrx_word' id='word_1_626' title='bbox 1324 1530 1456 1563; x_wconf 87' lang='lat' dir='ltr'>brarum</span> <span class='ocrx_word' id='word_1_627' title='bbox 1472 1544 1502 1562; x_wconf 84' lang='grc'>»,</span> <span class='ocrx_word' id='word_1_628' title='bbox 1527 1530 1613 1562; x_wconf 92' lang='lat' dir='ltr'>Unde</span> <span class='ocrx_word' id='word_1_629' title='bbox 1637 1529 1712 1572; x_wconf 87' lang='lat' dir='ltr'>quia</span> <span class='ocrx_word' id='word_1_630' title='bbox 1731 1529 1850 1562; x_wconf 87' lang='lat' dir='ltr'>iustitia</span> <span class='ocrx_word' id='word_1_631' title='bbox 1873 1529 1932 1562; x_wconf 88' lang='lat' dir='ltr'>ista</span> <span class='ocrx_word' id='word_1_632' title='bbox 1948 1538 2010 1562; x_wconf 91' lang='lat' dir='ltr'>non</span> <span class='ocrx_word' id='word_1_633' title='bbox 2035 1532 2103 1561; x_wconf 87' lang='lat' dir='ltr'>erat</span> <span class='ocrx_word' id='word_1_634' title='bbox 2127 1527 2286 1566; x_wconf 86' lang='lat' dir='ltr'>veritatis,</span> <span class='ocrx_word' id='word_1_635' title='bbox 2306 1537 2434 1559; x_wconf 74' lang='lat' dir='ltr'>Notandum.</span> 
     </span>
     <span class='ocr_line' id='line_1_88' title="bbox 1325 1581 2284 1621; baseline -0.002 -6"><span class='ocrx_word' id='word_1_636' title='bbox 1325 1583 1378 1616; x_wconf 89' lang='lat' dir='ltr'>sed</span> <span class='ocrx_word' id='word_1_637' title='bbox 1403 1583 1564 1621; x_wconf 90' lang='lat' dir='ltr'>vanitatis;</span> <span class='ocrx_word' id='word_1_638' title='bbox 1588 1592 1650 1615; x_wconf 90' lang='lat' dir='ltr'>non</span> <span class='ocrx_word' id='word_1_639' title='bbox 1682 1583 1720 1615; x_wconf 90' lang='lat' dir='ltr'>ad</span> <span class='ocrx_word' id='word_1_640' title='bbox 1745 1591 1829 1621; x_wconf 88' lang='lat' dir='ltr'>rem,</span> <span class='ocrx_word' id='word_1_641' title='bbox 1862 1582 1916 1615; x_wconf 90' lang='lat' dir='ltr'>sed</span> <span class='ocrx_word' id='word_1_642' title='bbox 1939 1582 1979 1614; x_wconf 91' lang='lat' dir='ltr'>ad</span> <span class='ocrx_word' id='word_1_643' title='bbox 2011 1581 2188 1620; x_wconf 88' lang='lat' dir='ltr'>hominem;</span> <span class='ocrx_word' id='word_1_644' title='bbox 2221 1589 2284 1613; x_wconf 88' lang='lat' dir='ltr'>non</span> 
     </span>
     <span class='ocr_line' id='line_1_89' title="bbox 1327 1634 2286 1678; baseline -0.003 -9"><span class='ocrx_word' id='word_1_645' title='bbox 1327 1637 1427 1675; x_wconf 88' lang='lat' dir='ltr'>intra,</span> <span class='ocrx_word' id='word_1_646' title='bbox 1453 1636 1506 1669; x_wconf 90' lang='lat' dir='ltr'>sed</span> <span class='ocrx_word' id='word_1_647' title='bbox 1529 1640 1639 1669; x_wconf 84' lang='lat' dir='ltr'>extra:</span> <span class='ocrx_word' id='word_1_648' title='bbox 1664 1636 1769 1678; x_wconf 89' lang='lat' dir='ltr'>potius</span> <span class='ocrx_word' id='word_1_649' title='bbox 1792 1638 1860 1668; x_wconf 89' lang='lat' dir='ltr'>erat</span> <span class='ocrx_word' id='word_1_650' title='bbox 1876 1635 1969 1677; x_wconf 87' lang='lat' dir='ltr'>culpa</span> <span class='ocrx_word' id='word_1_651' title='bbox 1993 1634 2174 1668; x_wconf 86' lang='lat' dir='ltr'>detestanda</span> <span class='ocrx_word' id='word_1_652' title='bbox 2190 1642 2286 1676; x_wconf 90' lang='lat' dir='ltr'>quam</span> 
     </span>
     <span class='ocr_line' id='line_1_90' title="bbox 1326 1688 2287 1730; baseline -0.004 -7"><span class='ocrx_word' id='word_1_653' title='bbox 1326 1690 1427 1723; x_wconf 88' lang='lat' dir='ltr'>virtus</span> <span class='ocrx_word' id='word_1_654' title='bbox 1459 1689 1717 1727; x_wconf 89' lang='lat' dir='ltr'>commendanda,</span> <span class='ocrx_word' id='word_1_655' title='bbox 1748 1689 1851 1730; x_wconf 90' lang='lat' dir='ltr'>potius</span> <span class='ocrx_word' id='word_1_656' title='bbox 1873 1688 1967 1730; x_wconf 88' lang='lat' dir='ltr'>digna</span> <span class='ocrx_word' id='word_1_657' title='bbox 1994 1696 2094 1730; x_wconf 86' lang='lat' dir='ltr'>poena</span> <span class='ocrx_word' id='word_1_658' title='bbox 2116 1696 2212 1729; x_wconf 86' lang='lat' dir='ltr'>quam</span> <span class='ocrx_word' id='word_1_659' title='bbox 2236 1695 2287 1719; x_wconf 85' lang='lat' dir='ltr'>re-</span> 
     </span>
     <span class='ocr_line' id='line_1_91' title="bbox 1326 1739 2286 1783; baseline -0.003 -8"><span class='ocrx_word' id='word_1_660' title='bbox 1326 1743 1497 1776; x_wconf 89' lang='lat' dir='ltr'>tributione</span> <span class='ocrx_word' id='word_1_661' title='bbox 1528 1746 1665 1775; x_wconf 82' lang='lat' dir='ltr'>aeterna.</span> <span class='ocrx_word' id='word_1_662' title='bbox 1698 1742 1783 1775; x_wconf 89' lang='lat' dir='ltr'>Unde</span> <span class='ocrx_word' id='word_1_663' title='bbox 1814 1741 1961 1774; x_wconf 89' lang='lat' dir='ltr'>Matthaei</span> <span class='ocrx_word' id='word_1_664' title='bbox 1993 1740 2150 1783; x_wconf 86' lang='lat' dir='ltr'>quinto⁹:</span> <span class='ocrx_word' id='word_1_665' title='bbox 2184 1753 2199 1769; x_wconf 78' lang='grc' dir='ltr'><em>α</em></span> <span class='ocrx_word' id='word_1_666' title='bbox 2224 1739 2286 1772; x_wconf 90' lang='lat' dir='ltr'>Nisi</span> 
     </span>
     <span class='ocr_line' id='line_1_92' title="bbox 1325 1793 2288 1836; baseline -0.003 -8"><span class='ocrx_word' id='word_1_667' title='bbox 1325 1796 1533 1829; x_wconf 84' lang='lat' dir='ltr'>abundaverit</span> <span class='ocrx_word' id='word_1_668' title='bbox 1556 1795 1675 1828; x_wconf 88' lang='lat' dir='ltr'>iustitia</span> <span class='ocrx_word' id='word_1_669' title='bbox 1698 1798 1802 1828; x_wconf 86' lang='lat' dir='ltr'>vestra</span> <span class='ocrx_word' id='word_1_670' title='bbox 1829 1794 1901 1836; x_wconf 90' lang='lat' dir='ltr'>plus</span> <span class='ocrx_word' id='word_1_671' title='bbox 1924 1802 2020 1836; x_wconf 89' lang='lat' dir='ltr'>quam</span> <span class='ocrx_word' id='word_1_672' title='bbox 2049 1793 2225 1826; x_wconf 89' lang='lat' dir='ltr'>scribarum</span> <span class='ocrx_word' id='word_1_673' title='bbox 2256 1796 2288 1825; x_wconf 91' lang='lat' dir='ltr'>et</span> 
     </span>
     <span class='ocr_line' id='line_1_93' title="bbox 1327 1846 2285 1888; baseline -0.003 -7"><span class='ocrx_word' id='word_1_674' title='bbox 1327 1849 1584 1886; x_wconf 88' lang='lat' dir='ltr'>Pharisaeorum,</span> <span class='ocrx_word' id='word_1_675' title='bbox 1608 1857 1671 1880; x_wconf 92' lang='lat' dir='ltr'>non</span> <span class='ocrx_word' id='word_1_676' title='bbox 1693 1847 1849 1880; x_wconf 86' lang='lat' dir='ltr'>intrabitis</span> <span class='ocrx_word' id='word_1_677' title='bbox 1873 1846 1904 1879; x_wconf 89' lang='lat' dir='ltr'>in</span> <span class='ocrx_word' id='word_1_678' title='bbox 1921 1855 2055 1888; x_wconf 88' lang='lat' dir='ltr'>regnum</span> <span class='ocrx_word' id='word_1_679' title='bbox 2078 1846 2237 1879; x_wconf 89' lang='lat' dir='ltr'>caelorum</span> <span class='ocrx_word' id='word_1_680' title='bbox 2254 1858 2285 1876; x_wconf 81' lang='lat'>».</span> 
     </span>
    </p>

    <p class='ocr_par' dir='ltr' id='par_1_18' title="bbox 1326 1898 2453 2686">
     <span class='ocr_line' id='line_1_94' title="bbox 1416 1898 2453 1943; baseline -0.005 -9"><span class='ocrx_word' id='word_1_681' title='bbox 1416 1902 1468 1934; x_wconf 73' lang='lat'>28.</span> <span class='ocrx_word' id='word_1_682' title='bbox 1501 1901 1606 1935; x_wconf 86' lang='lat' dir='ltr'>Tertio</span> <span class='ocrx_word' id='word_1_683' title='bbox 1637 1905 1791 1943; x_wconf 87' lang='lat' dir='ltr'>quantum</span> <span class='ocrx_word' id='word_1_684' title='bbox 1820 1900 1859 1933; x_wconf 90' lang='lat' dir='ltr'>ad</span> <span class='ocrx_word' id='word_1_685' title='bbox 1889 1898 2153 1941; x_wconf 74' lang='lat' dir='ltr'>reprehensionis</span> <span class='ocrx_word' id='word_1_686' title='bbox 2184 1898 2288 1931; x_wconf 83' lang='lat' dir='ltr'>ratio-</span> <span class='ocrx_word' id='word_1_687' title='bbox 2297 1907 2453 1940; x_wconf 53' lang='lat' dir='ltr'>aegramque-</span> 
     </span>
     <span class='ocr_line' id='line_1_95' title="bbox 1326 1937 2430 1996; baseline -0.004 -9"><span class='ocrx_word' id='word_1_688' title='bbox 1326 1964 1419 1993; x_wconf 86' lang='lat' dir='ltr'>nem,</span> <span class='ocrx_word' id='word_1_689' title='bbox 1452 1963 1515 1996; x_wconf 90' lang='lat' dir='ltr'>qua</span> <span class='ocrx_word' id='word_1_690' title='bbox 1544 1954 1687 1986; x_wconf 90' lang='lat' dir='ltr'>divinum</span> <span class='ocrx_word' id='word_1_691' title='bbox 1719 1953 1869 1987; x_wconf 90' lang='lat' dir='ltr'>iudicium</span> <span class='ocrx_word' id='word_1_692' title='bbox 1905 1952 2123 1994; x_wconf 83' lang='lat' dir='ltr'>exprimebat,</span> <span class='ocrx_word' id='word_1_693' title='bbox 2159 1951 2286 1984; x_wconf 87' lang='lat' dir='ltr'>subdit:</span> <span class='ocrx_word' id='word_1_694' title='bbox 2320 1937 2430 1957; x_wconf 69' lang='lat'>⁰¹⁸¹³⁸¹⁰&#39;</span> 
     </span>
     <span class='ocr_line' id='line_1_96' title="bbox 1329 2004 2288 2050; baseline -0.003 -10"><span class='ocrx_word' id='word_1_695' title='bbox 1329 2008 1417 2049; x_wconf 85' lang='lat' dir='ltr'>Quia</span> <span class='ocrx_word' id='word_1_696' title='bbox 1451 2008 1539 2050; x_wconf 86' lang='lat' dir='ltr'>quod</span> <span class='ocrx_word' id='word_1_697' title='bbox 1570 2006 1758 2040; x_wconf 76' lang='lat' dir='ltr'>bominibus</span> <span class='ocrx_word' id='word_1_698' title='bbox 1789 2006 1896 2039; x_wconf 70' lang='lat' dir='ltr'>altum</span> <span class='ocrx_word' id='word_1_699' title='bbox 1926 2010 1976 2039; x_wconf 84' lang='lat' dir='ltr'>est</span> <span class='ocrx_word' id='word_1_700' title='bbox 2006 2004 2211 2038; x_wconf 83' lang='lat' dir='ltr'>abominatio</span> <span class='ocrx_word' id='word_1_701' title='bbox 2241 2008 2288 2037; x_wconf 79' lang='lat' dir='ltr'>est</span> 
     </span>
     <span class='ocr_line' id='line_1_97' title="bbox 1327 2057 2452 2102; baseline -0.004 -10"><span class='ocrx_word' id='word_1_702' title='bbox 1327 2065 1403 2092; x_wconf 76' lang='lat' dir='ltr'>ante</span> <span class='ocrx_word' id='word_1_703' title='bbox 1437 2061 1548 2092; x_wconf 85' lang='lat' dir='ltr'>Deum.</span> <span class='ocrx_word' id='word_1_704' title='bbox 1581 2060 1675 2099; x_wconf 82' lang='lat' dir='ltr'>Nota,</span> <span class='ocrx_word' id='word_1_705' title='bbox 1699 2059 1784 2102; x_wconf 90' lang='lat' dir='ltr'>quod</span> <span class='ocrx_word' id='word_1_706' title='bbox 1815 2069 1877 2092; x_wconf 93' lang='lat' dir='ltr'>non</span> <span class='ocrx_word' id='word_1_707' title='bbox 1902 2058 2106 2101; x_wconf 86' lang='lat' dir='ltr'>reprehendit</span> <span class='ocrx_word' id='word_1_708' title='bbox 2137 2057 2287 2091; x_wconf 86' lang='lat' dir='ltr'>altitudi-</span> <span class='ocrx_word' id='word_1_709' title='bbox 2306 2067 2452 2098; x_wconf 60' lang='lat' dir='ltr'>namuuru-</span> 
     </span>
     <span class='ocr_line' id='line_1_98' title="bbox 1328 2094 2444 2155; baseline -0.002 -10"><span class='ocrx_word' id='word_1_710' title='bbox 1328 2123 1402 2145; x_wconf 85' lang='lat' dir='ltr'>nem</span> <span class='ocrx_word' id='word_1_711' title='bbox 1422 2112 1657 2155; x_wconf 80' lang='lat' dir='ltr'>perfeetionis,</span> <span class='ocrx_word' id='word_1_712' title='bbox 1689 2112 1728 2146; x_wconf 90' lang='lat' dir='ltr'>de</span> <span class='ocrx_word' id='word_1_713' title='bbox 1759 2122 1823 2155; x_wconf 92' lang='lat' dir='ltr'>qua</span> <span class='ocrx_word' id='word_1_714' title='bbox 1853 2112 2009 2146; x_wconf 89' lang='lat' dir='ltr'>secundae</span> <span class='ocrx_word' id='word_1_715' title='bbox 2040 2112 2079 2145; x_wconf 90' lang='lat' dir='ltr'>ad</span> <span class='ocrx_word' id='word_1_716' title='bbox 2110 2111 2289 2145; x_wconf 87' lang='lat' dir='ltr'>Corinthios</span> <span class='ocrx_word' id='word_1_717' title='bbox 2316 2095 2343 2117; x_wconf 74' lang='lat'>‘¹⁰</span> <span class='ocrx_word' id='word_1_718' title='bbox 2358 2094 2444 2122; x_wconf 46' lang='lat'>‘&#39;¹¹³¹“</span> 
     </span>
     <span class='ocr_line' id='line_1_99' title="bbox 1327 2163 2289 2208; baseline -0.002 -10"><span class='ocrx_word' id='word_1_719' title='bbox 1327 2169 1437 2199; x_wconf 90' lang='lat' dir='ltr'>octavo</span> <span class='ocrx_word' id='word_1_720' title='bbox 1451 2166 1494 2198; x_wconf 84' lang='lat'>¹⁰:</span> <span class='ocrx_word' id='word_1_721' title='bbox 1524 2179 1540 2194; x_wconf 82' lang='grc' dir='ltr'><em>α</em></span> <span class='ocrx_word' id='word_1_722' title='bbox 1564 2166 1719 2199; x_wconf 83' lang='lat' dir='ltr'>Altissima</span> <span class='ocrx_word' id='word_1_723' title='bbox 1741 2170 1911 2208; x_wconf 85' lang='lat' dir='ltr'>paupertas</span> <span class='ocrx_word' id='word_1_724' title='bbox 1934 2174 2047 2199; x_wconf 88' lang='lat' dir='ltr'>eorum</span> <span class='ocrx_word' id='word_1_725' title='bbox 2070 2164 2241 2198; x_wconf 86' lang='lat' dir='ltr'>abundavit</span> <span class='ocrx_word' id='word_1_726' title='bbox 2257 2163 2289 2196; x_wconf 90' lang='lat' dir='ltr'>in</span> 
     </span>
     <span class='ocr_line' id='line_1_100' title="bbox 1327 2218 2288 2261; baseline -0.002 -9"><span class='ocrx_word' id='word_1_727' title='bbox 1327 2219 1450 2252; x_wconf 87' lang='lat' dir='ltr'>divitias</span> <span class='ocrx_word' id='word_1_728' title='bbox 1481 2219 1687 2261; x_wconf 85' lang='lat' dir='ltr'>simplicitatis</span> <span class='ocrx_word' id='word_1_729' title='bbox 1718 2228 1829 2253; x_wconf 90' lang='lat' dir='ltr'>eorum</span> <span class='ocrx_word' id='word_1_730' title='bbox 1848 2233 1863 2248; x_wconf 79' lang='lat' dir='ltr'>n</span> <span class='ocrx_word' id='word_1_731' title='bbox 1896 2223 1954 2253; x_wconf 89' lang='lat' dir='ltr'>etc.</span> <span class='ocrx_word' id='word_1_732' title='bbox 1987 2219 2048 2252; x_wconf 91' lang='lat' dir='ltr'>Nec</span> <span class='ocrx_word' id='word_1_733' title='bbox 2078 2218 2288 2252; x_wconf 82' lang='lat' dir='ltr'>altitudinem</span> 
     </span>
     <span class='ocr_line' id='line_1_101' title="bbox 1327 2269 2289 2315; baseline 0 -11"><span class='ocrx_word' id='word_1_734' title='bbox 1327 2269 1620 2315; x_wconf 74' lang='lat' dir='ltr'>contemplacionis,</span> <span class='ocrx_word' id='word_1_735' title='bbox 1644 2272 1683 2305; x_wconf 90' lang='lat' dir='ltr'>de</span> <span class='ocrx_word' id='word_1_736' title='bbox 1703 2281 1766 2315; x_wconf 89' lang='lat' dir='ltr'>qua</span> <span class='ocrx_word' id='word_1_737' title='bbox 1783 2272 1822 2305; x_wconf 88' lang='lat' dir='ltr'>ad</span> <span class='ocrx_word' id='word_1_738' title='bbox 1844 2273 1998 2305; x_wconf 83' lang='lat' dir='ltr'>Romanos</span> <span class='ocrx_word' id='word_1_739' title='bbox 2018 2272 2199 2305; x_wconf 87' lang='lat' dir='ltr'>undecimo:</span> <span class='ocrx_word' id='word_1_740' title='bbox 2231 2284 2246 2300; x_wconf 79' lang='grc' dir='ltr'>α</span> <span class='ocrx_word' id='word_1_741' title='bbox 2263 2271 2289 2303; x_wconf 93' lang='grc' dir='ltr'>Ο</span> 
     </span>
     <span class='ocr_line' id='line_1_102' title="bbox 1327 2325 2289 2368; baseline 0 -11"><span class='ocrx_word' id='word_1_742' title='bbox 1327 2325 1459 2358; x_wconf 87' lang='lat' dir='ltr'>altitudo</span> <span class='ocrx_word' id='word_1_743' title='bbox 1474 2326 1655 2359; x_wconf 88' lang='lat' dir='ltr'>divitiarum</span> <span class='ocrx_word' id='word_1_744' title='bbox 1673 2326 1842 2368; x_wconf 87' lang='lat' dir='ltr'>sapientiae</span> <span class='ocrx_word' id='word_1_745' title='bbox 1862 2329 1894 2358; x_wconf 92' lang='lat' dir='ltr'>et</span> <span class='ocrx_word' id='word_1_746' title='bbox 1917 2325 2065 2359; x_wconf 89' lang='lat' dir='ltr'>scientiae</span> <span class='ocrx_word' id='word_1_747' title='bbox 2089 2325 2162 2358; x_wconf 88' lang='lat' dir='ltr'>Dei!</span> <span class='ocrx_word' id='word_1_748' title='bbox 2192 2333 2289 2367; x_wconf 89' lang='lat' dir='ltr'>quam</span> 
     </span>
     <span class='ocr_line' id='line_1_103' title="bbox 1327 2378 2290 2421; baseline 0 -9"><span class='ocrx_word' id='word_1_749' title='bbox 1327 2378 1656 2421; x_wconf 86' lang='lat' dir='ltr'>incomprehensibilia</span> <span class='ocrx_word' id='word_1_750' title='bbox 1683 2382 1758 2412; x_wconf 90' lang='lat' dir='ltr'>sunt</span> <span class='ocrx_word' id='word_1_751' title='bbox 1788 2379 1903 2412; x_wconf 89' lang='lat' dir='ltr'>iudicia</span> <span class='ocrx_word' id='word_1_752' title='bbox 1933 2379 2033 2412; x_wconf 70' lang='lat' dir='ltr'>eius»</span> <span class='ocrx_word' id='word_1_753' title='bbox 2062 2382 2140 2418; x_wconf 89' lang='lat' dir='ltr'>etc.;</span> <span class='ocrx_word' id='word_1_754' title='bbox 2171 2382 2203 2411; x_wconf 90' lang='lat' dir='ltr'>et</span> <span class='ocrx_word' id='word_1_755' title='bbox 2234 2378 2290 2411; x_wconf 88' lang='lat' dir='ltr'>Ec-</span> 
     </span>
     <span class='ocr_line' id='line_1_104' title="bbox 1327 2431 2289 2474; baseline 0 -10"><span class='ocrx_word' id='word_1_756' title='bbox 1327 2432 1491 2465; x_wconf 87' lang='lat' dir='ltr'>clesiastici</span> <span class='ocrx_word' id='word_1_757' title='bbox 1516 2432 1666 2474; x_wconf 86' lang='lat' dir='ltr'>vigesimo</span> <span class='ocrx_word' id='word_1_758' title='bbox 1697 2436 1832 2474; x_wconf 83' lang='lat' dir='ltr'>quarto:</span> <span class='ocrx_word' id='word_1_759' title='bbox 1861 2445 1876 2461; x_wconf 70' lang='lat' dir='ltr'>a</span> <span class='ocrx_word' id='word_1_760' title='bbox 1894 2432 1955 2474; x_wconf 88' lang='lat' dir='ltr'>Ego</span> <span class='ocrx_word' id='word_1_761' title='bbox 1986 2432 2018 2464; x_wconf 91' lang='lat' dir='ltr'>in</span> <span class='ocrx_word' id='word_1_762' title='bbox 2050 2431 2210 2465; x_wconf 90' lang='lat' dir='ltr'>altissimis</span> <span class='ocrx_word' id='word_1_763' title='bbox 2233 2431 2289 2464; x_wconf 85' lang='lat' dir='ltr'>ha-</span> 
     </span>
     <span class='ocr_line' id='line_1_105' title="bbox 1328 2482 2289 2524; baseline -0.002 -7"><span class='ocrx_word' id='word_1_764' title='bbox 1328 2484 1455 2524; x_wconf 57' lang='lat' dir='ltr'>bitavi,s</span> <span class='ocrx_word' id='word_1_765' title='bbox 1473 2489 1504 2518; x_wconf 89' lang='lat' dir='ltr'>et</span> <span class='ocrx_word' id='word_1_766' title='bbox 1528 2485 1663 2518; x_wconf 90' lang='lat' dir='ltr'>thronus</span> <span class='ocrx_word' id='word_1_767' title='bbox 1687 2494 1778 2518; x_wconf 86' lang='lat' dir='ltr'>meus</span> <span class='ocrx_word' id='word_1_768' title='bbox 1806 2485 1836 2517; x_wconf 92' lang='lat' dir='ltr'>in</span> <span class='ocrx_word' id='word_1_769' title='bbox 1869 2485 2016 2518; x_wconf 83' lang='lat' dir='ltr'>columna</span> <span class='ocrx_word' id='word_1_770' title='bbox 2047 2484 2141 2517; x_wconf 89' lang='lat' dir='ltr'>nubis</span> <span class='ocrx_word' id='word_1_771' title='bbox 2162 2497 2192 2515; x_wconf 71' lang='lat' dir='ltr'>n.</span> <span class='ocrx_word' id='word_1_772' title='bbox 2210 2482 2289 2516; x_wconf 87' lang='lat' dir='ltr'>-Nec</span> 
     </span>
     <span class='ocr_line' id='line_1_106' title="bbox 1327 2536 2289 2580; baseline -0.002 -9"><span class='ocrx_word' id='word_1_773' title='bbox 1327 2538 1536 2571; x_wconf 83' lang='lat' dir='ltr'>altitudinem</span> <span class='ocrx_word' id='word_1_774' title='bbox 1568 2539 1726 2571; x_wconf 80' lang='lat' dir='ltr'>desiderii</span> <span class='ocrx_word' id='word_1_775' title='bbox 1751 2543 1781 2571; x_wconf 81' lang='lat' dir='ltr'>et</span> <span class='ocrx_word' id='word_1_776' title='bbox 1802 2538 2076 2580; x_wconf 78' lang='lat' dir='ltr'>exspectationis,</span> <span class='ocrx_word' id='word_1_777' title='bbox 2099 2537 2138 2570; x_wconf 91' lang='lat' dir='ltr'>de</span> <span class='ocrx_word' id='word_1_778' title='bbox 2161 2546 2226 2579; x_wconf 89' lang='lat' dir='ltr'>quo</span> <span class='ocrx_word' id='word_1_779' title='bbox 2257 2536 2289 2569; x_wconf 90' lang='lat' dir='ltr'>in</span> 
     </span>
     <span class='ocr_line' id='line_1_107' title="bbox 1330 2589 2289 2632; baseline -0.001 -9"><span class='ocrx_word' id='word_1_780' title='bbox 1330 2591 1450 2623; x_wconf 87' lang='lat' dir='ltr'>Psalmo</span> <span class='ocrx_word' id='word_1_781' title='bbox 1464 2592 1504 2623; x_wconf 91' lang='lat'>¹¹:</span> <span class='ocrx_word' id='word_1_782' title='bbox 1524 2604 1539 2619; x_wconf 78' lang='grc' dir='ltr'><strong>α</strong></span> <span class='ocrx_word' id='word_1_783' title='bbox 1556 2592 1603 2623; x_wconf 90' lang='lat' dir='ltr'>Tu</span> <span class='ocrx_word' id='word_1_784' title='bbox 1619 2600 1667 2630; x_wconf 90' lang='lat' dir='ltr'>es,</span> <span class='ocrx_word' id='word_1_785' title='bbox 1685 2591 1830 2629; x_wconf 91' lang='lat' dir='ltr'>Domine,</span> <span class='ocrx_word' id='word_1_786' title='bbox 1844 2599 1916 2632; x_wconf 89' lang='lat' dir='ltr'>spes</span> <span class='ocrx_word' id='word_1_787' title='bbox 1929 2599 2012 2630; x_wconf 89' lang='lat' dir='ltr'>mea;</span> <span class='ocrx_word' id='word_1_788' title='bbox 2028 2589 2217 2623; x_wconf 82' lang='lat' dir='ltr'>altissimum</span> <span class='ocrx_word' id='word_1_789' title='bbox 2234 2597 2289 2631; x_wconf 86' lang='lat' dir='ltr'>po-</span> 
     </span>
     <span class='ocr_line' id='line_1_108' title="bbox 1330 2642 2289 2686; baseline -0.001 -11"><span class='ocrx_word' id='word_1_790' title='bbox 1330 2643 1418 2676; x_wconf 90' lang='lat' dir='ltr'>suisti</span> <span class='ocrx_word' id='word_1_791' title='bbox 1448 2644 1607 2686; x_wconf 72' lang='lat' dir='ltr'>rei&#39;ugium</span> <span class='ocrx_word' id='word_1_792' title='bbox 1636 2647 1770 2676; x_wconf 78' lang='lat' dir='ltr'>tuum».</span> <span class='ocrx_word' id='word_1_793' title='bbox 1796 2644 1857 2676; x_wconf 85' lang='lat' dir='ltr'>Hae</span> <span class='ocrx_word' id='word_1_794' title='bbox 1884 2644 1968 2677; x_wconf 86' lang='lat' dir='ltr'>enirn</span> <span class='ocrx_word' id='word_1_795' title='bbox 1993 2642 2186 2676; x_wconf 81' lang='lat' dir='ltr'>altitudines</span> <span class='ocrx_word' id='word_1_796' title='bbox 2210 2645 2289 2674; x_wconf 85' lang='lat' dir='ltr'>sunt</span> 
     </span>
    </p>
   </div>
   <div class='ocr_carea' id='block_1_10' title="bbox 1326 2850 2295 3457">
    <p class='ocr_par' dir='ltr' id='par_1_19' title="bbox 1326 2850 2293 2972">
     <span class='ocr_line' id='line_1_109' title="bbox 1328 2850 2293 2884; baseline 0 -7"><span class='ocrx_word' id='word_1_797' title='bbox 1328 2851 1372 2877; x_wconf 87' lang='lat' dir='ltr'>ubi</span> <span class='ocrx_word' id='word_1_798' title='bbox 1395 2859 1443 2883; x_wconf 85' lang='lat' dir='ltr'>pro</span> <span class='ocrx_word' id='word_1_799' title='bbox 1468 2858 1515 2877; x_wconf 84' lang='lat' dir='ltr'>cor</span> <span class='ocrx_word' id='word_1_800' title='bbox 1538 2851 1678 2877; x_wconf 80' lang='lat' dir='ltr'>hominum</span> <span class='ocrx_word' id='word_1_801' title='bbox 1702 2851 1813 2882; x_wconf 81' lang='lat' dir='ltr'>Vulgata</span> <span class='ocrx_word' id='word_1_802' title='bbox 1835 2854 1860 2876; x_wconf 71' lang='lat' dir='ltr'>et</span> <span class='ocrx_word' id='word_1_803' title='bbox 1881 2852 1997 2878; x_wconf 85' lang='lat' dir='ltr'>Vat.cor</span> <span class='ocrx_word' id='word_1_804' title='bbox 2017 2850 2196 2878; x_wconf 83' lang='lat' dir='ltr'>omnium.—</span> <span class='ocrx_word' id='word_1_805' title='bbox 2211 2852 2293 2884; x_wconf 86' lang='lat' dir='ltr'>Supe-</span> 
     </span>
     <span class='ocr_line' id='line_1_110' title="bbox 1328 2894 2291 2929; baseline 0.002 -9"><span class='ocrx_word' id='word_1_806' title='bbox 1328 2895 1383 2921; x_wconf 85' lang='lat' dir='ltr'>rius</span> <span class='ocrx_word' id='word_1_807' title='bbox 1411 2902 1458 2927; x_wconf 86' lang='lat' dir='ltr'>pro</span> <span class='ocrx_word' id='word_1_808' title='bbox 1485 2894 1522 2920; x_wconf 85' lang='lat' dir='ltr'>ad</span> <span class='ocrx_word' id='word_1_809' title='bbox 1545 2894 1719 2928; x_wconf 84' lang='lat' dir='ltr'>probandum</span> <span class='ocrx_word' id='word_1_810' title='bbox 1738 2895 1758 2920; x_wconf 93' lang='lat' dir='ltr'>G</span> <span class='ocrx_word' id='word_1_811' title='bbox 1779 2894 1815 2921; x_wconf 83' lang='lat' dir='ltr'>ad</span> <span class='ocrx_word' id='word_1_812' title='bbox 1833 2894 2055 2929; x_wconf 81' lang='lat' dir='ltr'>approbandum,</span> <span class='ocrx_word' id='word_1_813' title='bbox 2077 2895 2134 2921; x_wconf 77' lang='lat' dir='ltr'>Vnt.</span> <span class='ocrx_word' id='word_1_814' title='bbox 2158 2894 2195 2922; x_wconf 85' lang='lat' dir='ltr'>ad</span> <span class='ocrx_word' id='word_1_815' title='bbox 2220 2902 2291 2922; x_wconf 87' lang='lat' dir='ltr'>com-</span> 
     </span>
     <span class='ocr_line' id='line_1_111' title="bbox 1326 2938 1514 2972; baseline 0 -8"><span class='ocrx_word' id='word_1_816' title='bbox 1326 2938 1514 2972; x_wconf 82' lang='lat' dir='ltr'>probandum.</span> 
     </span>
    </p>

    <p class='ocr_par' dir='ltr' id='par_1_20' title="bbox 1333 2981 2295 3240">
     <span class='ocr_line' id='line_1_112' title="bbox 1403 2981 2292 3018; baseline 0.003 -11"><span class='ocrx_word' id='word_1_817' title='bbox 1403 2981 1413 2996; x_wconf 79' lang='lat'>⁸</span> <span class='ocrx_word' id='word_1_818' title='bbox 1434 2983 1508 3008; x_wconf 80' lang='lat' dir='ltr'>Vei-s.</span> <span class='ocrx_word' id='word_1_819' title='bbox 1528 2983 1553 3008; x_wconf 85' lang='lat'>5.</span> <span class='ocrx_word' id='word_1_820' title='bbox 1574 2996 1606 3001; x_wconf 95' lang='lat'>—</span> <span class='ocrx_word' id='word_1_821' title='bbox 1625 2984 1715 3009; x_wconf 85' lang='lat' dir='ltr'>Glossa</span> <span class='ocrx_word' id='word_1_822' title='bbox 1728 2983 1872 3010; x_wconf 51' lang='lat' dir='ltr'>ordinaria</span> <span class='ocrx_word' id='word_1_823' title='bbox 1895 2983 1936 3017; x_wconf 85' lang='lat' dir='ltr'>(ex</span> <span class='ocrx_word' id='word_1_824' title='bbox 1955 2985 2037 3018; x_wconf 82' lang='lat' dir='ltr'>Beda)</span> <span class='ocrx_word' id='word_1_825' title='bbox 2058 2985 2082 3010; x_wconf 90' lang='lat' dir='ltr'>in</span> <span class='ocrx_word' id='word_1_826' title='bbox 2096 2985 2159 3017; x_wconf 72' lang='lat' dir='ltr'>Luc.</span> <span class='ocrx_word' id='word_1_827' title='bbox 2185 2985 2229 3015; x_wconf 86' lang='grc'>16,</span> <span class='ocrx_word' id='word_1_828' title='bbox 2245 2984 2292 3010; x_wconf 74' lang='grc' dir='ltr'>15ε</span> 
     </span>
     <span class='ocr_line' id='line_1_113' title="bbox 1333 3026 2293 3063; baseline 0.003 -11"><span class='ocrx_word' id='word_1_829' title='bbox 1333 3027 1366 3053; x_wconf 89' lang='lat' dir='ltr'>Et</span> <span class='ocrx_word' id='word_1_830' title='bbox 1384 3026 1424 3053; x_wconf 79' lang='lat' dir='ltr'>ait</span> <span class='ocrx_word' id='word_1_831' title='bbox 1442 3030 1491 3052; x_wconf 89' lang='lat' dir='ltr'>etc.</span> <span class='ocrx_word' id='word_1_832' title='bbox 1513 3027 1580 3053; x_wconf 86' lang='lat' dir='ltr'>Dum</span> <span class='ocrx_word' id='word_1_833' title='bbox 1600 3031 1751 3059; x_wconf 80' lang='lat' dir='ltr'>peccatores</span> <span class='ocrx_word' id='word_1_834' title='bbox 1776 3028 1850 3061; x_wconf 83' lang='lat' dir='ltr'>quusi</span> <span class='ocrx_word' id='word_1_835' title='bbox 1872 3028 1990 3055; x_wconf 78' lang='lat' dir='ltr'>infirmos</span> <span class='ocrx_word' id='word_1_836' title='bbox 2009 3029 2216 3063; x_wconf 79' lang='lat' dir='ltr'>desperatosque</span> <span class='ocrx_word' id='word_1_837' title='bbox 2234 3036 2293 3055; x_wconf 90' lang='lat' dir='ltr'>con-</span> 
     </span>
     <span class='ocr_line' id='line_1_114' title="bbox 1334 3070 2294 3107; baseline 0.004 -12"><span class='ocrx_word' id='word_1_838' title='bbox 1334 3070 1448 3096; x_wconf 79' lang='lat' dir='ltr'>temnitis</span> <span class='ocrx_word' id='word_1_839' title='bbox 1467 3073 1493 3096; x_wconf 88' lang='lat' dir='ltr'>et</span> <span class='ocrx_word' id='word_1_840' title='bbox 1511 3077 1560 3097; x_wconf 78' lang='lat' dir='ltr'>vos</span> <span class='ocrx_word' id='word_1_841' title='bbox 1574 3072 1703 3103; x_wconf 74' lang='lat' dir='ltr'>perfectos</span> <span class='ocrx_word' id='word_1_842' title='bbox 1723 3072 1748 3097; x_wconf 89' lang='lat' dir='ltr'>in</span> <span class='ocrx_word' id='word_1_843' title='bbox 1767 3072 1891 3099; x_wconf 85' lang='lat' dir='ltr'>omnibus</span> <span class='ocrx_word' id='word_1_844' title='bbox 1910 3076 2073 3107; x_wconf 71' lang='lat' dir='ltr'>cunctaeque</span> <span class='ocrx_word' id='word_1_845' title='bbox 2092 3073 2236 3106; x_wconf 77' lang='lat' dir='ltr'>fragilitatis</span> <span class='ocrx_word' id='word_1_846' title='bbox 2253 3080 2294 3099; x_wconf 84' lang='lat' dir='ltr'>ex·</span> 
     </span>
     <span class='ocr_line' id='line_1_115' title="bbox 1334 3115 2295 3150; baseline 0.006 -11"><span class='ocrx_word' id='word_1_847' title='bbox 1334 3118 1420 3146; x_wconf 77' lang='lat' dir='ltr'>peries</span> <span class='ocrx_word' id='word_1_848' title='bbox 1443 3115 1670 3147; x_wconf 78' lang='lat' dir='ltr'>eleemosynarum</span> <span class='ocrx_word' id='word_1_849' title='bbox 1690 3116 1808 3142; x_wconf 89' lang='lat' dir='ltr'>remedio</span> <span class='ocrx_word' id='word_1_850' title='bbox 1833 3124 1884 3143; x_wconf 91' lang='lat' dir='ltr'>non</span> <span class='ocrx_word' id='word_1_851' title='bbox 1909 3124 1988 3150; x_wconf 80' lang='lat' dir='ltr'>egere</span> <span class='ocrx_word' id='word_1_852' title='bbox 2009 3117 2124 3144; x_wconf 81' lang='lat' dir='ltr'>creditis.</span> <span class='ocrx_word' id='word_1_853' title='bbox 2150 3118 2202 3144; x_wconf 85' lang='lat' dir='ltr'>Sed</span> <span class='ocrx_word' id='word_1_854' title='bbox 2229 3119 2295 3144; x_wconf 78' lang='lat' dir='ltr'>haec</span> 
     </span>
     <span class='ocr_line' id='line_1_116' title="bbox 1335 3159 2294 3196; baseline 0.004 -12"><span class='ocrx_word' id='word_1_855' title='bbox 1335 3159 1445 3185; x_wconf 86' lang='lat' dir='ltr'>tumoris</span> <span class='ocrx_word' id='word_1_856' title='bbox 1464 3159 1571 3185; x_wconf 81' lang='lat' dir='ltr'>altitudo</span> <span class='ocrx_word' id='word_1_857' title='bbox 1590 3167 1670 3192; x_wconf 77' lang='lat' dir='ltr'>quam</span> <span class='ocrx_word' id='word_1_858' title='bbox 1690 3161 1757 3186; x_wconf 80' lang='lat' dir='ltr'>iuste</span> <span class='ocrx_word' id='word_1_859' title='bbox 1782 3161 1932 3188; x_wconf 72' lang='lat' dir='ltr'>damnanda</span> <span class='ocrx_word' id='word_1_860' title='bbox 1951 3162 1997 3193; x_wconf 84' lang='lat' dir='ltr'>sit,</span> <span class='ocrx_word' id='word_1_861' title='bbox 2017 3162 2089 3188; x_wconf 84' lang='lat' dir='ltr'>videt</span> <span class='ocrx_word' id='word_1_862' title='bbox 2109 3162 2150 3189; x_wconf 81' lang='lat' dir='ltr'>ille</span> <span class='ocrx_word' id='word_1_863' title='bbox 2169 3162 2215 3196; x_wconf 86' lang='lat' dir='ltr'>qul</span> <span class='ocrx_word' id='word_1_864' title='bbox 2232 3161 2294 3188; x_wconf 74' lang='lat' dir='ltr'>ittu-</span> 
     </span>
     <span class='ocr_line' id='line_1_117' title="bbox 1334 3202 2294 3240; baseline 0.003 -11"><span class='ocrx_word' id='word_1_865' title='bbox 1334 3202 1421 3229; x_wconf 80' lang='lat' dir='ltr'>mi&#39;nat</span> <span class='ocrx_word' id='word_1_866' title='bbox 1439 3202 1595 3230; x_wconf 72' lang='lat' dir='ltr'>abscondita</span> <span class='ocrx_word' id='word_1_867' title='bbox 1614 3203 1788 3231; x_wconf 80' lang='lat' dir='ltr'>tenebrarum</span> <span class='ocrx_word' id='word_1_868' title='bbox 1806 3207 1832 3232; x_wconf 81' lang='lat' dir='ltr'>et</span> <span class='ocrx_word' id='word_1_869' title='bbox 1849 3206 2005 3240; x_wconf 68' lang='lat' dir='ltr'>manifestat</span> <span class='ocrx_word' id='word_1_870' title='bbox 2023 3205 2137 3234; x_wconf 75' lang='lat' dir='ltr'>consilia</span> <span class='ocrx_word' id='word_1_871' title='bbox 2161 3205 2294 3233; x_wconf 69' lang='lat' dir='ltr'>cordium.</span> 
     </span>
    </p>

    <p class='ocr_par' dir='ltr' id='par_1_21' title="bbox 1337 3245 2295 3321">
     <span class='ocr_line' id='line_1_118' title="bbox 1406 3245 2295 3282; baseline 0.003 -10"><span class='ocrx_word' id='word_1_872' title='bbox 1406 3245 1418 3260; x_wconf 80' lang='lat'><strong>⁹</strong></span> <span class='ocrx_word' id='word_1_873' title='bbox 1437 3247 1512 3273; x_wconf 85' lang='lat' dir='ltr'>Vers.</span> <span class='ocrx_word' id='word_1_874' title='bbox 1531 3248 1575 3274; x_wconf 81' lang='lat'>20.</span> <span class='ocrx_word' id='word_1_875' title='bbox 1596 3262 1632 3268; x_wconf 92' lang='lat'><strong>—</strong></span> <span class='ocrx_word' id='word_1_876' title='bbox 1651 3249 1776 3281; x_wconf 83' lang='lat' dir='ltr'>Superius</span> <span class='ocrx_word' id='word_1_877' title='bbox 1790 3257 1837 3282; x_wconf 81' lang='lat' dir='ltr'>pro</span> <span class='ocrx_word' id='word_1_878' title='bbox 1857 3250 1893 3277; x_wconf 82' lang='lat' dir='ltr'>ad</span> <span class='ocrx_word' id='word_1_879' title='bbox 1911 3250 2046 3278; x_wconf 76' lang='lat' dir='ltr'>hominem</span> <span class='ocrx_word' id='word_1_880' title='bbox 2065 3250 2181 3277; x_wconf 82' lang='lat' dir='ltr'>secunda</span> <span class='ocrx_word' id='word_1_881' title='bbox 2198 3257 2295 3276; x_wconf 74' lang='lat' dir='ltr'>mnus</span> 
     </span>
     <span class='ocr_line' id='line_1_119' title="bbox 1337 3291 1837 3321; baseline 0.008 -4"><span class='ocrx_word' id='word_1_882' title='bbox 1337 3292 1362 3317; x_wconf 84' lang='lat' dir='ltr'>ln</span> <span class='ocrx_word' id='word_1_883' title='bbox 1382 3292 1403 3317; x_wconf 93' lang='lat' dir='ltr'>D</span> <span class='ocrx_word' id='word_1_884' title='bbox 1422 3291 1555 3318; x_wconf 83' lang='lat' dir='ltr'>substituit</span> <span class='ocrx_word' id='word_1_885' title='bbox 1572 3292 1609 3320; x_wconf 84' lang='lat' dir='ltr'>ad</span> <span class='ocrx_word' id='word_1_886' title='bbox 1627 3293 1837 3321; x_wconf 74' lang='lat' dir='ltr'>ostentationem.</span> 
     </span>
    </p>

    <p class='ocr_par' dir='ltr' id='par_1_22' title="bbox 1336 3334 2295 3423">
     <span class='ocr_line' id='line_1_120' title="bbox 1407 3334 2295 3372; baseline 0.001 -9"><span class='ocrx_word' id='word_1_887' title='bbox 1407 3334 1429 3350; x_wconf 87' lang='lat'>¹⁰</span> <span class='ocrx_word' id='word_1_888' title='bbox 1448 3337 1521 3363; x_wconf 83' lang='lat' dir='ltr'>Vers.</span> <span class='ocrx_word' id='word_1_889' title='bbox 1542 3338 1567 3363; x_wconf 81' lang='lat'>2.</span> <span class='ocrx_word' id='word_1_890' title='bbox 1588 3352 1621 3356; x_wconf 97' lang='lat'><strong>—</strong></span> <span class='ocrx_word' id='word_1_891' title='bbox 1640 3338 1697 3364; x_wconf 90' lang='lat' dir='ltr'>Duo</span> <span class='ocrx_word' id='word_1_892' title='bbox 1716 3345 1789 3372; x_wconf 85' lang='lat' dir='ltr'>seqq.</span> <span class='ocrx_word' id='word_1_893' title='bbox 1810 3339 1859 3365; x_wconf 77' lang='lat' dir='ltr'>loci</span> <span class='ocrx_word' id='word_1_894' title='bbox 1873 3343 1933 3366; x_wconf 84' lang='lat' dir='ltr'>sunt</span> <span class='ocrx_word' id='word_1_895' title='bbox 1952 3340 2028 3366; x_wconf 82' lang='lat' dir='ltr'>Rom.</span> <span class='ocrx_word' id='word_1_896' title='bbox 2050 3340 2096 3371; x_wconf 88' lang='lat' dir='ltr'>ll,</span> <span class='ocrx_word' id='word_1_897' title='bbox 2116 3340 2160 3366; x_wconf 78' lang='lat'>33.</span> <span class='ocrx_word' id='word_1_898' title='bbox 2180 3342 2206 3365; x_wconf 87' lang='lat' dir='ltr'>et</span> <span class='ocrx_word' id='word_1_899' title='bbox 2218 3338 2295 3365; x_wconf 83' lang='lat' dir='ltr'>Eccli.</span> 
     </span>
     <span class='ocr_line' id='line_1_121' title="bbox 1336 3380 1919 3423; baseline 0.007 -16"><span class='ocrx_word' id='word_1_900' title='bbox 1336 3380 1383 3423; x_wconf 64' lang='lat'>24,</span> <span class='ocrx_word' id='word_1_901' title='bbox 1400 3381 1434 3413; x_wconf 85' lang='lat'>7,</span> <span class='ocrx_word' id='word_1_902' title='bbox 1453 3381 1499 3408; x_wconf 87' lang='lat' dir='ltr'>ubl</span> <span class='ocrx_word' id='word_1_903' title='bbox 1518 3389 1567 3414; x_wconf 87' lang='lat' dir='ltr'>pro</span> <span class='ocrx_word' id='word_1_904' title='bbox 1586 3381 1705 3409; x_wconf 69' lang='lat' dir='ltr'>habitari</span> <span class='ocrx_word' id='word_1_905' title='bbox 1722 3382 1800 3418; x_wconf 80' lang='lat' dir='ltr'>CDF</span> <span class='ocrx_word' id='word_1_906' title='bbox 1820 3381 1919 3411; x_wconf 73' lang='lat' dir='ltr'>babilo.</span> 
     </span>
    </p>

    <p class='ocr_par' dir='ltr' id='par_1_23' title="bbox 1409 3423 1656 3457">
     <span class='ocr_line' id='line_1_122' title="bbox 1409 3423 1656 3457; baseline 0.004 -6"><span class='ocrx_word' id='word_1_907' title='bbox 1409 3423 1428 3440; x_wconf 85' lang='lat'>¹¹</span> <span class='ocrx_word' id='word_1_908' title='bbox 1450 3426 1543 3454; x_wconf 73' lang='lat' dir='ltr'>psalm.</span> <span class='ocrx_word' id='word_1_909' title='bbox 1563 3427 1611 3457; x_wconf 75' lang='lat'>90,</span> <span class='ocrx_word' id='word_1_910' title='bbox 1631 3427 1656 3453; x_wconf 78' lang='lat'>9.</span> 
     </span>
    </p>
   </div>
  </div>
 </body>
</html>
