2427 3872
282 269 347 302 854

574 310 626 335 vn>

282 371 316 376 -
335 363 403 389 quae
423 358 461 380 est
489 354 513 379 in
542 353 699 386 poenitentia
719 352 819 378 excedit
839 352 916 377 virtu-

282 405 333 426 tem
353 403 460 426 naturae
479 397 541 424 ibid.

336 458 369 461 —
388 442 495 468 Praelati
513 448 563 467 non
584 448 631 473 per
659 440 807 465 violentiam
827 446 855 465 se
882 439 917 464 in·

281 490 373 520 gerant
390 487 431 512 vel
450 485 582 511 vindicent
600 485 632 509 Vl
653 484 704 510 578
723 484 739 509 7

335 546 369 550 —-
401 531 470 556 Deus
497 536 549 555 non
581 529 676 560 patitur
704 528 854 553 violentiam
884 527 916 552 Vl

282 576 328 601 392
354 575 386 600 40
491 567 493 569 ’
780 593 783 595 1

336 620 431 645 'tiaram
452 633 484 637 -
504 618 608 649 Triplex
634 616 691 641 eius
718 616 865 648 proprietas
893 618 918 641 et

282 664 421 696 applicatio
441 663 484 688 Vll
508 662 541 687 73
564 661 596 686 15
617 675 649 679 -
670 667 718 686 suo
747 663 821 692 partu
851 659 918 692 perit

283 709 315 733 Vl
336 708 380 733 181
406 715 430 732 v.
451 707 484 732 20

337 753 383 777 Vm
403 766 437 769 —
456 750 587 782 legitimus
601 749 768 781 spiritualiter
780 751 819 774 est
832 747 916 773 anima

282 796 364 822 fidelis
385 796 416 820 Vl
435 795 487 820 557
507 802 532 819 v.
553 794 585 819 18
604 808 638 812 -
652 792 823 825 spiritualiter
841 792 917 825 quin-

281 848 333 873 que
352 840 409 871 11111,
429 838 526 872 quibus
545 838 630 863 anima
660 836 790 867 abutitur,
810 839 918 868 possunt

281 885 332 910 dici
351 884 469 917 quinque
496 889 589 908 sensus
613 881 674 907 ibid.
695 896 727 899 —
749 881 872 906 naturalis
891 883 917 906 et

282 929 413 960 legitimus
433 930 472 952 est
496 934 556 959 pars
584 926 705 958 superior
723 925 829 950 rationis
848 928 918 950 recte

282 973 428 999 diiudicans
448 971 499 996 294
519 971 552 996 33
581 984 614 988 -
641 969 792 1001 illegitimus
810 968 917 994 rationis

282 1016 408 1042 inferioris
426 1018 465 1041 est
478 1021 562 1047 error,
575 1020 629 1046 quo
643 1014 729 1038 anima
742 1012 881 1038 abducitur
894 1015 919 1038 et

282 1060 414 1086 seducitur
433 1058 497 1085 ibid:

334 1119 365 1122 —
388 1106 488 1135 septem
509 1102 603 1127 mortui
628 1102 684 1127 sine
704 1101 794 1126 liberis
813 1104 874 1126 sunt
893 1101 918 1126 fi-

282 1142 347 1180 gura
367 1148 485 1173 omnium
505 1146 679 1178 reproborum
701 1146 741 1170 Vli
763 1145 813 1170 513
835 1146 867 1170 38
882 1158 916 1163 -

282 1196 342 1218 sunt
371 1193 453 1224 figura
483 1194 583 1222 septem
613 1191 736 1215 vitiorum
769 1189 918 1221 capitellum

282 1237 333 1262 514
354 1237 386 1261 38
406 1250 440 1255 -
460 1241 520 1261 sunt
547 1235 631 1266 figura
659 1234 776 1267 quinque
794 1240 918 1259 sensuum

283 1284 306 1307 et
325 1281 436 1313 duplicis
456 1279 670 1305 considerationis
689 1278 796 1303 rationis
809 1276 870 1303 ibid.
884 1290 920 1296 —

282 1326 398 1358 quinque
417 1325 539 1350 dicuntur
557 1324 753 1349 carnis'sensus
772 1322 805 1347 Vt
819 1322 871 1347 294
885 1322 918 1346 33

337 1369 416 1394 Vmox
437 1383 469 1386 —
489 1369 575 1394 Aaron
594 1368 691 1393 florens
711 1367 758 1392 fuit
771 1366 854 1398 figura
870 1366 919 1391 Ma-

283 1414 336 1439 riae
356 1413 469 1444 Virginis
495 1413 537 1438 Vll
563 1412 597 1437 25
616 1412 649 1437 63
675 1425 709 1430 -
732 1411 812 1442 Virga
833 1417 919 1436 corre-

283 1458 378 1490 ptionis
397 1457 551 1483 deducenda
571 1462 608 1481 est
628 1456 685 1481 ovis
704 1456 736 1480 Vl
757 1455 807 1480 583
829 1455 861 1479 12

336 1502 457 1527 Vinomes
475 1515 510 1520 —
528 1504 588 1526 sunt
607 1500 741 1532 proximae
754 1499 807 1524 Deo
823 1499 853 1523 Vl
869 1498 919 1524 149

283 1554 308 1572 v.
330 1547 361 1571 20
384 1560 414 1563 -
434 1548 578 1578 sequuntur
606 1544 736 1570 Christum
762 1544 788 1568 in
808 1543 851 1568 via
880 1550 920 1568 su-

283 1590 512 1622 pererogationum
531 1595 579 1620 per
607 1588 782 1614 excellentiam
803 1587 921 1619 puritatis

284 1635 330 1660 581
356 1634 370 1659 4

337 1693 371 1696 -
390 1685 450 1703 cum
471 1678 564 1702 timore
590 1684 637 1708 pro
662 1675 788 1708 operibus
806 1676 860 1701 suis
879 1683 921 1701 ex-

284 1722 439 1754 spectabunt
453 1722 545 1747 iudicis
558 1715 700 1746 adventum
716 1721 757 1745 Vll
772 1720 823 1745 534
840 1719 872 1745 44
886 1727 920 1738 ——‘-

284 1768 367 1792 fatuae
387 1766 459 1792 tarde
479 1766 613 1791 venientes
641 1766 798 1790 invenerunt
816 1765 919 1790 ianuam

283 1812 397 1837 clausam
418 1810 451 1835 Vl
471 1810 520 1835 547
543 1811 575 1835 12

337 1870 371 1873 -
391 1854 524 1880 Processio
544 1854 677 1885 virgiuum
702 1854 830 1885 significat
848 1853 920 1879 obse-

283 1900 376 1932 quium
396 1899 660 1931 contemplativorum
683 1899 713 1923 Vl
733 1897 783 1923 594
804 1899 819 1923 2

337 1944 528 1969 Yuzonmrxs—
542 1943 604 1968 dicit
618 1942 837 1973 incorruptionem
852 1948 921 1967 men-

283 1989 314 2013 tis
334 1991 358 2013 et
377 1988 474 2019 carnis,
495 1994 563 2020 quae
577 1987 695 2018 perditur
709 1986 920 2018 recuperabiliter

283 2035 328 2058 aut
347 2032 521 2062 aeternaliter,
551 2034 595 2056 aut
621 2031 796 2063 temporaliter
816 2032 848 2056 Vl
869 2031 920 2061 272

285 2077 317 2102 15
337 2091 371 2094 -
397 2076 456 2101 facit
481 2076 613 2101 hominem
641 2075 781 2100 amabilem
811 2075 835 2101 in
863 2083 921 2101 con-

285 2124 374 2152 spectu
395 2120 440 2146 Dei
459 2124 485 2145 et
504 2120 639 2145 hominum
661 2120 712 2145 529
732 2120 765 2145 52

339 2165 432 2190 Vurrus
450 2178 486 2183 —
504 2167 543 2189 est
561 2164 686 2196 perfectio
707 2165 805 2196 gratiae
820 2165 851 2190 Vl
869 2165 914 2190 161

284 2217 309 2234 v.
325 2209 339 2234 4
359 2223 393 2228 —
412 2212 451 2234 est
470 2210 583 2240 perfecta
604 2208 718 2240 potentia
734 2209 783 2234 183
798 2216 824 2234 v.
839 2210 871 2234 22
886 2223 921 2227 —

282 2258 320 2279 est
339 2254 458 2279 ultimum
486 2253 520 2278 de
539 2253 652 2284 potentia
682 2253 709 2278 in
737 2259 766 2278 re
794 2252 855 2279 ibid.
885 2267 920 2272 —·

283 2298 399 2323 consistit
418 2297 442 2322 in
463 2297 601 2323 medietate
629 2300 654 2322 et
673 2298 851 2329 corrumpitur
875 2305 921 2329 per

283 2343 460 2374 superfluum,
481 2342 547 2367 sicut
566 2348 613 2373 per
632 2342 792 2367 diminutum
807 2343 840 2367 60
859 2349 885 2375 q.
905 2343 920 2367 2

283 2400 317 2405 -
337 2392 405 2419 quae
424 2386 573 2411 immediate
592 2386 749 2416 consistunt,
762 2386 854 2411 decem
870 2386 922 2411 mil-

283 2430 315 2455 lia
336 2430 457 2455 dicuntur
476 2432 584 2462 propter
612 2429 806 2455 observantiam
827 2430 919 2456 decem

283 2474 467 2500 mandatorum
498 2474 540 2499 Vll
569 2473 619 2499 379
641 2475 673 2499 62
692 2488 728 2493 -
746 2473 780 2499 ab
800 2475 923 2501 omnibus

286 2519 400 2550 generali
419 2518 534 2551 quadam
550 2525 615 2543 voce
633 2518 796 2550 approbatur
816 2519 866 2544 407
890 2520 921 2544 12

284 2576 319 2581 -—
338 2567 363 2588 et
382 2569 450 2594 opus
469 2562 572 2588 virtutis
597 2566 657 2588 sunt
676 2562 709 2588 de
729 2569 826 2594 genere
846 2564 922 2588 hone·

242 2611 245 2615 '
284 2607 316 2632 sti
335 2607 368 2632 Vl
390 2606 438 2631 {65
457 2614 482 2631 v.
504 2607 536 2631 18

336 2665 372 2670 -
391 2651 500 2682 pertinet
517 2651 551 2676 ad
570 2651 698 2680 actionem
720 2652 749 2676 Vl
769 2651 820 2676 569
840 2658 866 2676 v.
890 2652 923 2677 33

284 2703 319 2714 -ὲ
338 2695 424 2720 omnis
442 2698 481 2720 est
499 2695 566 2720 circa
588 2695 691 2720 difficile
711 2695 743 2720 47
763 2702 790 2728 q.
809 2695 842 2720 58
862 2703 888 2728 q.
909 2696 918 2720 1

288 2754 320 2757 —
350 2739 492 2764 Difficultas
518 2739 618 2764 ratione
646 2739 750 2770 generis
777 2739 865 2770 operis
889 2739 924 2765 ad

290 2783 415 2808 maiorem
436 2783 558 2808 virtutem
580 2784 639 2808 facit
658 2783 691 2808 59
711 2790 736 2816 q.
758 2783 766 2807 1

338 2841 373 2846 --
391 2827 560 2859 designantur
580 2827 603 2852 in
623 2827 717 2852 diebus
730 2827 867 2852 creationis
881 2828 923 2853 Vll

287 2872 320 2897 55
341 2872 373 2897 49
392 2885 425 2889 —
446 2872 532 2896 Silvae
551 2872 698 2903 significant
711 2872 819 2896 virtutes
838 2872 924 2897 varias

289 2916 321 2941 Vl
342 2916 375 2940 22
395 2923 421 2941 v.
443 2916 458 2940 8
478 2930 512 2933 —
531 2916 622 2947 triplex
648 2915 721 2946 fidei,
742 2916 797 2947 spei
817 2919 842 2941 et
860 2916 923 2941 cari-

286 2960 345 2985 tatis
364 2960 491 2991 figuratur
510 2960 535 2985 in
555 2959 701 2992 Abraham,
722 2960 791 2985 lsaac
804 2963 828 2984 et
849 2959 924 2986 iacob

288 3004 330 3029 Vll
351 3004 402 3029 515
422 3003 455 3031 44

339 3048 410 3073 --in
422 3047 562 3073 virtutibus
572 3051 611 3073 est
621 3048 746 3073 connexio
757 3048 789 3073 Vl
803 3049 835 3073 80
849 3055 875 3081 q.
891 3062 923 3067 --

287 3093 399 3118 Peccans
417 3093 444 3117 in
464 3099 516 3118 uno
535 3096 643 3124 peccato
662 3092 755 3117 amittit
767 3100 859 3118 omnes
872 3093 924 3117 vir-

287 3140 368 3167 tutes,
387 3140 517 3169 quatenus
535 3140 595 3162 sunt
614 3136 742 3168 gratuitae
761 3136 822 3162 ibid.

341 3195 374 3199 —-
394 3184 432 3206 est
452 3184 526 3212 porta
546 3181 614 3206 vitae
635 3181 666 3206 Vl
691 3181 742 3206 595
762 3182 777 3206 2
798 3195 832 3200 -
856 3181 924 3206 lucet

287 3225 362 3257 quasi
382 3225 485 3250 lucerna
507 3225 553 3250 131
578 3232 603 3250 ν.
625 3226 633 3250 1
826 3254 828 3256 ,

341 3283 374 3287 *-
393 3261 516 3294 Omnium
536 3269 662 3295 virtutum
677 3270 872 3295 fundamentum
887 3272 925 3294 est

288 3313 436 3338 caelestium
456 3312 602 3339 obedientia
619 3313 801 3339 mandatorum
824 3313 856 3337 Vll
874 3313 924 3338 164

290 3357 338 3382 107
360 3370 394 3376 --
413 3356 521 3382 Habitus
538 3357 595 3382 sive
614 3364 676 3382 usus
689 3357 792 3381 virtutis
812 3358 925 3388 perfecte

289 3401 405 3426 consistit
423 3401 449 3425 in
469 3402 551 3431 fama,
570 3401 622 3425 vita
641 3403 667 3425 et
686 3400 768 3431 gratia
789 3400 821 3425 58
843 3401 876 3426 58
890 3414 925 3420 —

1142 262 1256 295 lNDEX
1280 262 1408 296 RERUM

955 350 1064 377 Virtutis
1084 351 1202 376 mentalis
1222 351 1346 382 perfectio
1371 351 1487 376 consistit
1512 351 1538 376 in
1557 351 1592 375 vi-

955 402 1020 427 gore
1039 395 1177 427 potentine,
1191 395 1330 426 splendore
1344 395 1489 426 sapientiae¹
1505 398 1530 420 et
1544 396 1592 420 fer-

955 446 1020 465 vore
1039 439 1139 471 gratiae
1158 439 1191 464 65
1211 439 1244 463 92
1263 451 1299 457 —
1317 439 1356 464 Ad
1380 440 1521 470 perfectam
1541 439 1592 464 vir-

954 486 1036 509 tutem
1064 482 1211 508 necessaria
1236 486 1297 508 sunt
1321 483 1388 508 scire
1412 486 1538 515 quantum
1559 483 1591 508 ad

955 527 1125 557 intellectum,
1151 527 1217 552 velle
1241 530 1368 560 quantum
1398 527 1432 552 ad
1457 528 1591 557 affectum,

954 570 1198 603 impermutabiliter
1217 571 1320 602 operari
1340 575 1469 604 quantum
1482 571 1517 597 ad
1535 572 1593 596 esse-

954 618 1024 641 ctum
1045 615 1078 640 Vl
1098 616 1148 640 630
1178 616 1210 640 13
1238 630 1270 635 --
1296 616 1410 647 perfecta
1435 622 1486 641 non
1515 615 1594 640 habet

955 660 1071 685 studium
1092 659 1199 685 ultionis
1219 659 1326 684 1711248
1350 659 1398 684 100

1008 718 1041 722 -
1062 703 1213 729 Aedificatio
1226 703 1338 729 aedificii
1351 706 1452 735 septem
1467 703 1592 728 virtutum

955 748 1100 773 necessaria
1126 750 1177 779 est,
1207 750 1347 780 antequam
1373 747 1542 779 perveniatur
1560 747 1594 772 ad

955 792 1092 817 cumulum
1118 791 1270 817 meritorum
1298 791 1340 816 Vll
1367 790 1418 816 377
1438 791 1471 816 57
1490 805 1526 810 —
1545 791 1594 823 Qui

955 836 1078 867 proponit
1108 836 1142 861 ad
1178 836 1282 861 culmen
1318 835 1422 861 virtutis
1453 836 1596 861 ascendere

956 880 1047 905 turrim
1068 880 1188 905 aedificat
1206 878 1267 906 ibid.
1295 894 1327 898 -—
1349 880 1398 912 Qut
1418 879 1473 904 vult
1490 879 1524 905 'ad
1545 880 1595 904 cul-

956 931 1016 950 men
1042 924 1144 949 virtutis
1168 924 1315 956 pertingere
1334 923 1414 949 debet
1432 923 1595 955 praevidere,

956 969 976 994 si
998 968 1058 994 velit
1077 975 1248 1000 perseverare
1267 967 1300 994 ib.
1321 968 1354 993 58
1378 981 1412 986 -—
1432 967 1595 993 Fundamen-

956 1016 1010 1038 tum
1039 1012 1143 1038 virtutis
1172 1012 1278 1044 ponitur
1306 1012 1432 1037 imitando
1463 1011 1594 1037 Christum

957 1064 1004 1089 per
1022 1057 1101 1082 fldem
1122 1060 1147 1082 et
1166 1056 1262 1082 bonam
1291 1057 1469 1088 operationem
1491 1056 1540 1081 378
1561 1056 1593 1081 59

1010 1116 1044 1119 —
1064 1101 1196 1126 Profectus
1215 1101 1318 1126 virtutis
1338 1101 1466 1132 figuratur
1485 1107 1532 1132 per
1552 1100 1596 1125 do-

958 1153 1030 1171 mum
1044 1145 1235 1171 aedificandam
1250 1146 1292 1170 Vll
1313 1145 1363 1170 164
1385 1144 1434 1169 107
1454 1158 1488 1163 -
1503 1145 1543 1170 1110
1562 1145 1595 1170 01-

957 1190 1007 1215 1103
1028 1190 1091 1215 fodit
1110 1190 1277 1215 fundamenta
1297 1189 1408 1214 aedificii
1423 1189 1534 1220 virtutis,
1548 1189 1595 1221 qui

958 1234 1043 1265 magis
1062 1241 1109 1265 per
1129 1234 1300 1259 humilitatem
1327 1233 1462 1259 descendit
1481 1232 1542 1259 ibid.
1562 1247 1595 1250 ——

957 1278 996 1303 Ad
1017 1279 1163 1309 profectum
1183 1278 1286 1303 virtutis
1300 1278 1441 1310 requiritur
1455 1277 1596 1303 descensus

958 1322 1110 1347 humilitatis
1128 1324 1154 1347 et
1172 1321 1377 1347 stabilimentum
1398 1322 1510 1347 caritatis
1534 1320 1595 1347 ibid.

957 1380 992 1385 —
1007 1366 1089 1392 maior
1108 1366 1232 1397 eflicitur,
1251 1369 1349 1398 quanto
1370 1366 1453 1397 magis
1467 1366 1546 1391 homo
1560 1372 1598 1390 re-

958 1410 995 1436 dit
1014 1411 1047 1436 ad
1068 1410 1188 1436 interiora
1208 1410 1260 1435 365
1290 1410 1324 1435 25
1342 1424 1377 1428 —
1397 1410 1496 1441 gradus
1515 1411 1597 1441 profe-

958 1458 1015 1481 ctus
1034 1456 1160 1480 virtutum
1186 1462 1270 1488 usque
1295 1455 1329 1480 ad
1354 1455 1487 1480 caritatem
1512 1455 1598 1486 perfe-

958 1504 1026 1526 ctam
1046 1503 1105 1525 sunt
1123 1507 1166 1525 sex
1182 1499 1232 1524 142
1253 1499 1286 1524 34
1300 1514 1334 1517 -
1348 1500 1429 1524 Nemo
1444 1502 1528 1530 potest
1541 1505 1598 1524 esse

960 1545 1038 1570 nimis
1057 1545 1191 1569 virtuosus
1210 1544 1243 1569 Vl
1265 1544 1292 1568 61
1317 1551 1343 1576 q.
1364 1544 1373 1568 1

1010 1603 1046 1607 —
1065 1588 1187 1620 Operatio
1206 1588 1310 1613 virtutis
1329 1591 1368 1613 est
1386 1587 1473 1613 debita
1499 1587 1597 1612 homini

959 1633 990 1658 Vl
1011 1633 1027 1658 7
1050 1640 1064 1658 a
1093 1646 1129 1652 -—
1156 1633 1240 1658 Homo
1264 1631 1343 1657 debet
1369 1639 1466 1663 ponere
1491 1631 1525 1657 de
1550 1638 1598 1656 300

959 1684 1039 1709 opera
1058 1677 1200 1707 virtutum,
1220 1679 1246 1702 et
1265 1677 1333 1702 Deus
1346 1676 1380 1701 de
1393 1683 1441 1701 suo
1456 1676 1524 1701 ‹lena
1539 1683 1598 1707 gra-

960 1722 1053 1747 tiarum
1074 1721 1125 1747 597
1146 1721 1155 1746 1
1180 1734 1214 1740 -
1233 1722 1260 1746 111
1281 1720 1416 1752 baptizatis
1436 1724 1474 1745 est
1489 1723 1598 1752 tempus

959 1766 1092 1798 plantandi
1113 1766 1221 1791 virtutes
1241 1765 1269 1791 31
1294 1773 1319 1790 v.
1339 1766 1353 1790 8
1375 1779 1408 1782 ——
1422 1764 1532 1790 habetur
1551 1772 1597 1796 per

959 1810 1157 1843 acquisitionem
1179 1810 1228 1835 162
1246 1817 1272 1834 v.
1286 1810 1302 1834 7

1012 1869 1044 1872 —-
1065 1854 1178 1887 Quidam
1204 1854 1319 1885 speciem
1347 1853 1448 1885 pictatis
1471 1853 1597 1879 habentes

958 1899 1081 1924 virtutem
1102 1898 1291 1929 ignoraverunt
1304 1898 1336 1923 Vl
1359 1898 1408 1923 162
1423 1905 1448 1922 ν.
1462 1898 1479 1923 7
1492 1912 1526 1915 —
1540 1899 1597 1923 i‘hi—

959 1943 1061 1974 losophi
1081 1950 1131 1967 non
1157 1941 1305 1968 habuerunt
1329 1942 1437 1967 virtutes
1456 1943 1596 1974 perfectas,

959 1987 1005 2012 sed
1031 1987 1208 2019 imperfectas,
1236 1987 1296 2019 quia
1327 1986 1382 2011 sine
1406 1986 1498 2011 merito
1518 1987 1597 2012 0110-

961 2033 1056 2056 formes
1076 2029 1136 2056 ibid.
1156 2045 1191 2048 —
1210 2031 1360 2062 Philosophi
1380 2029 1529 2056 habuerunt
1548 2031 1597 2056 vir-

959 2079 1028 2101 tutes
1044 2082 1060 2100 a
1082 2076 1135 2100 Deo
1154 2082 1201 2106 per
1221 2075 1332 2107 gratiam
1353 2075 1454 2107 datam,
1474 2075 1596 2100 11001000

959 2127 1007 2152 per
1026 2120 1137 2152 gratiam
1158 2122 1262 2151 gratum
1283 2119 1419 2144 facientem
1440 2118 1501 2145 ibid.

1012 2178 1046 2183 —
1066 2163 1228 2190 Christianus
1247 2163 1327 2189 debet
1345 2171 1463 2189 crescere
1477 2164 1501 2189 in
1516 2164 1598 2190 altitu-

959 2210 1020 2235 dine
1039 2216 1086 2240 per
1102 2208 1272 2234 eminentiam
1286 2208 1397 2239 virtutis,
1411 2208 1436 2233 in
1451 2209 1600 2234 fortitudine

961 2260 1007 2285 per
1026 2253 1197 2279 constantiam
1225 2253 1335 2283 virtutis,
1354 2253 1380 2277 in
1400 2252 1533 2278 latitudine
1553 2260 1600 2285 per

961 2296 1201 2328 multiplicationem
1222 2296 1326 2321 virtutis
1341 2296 1372 2321 Vl
1387 2295 1437 2321 553
1453 2296 1469 2321 5
1483 2309 1517 2314 -
1530 2295 1600 2322 Chri-

960 2342 1058 2366 stIanus
1086 2340 1166 2366 debet
1190 2347 1309 2366 crescere
1336 2340 1363 2365 in
1391 2341 1545 2372 operatione
1576 2344 1601 2366 et

960 2386 1102 2411 constantia
1124 2385 1227 2410 virtutis
1247 2385 1298 2410 554
1319 2385 1334 2409 8
1353 2397 1388 2403 —-
1407 2385 1481 2410 Ratio
1500 2385 1600 2417 accepti

960 2429 1060 2461 obligat
1079 2429 1112 2455 ad
1131 2429 1233 2454 virtutis
1247 2430 1393 2461 profectum
1409 2429 1459 2454 539
1473 2429 1489 2454 7
1503 2444 1537 2447 -
1551 2430 1600 2455 Pro

961 2474 1080 2506 exemplo
1099 2473 1202 2498 virtutis
1222 2480 1272 2498 non
1293 2476 1332 2498 est
1351 2473 1531 2506 quaerendum
1546 2481 1601 2499 mu-

961 2526 1010 2544 nus
1029 2517 1169 2543 transitorii
1190 2517 1285 2543 favoris
1305 2518 1346 2542 Vll
1367 2517 1418 2543 324
1439 2518 1471 2543 50

1014 2576 1049 2581 -
1068 2562 1226 2594 principales
1254 2565 1313 2587 suut
1338 2561 1477 2593 sobrietas,
1498 2562 1601 2594 sapien-

961 2607 1009 2638 tia,
1029 2607 1135 2637 iustitia,
1164 2607 1248 2632 virtus
1276 2613 1322 2631 seu
1353 2606 1476 2632 fortitudo
1496 2607 1529 2631 Vl
1552 2607 1600 2631 162

962 2659 987 2677 v.
1007 2651 1022 2676 7
1043 2665 1078 2670 —
1097 2651 1253 2683 principales
1281 2651 1422 2682 proficiunt
1450 2651 1550 2676 homini
1575 2651 1600 2676 in

962 2696 1066 2727 agendo
1085 2698 1110 2720 et
1123 2695 1246 2727 patiendo
1260 2693 1321 2721 ibid.
1339 2709 1370 2713 -
1384 2695 1529 2720 cardinales
1541 2698 1602 2720 sunt

963 2739 1126 2764 necessariae
1145 2739 1178 2764 ad
1198 2739 1355 2764 sacrificium
1371 2739 1424 2764 Deo
1437 2739 1600 2764 offerendum

963 2784 1004 2808 Vll
1024 2783 1057 2808 64
1077 2784 1110 2808 89
1131 2798 1165 2801 —
1184 2783 1345 2813 cardinales,
1364 2782 1462 2815 quibus
1481 2783 1601 2814 personis

961 2827 1129 2859 spiritualiter
1144 2827 1315 2859 designentur
1330 2830 1380 2851 tam
1396 2827 1421 2851 in
1436 2834 1506 2851 novo
1519 2833 1599 2859 quam

962 2872 989 2896 in
1009 2871 1088 2896 veteri
1109 2874 1263 2897 testamento
1283 2870 1345 2896 ibid.

1015 2930 1049 2933 —
1076 2916 1192 2948 Quatuor
1222 2915 1346 2940 virtutum
1376 2915 1488 2946 gemmis
1516 2915 1601 2939 crucis

961 2967 1058 2986 cornua
1078 2960 1238 2985 adornantur
1257 2959 1298 2984 Vll
1320 2959 1370 2983 578
1393 2959 1425 2984 45
1443 2958 1602 2984 —Cuilibet

962 3004 1052 3029 virtuti
1076 3004 1219 3035 respondet
1237 3003 1332 3034 duplex
1358 3003 1450 3027 vitium
1471 3005 1501 3028 ex
1521 3010 1602 3034 oppo-

962 3049 1011 3073 sito
1035 3048 1180 3073 secundum
1200 3047 1467 3079 superabundantiam
1487 3050 1513 3072 et
1532 3047 1602 3073 defe-

962 3096 1032 3118 ctum
1054 3092 1104 3117 379
1126 3092 1158 3117 62

1016 3151 1051 3155 -
1072 3135 1218 3161 Virtutibus
1236 3136 1300 3161 nihil
1319 3139 1358 3161 est
1386 3136 1473 3161 utilius
1498 3135 1521 3160 in
1548 3136 1599 3160 vita

963 3182 1078 3206 humana
1099 3181 1130 3205 Vl
1152 3180 1202 3205 162
1222 3187 1248 3205 v.
1268 3180 1284 3204 7
1304 3194 1338 3198 —
1360 3179 1467 3204 Virtutis
1480 3179 1600 3204 exercita-

963 3225 998 3250 tio
1017 3225 1090 3257 ditat
1118 3224 1169 3249 539
1189 3224 1203 3248 7
1224 3238 1260 3243 —
1278 3231 1331 3249 non
1351 3223 1474 3255 impedit,
1494 3223 1540 3249 sed
1560 3223 1602 3249 ad-

963 3269 1035 3294 iuvat
1055 3269 1087 3294 47
1107 3276 1132 3301 q.
1152 3283 1187 3286 —
1206 3269 1274 3293 Fons
1299 3268 1397 3299 gratiae
1423 3268 1505 3293 reficit
1523 3268 1602 3293 virtu-

962 3317 1015 3339 tem
1035 3316 1162 3346 quantum
1182 3313 1216 3338 ad
1235 3313 1335 3337 activos
1355 3312 1406 3337 555
1426 3313 1440 3337 2

1015 3370 1051 3376 —
1070 3357 1202 3382 Virtutum
1223 3363 1302 3388 opera
1323 3359 1383 3381 sunt
1401 3356 1492 3381 suavia
1513 3356 1601 3381 virtuti

962 3401 1112 3431 inchoatae,
1126 3400 1249 3425 suaviora
1267 3400 1426 3431 proficienti,
1446 3400 1601 3425 suavissima

1922 307 1973 332 Vis

1629 351 1680 376 iam
1701 352 1831 382 perfectae
1851 351 1893 376 Vll
1913 350 1964 376 340
1985 351 2018 376 17
2037 365 2072 371 -
2092 352 2151 378 Sine
2163 352 2266 379 virtutis

1629 394 1724 420 robore
1744 395 1769 419 in
1790 395 1888 426 proelio
1916 399 1985 420 stare
2013 402 2066 420 non
2084 398 2123 421 est
2142 396 2266 428 possibile

1630 438 1661 463 Vl
1692 438 1742 464 438
1773 438 1804 463 46
1830 453 1864 457 —
1893 438 1987 465 debilis
2013 446 2064 465 non
2092 442 2175 471 potest
2201 441 2267 465 ferre

1628 483 1724 507 molem
1744 489 1852 514 gravem
1873 490 1921 515 per
1938 483 2009 508 viam
2029 483 2160 509 difficilem
2179 484 2230 509 567
2250 485 2266 509 2

1682 541 1717 544 -
1735 527 1856 552 simulata
1883 530 1922 553 est
1949 527 2045 559 duplex
2074 527 2196 560 iniquitas
2221 528 2264 553 Vll

1630 570 1681 596 295
1701 571 1735 596 55

1683 628 1718 632 —
1736 614 1874 639 infirmitas
1893 615 1996 640 virtutis
2014 615 2125 647 impedit
2145 622 2268 647 progres-

1629 665 1688 683 sum
1709 658 1866 689 operationis
1887 658 1917 682 Vl
1938 659 1989 684 584
2008 659 2025 684 7
2039 673 2072 677 —
2086 659 2206 685 Defectus
2218 660 2268 685 vir·

1631 702 1692 727 10113
1706 702 1738 727 ad
1753 702 1926 728 resistendum
1941 702 2147 728 considerandus
2159 705 2184 728 et
2198 703 2269 735 plan-

1631 746 1733 778 gendus
1751 753 1799 778 per
1818 746 2046 778 compunctionem
2067 747 2113 772 271
2139 747 2170 772 13
2185 760 2217 765 —
2231 754 2269 772 re-

1631 791 1772 816 stituuntur
1792 790 1816 815 in
1835 790 1998 816 confessione
2017 790 2067 815 600
2088 790 2103 815 4

1687 849 1718 853 -
1738 841 1826 860 rerum
1855 838 1894 860 est
1922 835 2022 860 occulta
2051 841 2066 859 a
2090 833 2211 860 sensibus
2235 834 2268 860 Vl

1633 880 1665 904 16
1685 886 1712 911 q.
1735 879 1744 903 1

1685 937 1719 941 -
1751 923 1883 948 caelorum
1915 926 1975 948 sunt
2005 922 2095 955 Angeli
2127 922 2196 948 beati
2226 922 2270 948 vlt

1633 967 1684 992 534
1705 966 1737 992 45

1684 1014 1719 1030 -’
1740 1010 1785 1036 Dei
1804 1013 1842 1036 est
1861 1010 1979 1037 Christus
1997 1014 2026 1037 ut
2045 1010 2162 1036 Verbum
2189 1010 2270 1036 Patris

1633 1055 1675 1080 vil
1697 1054 1747 1080 124
1769 1054 1800 1080 43
1820 1068 1856 1074 —
1874 1055 1967 1081 Christi
1991 1058 2051 1087 apta
2071 1058 2110 1080 est
2129 1055 2162 1080 ad
2181 1061 2270 1080 sanan-

1632 1100 1712 1130 dum,
1741 1106 1794 1124 non
1813 1099 1847 1124 ad
1867 1099 2031 1130 perdendum
2052 1098 2113 1125 ibid.
2132 1113 2168 1118 —
2186 1098 2271 1124 Virtu-

1633 1147 1684 1169 tem
1704 1143 1797 1169 Christi
1818 1146 1967 1175 promptam
1987 1144 2073 1169 reddit
2086 1143 2152 1169 ssdes
2165 1143 2271 1169 creden-

1633 1188 1697 1213 tium
1717 1186 1780 1213 ibid.
1802 1201 1834 1205 ——
1853 1187 1940 1213 exibat
1963 1194 1976 1212 a
1997 1187 2098 1213 Christo
2119 1191 2145 1213 et
2163 1186 2272 1213 sanabat

1633 1239 1725 1258 omnes
1745 1231 1795 1257 146
1816 1231 1848 1257 46

1686 1290 1722 1295 -
1735 1276 1759 1301 10
1774 1276 1874 1302 Christo
1895 1276 2108 1301 famiHarissimae
2121 1280 2180 1301 sunt
2193 1276 2271 1307 fides,

1633 1328 1695 1353 spes
1716 1324 1741 1347 et
1760 1321 1854 1346 caritas
1873 1321 1914 1346 Vll
1936 1320 1987 1345 2i4
2007 1320 2036 1345 91

1686 1380 1721 1384 ——
1741 1365 1853 1397 Spiritus
1872 1365 1953 1390 sancti
1981 1368 2021 1390 est
2047 1364 2206 1396 septiformis
2228 1358 2272 1396 Vll

1635 1411 1668 1436 55
1689 1410 1721 1435 49
1741 1424 1776 1429 -
1795 1410 1840 1434 Dei
1861 1412 1900 1435 est
1919 1409 2002 1441 pietas
2020 1409 2053 1434 Vl
2076 1409 2124 1433 188
2144 1415 2172 1433 v.
2192 1408 2224 1433 15

1690 1454 1796 1479 Vistssuffi
1817 1468 1850 1472 --
1870 1453 1974 1486 Aliquid
2003 1456 2042 1478 est
2070 1452 2187 1484 visibile,
2209 1451 2270 1485 quia

1635 1499 1721 1524 visum
1742 1499 1821 1523 latere
1849 1505 1900 1523 non
1929 1501 2030 1530 potest,
2048 1500 2093 1522 aut
2111 1497 2186 1529 quia,
2212 1503 2273 1522 cum

1635 1543 1714 1568 latere
1742 1543 1838 1574 possit,
1868 1545 1953 1574 potest
1976 1541 2054 1567 etiam
2073 1542 2161 1567 visum
2181 1541 2275 1566 immu-

1636 1590 1691 1612 tare
1710 1587 1741 1612 Vl
1763 1587 1813 1612 518
1834 1586 1868 1612 65
1889 1601 1922 1604 -
1942 1589 2003 1612 31101
2020 1593 2035 1611 0
2054 1586 2109 1611 Deo
2122 1588 2207 1611 creata
2222 1586 2273 1611 322

1636 1632 1668 1656 23
1688 1646 1723 1649 ——
1743 1632 1790 1656 Per
1809 1631 1921 1656 visibilia
1946 1630 2098 1662 pervenitur
2127 1630 2161 1656 ad
2189 1630 2276 1655 invisi-

1636 1675 1696 1701 bilia
1716 1676 1766 1701 243
1787 1676 1812 1701 9.
1832 1676 1883 1700 318
1906 1676 1914 1700 1
1939 1690 1973 1694 -
1993 1676 2057 1700 Boni
2081 1675 2105 1700 in
2129 1675 2168 1700 his
2187 1674 2275 1700 visibi-

1635 1720 1703 1746 libus
1723 1720 1827 1751 vident,
1854 1720 1917 1752 quid
1946 1727 1992 1745 eos
2020 1723 2159 1752 sequatur,
2188 1721 2216 1744 ut
2240 1718 2275 1744 ad

1634 1764 1772 1790 invisibilia
1793 1765 1927 1796 erigantur
1947 1765 1989 1789 Vll
2010 1763 2060 1789 436
2081 1764 2109 1789 3l

1689 1810 1758 1835 Visio
1777 1824 1811 1827 —
1840 1809 1938 1834 Videre
1965 1808 2027 1834 dicit
2048 1808 2225 1839 cognitionem
2250 1809 2275 1832 et

1635 1853 1838 1879 antecessionem
1871 1852 1981 1883 obiecti,
2012 1853 2085 1885 quod
2117 1852 2192 1884 prius
2222 1854 2274 1882 est,

1634 1905 1713 1931 quam
1735 1898 1838 1923 videtur
1865 1898 1895 1922 Vl
1926 1898 1978 1922 310
2007 1896 2040 1922 44
2060 1910 2095 1915 -
2116 1896 2212 1921 Videre
2236 1899 2276 1921 est

1635 1949 1682 1974 per
1700 1942 1827 1967 rationem
1857 1941 1908 1966 424
1935 1941 1964 1966 71
1988 1955 2023 1959 —-
2044 1941 2114 1966 Deus
2141 1940 2276 1971 cognoscit

1635 1986 1732 2011 interna
1753 1986 1868 2017 visione,
1888 1985 2008 2011 homines
2027 1988 2131 2010 externa
2151 1984 2203 2010 277
2222 1984 2256 2009 38

1687 2045 1721 2048 —
1742 2030 1818 2062 Quod
1837 2029 1942 2055 videtur
1961 2029 2107 2054 secundum
2134 2028 2210 2053 aliam
2237 2035 2274 2053 ra-

1635 2075 1732 2100 tionem
1762 2077 1846 2106 potest
1873 2074 1945 2099 credi
1969 2073 2001 2098 Vl
2025 2074 2077 2099 518
2097 2073 2130 2098 66
2151 2087 2184 2091 --
2203 2072 2275 2098 Fidei

1635 2122 1674 2145 est
1692 2119 1784 2144 videre
1803 2125 1850 2150 per
1869 2118 2006 2150 speculum
2035 2120 2061 2143 et
2083 2117 2108 2143 in
2128 2117 2276 2149 aenigmate

1637 2164 1688 2188 329
1709 2164 1751 2188 63.
1772 2162 1822 2188 439
1845 2163 1876 2187 19
1897 2176 1930 2180 -
1949 2162 2048 2187 Videre
2067 2162 2091 2187 in
2111 2162 2218 2193 speculo
2238 2163 2277 2186 est

1636 2208 1825 2239 Prophetarum
1856 2206 1907 2232 324
1937 2207 1969 2232 33
1994 2220 2030 2225 —
2053 2207 2142 2232 Melius
2161 2209 2200 2231 est
2224 2212 2277 2231 cre-

1637 2252 1700 2277 dere
1719 2258 1798 2284 quam
1819 2251 1910 2276 videre
1935 2251 1986 2276 516
2005 2251 2040 2275 60
2059 2264 2095 2274 ,-
2114 2250 2196 2275 Oculo
2216 2249 2277 2275 fidei

1638 2296 1760 2321 videmus
1779 2295 1862 2321 Deum
1893 2295 1943 2320 438
1966 2295 2006 2320 10.
2027 2294 2077 2319 439
2099 2294 2131 2319 19
2150 2307 2186 2312 —-
2205 2293 2275 2319 Divi-

1638 2341 1724 2366 nitatis
1742 2343 1780 2365 est
1799 2341 1841 2365 vel
1861 2346 1908 2371 per
1927 2339 2020 2369 fidem,
2039 2339 2081 2364 vel
2101 2345 2149 2370 per
2161 2338 2277 2369 speciem

1639 2384 1689 2410 439
1714 2384 1744 2409 l9
1763 2398 1798 2401 —
1818 2383 1945 2408 essentiae
1972 2382 2018 2408 Dei
2047 2385 2177 2414 repugnat
2202 2382 2277 2412 fidei,

1638 2428 1685 2454 sed
1714 2435 1765 2453 non
1784 2428 1850 2453 visio
1871 2427 1896 2452 in
1916 2428 2007 2452 effectu
2028 2429 2153 2459 tanquam
2174 2426 2198 2451 in
2220 2433 2278 2458 spe-

1638 2473 1698 2498 culo
1717 2473 1768 2498 329
1789 2472 1821 2497 63
1841 2486 1876 2490 -
1897 2471 1995 2497 Videns
2019 2471 2140 2496 effectum
2160 2470 2206 2495 Dei
2225 2477 2277 2495 non

1638 2517 1710 2543 videt
1729 2517 1816 2548 ipsum
1838 2516 1919 2541 Deum
1941 2516 1986 2540 33l
2011 2515 2045 2540 78

1693 2576 1726 2579 -
1745 2561 1827 2586 Nemo
1846 2560 1918 2585 videt
1937 2560 2019 2585 Deum
2040 2566 2087 2591 per
2109 2559 2223 2591 speciem
2244 2559 2277 2584 vl

1640 2606 1690 2631 330
1710 2606 1753 2636 69,
1772 2605 1814 2630 70.
1841 2605 1887 2629 331
1920 2605 1962 2629 78.
1993 2604 2044 2629 439
2075 2604 2106 2628 19
2132 2617 2167 2622 -
2192 2604 2276 2628 Homo

1639 2657 1691 2675 non
1713 2652 1799 2681 potest
1819 2649 1910 2674 videre
1924 2649 2005 2674 Deum
2021 2648 2072 2673 255
2087 2648 2119 2673 39
2133 2662 2167 2666 ——
2183 2647 2278 2673 Videre

1640 2695 1722 2720 Deum
1751 2700 1798 2725 per
1825 2694 1962 2724 speculum
1991 2696 2016 2717 et
2034 2693 2139 2717 oculum
2160 2692 2276 2717 lucidum

1638 2741 1693 2763 erat
1712 2738 1789 2769 primi
1810 2737 1923 2762 hominis
1942 2740 2003 2761 ante
2019 2736 2135 2767 lapsum,
2155 2743 2202 2767 per
2220 2742 2277 2768 spe-

1638 2783 1726 2807 culum
1746 2781 1916 2807 obscuratum
1936 2781 2059 2806 videmus
2078 2787 2125 2805 nos
2144 2780 2224 2805 modo
2242 2778 2278 2805 ib.

1639 2826 1671 2851 43
1691 2839 1726 2844 —
1746 2826 1830 2850 Homo
1859 2825 1950 2850 videre
1978 2823 2056 2850 debet
2084 2825 2166 2849 Deum
2195 2824 2278 2849 oculis

1639 2870 1733 2895 mentis
1753 2870 1804 2894 628
1825 2870 1840 2894 2
1853 2883 1889 2888 —
1902 2869 1952 2901 Qui
1972 2869 2003 2893 ad
2019 2868 2147 2894 visionem
2162 2868 2208 2893 Dei
2222 2868 2278 2893 vult

1639 2914 1778 2945 pervenire
1806 2913 1885 2939 debet
1913 2914 2004 2944 fugere
2031 2912 2135 2937 turbam
2168 2918 2276 2937 suorum

1639 2959 1777 2984 affectuum
1798 2961 1823 2983 et
1842 2957 1984 2990 nequitiam
2005 2957 2141 2982 hominum
2161 2959 2186 2981 et
2205 2956 2278 2981 adire

1640 3003 1754 3028 internae
1773 3001 1898 3027 orationis
1917 3001 2045 3033 templum
2066 3000 2117 3025 307
2138 3000 2170 3025 26

1692 3060 1726 3065 -
1753 3046 1849 3071 Videre
1877 3046 1978 3075 Patrem
2007 3044 2192 3076 appropriatur
2215 3043 2278 3069 Filio

1640 3091 1672 3116 Vl
1693 3090 1743 3115 424
1763 3091 1792 3115 71

1692 3149 1726 3153 —-
1746 3134 1864 3160 Christus
1883 3134 1949 3159 vidit
1968 3136 2120 3165 peccatores
2139 3139 2186 3164 per
2205 3138 2278 3163 aspe-

1623 3183 1710 3214 ,ctum
1731 3178 1926 3204 misericordiae
1946 3178 1987 3203 Vll
2013 3177 2060 3202 l29
2080 3176 2114 3201 64

1694 3238 1723 3241 -
1747 3223 1883 3254 distinguit
1910 3222 1983 3255 quod
2007 3224 2045 3246 est
2064 3221 2163 3253 patriae
2188 3220 2222 3245 ab
2246 3226 2278 3245 eo

1640 3268 1711 3300 quod
1732 3270 1772 3292 est
1790 3267 1849 3292 viae
1869 3267 1901 3292 Vl
1923 3266 1973 3291 469
1997 3266 2022 3290 11
2042 3279 2074 3283 ——
2088 3265 2135 3290 Per
2149 3264 2276 3290 visionem

1641 3311 1785 3337 Divinitatis
1804 3311 1828 3336 in
1849 3311 1930 3343 patria
1950 3310 1996 3335 erit
2018 3309 2100 3341 gloria
2120 3308 2170 3333 476
2191 3308 2223 3333 43
2242 3322 2277 3325 -

1643 3356 1687 3381 Dei
1708 3359 1746 3381 est
1765 3358 1816 3380 tota
1846 3361 1946 3379 merces
1976 3353 2025 3378 442
2056 3353 2089 3378 30
2107 3367 2142 3370 -
2161 3354 2200 3377 est
2223 3355 2275 3376 tota

1640 3407 1740 3425 merces
1759 3406 1809 3425 non
1824 3399 1878 3424 sine
1892 3397 2029 3424 dilectione
2043 3396 2093 3422 469
2111 3397 2135 3421 11
2155 3410 2188 3413 -
2202 3395 2276 3421 beata
