2427 3872
442 220 505 246 PRA

210 279 244 283 —
271 263 360 290 Verbo
388 265 577 296 praedicatoris
605 266 675 291 Deus
700 266 800 291 confert

156 309 280 335 virtutem
299 309 355 334 sive
374 309 486 341 gratiam
503 309 709 341 praedicationis
723 312 748 335 et
760 316 800 335 ae-

156 353 314 380 dificationis
342 353 385 379 Vll
415 353 466 379 ’144
491 354 524 379 38
544 368 579 372 —-
598 360 651 379 non
670 353 733 385 sibi,
753 354 799 379 sed

155 399 210 424 Deo
239 397 355 424 tribuere
377 397 477 424 dehent
495 405 564 431 quae
583 401 666 430 agunt
693 397 745 423 374
766 397 799 423 49

154 456 190 462 -
215 445 383 468 revertuntur
409 443 442 468 ad
470 442 553 468 Deum
578 449 626 475 per
654 442 798 474 gratiarum

155 487 285 513 actionem
315 486 376 513 ibid.
405 501 442 506 —
460 493 567 519 gemere
587 486 684 512 debent
703 486 736 512 de
755 493 799 512 au-

154 532 284 558 dientium
302 531 444 557 rebellione
466 538 496 557 ex
515 531 686 557 detestatione
704 531 798 563 culpae

153 575 216 602 ibid.

208 634 243 640 ——
268 621 413 646 Piscatores
443 620 592 652 spirituales
621 623 676 646 rete
703 627 797 652 expan-

153 666 218 691 dunt
238 665 415 698 praedicando
435 665 467 690 Vl
487 664 540 690 625
559 672 586 690 v.
605 665 620 689 6
642 678 675 682 —
694 664 797 690 Praedi-

153 709 288 736 catoribus
318 712 464 741 congregat
495 709 624 734 Dominus
651 708 739 740 pisces
771 709 795 733 in

153 755 218 780 mari
238 754 366 780 Ecclesiae
386 754 438 779 567
458 753 473 778 6
493 767 529 772 -
548 753 681 779 Praelatus
699 753 795 778 reverti

153 798 232 824 debet
241 798 275 824 ad
287 799 416 830 populum
428 797 607 830 praedicando
620 797 704 823 verbo
715 797 767 823 624
779 797 794 822 6

205 857 240 862 -
259 846 319 869 sunt
338 849 417 869 causa
436 842 554 868 sanitatis
574 841 646 868 orbis
665 845 794 868 terrarum

151 888 185 913 Vl
206 888 256 913 150
282 894 309 913 v.
335 887 368 913 26
387 901 424 906 —
442 887 541 912 habent
565 887 670 918 linguas
690 887 795 912 medici-

150 933 222 958 nales
243 932 288 958 171
313 939 339 957 v.
361 932 394 957 19
413 945 449 950 -
468 931 640 964 spiritualiter
654 931 794 957 suscitatus

151 976 302 1009 pascendus
314 976 487 1002 committitur
500 975 729 1008 praedicatoribus
742 976 789 1002 59l

151 1021 166 1047 4
185 1035 222 1040 —
239 1022 353 1054 solvunt,
372 1024 400 1047 ut
419 1021 452 1047 ad
472 1020 604 1047 Christum
626 1022 729 1046 trahant
750 1021 794 1046 Vll

151 1066 202 1092 489
224 1066 256 1092 47
275 1080 311 1085 —
336 1069 396 1092 sunt
424 1066 567 1098 praepositi
593 1065 732 1091 animabus
760 1065 793 1091 ad

150 1110 282 1137 Christum
303 1111 439 1136 conversis
457 1117 509 1136 non
530 1117 577 1142 per
590 1110 733 1142 imperium
748 1117 795 1142 po-

149 1155 315 1187 testativum,
334 1155 382 1180 sed
401 1162 449 1186 per
467 1155 602 1188 quandam
616 1155 794 1181 excellentiam

151 1200 294 1232 gloriosam
323 1199 374 1225 482
397 1200 430 1225 28
450 1213 486 1218 —-
505 1198 603 1225 debent
621 1206 731 1231 gregem
751 1199 794 1225 do-

152 1244 279 1270 minicum
300 1251 407 1270 servare
426 1247 452 1270 et
471 1244 604 1270 custodire
624 1244 674 1270 479
695 1245 727 1270 ’19

203 1302 239 1308 -
257 1289 379 1314 Animam
407 1296 515 1321 pascere
542 1289 723 1321 praedicando
742 1296 794 1315 me-

149 1333 200 1359 lius
218 1336 258 1359 est
276 1341 356 1366 quam
376 1334 480 1365 corpori
505 1334 626 1359 alimenta
647 1334 794 1359 ministrare

152 1378 194 1403 Vll
214 1378 265 1403 250
286 1378 337 1403 ι108
357 1392 392 1396 -
411 1377 499 1404 Nubes
517 1378 613 1404 reverti
632 1381 672 1404 est
691 1385 794 1404 cessare

150 1422 297 1448 doctrinam
318 1422 529 1454 praedicatorum
549 1422 582 1448 Vl
603 1423 636 1449 93
656 1430 683 1449 v.
706 1424 721 1448 2

203 1481 238 1485 —
258 1473 338 1492 verus
357 1467 416 1499 plus
435 1467 547 1492 afficitur
560 1467 594 1493 ad
608 1467 674 1493 filios
687 1474 793 1499 genera-

149 1514 189 1537 tos
208 1518 255 1543 per
273 1512 496 1544 praedicationem
516 1518 597 1545 quam
617 1512 651 1537 ad
670 1515 793 1544 parentes

149 1557 266 1582 carnales
288 1557 328 1582 Vll
350 1557 400 1581 l98
420 1557 453 1582 32
474 1570 508 1574 —
527 1556 608 1582 debet
620 1563 649 1582 se
667 1556 792 1582 omnibus

149 1600 273 1626 exhibere
285 1600 431 1633 benignum
445 1601 471 1626 in
485 1601 570 1633 signo,
583 1600 667 1627 verbo
679 1604 705 1627 et
723 1602 791 1627 sacto

149 1646 201 1671 222
224 1646 255 1670 19
562 1669 564 1671 .

203 1704 239 1709 --
263 1691 373 1722 gloriam
400 1690 536 1716 habebunt
564 1691 598 1717 de
623 1690 792 1717 universitate

149 1734 265 1761 fidelium
280 1742 468 1761 conversorum
484 1735 526 1761 Vll
541 1735 591 1761 483
606 1736 640 1761 30
655 1736 725 1761 —ln
739 1736 792 1767 glo-

147 1779 214 1804 riam
234 1780 442 1811 praedicantium
461 1782 539 1806 erunt
558 1781 649 1812 populi
669 1780 791 1805 conversi

150 1822 201 1849 482
221 1824 255 1849 28

202 1881 239 1887 -
257 1868 315 1894 veri
333 1872 464 1901 quaerunt
487 1869 572 1894 solum
596 1869 644 1894 Dei
663 1870 790 1894 honorem

149 1917 174 1938 et
193 1912 361 1938 subditorum
380 1913 490 1938 salutem
506 1913 550 1938 Vll
566 1913 617 1938 246
630 1914 664 1939 93
679 1927 714 1932 —
728 1914 792 1939 Mer-

149 1957 247 1983 cenarii
266 1961 326 1983 sunt
344 1957 390 1990 qui
410 1957 561 1989 praedicant
577 1964 625 1990 pro
639 1958 791 1988 commodo,

149 2005 238 2027 tamen
251 2009 314 2028 vera
328 2005 353 2028 et
366 2002 449 2033 bona,
469 2005 494 2028 et
513 2005 575 2028 sunt
590 2002 715 2028 tolerandi
730 2001 789 2028 ibid.

149 2060 183 2064 —
207 2046 274 2078 Lupi
293 2050 354 2072 sunt
380 2047 472 2079 quiin
500 2046 617 2072 doctrina
642 2047 758 2079 veritatis
776 2054 791 2072 a

149 2090 250 2117 Christo
270 2091 431 2122 discordant,
446 2091 513 2117 sicut
532 2091 667 2122 haeretici,
687 2095 713 2117 et
731 2095 791 2117 sunt

149 2136 256 2161 arcendi
274 2135 335 2162 ibid.
348 2149 383 2155 —
396 2136 522 2162 remissus
535 2136 702 2169 persequitur
719 2136 792 2162 Chri-

149 2183 219 2205 stum
242 2180 379 2206 veritatem
399 2187 430 2206 ex
450 2181 570 2213 populari
595 2181 678 2212 gratia
697 2181 739 2206 vel
759 2182 791 2206 fa-

149 2231 215 2250 vore
234 2225 266 2250 Vl
287 2224 339 2250 615
360 2227 368 2250 1

203 2283 238 2288 -
257 2272 318 2295 sunt
335 2269 412 2302 boni,
432 2270 474 2295 vel
494 2270 554 2295 mali
574 2270 618 2296 Vll
638 2269 689 2296 447
709 2270 742 2295 60
756 2285 791 2289 -

149 2313 216 2339 lnter
235 2313 430 2345 praedicatores
454 2314 533 2347 aliqui
559 2317 620 2340 sunt
642 2315 730 2345 electi,
750 2315 791 2340 ali-

151 2358 197 2390 qui
216 2357 322 2389 reprobi
343 2357 405 2385 ibid.
427 2373 460 2376 —
484 2359 560 2390 pauci
583 2363 644 2385 sunt
666 2359 790 2392 studiosi,

150 2402 239 2434 plures
258 2405 345 2428 autem
366 2402 486 2428 malitiosi
507 2402 558 2428 253
579 2403 594 2428 4

202 2461 238 2465 —
256 2447 402 2472 Auctoritas
430 2447 601 2479 praedicandi
625 2449 742 2474 aufertur
767 2448 791 2474 ei

149 2491 195 2524 qui
214 2498 266 2517 non
294 2492 351 2516 vult
378 2498 468 2517 semen
487 2490 582 2517 Christi
601 2493 727 2518 suscitare
747 2493 790 2519 Vll

150 2535 202 2561 513
222 2536 255 2562 37
275 2551 310 2554 -
328 2535 446 2562 ChriStus
465 2536 547 2562 noluit
563 2536 698 2568 prohiberi
718 2544 791 2569 prae-

149 2580 296 2613 dicantem,
315 2581 362 2606 sed
382 2588 434 2607 non
447 2584 600 2614 sequentem
614 2588 676 2606 eum
691 2582 737 2608 111
757 2582 786 2608 91

163 2640 170 2661 l
204 2639 239 2645 —
260 2625 485 2651 praedicatoribus
508 2626 625 2652 veritatis
644 2633 791 2652 accommo-

152 2669 258 2695 dandus
271 2674 310 2696 est
324 2670 429 2696 auditus
443 2670 486 2696 Vll
501 2670 551 2695 258
567 2670 599 2695 18
612 2683 648 2689 -
661 2670 717 2696 veri
731 2674 791 2696 sunt

151 2714 298 2746 excipiendi
317 2717 343 2740 et
361 2715 507 2741 honorandi
526 2718 554 2740 ut
567 2715 709 2740 imitatores
720 2714 792 2741 Chri·

151 2758 183 2784 sti
202 2758 254 2784 246
274 2759 307 2784 93
327 2773 361 2778 -
380 2759 459 2784 etiam
477 2759 648 2791 imperfectus
660 2759 791 2785 humiliter

152 2803 320 2829 sustinendus
338 2806 386 2834 est,
405 2803 426 2829 si
445 2810 498 2829 non
516 2807 555 2829 est
571 2803 687 2829 veritatis
700 2803 792 2829 adver-

156 2847 241 2872 sarius
260 2847 312 2873 245
331 2848 365 2872 92

203 2905 240 2910 -
258 2891 418 2923 suscipiendi
436 2894 497 2917 sunt
514 2899 562 2923 per
585 2892 664 2917 fldem
684 2894 710 2917 et
727 2892 792 2918 dile-

151 2935 264 2961 ctionem
285 2939 410 2969 tanquam
429 2936 511 2961 nuntii
530 2936 623 2962 Christi
636 2936 679 2962 Vll
692 2936 744 2962 257
763 2937 792 2962 15

152 2994 187 2999 —
206 2980 348 3012 suscipitur
375 2980 410 3005 ab
437 2987 469 3005 eo
497 2980 543 3013 qui
571 2980 628 3006 eius
646 2981 792 3006 doctrinam

152 3028 271 3056 acceptat
301 3031 363 3050 cum
389 3024 589 3050 mansuetudine
617 3028 642 3050 et
669 3025 793 3057 patientia

151 3067 215 3095 ibid.
233 3082 269 3088 —
287 3069 378 3101 Magna
402 3072 442 3094 est
467 3069 606 3094 auctoritas
632 3069 794 3101 praedicato-

153 3120 227 3143 rum,
247 3114 274 3138 in
293 3120 408 3146 quorum
436 3113 587 3144 receptione
606 3113 676 3138 Deus
703 3113 794 3145 recipi-

153 3160 195 3182 tur
213 3160 239 3182 et
257 3158 285 3183 in
304 3160 456 3189 contemptu
476 3156 651 3182 contemnitur
670 3158 716 3182 261
741 3157 775 3182 27

153 3202 324 3227 -haeretici
345 3204 406 3227 sunt
424 3200 565 3227 cohibendi
578 3204 604 3227 et
619 3201 675 3227 veri
694 3204 793 3227 tantum

154 3239 279 3272 audiendi
301 3247 350 3271 tio
371 3246 399 3271 91

207 3303 242 3309 -—
271 3289 497 3316 Pracdicatoribus
521 3297 573 3315 non
597 3292 637 3315 est
664 3288 795 3321 prohibita

155 3334 272 3359 studiosa
283 3334 459 3366 providentia,
472 3334 518 3360 sed
532 3333 636 3360 curiosa
649 3333 795 3359 sollicitudo

834 177 870 210 IN
894 176 1189 211 COMMENTARIOS
1212 180 1241 211 S.
1267 179 1493 213 SCRIPTURAE

839 265 881 290 Vll
902 265 953 290 218
973 265 989 290 5
1002 280 1038 284 -
1051 273 1081 291 ex
1101 267 1285 298 magnitudine
1297 268 1353 300 spei
1367 268 1414 293 soli
1429 269 1481 294 Deo

838 308 918 335 debet
930 309 1004 335 inniti
1024 309 1086 336 ibid.
1099 323 1136 329 —
1148 311 1283 343 suscipere
1300 315 1410 344 possunt
1429 319 1482 338 cor-

838 353 936 385 poralia
956 353 1079 379 alimenta
1092 361 1106 380 a
1120 355 1325 387 suscipientibus
1338 356 1481 388 spiritualia

837 397 996 423 documenta
1023 397 1075 423 257
1101 399 1135 424 15
1162 413 1196 417 -
1221 399 1286 425 inter
1314 400 1432 426 infideles
1457 404 1482 426 et

837 444 973 478 extraneos
992 444 1018 467 et
1040 445 1229 475 persequentes
1251 444 1396 469 doctrinam
1417 444 1482 470 veri-

837 486 896 511 tatis
911 493 965 511 non
984 485 1082 512 dehent
1098 487 1234 519 negligere
1248 489 1427 520 provisionem
1441 496 1482 514 su-

836 530 999 556 stentationis
1027 530 1079 556 554
1105 530 1137 556 48
1157 545 1193 551 —-
1212 532 1282 558 Licet
1306 533 1480 564 praedicatori

835 574 957 606 accipere
978 575 1140 606 stipendium
1160 582 1208 607 pro
1229 575 1319 602 labore
1339 577 1389 601 190
1410 577 1426 602 5
1444 590 1480 595 -

834 618 932 650 dignus
960 623 999 645 est
1027 619 1150 645 mercede
1177 626 1239 650 sua,
1261 627 1314 646 non
1339 621 1424 646 solum
1452 620 1478 646 in

835 663 918 695 patria
943 663 978 689 ad
1006 664 1263 696 remunerationem,
1288 665 1336 690 sed
1354 665 1433 690 etiam
1453 665 1479 690 in

835 707 876 733 via
890 708 923 733 ad
944 708 1160 734 sustentationem
1182 709 1233 734 256
1256 709 1287 734 13
1307 724 1341 728 -
1361 709 1406 742 qui
1426 717 1478 735 non

833 752 980 778 ministrant
1000 752 1126 778 beneficia
1147 754 1301 785 spiritualia,
1317 754 1406 780 minus
1420 761 1478 780 con-

833 797 913 829 digne
926 797 1074 829 suscipiunt
1083 797 1212 830 stipendia
1224 799 1371 830 corporalia
1384 798 1476 824 25817

832 855 867 861 -
885 849 938 867 non
957 841 1037 868 debet
1056 849 1103 874 per
1123 842 1219 868 domos
1239 843 1367 868 cursitare
1385 845 1411 868 et
1430 844 1475 869 ho-

833 886 941 918 spitium
962 889 1065 912 mutare
1084 887 1136 912 256
1157 887 1190 912 ’13

887 945 920 949 —-
941 933 1027 963 potest
1044 931 1167 963 accipere
1180 932 1349 964 stipendium,
1363 932 1410 958 sed
1423 939 1475 958 non

833 974 912 1001 debet
930 976 1082 1007 praedicare
1108 979 1215 1008 propter
1239 976 1317 1007 illud,
1342 976 1387 1002 sed
1418 984 1476 1008 pro-

833 1023 891 1052 pter
909 1020 1019 1046 salutem
1040 1021 1132 1052 populi
1148 1021 1191 1046 Vll
1206 1021 1257 1046 208
1273 1021 1306 1046 67
1320 1035 1355 1040 -
1369 1028 1420 1046 non
1434 1021 1477 1046 de-

833 1063 877 1090 bet
901 1071 1029 1098 quaerere
1054 1066 1192 1097 proprium
1219 1066 1403 1098 commodum,
1429 1065 1475 1091 sed

833 1110 960 1135 honorem
991 1110 1112 1135 divinum
1132 1110 1183 1135 373
1205 1109 1238 1135 44
1257 1124 1293 1129 —
1311 1110 1355 1143 qui
1376 1110 1476 1142 praedi·

832 1156 873 1179 cat
893 1157 1001 1186 propter
1016 1154 1118 1180 lucrum
1133 1155 1285 1187 temporale,
1300 1155 1383 1180 malus
1397 1162 1474 1186 nego-

832 1199 907 1224 tiator
926 1202 974 1229 est,
993 1202 1018 1224 et
1037 1199 1082 1232 qui
1098 1199 1231 1231 praedicat
1244 1202 1352 1230 propter
1371 1199 1473 1224 lucrum

831 1243 988 1276 animarum,
1002 1243 1145 1275 spiritualis
1164 1244 1311 1275 negotiator
1324 1247 1363 1269 est
1377 1243 1427 1269 479
1442 1244 1474 1269 20

831 1302 867 1307 -
885 1288 931 1321 qui
956 1288 1051 1320 accipit
1069 1289 1195 1319 carnalia,
1220 1289 1253 1313 ita
1278 1291 1307 1314 ut
1325 1295 1376 1314 non
1396 1291 1476 1320 ponat

833 1333 857 1358 in
877 1333 915 1359 eis
934 1333 1029 1364 finem,
1056 1340 1107 1358 non
1136 1333 1235 1358 recedit
1253 1340 1267 1357 a
1287 1333 1415 1364 spirituali
1434 1339 1475 1358 ne-

831 1378 974 1409 gotiatione
1001 1384 1050 1403 nec
1078 1378 1151 1409 ponit
1178 1377 1349 1409 Evangelium
1381 1377 1475 1402 venale

831 1421 893 1448 ibid.
911 1436 947 1442 —
965 1422 1012 1455 qui
1031 1423 1186 1448 annuntiant
1205 1421 1318 1447 verbum
1339 1421 1384 1447 Dei
1403 1421 1475 1454 cupi-

831 1467 911 1493 ditate
929 1467 1002 1499 lucri‚
1023 1474 1076 1492 non
1090 1470 1150 1492 sunt
1165 1466 1287 1498 discipuli
1300 1466 1408 1497 Christi,
1427 1466 1474 1492 sed

830 1512 935 1538 Balaam
956 1511 1049 1536 harioli
1069 1511 1120 1536 218
1141 1511 1156 1535 6

884 1570 917 1574 -
937 1556 1053 1581 veritatis
1072 1563 1152 1587 super
1176 1555 1263 1581 omnia
1291 1555 1373 1581 vitare
1395 1554 1474 1580 debet

829 1600 922 1626 vitium
951 1600 1102 1632 cupiditatis
1128 1600 1170 1625 Vll
1190 1600 1242 1625 218
1262 1600 1278 1625 6
1297 1614 1333 1618 -
1356 1599 1473 1625 Avaritia

828 1645 854 1671 in
874 1645 1056 1677 praedicatore
1075 1647 1202 1677 provocat
1215 1644 1279 1670 iram
1300 1644 1347 1669 Dei
1365 1643 1473 1670 ibid.—

829 1690 909 1716 debet
929 1690 1041 1715 maxime
1064 1690 1148 1715 vitare
1176 1689 1365 1721 impatientiam
1386 1689 1436 1714 219
1456 1689 1471 1713 8

828 1748 863 1754 -
877 1734 1103 1760 Praedicatoribus
1124 1734 1215 1766 trIplex
1234 1733 1321 1765 pulvis
1334 1733 1473 1759 consuevit

828 1780 986 1805 adhaerere:
1006 1779 1088 1804 inanis
1107 1779 1220 1810 gloriae,
1240 1778 1428 1810 indignationis
1447 1780 1472 1803 et

828 1824 1015 1856 impatientiae,
1028 1823 1178 1855 cupiditatis
1192 1826 1217 1848 et
1231 1823 1355 1848 avaritiae
1373 1822 1423 1847 258
1437 1823 1471 1847 20

881 1869 1043 1894 Pnicnicsne
1061 1882 1096 1887 —
1125 1868 1201 1900 Quod
1230 1867 1390 1899 praedicitur
1418 1874 1471 1892 non

828 1913 909 1939 scitur
922 1912 1134 1938 certitudinaliter
1153 1915 1178 1937 et
1191 1911 1310 1937 absolute
1324 1912 1355 1936 Vl
1373 1911 1422 1937 435
1437 1912 1470 1937 55

882 1958 1008 1983 Panassa
1027 1970 1062 1976 —·
1080 1957 1151 1982 Bene
1175 1963 1298 1988 praeesse
1322 1959 1362 1981 est
1386 1956 1471 1981 domi-

829 2002 886 2027 nari
904 2002 930 2027 in
950 2001 1050 2027 honum
1070 2008 1147 2027 suum
1170 2001 1200 2026 Vl
1221 2000 1253 2026 67
1274 2008 1300 2025 v.
1320 2000 1335 2025 9
1348 2014 1384 2018 -
1403 2001 1471 2025 luor-

828 2046 926 2072 dinatio
946 2049 985 2071 est
1004 2045 1147 2077 praeficere
1171 2045 1269 2070 malum
1289 2049 1334 2070 aut
1361 2045 1469 2070 stultum

828 2094 873 2116 aut
890 2090 1010 2116 inutilem
1029 2093 1075 2115 aut
1093 2090 1232 2115 rem1ssum
1248 2090 1281 2114 82
1295 2097 1321 2114 v.
1342 2089 1356 2114 8
1370 2104 1405 2107 —
1419 2089 1469 2122 Qui

829 2135 1015 2167 praeficiuntur
1034 2135 1134 2160 ratione
1148 2135 1295 2166 parentelae
1308 2141 1359 2159 non
1375 2134 1469 2160 intrant

829 2187 876 2212 per
894 2180 990 2205 ostium
1010 2182 1035 2205 et
1064 2179 1156 2205 volunt
1183 2179 1320 2211 possidere
1346 2179 1468 2210 patrimo-

829 2224 901 2250 nium
921 2224 1014 2251 Christi
1027 2224 1099 2250 titulo
1113 2223 1284 2249 hereditariae
1297 2223 1470 2249 successionis

829 2269 877 2294 581
897 2277 923 2294 v.
939 2271 948 2294 ’1
967 2283 1002 2288 -
1015 2269 1065 2301 Qui
1080 2268 1206 2300 magistro
1219 2267 1384 2299 subiacente,
1398 2268 1469 2300 cupit

829 2320 966 2346 praeesse,
990 2314 1146 2345 magistrum
1173 2320 1250 2338 suum
1271 2313 1344 2345 cupit
1367 2319 1471 2344 praece-

829 2359 892 2385 dere
913 2359 953 2384 Vll
976 2358 1021 2383 161
1043 2357 1076 2383 94
1089 2372 1123 2376 -
1138 2357 1304 2383 lieu-ahimur
1324 2364 1338 2382 a
1358 2357 1471 2383 vanitate

829 2403 997 2436 praesidendi
1012 2410 1059 2435 per
1073 2403 1230 2428 documenta
1249 2402 1403 2441 evangeliea
1420 2402 1470 2427 160

830 2448 872 2480 92,
891 2448 934 2473 93.
955 2448 1000 2473 161
1026 2447 1059 2473 94
1078 2462 1113 2465 -
1132 2447 1258 2472 Homines
1271 2451 1396 2479 praesunt
1408 2446 1471 2472 bru-

829 2492 861 2518 tis
881 2493 911 2518 Vl
933 2492 965 2517 69
985 2499 1012 2525 q.
1032 2492 1042 2517 1

882 2538 1033 2563 emesenus
1055 2550 1086 2555 -—
1106 2536 1210 2569 Aliquid
1239 2536 1316 2562 alicui
1345 2536 1469 2568 praeferri

828 2585 915 2614 potest
934 2581 975 2607 vel
994 2581 1148 2613 simpliciter
1176 2581 1218 2606 vel
1246 2581 1336 2614 quoad
1355 2581 1469 2613 aliquam

829 2626 1005 2651 conditionem
1026 2626 1057 2652 Vl
1078 2626 1111 2651 38
1137 2632 1163 2658 q.
1185 2626 1194 2650 1
1219 2639 1254 2644 -
1274 2625 1378 2658 Aliquid
1398 2632 1470 2657 prae-

829 2671 909 2696 fertur
927 2670 970 2695 alii
989 2670 1031 2695 vel
1049 2670 1151 2696 ratione
1169 2670 1209 2696 sui
1229 2670 1270 2695 vel
1293 2670 1394 2695 ratione
1412 2676 1470 2695 con-

828 2715 962 2748 sequentis
980 2714 1014 2740 ad
1033 2714 1121 2746 ipsum
1141 2714 1174 2739 56
1195 2722 1221 2747 q.
1242 2715 1251 2739 1
1270 2714 1383 2740 —lllud
1397 2721 1470 2746 prae-

829 2759 965 2785 ferendum
984 2761 1024 2784 est
1042 2759 1083 2784 alii
1104 2758 1203 2784 ratione
1222 2758 1278 2790 sui,
1297 2759 1371 2791 quod
1390 2759 1423 2784 de
1442 2765 1470 2784 se

828 2803 892 2829 dicit
910 2803 970 2835 plus
988 2803 1022 2829 de
1041 2802 1112 2828 hono
1132 2802 1194 2829 ibid.

882 2848 1064 2873 Pnimmmzs
1081 2862 1116 2865 —
1135 2847 1283 2879 significant
1295 2847 1396 2872 animas
1410 2853 1471 2879 pec-

829 2892 938 2918 catrices
958 2892 999 2917 Vll
1020 2892 1071 2917 532
1091 2892 1124 2917 36
1143 2906 1178 2910 -
1192 2892 1341 2923 significant
1359 2891 1469 2922 animas,

829 2943 899 2969 quae
918 2935 1018 2962 bonum
1039 2935 1136 2962 habent
1154 2936 1335 2968 propositum,
1355 2935 1402 2961 sed
1416 2942 1470 2961 non

831 2981 988 3013 perveniunt
1007 2987 1092 3014 usque
1110 2981 1143 3006 ad
1164 2983 1268 3012 partum
1282 2981 1390 3005 effectus
1408 2979 1470 3005 ibid.

884 3025 1031 3050 Passurus
1048 3038 1083 3044 —-
1102 3027 1141 3050 est
1159 3031 1204 3050 rex
1222 3023 1352 3050 Ecclesiae
1371 3023 1404 3048 Vl
1420 3023 1469 3048 147

831 3076 858 3094 v.
878 3069 911 3094 10
931 3083 963 3087 -
984 3069 1108 3094 dicuntur
1136 3075 1213 3100 reges
1238 3068 1270 3094 ad
1292 3067 1392 3093 bonum
1412 3067 1472 3092 diri-

831 3113 919 3145 gendo
938 3115 963 3138 et
983 3113 1082 3139 iudices
1111 3113 1189 3138 inter-
1205 3112 1305 3138 honum
1327 3115 1353 3137 et
1371 3112 1470 3137 malum

832 3156 1005 3183 discernendo
1031 3156 1082 3183 145
1101 3164 1128 3182 v.
1146 3157 1162 3182 2
1182 3170 1217 3176 -
1236 3159 1275 3182 est
1302 3159 1402 3186 custos,
1429 3155 1470 3181 cui

832 3208 895 3227 cura
914 3201 1039 3227 dominici
1059 3201 1149 3233 gregis
1161 3203 1201 3227 est
1213 3200 1354 3226 commissa
1368 3200 1402 3225 95
1415 3206 1442 3225 ν.
1454 3199 1471 3225 7

832 3256 868 3264 --
886 3248 946 3271 sunt
965 3245 1159 3277 dispensatores
1187 3245 1230 3270 Vll
1255 3244 1307 3270 327
1326 3244 1355 3269 61
1379 3258 1415 3262 -
1432 3246 1472 3269 est

2092 188 2153 220 821

1812 229 1875 254 pua.

1520 269 1638 295 minister
1666 271 1718 297 550
1738 272 1771 297 37
1790 287 1825 291 -
1844 273 1965 299 dicuntur
1985 275 2054 300 servi
2074 282 2088 300 a
2107 283 2158 302 ser-

1520 313 1616 339 viendo
1643 321 1690 346 per
1718 317 1891 342 reverentiam
1921 319 2072 344 humilitatis
2099 323 2124 345 et
2143 327 2157 345 a

1518 358 1650 384 servando
1678 366 1726 391 per
1754 361 1900 387 custodiam
1920 369 2032 394 gregum
2054 363 2104 388 478
2126 365 2157 389 19

1518 415 1553 421 -
1572 405 1611 428 est
1629 404 1713 429 cultor
1731 404 1824 430 vineae
1843 406 1972 431 Ecclesiae
1995 407 2046 431 339
2072 408 2104 433 12
2123 421 2159 427 -

1518 448 1579 471 sunt
1598 447 1723 479 ministri,
1749 456 1804 474 non
1827 449 1927 475 domini
1946 451 2076 476 Ecclesiae
2095 452 2159 477 mili-

1519 491 1595 516 tantis
1615 492 1646 517 Vl
1667 491 1718 518 145
1739 500 1766 518 ν.
1785 493 1801 518 5

1571 550 1606 553 —
1625 535 1723 562 debent
1747 538 1836 563 vocari
1857 538 1899 564 Vll
1921 538 1970 564 478
1993 539 2024 564 19
2043 552 2079 559 -
2096 547 2158 566 con-

1517 579 1658 605 stituuntur
1677 587 1692 606 a
1713 581 1765 606 Deo
1784 588 1832 613 per
1851 583 2031 608 auctoritatem
2052 584 2103 609 327
2123 584 2156 610 62

1516 637 1552 642 -
1570 626 1632 649 sunt
1659 624 1740 650 medii
1765 625 1831 651 inter
1857 626 1989 658 simplices
2016 630 2042 652 et
2070 628 2158 653 Domi-

1516 674 1595 700 num,
1614 668 1660 701 qui
1680 668 1810 694 desideria
1829 676 1977 702 pauperum
1995 671 2108 697 Domino
2121 674 2157 697 of-

1517 713 1602 738 ferunt
1631 713 1661 738 Vl
1691 713 1741 738 416
1768 714 1796 739 31
1820 728 1856 733 -
1874 714 1953 740 debet
1972 716 2096 741 accedere
2122 717 2157 743 ad

1516 757 1600 782 Deum
1628 757 1662 783 ad
1686 758 1875 784 consulendum
1896 762 1921 784 et
1940 760 1973 785 ad
1992 760 2156 786 offerendum

1515 801 1567 827 623
1587 801 1603 826 5
1622 815 1657 821 -
1676 803 1792 834 Apparet
1812 803 1939 829 Dominus
1959 805 2080 836 praelatis
2099 811 2157 831 con-

1514 845 1672 878 sulentibus,
1711 847 1894 879 offerentibus,
1932 848 2156 880 praedicantibus,

1514 890 1708 917 deducentibus
1727 899 1836 924 gregem
1857 892 1928 918 bono
1941 894 2061 925 exemplo
2075 894 2125 919 624
2139 895 2155 920 5

1567 949 1602 954 -
1621 935 1720 961 habent
1739 937 1920 962 auctoritatem
1938 938 2035 969 ligandi
2054 938 2080 964 in
2100 940 2155 964 foro

1514 979 1627 1005 iudiciali
1648 980 1681 1006 Vl
1702 981 1753 1006 515
1774 981 1807 1007 52
1821 981 1967 1008 —iudicat
1986 986 2082 1008 terram
2096 983 2156 1014 sub-

1514 1023 1596 1049 iectae
1614 1024 1699 1056 plebis
1718 1025 1815 1051 iudicio
1835 1025 1941 1058 publico
1963 1027 2013 1052 110
2033 1034 2058 1052 ν.
2079 1028 2089 1052 1

1566 1083 1601 1088 -
1621 1069 1683 1095 Boni
1704 1070 1812 1101 praelati
1831 1073 1870 1096 est
1883 1071 2015 1097 custodire
2034 1071 2155 1104 subditos

1514 1113 1547 1139 Vl
1567 1113 1618 1139 472
1638 1114 1672 1139 24
1691 1129 1726 1133 -
1745 1114 1840 1141 debent
1861 1122 1969 1147 gregem
1991 1116 2152 1142 dominicum

1512 1165 1619 1184 servare
1638 1161 1664 1184 et
1682 1159 1814 1185 custodire
1834 1160 1875 1185 Vll
1891 1159 1941 1185 479
1965 1161 1997 1185 19
2012 1175 2044 1178 -
2058 1161 2153 1192 bonus,

1513 1203 1557 1235 qui
1571 1203 1685 1229 custodit
1697 1203 1829 1234 subditos,
1843 1207 1882 1229 est
1894 1211 1971 1236 sepes
1984 1204 2151 1231 subditorum

1514 1248 1545 1272 Vl
1566 1248 1599 1273 83
1620 1255 1646 1273 v.
1666 1248 1680 1273 8
1700 1262 1735 1266 ——
1754 1251 1893 1274 conservat
1911 1248 2030 1274 subditos
2044 1249 2068 1274 in
2082 1249 2152 1275 bono

1513 1291 1583 1318 bona
1602 1292 1771 1318 instructione
1798 1296 1823 1318 ct
1848 1294 1968 1325 exemplo
1993 1293 2043 1319 474
2064 1295 2097 1319 32
2116 1308 2152 1313 -

1513 1337 1672 1368 praecedere
1690 1336 1865 1362 debentoves
1884 1341 1973 1362 contra
1992 1338 2151 1364 ferocitatem

1513 1381 1629 1412 lupinam
1659 1381 1703 1406 Vll
1724 1381 1775 1406 486
1796 1381 1829 1406 42
1847 1395 1882 1400 -
1902 1382 2023 1407 Praelatis
2043 1389 2154 1414 congre—

1513 1428 1557 1457 gat
1577 1425 1703 1451 Dominus
1727 1426 1812 1457 pisces
1832 1426 1856 1451 in
1877 1426 1943 1451 mari
1971 1427 2099 1452 Ecclesiae
2118 1427 2152 1452 Vt

1512 1469 1564 1495 567
1584 1470 1599 1494 6
1619 1483 1654 1488 —
1673 1469 1759 1496 bonus
1787 1470 1870 1502 pascit
1898 1477 1981 1502 agnos
2000 1471 2051 1496 626
2071 1478 2098 1496 v.
2118 1471 2151 1496 -16

1511 1528 1546 1532 -
1565 1513 1645 1539 debet
1663 1515 1773 1546 vigilare
1792 1515 1861 1540 circa
1881 1521 1991 1546 gregem
2011 1514 2061 1540 sibi
2083 1522 2152 1540 com-

1511 1559 1622 1584 missum
1643 1559 1686 1584 Vll
1706 1559 1758 1585 584
1779 1559 1811 1584 63
1831 1558 1976 1584 —debcnt
1990 1562 2018 1584 ut
2034 1564 2152 1591 pastores

1511 1604 1622 1635 vigilare
1642 1603 1673 1628 48
1695 1604 1727 1629 ’19

1563 1661 1600 1667 -
1619 1648 1747 1680 figuratur
1772 1648 1799 1673 in
1818 1647 1962 1673 stabulario
1983 1649 2023 1674 Vll
2044 1649 2096 1674 272
2116 1648 2150 1674 64

1510 1707 1545 1712 —
1565 1693 1694 1724 figuratur
1713 1693 1737 1717 in
1758 1693 1811 1718 Noe
1831 1692 1882 1718 446
1902 1692 1935 1718 58

1563 1751 1598 1756 -
1617 1738 1746 1769 templum
1759 1737 1887 1763 Ecclesiae
1901 1736 1999 1763 debent
2011 1737 2151 1763 aedificare

1510 1781 1592 1807 verbo
1612 1782 1827 1813 praedicationis,
1846 1788 1941 1807 ornare
1960 1782 2079 1813 exemplo
2093 1789 2152 1807 con-

1510 1826 1680 1857 versationis,
1700 1826 1832 1851 custodit-e
1846 1826 1979 1857 vigilantia
2000 1826 2152 1852 sollicitudi-

1510 1871 1551 1896 nis
1570 1871 1709 1902 pastoralis
1729 1870 1760 1896 Vl
1781 1870 1831 1895 549
1845 1871 1862 1896 7
1882 1884 1916 1888 -
1936 1870 2014 1896 debet
2028 1877 2085 1896 csse
2099 1871 2152 1897 ido-

1509 1922 1587 1947 neus,
1609 1918 1636 1940 ut
1655 1914 1785 1940 Christum
1806 1914 1832 1939 in
1853 1914 1979 1940 membris
1997 1915 2051 1940 suis
2071 1915 2152 1941 cruci-

1509 1960 1589 1984 fixum
1609 1959 1734 1990 suscipiat
1753 1962 1778 1984 et
1798 1959 1906 1984 collocet
1926 1959 1949 1984 in
1969 1959 2055 1984 locum
2076 1959 2151 1991 quie-

1508 2004 1540 2029 tis
1559 2006 1585 2029 et
1603 2003 1793 2028 ecclesiasticae
1812 2003 1917 2028 unitatis
1936 2003 1980 2028 Vll
2001 2003 2051 2028 584
2066 2004 2099 2028 63
2115 2017 2150 2021 -—

1560 2062 1595 2066 -
1616 2047 1695 2073 debet
1714 2054 1771 2073 esse
1792 2047 1832 2072 vir
1854 2046 1940 2072 honus
1959 2050 1984 2072 et
2003 2047 2086 2073 iustus
2105 2047 2149 2073 Vll

1508 2092 1559 2118 584
1580 2092 1612 2117 63
1633 2105 1668 2111 --
1687 2091 1766 2117 debet
1784 2098 1841 2117 esse
1860 2092 1901 2117 vir
1920 2099 1973 2117 non
1993 2095 2093 2117 tantum
2112 2098 2150 2117 se-

1508 2144 1556 2168 xu,
1576 2137 1623 2163 sed
1642 2140 1725 2162 aetate
1744 2140 1770 2162 et
1789 2136 1910 2162 virilitate
1929 2135 1991 2162 ibid.
2004 2137 2079 2161 —ln
2093 2143 2149 2162 san-

1508 2182 1555 2207 ctis
1574 2181 1697 2213 praelatis
1715 2184 1754 2207 est
1772 2181 1882 2206 fidelitas
1895 2184 1920 2206 et
1933 2181 2071 2212 prudentia
2081 2199 2088 2210 ‚
2102 2188 2149 2206 au-

1507 2226 1613 2252 ctoritas
1631 2229 1657 2251 et
1675 2226 1808 2257 vigilantia
1828 2226 1878 2251 328
1899 2226 1932 2250 62
1951 2239 1987 2244 -—
2006 2226 2092 2257 priino
2106 2225 2148 2251 de-

1508 2270 1570 2296 bent
1594 2270 1662 2296 circa
1682 2278 1710 2295 sc
1730 2270 1881 2302 invigilare,
1900 2277 1932 2295 ne
1951 2270 2041 2295 intenti
2061 2276 2148 2295 corre-

1509 2316 1591 2348 ptioni
1618 2315 1718 2340 alienae
1746 2315 1880 2346 negligant
1908 2321 1983 2340 suam
2007 2314 2058 2340 427
2077 2313 2093 2339 7
2113 2328 2148 2333 —

1509 2359 1588 2386 debet
1605 2367 1684 2385 suum
1709 2362 1735 2385 et
1762 2359 1873 2384 aliorum
1898 2360 2043 2390 profectum
2064 2358 2150 2391 requi·

1509 2411 1568 2430 rere
1587 2404 1639 2430 584
1659 2404 1692 2429 63
1711 2418 1746 2423 -
1766 2403 1845 2429 debet
1864 2410 1922 2429 esse
1941 2406 2095 2435 exspectans
2108 2410 2148 2428 reh

1509 2456 1590 2482 gnum
1612 2449 1657 2474 Dei
1676 2447 1740 2475 ibid.

1562 2508 1595 2512 —
1615 2492 1713 2519 debent
1740 2493 1800 2525 eligi
1820 2493 1952 2525 sapientes
1970 2493 2003 2518 Yl
2024 2493 2074 2518 268
2099 2492 2142 2517 101

1508 2553 1543 2556 -—
1563 2538 1739 2563 Praelatorum
1771 2537 1896 2569 perfectio
1915 2537 2079 2570 quadruplex
2105 2536 2148 2562 vll

1510 2583 1559 2608 143
1581 2582 1623 2615 35,
1642 2582 1676 2608 36
1695 2596 1731 2602 -
1750 2582 1859 2614 diligere
1879 2581 1976 2607 debent
1994 2581 2148 2613 sapientiam

1509 2628 1542 2653 Vl
1575 2628 1623 2653 150
1651 2634 1679 2652 ν.
1707 2627 1741 2652 23
1761 2641 1795 2645 —
1815 2628 1842 2652 ln
1861 2626 1983 2659 praelatis
2005 2626 2085 2652 debet
2109 2633 2148 2651 re-

1509 2679 1591 2704 gnare
1609 2671 1718 2704 spiritus
1739 2670 1882 2703 sapientiae
1901 2674 1926 2696 et
1944 2671 2087 2706 intellectus
2106 2670 2149 2695 Vll

1509 2717 1559 2742 329
1582 2716 1615 2741 65
1634 2730 1669 2734 -
1689 2716 1713 2745 ln
1734 2716 1864 2747 praelatos
1893 2716 1979 2748 primo
2002 2716 2090 2741 lumen
2108 2721 2149 2740 sa-

1509 2760 1623 2792 pientiae
1642 2763 1681 2785 est
1700 2760 1902 2786 diffundendum
1923 2760 1954 2785 Vl
1976 2760 2025 2785 109
2044 2766 2071 2785 v.
2085 2759 2100 2784 9
2113 2772 2149 2778 —

1507 2805 1650 2830 invitantur
1663 2804 1697 2829 ad
1710 2804 1826 2830 studium
1840 2807 1865 2829 et
1878 2811 1995 2829 amorem
2006 2804 2148 2835 sapientiae

1508 2847 1571 2874 ibid.
1596 2862 1630 2867 —
1655 2848 1752 2874 debent
1777 2855 1834 2874 esse
1862 2848 1960 2873 assidui
1989 2848 2014 2873 in
2042 2848 2149 2873 divinae

1508 2892 1573 2924 legis
1593 2892 1763 2918 meditatione
1785 2892 1832 2917 149
1853 2899 1880 2917 v.
1900 2893 1927 2917 21
1951 2905 1986 2912 -·-
1999 2899 2049 2917 non
2070 2891 2151 2917 debet

1508 2936 1643 2968 negligere
1662 2936 1760 2961 donum
1783 2936 1906 2961 scientiae
1924 2938 1950 2960 et
1968 2936 2147 2961 auctoritatem

1508 2980 1558 3006 sibi
1577 2980 1746 3005 commissam
1767 2980 1809 3005 vn
1829 2980 1880 3005 329
1900 2979 1943 3010 67,
1962 2980 1995 3006 68

1561 3037 1597 3043 —
1616 3024 1638 3049 A
1657 3024 1779 3056 praelatis
1797 3024 1914 3049 doctrina
1934 3023 2051 3049 veritatis
2069 3022 2149 3049 dehet

1509 3068 1647 3100 pervenire
1666 3068 1699 3093 ad
1719 3067 1839 3093 subditos
1853 3067 1895 3092 Vll
1910 3066 1942 3092 49
1957 3068 2039 3094 22-
2051 3066 2148 3093 debent

1508 3112 1706 3138 communicare
1735 3118 1825 3138 sanam
1846 3111 1993 3137 doctrinam
2013 3111 2082 3136 iuxta
2101 3118 2149 3136 au-

1509 3156 1636 3181 dientium
1656 3155 1826 3187 capacitatem
1846 3154 1898 3180 327
1919 3155 1952 3180 62
1965 3168 1998 3173 —
2016 3155 2097 3186 ipsius
2109 3158 2150 3181 est

1509 3200 1654 3226 doctrinam
1674 3199 1769 3225 Christi
1787 3198 1935 3225 ministrare
1948 3202 1973 3223 et
1984 3198 2147 3230 explanando

1509 3250 1701 3276 supererogare
1721 3242 1772 3268 272
1793 3242 1827 3268 64
1846 3257 1881 3261 --
1900 3242 1997 3268 reverti
2017 3241 2096 3268 debet
2114 3242 2147 3270 ad

832 3289 1034 3321 legisminister
1061 3289 1095 3315 78
1125 3289 1159 3315 34
1179 3302 1212 3308 —-
1232 3295 1279 3320 per
1298 3288 1470 3314 humilitatem
1510 3288 1654 3320 populum,
1673 3290 1700 3313 ut
1721 3287 1854 3319 praedicet
1873 3285 1956 3312 verbo
1975 3289 2000 3312 et
2019 3289 2047 3313 ut
2065 3286 2153 3312 dedu·

832 3333 858 3359 in
877 3333 1217 3359 exteriori-conversatione
1231 3332 1310 3359 debet
1329 3339 1386 3358 esse
1404 3332 1471 3358 sicut
1509 3335 1550 3358 cat
1569 3331 1688 3363 exemplo
1710 3331 1740 3357 Vl
1762 3330 1812 3356 624
1833 3331 1848 3356 6
