2476 3921
314 316 379 348 [208

170 412 296 433 mammona·
320 417 336 431 α
352 403 561 440 Ματηνηοηα,
584 405 621 434 ut
643 400 718 434 dicit
739 400 846 432 Glossa
860 400 881 438 ¹,
909 399 1015 440 lingua
1045 398 1195 438 Syrorum
1218 395 1265 427 di-

315 456 407 488 vitiae
429 456 592 493 dicuntur;
616 454 765 486 dicuntur
787 456 891 484 autem
916 451 1041 483 divitiae
1065 449 1263 492 iniquitati&

315 508 389 550 quia
411 508 590 549 frequenter
614 506 730 539 habent
745 505 939 547 iniquitatem
955 512 1130 541 annexam,
1154 511 1264 534 secun-

314 561 389 593 dum
414 560 489 592 illud
514 559 715 592 Ecclesiastici
740 557 944 590 undecimo2:
974 556 1030 588 «Si
1048 555 1134 587 dives
1156 554 1264 591 fueris,

316 622 376 645 non
412 612 473 644 eris
508 611 655 643 immunis
686 620 704 642 a
737 610 849 642 delicto
866 621 895 647 1>;
931 608 1013 640 unde
1053 606 1263 648 Augustinus:

321 678 335 693 «
352 665 459 697 Omnis
481 664 567 696 dives
589 666 644 695 aut
668 663 808 704 iniquus,
833 665 888 693 aut
919 661 1011 693 heres
1042 659 1140 700 iniqui
1170 662 1217 691 est
1234 670 1263 696 1›;

316 718 365 750 vel
390 718 470 750 sicut
492 716 566 749 dicit
589 715 668 748 Beda
684 715 715 747 in
733 714 901 747 homiliass:
931 727 946 741 «
963 713 1140 749 Mammon,
1167 720 1264 742 rnam-

168 777 296 799 Notandnm.
315 770 415 802 monis
446 769 551 810 lingua
587 768 700 800 Punica
730 767 845 799 dicitur
876 766 1046 798 lucrum».
1082 764 1143 796 Nec
1173 763 1265 795 debet

315 823 457 864 intelligi,
482 821 564 864 quod
588 821 625 853 de
649 829 685 853 eo
708 820 791 862 quod
816 819 886 861 quis
910 827 965 860 per
989 817 1130 858 rapinam
1151 819 1181 848 et
1206 815 1263 847 ini-

315 876 465 917 quitatem
487 874 650 916 acquisivit
673 877 704 905 et
728 873 842 905 iniusto
866 872 955 903 titulo
979 870 1128 911 possidet,
1153 869 1264 901 debeat

314 927 416 959 facere
438 927 664 966 eleemosynas,
689 924 762 966 quia
785 927 894 956 contra
910 923 968 954 hoc
984 922 1098 953 dicitur
1116 920 1263 953 Ecclesia-

315 980 382 1012 stici
407 979 564 1020 trigesimo
587 981 699 1019 quarto
712 978 741 1008 4:
772 990 787 1005 «
804 977 889 1008 Dona
906 976 1087 1016 iniquorum
1112 983 1173 1006 non
1190 982 1263 1015 pro-

315 1032 368 1064 bat
391 1031 562 1064 Altissimus
579 1042 608 1068 »;
640 1033 671 1061 et
706 1037 818 1061 rursus
849 1027 955 1060 eodem
988 1026 1140 1067 capitulo:
1171 1025 1263 1066 «Qui

315 1084 406 1117 offert
429 1083 614 1116 sacrificium
638 1082 676 1114 de
708 1080 880 1114 substantia
912 1079 1058 1121 pauperis
1090 1078 1179 1120 quasi
1208 1077 1263 1119 qui

315 1137 454 1169 immolat
477 1136 574 1168 filium
591 1135 621 1166 in
638 1137 804 1175 conspectu
829 1132 969 1174 patris»;
987 1132 1039 1164 sed
1064 1131 1263 1172 intelligitur,

315 1189 398 1231 quod
421 1189 459 1221 de
482 1188 609 1225 divitiis,
634 1195 713 1228 quae
730 1187 811 1218 iusto
828 1185 918 1217 titulo
934 1185 1149 1226 possidentur3
1167 1187 1198 1216 et
1220 1187 1264 1215 ta-

315 1251 385 1274 men
411 1241 604 1283 iniquitatem
630 1240 772 1281 pariunt,
797 1238 854 1270 nisi
878 1237 1126 1275 distribuantur,
1152 1245 1263 1269 secun-

314 1294 389 1326 dum
414 1293 488 1325 illud
513 1292 714 1325 Ecclesiastici
738 1291 898 1324 decimo-⁵:
921 1303 936 1319 «
953 1290 1033 1322 Nihil
1050 1293 1097 1322 est
1123 1290 1264 1331 iniquius

315 1356 409 1388 quam
432 1354 536 1378 amare
561 1345 732 1387 pecuniam.
765 1345 817 1376 Hic
848 1344 930 1376 enim
955 1347 985 1375 et
1009 1343 1143 1375 animam
1174 1352 1262 1375 suam

314 1399 453 1431 venalem
480 1398 616 1430 habet».
642 1398 686 1429 De
722 1397 786 1435 his,
821 1397 965 1438 inquam,
1002 1396 1120 1428 divitiis
1151 1395 1265 1428 dehent

314 1452 382 1484 sieri
405 1451 494 1483 amici
519 1460 575 1492 per
592 1450 785 1491 largitionem
802 1450 1085 1490 eleemosynarum,
1102 1457 1182 1490 quae
1200 1457 1264 1480 ma—

314 1504 459 1537 nifestant
482 1503 603 1545 pietatis
626 1503 781 1535 affectum.
806 1503 880 1534 Nam
905 1502 1019 1534 dicitur
1045 1502 1162 1543 primae
1179 1502 1266 1533 loan-

314 1557 362 1589 nis
386 1557 476 1589 tertio
489 1557 518 1587 ὃς
549 1569 563 1584 «
580 1556 637 1600 Qui
661 1556 805 1588 habuerit
821 1555 1025 1588 substantiam
1043 1555 1140 1587 huius
1156 1554 1264 1587 mundi

313 1614 344 1642 et
356 1609 484 1647 viderit,
502 1610 628 1642 fratrem
646 1618 738 1641 suum
756 1609 970 1641 necessitatem
988 1608 1114 1646 habere,
1132 1611 1163 1640 et
1179 1608 1264 1640 clau-

313 1663 388 1695 serit
412 1663 531 1695 viscera
555 1671 611 1694 sua
634 1662 673 1694 ab
697 1671 743 1699 eo,
768 1661 922 1703 quomodo
943 1661 1056 1693 caritas
1081 1661 1134 1694 Dei
1161 1664 1265 1694 manet

313 1716 343 1748 in
367 1716 419 1747 illo
436 1718 470 1747 »2
493 1719 523 1748 et
546 1715 614 1748 ideo
632 1715 833 1747 Ecclesiastici
851 1714 999 1756 vigesimo
1016 1723 1112 1747 nono:
1139 1727 1154 1742 α
1168 1714 1264 1747 Perde

312 1768 474 1809 pecuniam
499 1771 626 1809 propter
650 1767 783 1799 amicum
809 1771 839 1799 et
862 1775 901 1799 ne
917 1767 1088 1800 abscondas
1104 1767 1188 1799 illam
1205 1767 1265 1800 sul)

312 1820 411 1862 lapide
435 1820 465 1852 in
501 1820 704 1861 perditionem
721 1834 752 1858 »‚
777 1820 868 1861 quia,
901 1820 1142 1852 Proverbiorum
1166 1820 1265 1852 unde-

312 1872 408 1911 cimo,
437 1886 451 1900 «
469 1873 522 1914 qui
546 1872 708 1904 abscondit
731 1872 890 1923 frumenta
922 1872 1126 1905 maledicetur
1154 1873 1184 1905 in
1211 1882 1265 1914 po-

311 1925 393 1966 pulis
409 1938 424 1954 »
452 1928 508 1958 etc.

401 1979 449 2009 15.
474 1977 615 2010 Secundo
638 1980 792 2019 quantum
821 1978 859 2010 ad
892 1978 1055 2010 racionem
1086 1982 1264 2011 moventem

149 2040 290 2061 pesecundo.
311 2030 432 2063 subdit:
462 2030 502 2062 Ut
529 2040 604 2062 cum
636 2028 838 2072 defeceritis,
869 2031 1033 2072 recipiant
1056 2031 1121 2063 vos'
1145 2031 1179 2063 in
1211 2041 1266 2063 ae-

311 2087 405 2115 terna
428 2082 653 2115 tabernacula.
680 2083 725 2115 Ex
750 2093 813 2125 quo
837 2076 1041 2125 intelligitur,
1066 2092 1165 2126 quare
1189 2084 1266 2116 dan-

148 2145 211 2166 Ratio
220 2146 297 2167 motiva
310 2135 384 2167 dum
408 2138 456 2167 est
479 2144 609 2174 munus,
633 2138 664 2168 et
687 2135 765 2177 quid
786 2135 878 2168 debet
901 2135 1059 2169 hominem
1084 2145 1213 2169 movere
1226 2136 1265 2169 ad

161 2172 291 2225 ‘'giezi-5²32?
312 2187 480 2220 faciendam
505 2188 750 2229 eleemosynam:
774 2188 849 2230 quia
872 2197 934 2221 non
947 2198 1107 2230 praesens
1123 2198 1264 2221 commo-

202 2230 256 2245 ’Μ’
311 2240 410 2278 dum,
435 2240 487 2272 sed
508 2241 699 2282 praemium
723 2244 909 2279 aeternum,
934 2250 995 2273 non
1012 2244 1141 2282 propter
1159 2241 1265 2273 taber—

311 2291 470 2324 naculum
495 2292 679 2330 transiens,
703 2293 756 2325 sed
781 2297 972 2331 aeternum,
990 2293 1162 2326 secundum
1187 2294 1265 2326 illud

311 2344 454 2376 Matthaei
479 2347 569 2376 sexto
582 2344 612 2376 ⁷:
634 2357 649 2372 a
662 2344 740 2377 Cum
757 2345 832 2377 facis
847 2345 1088 2386 eleemosynam,
1106 2346 1168 2378 noli
1186 2346 1263 2378 tuba
1278 2347 1286 2362 ²

311 2400 382 2429 ante
406 2400 435 2429 te
458 2405 588 2434 canere,
612 2396 693 2429 sicut
717 2397 898 2438 hypocritae
921 2397 1048 2429 faciunt.
1074 2398 1168 2430 Amen
1193 2398 1263 2431 dico

312 2449 400 2481 vobis
416 2462 430 2477 ι)
453 2452 529 2487 etc.;
546 2451 577 2480 et
600 2452 686 2489 post:
717 2449 788 2481 «Te
811 2452 916 2481 autem
940 2449 1071 2482 faciente
1095 2450 1265 2491 eleemosy-

312 2510 401 2539 nam,
425 2500 542 2532 nesciat
564 2500 691 2532 sinistra
714 2503 782 2538 tua,
801 2500 876 2542 quid
894 2500 985 2533 faciat
1007 2501 1139 2534 dextera
1163 2505 1217 2534 tua
1234 2515 1264 2533 n.

313 2553 391 2585 llaec
407 2556 512 2585 autem
536 2552 737 2585 tabernacula
760 2556 887 2585 aeterna
903 2557 976 2585 sunt
1000 2554 1176 2598 mansiones
1199 2554 1265 2596 glo-

386 2691 394 2706 ¹
415 2693 515 2717 Scilicet
534 2691 676 2718 ordinaria
695 2699 725 2717 ex
745 2693 857 2725 Hieron,
872 2693 947 2725 Epist.
966 2695 1022 2719 ¹2⁴.
1036 2695 1109 2728 (alias
1124 2697 1193 2730 151.)
1208 2704 1266 2729 cap.

314 2737 371 2761 sive
389 2740 488 2768 quaest.
509 2737 540 2766 6,
560 2736 603 2761 ubi
622 2737 671 2762 ait:
690 2737 818 2763 Mamona
837 2740 938 2769 autem,
951 2746 1002 2764 non
1017 2739 1203 2773 Hebraeorum,
1218 2742 1265 2767 sed

314 2781 439 2811 Syrorum
459 2781 546 2811 lingua
566 2780 671 2806 dlvitiae
691 2785 888 2813 nuncupantur,
908 2784 978 2814 quod
1007 2784 1040 2809 (le
1066 2784 1199 2817 iniquitate
1217 2786 1266 2811 col-

314 2824 394 2849 lectae
413 2824 470 2849 sint.
490 2823 541 2850 Csr.
560 2825 637 2849 etiam
658 2825 674 2850 l.
693 2824 837 2850 Comment.
859 2826 882 2850 in
903 2827 988 2852 Matth.
1008 2828 1037 2858 6,
1057 2829 1097 2854 24.

385 2866 395 2881 ²
415 2868 488 2893 Vers.
510 2868 550 2892 40.
569 2881 604 2886 -
623 2868 659 2893 De
677 2869 801 2894 sententia
829 2871 972 2901 Augustino
997 2871 1091 2898 tributa
1120 2874 1166 2899 cfr.
1185 2881 1264 2906 supra

315 2919 377 2943 pag.
396 2911 461 2942 287,
480 2914 537 2937 nota
559 2912 599 2936 ⁴0.

384 2953 395 2967 ⁸
414 2955 549 2993 llomiliam
570 2955 653 2985 istam,
678 2963 757 2988 quarn
787 2957 863 2982 etiam
889 2958 965 2984 Card.
990 2960 1066 2992 llugo
1085 2962 1192 2993 allegat,
1212 2970 1263 2988 non

315 2998 475 3028 invenimus,
494 2999 616 3024 sententia
630 2999 765 3025 exhibetur
784 3000 817 3026 ab
836 3003 954 3033 August„
968 3005 994 3029 ll.
1010 3005 1043 3030 de
1057 3006 1138 3031 Serm.
1160 3007 1263 3032 Domini

316 3042 339 3066 in
360 3045 461 3074 monte,
480 3049 503 3067 c.
523 3041 564 3079 44.
585 3049 610 3067 n.
630 3042 671 3068 47.
691 3046 716 3068 et
735 3045 817 3070 Serm.
840 3046 896 3071 ¹13.
911 3047 982 3077 (alias
996 3048 1037 3074 35.
1052 3049 1084 3074 de
1099 3049 1193 3076 Verbis
1213 3051 1263 3077 Do-

315 3085 388 3117 mini)
409 3092 429 3109 (τ.
453 3086 477 3110 2.
495 3092 521 3111 n.
542 3087 566 3111 2.

384 3128 395 3142 ⁴
416 3129 488 3154 Vers.
509 3130 551 3154 23.
570 3133 595 3155 et
614 3131 707 3156 deinde
727 3139 752 3157 x.
772 3133 812 3158 24.

383 3169 395 3184 ⁶
415 3172 488 3197 Vers.
512 3173 551 3197 ¹0.
569 3172 620 3198 Csr.
640 3174 681 3199 lV.
700 3176 770 3200 Sent.
789 3176 815 3201 d.
837 3177 877 3202 45.
898 3185 924 3210 p.
942 3180 970 3204 ll.
991 3186 1014 3205 a.
1036 3181 1060 3205 2.
1079 3188 1106 3213 q.
1126 3181 1150 3212 l,
1170 3184 1195 3207 et
1214 3183 1263 3208 Au-

314 3217 391 3245 gust,
411 3216 493 3240 serm.
513 3216 572 3241 ⁴⁴3.
593 3217 664 3249 (alias
683 3218 726 3244 35.
743 3219 776 3244 dc
797 3220 890 3246 Verbis
910 3222 1023 3256 Domini)
1043 3230 1064 3248 c.
1080 3225 1104 3249 2.
1124 3232 1148 3250 n.
1169 3226 1194 3251 2.
1207 3232 1262 3259 seq.

314 3258 374 3289 Alii,
395 3262 421 3283 ut
440 3259 532 3285 Paulus
551 3260 654 3286 Diacon.
676 3263 778 3294 (Homil.
794 3265 852 3290 1168.
867 3265 891 3290 in
906 3266 1038 3291 Dominica
1057 3268 1094 3292 10.
1108 3271 1167 3300 post
1181 3269 1262 3302 Pena)

314 3306 339 3327 et
356 3302 432 3328 Card.
452 3304 540 3335 lingo,
560 3305 690 3337 duplicem
711 3307 873 3340 iniquitatem
893 3310 1070 3343 distinguunt,
1090 3313 1145 3338 scil.
1167 3312 1262 3347 iniqui-

313 3347 393 3372 tatem
412 3345 569 3379 iniustitizw,
588 3350 695 3382 quando
714 3351 820 3377 divitiae
839 3352 933 3378 iniusto
952 3354 1023 3379 titulo
1037 3356 1180 3388 acquisitae
1193 3360 1262 3389 sunt,

313 3392 339 3414 et
357 3388 522 3423 iniquitatem
542 3391 755 3427 inaequalitatis,
777 3402 829 3428 quu
848 3396 923 3422 dives
942 3401 1049 3429 propter
1067 3400 1262 3430 possessionem

313 3433 462 3459 divitiarum
482 3436 661 3467 aequalitatem
681 3444 742 3463 cum
767 3439 823 3465 aliis
842 3440 991 3466 hominibus
1010 3449 1061 3467 non
1080 3446 1174 3469 servat.
1194 3444 1265 3469 Divi-

894 309 1085 343 COMMENT.
1112 309 1147 341 {N
1171 305 1408 340 EVANGELIUM
1433 304 1549 337 LUCAE
1572 304 1604 336 C.
1631 304 1705 336 XVI.

1329 393 1411 431 riae,
1434 392 1472 424 de
1488 392 1605 433 quibus
1628 391 1721 424 isaiae
1738 391 1898 433 trigesimo
1922 392 2098 425 secundoss:
2129 406 2144 421 «
2161 393 2285 427 Sedebit

1328 445 1464 487 populus
1487 453 1576 477 meus
1599 445 1630 476 in
1655 444 1867 485 pulcritudine
1891 445 1993 486 pacis,
2018 445 2049 477 in
2074 446 2285 480 tabernaculis
2462 482 2463 486 ,

1328 497 1478 536 fiduciae,
1496 497 1526 529 in
1551 497 1661 538 requie
1684 497 1834 538 opulenta
1850 511 1879 529 u.
1905 498 1946 530 In
1969 502 2106 531 aeterna
2130 499 2284 533 taberna-
2304 505 2423 528 Notandum
2461 490 2463 519 i

1329 549 1405 581 cula
1421 549 1498 581 alios
1513 549 1679 590 recipiunt
1694 549 1748 590 qui
1765 548 1843 581 adeo
1865 550 1995 591 perfecti
2012 554 2103 589 sunt,
2121 555 2157 584 ut
2173 553 2285 585 merita

1328 612 1439 635 eorum
1463 602 1555 635 etiam
1579 603 1648 636 aliis
1674 603 1812 641 valeant,
1837 606 1867 635 et
1892 607 2021 645 propter
2056 613 2138 646 quae
2173 606 2285 639 merita

1329 655 1386 687 sibi
1411 658 1441 688 et
1465 655 1533 687 aliis
1556 659 1684 688 aeterna
1707 655 1910 688 tabernacula
1924 657 2098 699 acquirant.
2123 658 2208 691 Unde
2232 668 2285 691 su-

1328 717 1384 749 per
1419 708 1539 740 illud⁹:
1573 721 1588 736 (ι
1606 708 1707 741 Facite
1738 708 1825 741 vobis
1860 709 2022 748 amicos»,
2054 710 2129 743 dicit
2159 711 2283 745 Glossa:

1333 773 1348 788 «
1365 761 1429 792 Non
1446 761 1602 802 quoslibet
1618 770 1788 802 pauperes,
1813 761 1866 794 sed
1883 771 1936 794 eos
1953 763 2007 804 qui
2032 767 2164 804 possunt
2186 764 2218 796 in
2234 774 2285 798 ae-

1329 816 1418 845 terna
1442 813 1644 846 tabernacula
1668 814 1808 855 recipere
1824 828 1855 846 ».

1420 866 1468 897 16.
1494 866 1583 898 Tales
1606 866 1688 898 enim
1715 876 1776 899 non
1801 870 1875 900 sunt
1892 877 2047 909 pauperes
2072 869 2285 910 involuntarii,
2301 874 2445 904 Ratiotrivlex

1327 918 1380 951 sed
1404 927 1559 960 pauperes
1583 919 1714 960 spiritu;
1739 919 1777 952 de
1801 920 1917 961 quibus
1948 921 2093 956 Matthaei
2118 922 2228 964 quinto
2241 924 2284 956 ¹⁰:
2300 907 2340 948 ffi‘}
2352 904 2447 952 ¹33?ssss

1332 984 1347 1000 (ι
1365 972 1447 1004 Beati
1472 981 1627 1013 pauperes
1651 973 1782 1014 spiritu,
1814 973 1963 1015 quoniam
1995 974 2136 1016 ipsorum
2166 979 2213 1008 est
2236 959 2346 1009 re-'m'

1327 1034 1423 1066 gnum
1449 1025 1608 1058 caelorum
1622 1038 1653 1057 ».
1678 1026 1821 1067 Ipsorum
1838 1035 1913 1068 ergo
1930 1030 2080 1069 tanquam
2098 1028 2181 1062 illius
2197 1030 2284 1072 regni

1327 1087 1442 1119 rcyum
1475 1082 1503 1109 et
1530 1087 1762 1119 posses-sorum
1785 1082 1832 1112 est
1855 1079 2058 1113 introducere
2089 1081 2120 1114 in
2152 1091 2283 1124 regnum

1327 1131 1496 1163 caelorum.
1534 1131 1676 1172 ipsorum
1712 1132 1805 1164 etiam
1841 1135 1992 1175 tanquam
2033 1133 2203 1174 iudicum,
2237 1145 2286 1169 se-

1328 1182 1467 1214 cundum
1491 1183 1569 1215 illud
1593 1184 1645 1216 lob
1671 1184 1830 1226 tuigesimo
1855 1189 1945 1218 sexto
1960 1187 2003 1218 ¹¹:
2033 1200 2049 1215 «ι
2065 1187 2131 1220 Non
2154 1188 2286 1222 salvabit

1328 1235 1475 1277 impium,
1512 1236 1566 1269 sed
1601 1237 1750 1270 iudicium
1784 1239 1976 1280 pauperibus
2007 1241 2119 1273 tribuit
2141 1253 2171 1280 »3
2207 1248 2286 1284 pau-

1329 1288 1475 1329 peribus,
1500 1289 1646 1331 inquam,
1672 1291 1818 1332 perfectis
1833 1296 1864 1324 et
1887 1293 2082 1333 voluntariis,
2104 1294 2143 1327 de
2170 1295 2286 1337 quibus

1328 1341 1473 1374 Matthaei
1497 1342 1618 1375 decimo
1643 1352 1740 1375 nono:
1770 1357 1785 1372 «
1804 1344 1880 1383 Vos,
1906 1346 1961 1387 qui
1986 1346 2157 1388 reliquistis
2180 1349 2285 1381 omnia

1328 1397 1359 1427 et
1383 1394 1481 1427 secuti
1505 1395 1580 1428 estis
1604 1404 1663 1435 me,
1688 1396 1834 1429 sedebitis
1858 1407 1953 1439 super
1978 1399 2067 1432 sedes
2101 1400 2285 1441 duodecim,

1329 1447 1501 1480 iudicantes
1524 1448 1689 1481 duodecim
1725 1449 1828 1482 tribus
1852 1450 1988 1483 lsrael».
2014 1452 2157 1493 Ipsorum
2192 1454 2285 1487 etiam

1329 1503 1480 1542 tanquam
1503 1499 1733 1543 familiarium
1757 1506 1786 1534 ct
1809 1503 2016 1543 amicorum,
2042 1510 2170 1547 propter
2201 1508 2290 1549 quod>

1329 1553 1427 1586 lacobi
1452 1554 1590 1586 secundo
1604 1554 1647 1586 l2:
1678 1567 1693 1582 «
1710 1554 1816 1587 Nonne
1847 1556 1931 1589 Deus
1955 1557 2047 1599 elegit
2071 1567 2225 1601 pauperes
2253 1560 2285 1593 in

1328 1607 1387 1639 hoc
1410 1606 1543 1645 mundo,
1565 1607 1677 1640 divites
1693 1607 1724 1639 in
1741 1607 1819 1647 fide,
1844 1609 1976 1643 heredes
2000 1611 2106 1653 regni,
2131 1613 2215 1654 quod
2237 1622 2287 1646 re-

1327 1659 1471 1701 promisit
1502 1659 1616 1692 Deus»
1656 1664 1714 1693 etc.
1750 1661 1839 1694 Tales
1870 1662 2075 1697 introducunt
2104 1653 2227 1699 ‘amicos
2254 1671 2286 1700 et

1327 1710 1540 1745 benefactores
1571 1722 1645 1746 suos
1676 1722 1732 1755 per
1766 1714 1849 1746 illam
1882 1715 1979 1757 legem
2009 1717 2204 1758 iudicialem,
2228 1729 2285 1762 per

1327 1775 1421 1808 quam
1438 1765 1590 1799 Dominus
1606 1766 1637 1798 in
1662 1766 1770 1799 futuro
1794 1767 1908 1801 iudicio
1932 1768 2149 1810 sententiam,
2174 1781 2286 1806 secun-

1327 1819 1403 1853 dum
1424 1819 1509 1861 quod
1532 1819 1607 1852 dicit
1630 1821 1775 1853 Matthaei
1800 1821 1948 1863 vigesimo
1972 1823 2083 1865 quinto
2097 1825 2137 1856 ¹³:
2167 1826 2284 1867 «Quod

1328 1872 1382 1905 uni
1407 1881 1448 1905 ex
1472 1873 1610 1906 minimis
1636 1873 1752 1906 fecistis
1775 1874 1852 1907 mihi
1876 1875 1992 1908 fecistis
2008 1889 2040 1915 »‚
2064 1880 2095 1909 et
2119 1886 2175 1919 per
2198 1879 2282 1912 illam

1328 1925 1419 1958 aliam
1444 1926 1561 1968 legem,
1587 1935 1682 1968 quam
1706 1927 1858 1960 Dominus
1884 1928 1968 1968 tulit,
1992 1928 2031 1961 de
2054 1939 2117 1971 qua
2141 1931 2286 1965 Matthaei

1327 1978 1465 2010 decimo:
1496 1978 1583 2019 «Qui
1609 1979 1720 2021 recipit
1736 1979 1855 2013 iustum
1872 1980 1903 2013 in
1920 1981 2045 2015 nomine
2070 1982 2143 2016 iusti
2167 1993 2287 2017 merce-

1328 2030 1398 2063 dem
1424 2030 1498 2063 iusti
1522 2031 1699 2073 accipiet».

1421 2084 1470 2115 17.
1495 2083 1596 2124 (Vers.
1625 2084 1699 2125 10).
1726 2084 1793 2125 Qui·
1813 2085 1919 2126 fidelis
1942 2091 1990 2119 est
2013 2087 2048 2120 in
2072 2088 2210 2122 minimo
2226 2093 2284 2124 etc.
2306 2094 2368 2125 Ratio
2384 2093 2448 2131 fl‘lffl·

1329 2135 1496 2176 Postquam
1532 2135 1674 2169 invitavit
1704 2137 1742 2169 ad
1778 2137 1924 2179 pietatem
1961 2148 2002 2172 ex
2038 2141 2286 2175 consideratione
2303 2123 2449 2194 3333?

1329 2188 1482 2220 mercedis
1506 2188 1684 2228 habendae,
1710 2189 1761 2222 hic
1785 2191 1922 2224 secundo
1946 2191 2056 2226 invitat
2081 2202 2122 2226 ex
2146 2195 2287 2228 conside·
2306 2176 2367 2223 3³¹3:-
2382 2174 2448 2201 ἀπ’·

1329 2240 1450 2272 ratione
1482 2239 1651 2282 fidelitatis
1685 2243 1870 2275 servandae
1885 2244 1919 2275 ¹4.
1952 2244 2003 2277 Est
2037 2246 2121 2278 enim
2152 2247 2285 2280 fidelitas

1328 2293 1481 2327 servanda
1504 2293 1536 2325 in
1558 2293 1788 2335 dispensatione
1813 2297 2033 2337 temporalium
2058 2302 2124 2331 tum
2155 2304 2284 2343 propter

1328 2345 1484 2377 meritum
1507 2349 1536 2377 et
1558 2345 1768 2385 demeritam,
1794 2351 1862 2380 tum
1886 2352 2016 2391 propter
2035 2351 2226 2393 periculum
2257 2358 2287 2387 ec

1329 2397 1500 2430 damnum.

1418 2450 1520 2482 Primo
1543 2460 1618 2493 ergo
1641 2456 1796 2494 quantum
1821 2454 1859 2486 ad
1876 2455 2155 2491 considerationem
2173 2460 2285 2493 meriti
2307 2465 2337 2486 ⁰0
2352 2465 2428 2493 primo-

1327 2502 1494 2544 fidelitatis
1529 2503 1559 2535 in
1592 2504 1771 2538 huiusmodi
1807 2506 1904 2540 rebus
1936 2510 2070 2543 terrenis
2102 2511 2193 2544 dicit:
2220 2513 2286 2553 Qui

1327 2554 1433 2596 fidelis
1455 2559 1501 2587 est
1524 2555 1560 2588 in
1583 2556 1721 2590 minimo
1745 2562 1773 2590 et
1796 2559 1832 2591 in
1855 2560 1980 2593 maiori
1993 2561 2099 2604 fidelis
2115 2568 2177 2603 es&
2194 2566 2284 2607 quasi

1328 2697 1378 2723 tiae
1397 2698 1492 2730 prioris
1511 2698 1653 2732 iniquitatis
1672 2703 1732 2726 sunt
1751 2701 1940 2736 restituendae,
1959 2703 1993 2729 de
2011 2704 2109 2731 divitiis
2128 2706 2282 2737 posterioris

1329 2742 1470 2775 iniquitatis
1488 2742 1672 2775 eleemosynae
1691 2747 1754 2770 sunt
1770 2745 1911 2772 faciendae.

1399 2784 1410 2800 ⁶
1431 2788 1503 2813 Vers.
1525 2787 1565 2813 ⁴7.
1581 2802 1613 2806 —-
1632 2789 1690 2814 Duo
1708 2796 1782 2822 seqq.
1803 2791 1851 2815 loci
1871 2794 1932 2816 sunt
1951 2792 2026 2818 Eccli.
2046 2793 2094 2824 29,
2116 2794 2158 2819 ⁴3.
2171 2797 2196 2820 et
2209 2795 2284 2820 prov.

1330 2831 1357 2855 ii
1373 2851 1378 2863 ‚
1398 2831 1440 2857 26.

1399 2873 1409 2889 ⁷
1430 2876 1502 2901 Vers.
1524 2878 1547 2902 2.
1567 2880 1592 2902 et
1611 2877 1634 2902 3.

1399 2918 1409 2933 ⁸
1430 2920 1504 2946 Vers.
1525 2921 1566 2946 48.

1397 2962 1409 2977 ⁹
1426 2965 1487 2990 Luc.
1509 2965 1556 2996 16,
1576 2966 1600 2991 9.
1620 2967 1709 2992 Glossa
1728 2970 1767 2992 est
1786 2966 1968 2994 interlinearis
1988 2969 2046 3001 (cfr.
2065 2970 2184 3001 August„
2199 2971 2283 2996 Serm.

1329 3007 1388 3034 113.
1406 3009 1469 3034 alias
1489 3009 1532 3035 35.
1550 3010 1584 3035 de
1603 3010 1698 3036 Verbis
1720 3011 1836 3042 Domini,
1856 3018 1878 3037 c.
1900 3012 1924 3037 1.
1943 3019 1968 3037 n.
1989 3012 2035 3044 4.).

1398 3051 1420 3066 ¹⁰
1439 3053 1514 3079 Vers.
1533 3054 1559 3079 3.
1576 3068 1611 3073 -
1631 3055 1757 3086 Superius
1770 3062 1818 3087 pro
1834 3055 1910 3082 Tales
1923 3055 1994 3082 enim
2009 3057 2066 3082 Vat.
2087 3056 2164 3084 Tales
2183 3059 2283 3088 autem,

1325 3099 1351 3121 et
1370 3096 1475 3122 interius
1495 3097 1620 3130 Ipsorum
1638 3105 1756 3132 namque
1775 3106 1822 3130 pro
1842 3099 1967 3132 Ipsorum
1986 3106 2060 3133 crya

1398 3140 1417 3154 ¹¹
1440 3141 1513 3167 vers.
1533 3142 1563 3167 6:
1582 3141 1635 3168 Sed
1662 3149 1717 3168 non
1741 3142 1831 3169 salvat
1858 3142 1967 3176 impios,
1987 3145 2014 3170 ec
2031 3143 2161 3171 iudicium
2180 3149 2229 3172 etc.
2247 3159 2283 3166 —

1326 3182 1443 3209 Subinde
1461 3185 1588 3216 allegatur
1607 3186 1694 3211 Malui.
1714 3186 1761 3217 19,
1781 3186 1822 3211 28.
1836 3185 1887 3212 Cl'r.
1904 3187 1946 3212 lV.
1960 3188 2027 3212 Sent.
2043 3187 2068 3213 d.
2084 3187 2125 3213 47.
2138 3195 2161 3214 a.
2177 3189 2201 3215 l.
2216 3197 2244 3222 q.
2261 3190 2282 3215 l.

1398 3226 1419 3242 ¹²
1440 3228 1514 3254 Vers.
1535 3229 1560 3254 5.

1397 3269 1419 3285 ¹³
1439 3272 1513 3298 Vers.
1533 3272 1580 3304 40,
1600 3275 1660 3304 post
1677 3279 1756 3305 quem
1778 3273 1823 3305 110,
1839 3273 1878 3298 Η.
1893 3288 1926 3292 -
1940 3275 2047 3300 {nferiiis
2059 3279 2118 3307 post
2137 3283 2219 3310 quam
2232 3277 2283 3303 Do-

1326 3314 1417 3341 minus
1436 3315 1498 3342 tulit
1516 3317 1537 3341 li
1556 3317 1629 3342 addit
1649 3316 1677 3342 in
1695 3316 1809 3348 mando,
1835 3317 1884 3342 FG
1910 3317 1946 3349 (et
1971 3321 1999 3344 ut
2024 3319 2128 3345 videtur
2152 3321 2231 3346 etiam
2250 3320 2280 3353 C)

1326 3358 1434 3384 muneri
1443 3368 1453 3391 ,·
1473 3360 1580 3385 sortasse
1600 3367 1691 3385 sensus
1704 3360 1741 3385 sic
1754 3361 1864 3392 exprimi
1877 3364 1979 3392 potest:
1998 3372 2011 3385 α
2025 3363 2081 3388 tulit
2094 3367 2213 3395 respectu
2227 3371 2282 3390 mu-

1327 3401 1396 3427 neris
1415 3401 1581 3436 (mercedis),
1601 3403 1634 3429 de
1653 3410 1707 3436 quo
1721 3414 1746 3429 n.
1768 3403 1833 3430 Cum
1853 3404 1874 3430 fl
1894 3404 2077 3432 substituimus
2101 3406 2132 3433 de
2156 3414 2210 3441 qua
2232 3414 2281 3440 pro

1327 3444 1358 3471 de
1377 3452 1438 3478 quo.
1979 3449 2000 3464 ¹⁴
2019 3450 2070 3476 Csr.
2090 3458 2215 3483 supra-n.
2237 3452 2279 3477 ⁴3.
