2476 3921
130 671 209 694 ‘rer-tro,
225 675 259 691 ea-

114 697 163 718 dem
186 696 259 717 deiici-

145 2463 266 2485 Consolatio

142 2490 272 2512 infirmorum

150 2517 264 2544 tripliciter

160 2546 252 2567 notatur.

279 254 339 286 13⁶2

277 343 370 376 lsaiae
404 337 664 383 quinquagesimo
695 335 830 372 terti01,
868 346 883 361 α
902 333 998 365 livore
1033 332 1101 364 eius
1132 330 1231 363 sanati

276 404 386 429 sumus
403 407 433 431 »ς
457 396 489 426 et
522 390 717 433 sexagesimo
752 388 871 430 primo:
906 400 921 415 «
939 385 1074 428 Spiritus
1109 383 1232 417 Domini

277 457 373 490 super
398 455 464 485 me,
488 455 525 478 eo
548 443 630 486 quod
657 442 787 475 unxerit
811 450 879 479 me,
904 442 940 472 ut
954 439 1099 471 mederer
1115 437 1232 469 contri-

278 505 325 533 tos
349 500 441 533 corde
458 511 488 537 »3
513 501 544 530 et
566 497 699 529 Actuum
724 494 863 527 decimo:
893 505 907 520 α
927 490 1109 524 pertransiit
1140 489 1234 522 bene-

279 554 417 587 faciendo
440 555 471 584 et
495 549 631 584 sanando
654 556 762 581 omnes
785 554 953 589 oppressos
976 554 995 576 a
1017 542 1141 576 diabolo
1157 555 1188 573 ».

367 607 417 638 78.
444 605 544 645 (Vers.
569 603 646 642 32).
674 600 835 634 Deiicitur
858 602 964 631 autem
1002 596 1095 629 tertio
1118 605 1159 628 ex
1185 603 1234 627 re-

277 661 426 694 ctitudine
449 657 617 700 aequitatis
641 663 814 697 supernae,
839 662 902 695 qua
927 651 1026 693 magis
1048 649 1236 682 condescen-

277 715 322 747 dit
351 712 461 746 humili
493 710 648 753 peccatori
679 716 774 750 quam
810 705 948 748 superbo
982 704 1082 741 iusto;
1112 706 1143 735 et
1166 702 1236 734 ideo

279 768 398 801 subdit:
424 765 498 798 Non
520 763 595 796 veni
616 771 736 794 vocare
760 760 884 797 iustos,
907 758 964 790 sed
983 760 1175 799 peccatores
1190 754 1236 786 ad

275 819 524 864 poenitentiaea,-
540 817 656 854 iustOS,
670 815 700 847 id
716 817 774 852 est,
790 812 844 854 qui
862 821 895 844 se
908 813 1070 852 reputant3
1087 808 1196 841 Glossa
1208 808 1235 839 ²:

284 889 298 903 «
315 874 374 916 Qui
398 872 534 905 iustitiae
558 878 633 903 suae
657 867 818 901 considunt
833 880 863 897 ».
880 865 966 897 Unde
983 863 1077 896 Beda:
1100 875 1116 890 «
1130 862 1238 894 luscos

279 937 332 961 eos
356 929 458 963 vocat,
483 924 537 967 qui
576 922 634 954 Dei
664 922 855 963 ignorantes
887 916 1052 949 iustitiam
1075 919 1103 947 et
1137 923 1237 946 suam

279 982 417 1013 volentes
440 982 600 1014 statuere,
625 974 772 1007 iustitiae
799 972 857 1004 Dei
878 981 945 1003 non
976 974 1054 1002 sunt
1077 968 1236 1005 subiecti,

280 1035 318 1067 ad
351 1035 504 1066 Romanos
538 1029 676 1066 decimo,
709 1026 763 1068 qui
795 1035 836 1058 ex
873 1025 951 1066 Lege
983 1025 1237 1065 praesumentes,

282 1085 436 1128 Evangelii
459 1083 592 1126 gratiam
624 1090 686 1113 non
717 1081 921 1121 quaerunt».
948 1077 1037 1109 Tales
1060 1075 1143 1108 enim
1176 1083 1239 1106 non

281 1141 366 1174 venit
389 1138 540 1171 Dominus
564 1143 694 1173 vocare,
718 1133 772 1166 sed
796 1132 895 1174 magis
930 1131 1013 1164 iusto
1043 1128 1159 1162 iudicio
1183 1136 1239 1160 ex-

282 1202 426 1230 caecare;
451 1191 534 1223 unde
559 1188 680 1222 loannis
704 1196 786 1220 nono
799 1186 826 1218 ³:
850 1198 863 1213 «ι
879 1185 909 1217 ln
926 1184 1077 1216 iudicium
1095 1191 1153 1224 ego
1169 1180 1239 1213 veni

282 1249 312 1280 in
337 1245 505 1283 mundum,
530 1247 566 1275 ut
589 1241 642 1284 qui
671 1250 733 1273 non
758 1239 863 1279 vident
891 1238 1033 1276 videant,
1062 1240 1093 1269 et
1116 1235 1171 1278 qui
1195 1235 1239 1267 vi-

281 1302 355 1334 dent
389 1298 470 1332 caeci
508 1297 585 1329 fiant
612 1309 642 1327 ».
677 1294 769 1327 Venit
802 1296 908 1325 autem
945 1291 1098 1323 Dominus
1128 1297 1241 1321 vocare

281 1362 389 1386 omnes
411 1352 450 1385 ad
474 1349 714 1393 poenitentiam,
738 1347 827 1389 quia,
845 1346 926 1378 sicut
942 1344 1058 1377 dicitur
1075 1343 1114 1375 ad
1130 1343 1241 1375 Rorna-

282 1417 338 1441 nos
355 1407 447 1439 tertio
464 1409 495 1438 et
510 1407 673 1445 acceptum
691 1406 737 1435 est
754 1401 792 1434 de
810 1400 940 1438 Psalmo,
963 1412 977 1427 «
992 1407 1053 1431 non
1070 1400 1117 1430 est
1139 1397 1242 1429 iustus

282 1462 467 1504 quisquam,
492 1467 600 1491 omnes
623 1456 878 1492 declinaverunt,
903 1453 997 1486 simul
1022 1451 1149 1484 inutiles
1168 1449 1241 1482 facti

283 1519 396 1553 sunt»;
414 1513 497 1546 unde
514 1515 545 1545 et
561 1510 689 1544 ibidem:
713 1522 727 1536 a
744 1508 860 1540 Omnes
877 1508 1088 1549 peccaverunt
1104 1507 1135 1537 et
1150 1506 1243 1546 egent

283 1569 382 1612 gloria
405 1567 459 1600 Dei
476 1581 506 1598 ».
533 1566 568 1597 Et
592 1565 660 1597 ideo
676 1573 694 1595 a
711 1561 900 1604 poenitentia
916 1559 1032 1601 incepit
1049 1558 1243 1600 praedicare,

284 1622 458 1656 secundum
492 1618 576 1661 quod
607 1617 723 1650 dicitur
754 1614 898 1647 Matthaei
931 1612 1082 1655 quarto⁴.
1110 1612 1152 1644 De
1184 1611 1243 1644 hac

285 1676 445 1709 vocatione
467 1673 583 1706 dicitur
608 1670 701 1703 Isaiae
726 1668 875 1710 vigesimo
898 1666 1055 1699 secundo:
1085 1678 1100 1693 a
1117 1664 1245 1697 Vocabit

286 1728 438 1762 Dominus
460 1727 544 1758 Deus
567 1723 768 1757 exercituum
793 1721 824 1753 in
859 1720 910 1752 die
940 1719 993 1751 illa
1017 1718 1056 1751 ad
1079 1718 1190 1750 fletum
1214 1721 1245 1750 et

286 1783 445 1824 planctum
470 1782 502 1811 et
525 1776 685 1810 calvitium
710 1779 741 1807 et
769 1773 807 1806 ad
838 1773 1001 1814 cingulum
1032 1771 1160 1804 sacci».
1186 1769 1246 1803 Sed

287 1836 366 1868 hanc
396 1841 502 1865 vocem
534 1839 596 1863 non
631 1828 765 1862 audiunt
796 1826 850 1869 qui
883 1835 916 1858 se
949 1828 1100 1867 reputant
1127 1824 1244 1863 iust0s;

287 1892 396 1922 contra
419 1895 499 1929 quos
523 1885 575 1917 lob
599 1882 723 1916 nono-'²2
754 1894 768 1909 «
786 1880 816 1913 Si
841 1879 1012 1912 iustificare
1030 1887 1079 1911 me
1103 1878 1245 1916 voluero,

285 1952 320 1975 os
343 1949 450 1974 meum
473 1936 692 1972 condemnabit
717 1943 780 1973 me3
806 1934 831 1966 si
855 1933 1053 1965 innocentem
1069 1931 1247 1970 ostendero,

288 2004 418 2039 pravum
437 2002 486 2026 me
502 1989 719 2033 comprobabit
736 2003 765 2020 1³.
783 1987 841 2020 Sed
860 1987 939 2019 hanc
955 1985 1089 2018 audiunt
1111 1984 1248 2017 humiles

287 2053 484 2092 peccatores3
508 2045 590 2078 infra
624 2043 773 2086 septimo:
804 2055 819 2070 a
837 2041 871 2073 Et
895 2040 996 2072 omnis
1031 2039 1168 2081 populus
1191 2047 1248 2070 au-

287 2103 375 2136 diens
399 2105 431 2134 et
462 2098 620 2142 publicani
652 2096 904 2129 iustificaverunt
939 2092 1123 2130 Dominum,
1148 2091 1249 2133 bapti-

288 2156 347 2188 zati
371 2153 526 2196 baptismo
550 2151 681 2184 loannis.
709 2147 994 2181 Pharisaeiautem
1020 2148 1052 2178 et
1078 2143 1249 2186 legisperiti

289 2211 479 2250 spreverunt
501 2204 667 2238 consilium
692 2202 745 2235 Dei
770 2202 802 2234 in
826 2200 1029 2242 semetipsos,
1062 2208 1124 2231 non
1148 2197 1250 2239 bapti-

290 2260 348 2293 zati
365 2260 404 2292 ab
420 2269 458 2292 eo
474 2272 504 2290 ι).
520 2276 561 2281 -
576 2257 611 2289 Et
626 2257 670 2289 sic
687 2259 789 2298 patet,
806 2253 965 2296 quomodo
981 2252 1013 2284 in
1030 2252 1090 2284 hoc
1105 2251 1186 2284 facta
1202 2253 1251 2283 est

290 2312 461 2346 confutatio
484 2310 716 2353 superborum;
741 2308 825 2341 unde
848 2306 955 2339 divino
989 2305 1105 2338 iudicio
1129 2304 1252 2347 peiores

291 2359 480 2409 reputantur
504 2365 566 2397 illis
588 2372 669 2406 quos
691 2361 878 2404 despiciunt.

381 2420 433 2451 79.
457 2418 558 2460 <Vers.
588 2416 666 2457 33.)
692 2417 736 2447 At
759 2414 809 2447 illi
824 2414 992 2446 dixerunt.
1012 2413 1181 2454 Postquam
1197 2411 1251 2444 de-

292 2473 409 2515 scripta
432 2475 480 2505 est
501 2470 623 2503 vocatio
647 2472 849 2511 peccatorum
882 2470 913 2500 et
944 2465 1116 2499 confutatio
1140 2474 1252 2507 super-

292 2527 405 2559 borum
417 2551 424 2564 ,
441 2523 644 2565 subiungitur
661 2522 712 2554 hic
731 2521 823 2553 tertio
839 2519 1019 2553 consolatio
1036 2518 1252 2560 infirmorum

873 244 1065 277 COMMENT.
1092 243 1127 275 IN
1151 241 1388 275 EVANGELIUM
1414 238 1530 272 LUCAE
1554 238 1586 271 C.
1612 239 1646 270 V.

1295 329 1326 362 in
1351 329 1428 367 hoc,
1453 327 1537 370 quod
1561 336 1623 359 non
1648 327 1854 368 imponuntur
1878 325 1954 367 ipsis
1974 324 2136 366 discipulis
2159 333 2256 357 onera

1294 382 1403 425 gravia
1425 384 1457 414 et
1479 380 1681 413 difficultates
1715 379 1917 412 ieiuniorum.
1942 378 2157 410 Introducitur
2180 386 2256 420 ergo

1296 435 1474 468 consolatio
1499 433 1741 466 manuductoria
1763 432 1991 474 discipulorum
2015 435 2052 464 ut
2078 431 2257 465 dissonans

1295 489 1466 522 severitati
1490 487 1604 530 teyatis
1628 485 1874 524 observantiae,
1899 489 1935 517 ut
1959 494 2146 517 consonans
2169 484 2257 517 beni-

1295 541 1419 584 gnitati
1440 540 1575 573 divinae
1597 539 1820 582 praesentiae,
1845 542 1882 571 ut
1904 538 2079 580 expediens
2113 537 2259 570 ruditati

1297 592 1556 636 imperfectionis
1579 592 1748 625 humanae
1760 592 1782 624 ὅ.

1389 647 1492 679 Primo
1516 656 1592 688 ergo
1615 645 1829 678 introducitur
1858 647 1894 677 ut
1927 644 2107 677 dissonans
2140 644 2260 676 severi-
2271 646 2425 694 duffiffiag}
2451 653 2454 689 [

1300 701 1363 733 tati
1389 700 1505 743 tegatis
1536 699 1765 732 observantiae
1795 698 1827 730 in
1859 698 2043 740 quaestione
2080 697 2260 730 Pharisaeo-
2271 699 2425 748 fflfflsseg:
2452 692 2454 714 ἶ

1301 763 1389 792 rum,
1414 762 1485 786 cum
1510 753 1644 785 dicitur:
1672 753 1713 784 At
1730 751 1780 784 itti
1794 751 1953 783 dixerunt
1969 750 2015 783 ad
2030 760 2125 782 eum.-
2149 750 2261 791 Quare
2272 753 2323 774 21³0-

1300 807 1459 849 discipuli
1482 806 1620 839 loannis
1644 806 1797 838 ieiunant
1826 803 2018 848 frequenter
2047 808 2076 836 et
2111 803 2261 836 obsecra-

1302 860 1404 892 tiones
1437 858 1598 901 faciunt?
1624 858 1784 891 Similiter
1819 862 1931 890 autem
1965 861 1995 890 et
2015 857 2026 876 ⁷
2059 855 2262 890 Pharisaeo-

1302 922 1380 944 rum
1415 915 1473 944 etc.
1507 912 1628 944 Dicitur
1659 915 1765 944 autem
1798 914 1830 944 et
1860 910 2006 943 Matthaei
2041 919 2142 949 nono,
2178 910 2263 952 quod
2277 911 2427 960 Qfflstoiggiq-

1303 966 1362 998 hoc
1384 965 1529 1007 discipuli
1556 965 1677 997 loannis
1701 964 1924 1006 quaesierunt;
1950 964 2021 1002 sed,
2049 966 2082 996 ut
2105 963 2180 996 dicit
2203 964 2264 996 Au·
2291 945 2377 987 gimffis·
2408 948 2428 959 δ’
2455 952 2456 956 “

1302 1018 1448 1060 gustinus
1472 1018 1502 1050 in
1528 1018 1608 1050 libro
1631 1018 1669 1050 de
1692 1017 1864 1050 Concordia
1890 1017 2178 1059 Evangelistarum,
2202 1026 2264 1049 non

1303 1075 1350 1104 est
1374 1071 1594 1108 contrarietas,
1619 1070 1694 1112 quia
1718 1070 1848 1112 utrique
1870 1070 2085 1112 quaesierunt.
2118 1070 2155 1102 Et
2185 1069 2265 1102 utri-

1304 1134 1366 1167 que
1391 1124 1599 1166 quaerebant,
1621 1123 1674 1156 sed
1691 1123 1836 1165 discipuli
1853 1124 1974 1156 loannis
1990 1123 2130 1156 volentes
2144 1123 2265 1156 discere

1305 1178 1485 1216 veritatem,
1510 1177 1666 1210 Pharisaei
1690 1185 1767 1210 vero
1790 1176 1936 1209 volebant
1959 1186 2070 1210 eorum
2097 1176 2266 1219 explorare

1305 1231 1500 1269 libertatem,
1525 1230 1608 1263 sicut
1630 1229 1690 1268 illi,
1721 1229 1760 1262 de
1791 1229 1909 1271 quibus
1931 1229 2047 1262 dicitur
2078 1227 2117 1262 ad
2144 1229 2267 1262 Galatas

1305 1283 1444 1317 secundo
1457 1283 1487 1315 8:
1507 1297 1522 1312 α
1536 1284 1666 1325 Propter
1683 1282 1942 1316 subintroductos
1957 1282 2051 1315 falsos
2067 1282 2195 1321 fratres,
2212 1283 2267 1324 qui

1305 1338 1559 1371 subintroierunt
1590 1337 1758 1379 explorare
1790 1336 1966 1369 libertatem
1994 1339 2135 1369 nostram
2151 1350 2182 1368 n.
2206 1336 2268 1369 Hoc

1305 1395 1410 1424 autem
1428 1400 1491 1424 non
1507 1390 1720 1433 quaerebant,
1737 1389 1812 1431 quia
1826 1389 1997 1431 discipulos
2013 1389 2134 1422 loannis
2154 1399 2268 1432 appro-

1307 1446 1437 1484 barent,
1462 1445 1516 1477 sed
1541 1448 1577 1477 ut
1600 1443 1833 1485 comparatione
1857 1452 1967 1476 eorum
1993 1443 2108 1476 Christi
2131 1443 2269 1486 discipu-

1308 1501 1353 1533 los
1378 1499 1656 1541 reprehenderent.

1397 1554 1449 1585 80.
1475 1552 1561 1585 Unde
1584 1556 1615 1584 et
1639 1551 1795 1584 subdunt:
1828 1551 1892 1583 Tui
1914 1555 2025 1583 autem
2048 1551 2149 1583 edunt
2171 1554 2200 1583 et
2221 1550 2269 1583 bi-

1309 1608 1408 1645 bunt;
1432 1610 1465 1639 et
1489 1606 1557 1639 ideo
1592 1604 1848 1647 conquerebatur
1880 1604 2032 1637 Dominus
2055 1604 2093 1637 de
2117 1605 2162 1637 eis
2193 1604 2269 1637 Mat·
2284 1604 2436 1659 pfffflssiw

1309 1661 1392 1694 thaei
1428 1659 1637 1692 undecimo⁹:
1675 1671 1690 1687 «ι
1716 1658 1807 1691 Venit
1843 1658 1970 1690 loannes
2002 1666 2104 1700 neque
2139 1657 2271 1690 mandu-
2403 1647 2407 1652 ⁵

1310 1722 1385 1748 cans
1408 1722 1512 1756 neque
1547 1713 1672 1751 bibens,
1697 1716 1728 1745 et
1763 1712 1889 1745 dicunt:
1914 1711 2122 1744 Daemonium
2159 1711 2269 1750 habet;

1310 1769 1396 1803 venit
1417 1768 1513 1801 Filius
1538 1767 1673 1800 hominis
1696 1766 1890 1799 manducans
1906 1769 1937 1799 et
1952 1765 2077 1804 bibens,
2094 1768 2126 1798 et
2147 1765 2271 1798 dicunt:

1312 1823 1403 1861 Ecce,
1427 1823 1522 1855 homo
1546 1830 1647 1853 vorax
1671 1824 1702 1853 et
1725 1823 1850 1862 potator
1875 1819 1949 1859 vini,
1974 1819 2215 1861 publicanorum
2241 1821 2273 1851 et

1311 1879 1514 1919 peccatorum
1538 1875 1659 1907 amicus
1675 1888 1706 1906 ».
1732 1874 1768 1906 Et
1800 1873 1869 1906 ideo
1901 1872 2092 1915 spernebant
2117 1871 2273 1905 Pharisaei

1311 1939 1365 1963 eos
1388 1934 1538 1971 tanquam
1562 1927 1722 1961 discordes
1745 1936 1764 1959 a
1788 1927 1878 1970 legali
1902 1931 1933 1960 et
1957 1926 2101 1969 populari
2126 1926 2273 1958 observa-

1313 1984 1410 2021 tione;
1435 1982 1490 2015 sed
1513 1982 1611 2020 male,
1628 1981 1702 2023 quia
1720 1980 1814 2013 Isaiae
1830 1979 2093 2023 quinquagesimo
2109 1982 2219 2012 octavo
2233 1978 2273 2010 ¹⁰:

1318 2050 1332 2064 «
1351 2036 1450 2069 Nolite
1473 2035 1614 2068 ieiunare
1637 2034 1719 2067 sicut
1742 2043 1844 2076 usque
1867 2033 1906 2066 ad
1931 2033 2012 2066 hanc
2035 2033 2135 2071 diem,
2160 2035 2196 2065 ut
2219 2041 2276 2065 au-

1312 2090 1419 2123 diatur
1443 2089 1474 2121 in
1509 2088 1636 2121 excelso
1668 2088 1786 2120 clamor
1822 2091 1935 2120 vester.
1973 2086 2120 2129 Nunquid
2145 2086 2205 2118 tale
2229 2089 2276 2118 est

1314 2142 1482 2180 ieiunium,
1507 2141 1591 2183 quod
1616 2140 1719 2182 elegi?
1743 2140 1804 2173 Hoc
1827 2140 1911 2172 enim
1928 2144 1975 2173 est
1999 2139 2167 2177 ieiunium,
2191 2137 2277 2180 quod

1314 2196 1416 2238 elegi?
1440 2195 1581 2228 Dissolve
1604 2193 1818 2236 colligationes
1853 2187 2021 2235 impietatis
2038 2206 2053 2221 ι)
2082 2195 2160 2231 etc.;
2185 2195 2216 2225 et
2238 2191 2277 2224 ad

1315 2250 1469 2282 Romanos
1499 2247 1620 2280 decimo
1652 2250 1784 2289 quarto:
1814 2259 1829 2274 α
1848 2246 1874 2279 ls
1905 2246 1960 2288 qui
1992 2255 2054 2278 non
2090 2245 2277 2284 manducat,

1315 2302 1556 2335 manducantem
1581 2310 1643 2333 non
1667 2303 1843 2343 spernat»,
1867 2299 1956 2342 quia,
1974 2299 2055 2332 sicut
2072 2299 2186 2332 ibidem
2203 2298 2278 2331 sub-

1314 2356 1419 2393 ditur,
1450 2368 1465 2383 «
1482 2363 1615 2396 regnum
1640 2353 1694 2386 Dei
1720 2362 1781 2386 non
1804 2357 1852 2386 est
1875 2362 1947 2386 esca
1969 2356 2001 2385 et
2024 2356 2118 2394 potus
2134 2365 2164 2384 n.

1405 2410 1457 2441 81.
1484 2407 1585 2449 (Vers.
1611 2407 1688 2448 34.)-
1713 2407 1856 2440 seeundo
1891 2416 1967 2440 vero
2001 2406 2215 2440 introducitur
2244 2409 2279 2439 ut
2296 2406 2444 2456 S‘ggfflgffegss

1316 2462 1509 2496 conveniens
1534 2461 1728 2504 beniynitati
1750 2461 1884 2493 diuinae
1904 2460 2115 2503 prae-sentiae
2132 2460 2162 2493 in
2178 2460 2278 2493 disso-

1318 2517 1436 2549 lutione
1459 2516 1674 2553 obiectorum,
1699 2524 1770 2548 cum
1795 2515 1929 2548 dicitur:
1956 2514 2084 2556 Quibus
2112 2514 2180 2557 ipse
2210 2514 2278 2547 ait:

2315 2461 2401 2482 divinae
2409 2460 2445 2481 bo-

2315 2487 2421 2515 nignitati.

366 2681 374 2696 ¹
396 2682 471 2707 Vcrs.
491 2680 520 2711 5,
541 2683 600 2711 post
619 2686 698 2712 quem
719 2678 766 2709 61,
788 2678 811 2702 i.
831 2680 855 2702 et
876 2677 930 2702 Act.
951 2677 997 2708 lt),
1017 2677 1058 2701 38.

366 2725 376 2740 ²
398 2726 501 2751 Scilicet
520 2723 709 2750 interlinearis.
728 2737 763 2742 -
783 2722 911 2747 Sententia
939 2721 1025 2747 Bedae
1051 2720 1161 2746 habetur
1185 2722 1211 2746 ll.
1231 2721 1256 2746 in

297 2773 360 2797 Luc.
379 2772 410 2803 5,
430 2771 477 2800 32;
499 2770 524 2794 in
543 2769 600 2800 ipsa
615 2768 740 2800 allegatur
760 2768 835 2792 Rom.
856 2767 901 2797 ⁴0,
922 2767 947 2791 3.
960 2766 1010 2792 Csr.
1032 2765 1165 2797 Ambros.‚
1185 2765 1216 2790 V.
1231 2766 1256 2790 in

297 2818 358 2851 Luc.
378 2824 404 2841 n.
423 2816 466 2841 21.
485 2822 540 2847 seq.
560 2827 595 2832 —
615 2813 743 2845 Superius
763 2819 809 2844 pro
829 2810 970 2845 aequitatis=
984 2817 1118 2844 supernae
1139 2811 1196 2835 Vnt.
1214 2817 1258 2836 ae-

297 2860 406 2895 quitatis
425 2859 574 2893 fraternae.

368 2903 378 2918 ³
398 2905 472 2930 Vers.
498 2904 539 2928 39.
562 2916 594 2920 -—
613 2902 671 2927 Duo
695 2908 770 2933 seqq.
789 2901 838 2926 loci
857 2903 918 2926 sunt
939 2900 1013 2925 Rom.
1034 2901 1063 2929 3,
1089 2900 1127 2924 10.
1154 2899 1195 2924 ⁴2.
1218 2899 1258 2931 (ex

299 2951 338 2975 Ps.
362 2950 400 2980 13,
421 2949 456 2980 3.)
476 2951 502 2973 et
524 2948 566 2973 23.

368 2992 378 3007 ⁴
400 2994 474 3019 Vers.
495 2992 540 3023 47,
561 2995 620 3023 post
639 2998 718 3024 quem
739 2990 795 3016 lsai.
816 2991 864 3020 22,
885 2990 927 3015 42,
1228 3004 1232 3008 «

368 3037 379 3052 ⁶
401 3038 475 3063 Vers.
495 3037 537 3062 20.
558 3051 591 3054 —
611 3035 734 3068 Sequitur
753 3035 815 3060 Luc.
834 3035 859 3065 7,
879 3035 920 3059 29.
940 3041 995 3067 seq.
1008 3047 1043 3053 —-
1056 3034 1121 3059 lutra
1143 3040 1191 3065 pro
1210 3033 1259 3059 liu-

299 3083 374 3109 mites
392 3084 545 3116 peccatores
566 3081 624 3106 Vat.
643 3081 796 3114 peccatores
816 3085 898 3112 quam
916 3078 1039 3112 plurimi.

370 3126 381 3141 ⁶
400 3127 464 3153 Cod.
485 3127 506 3152 D
526 3127 568 3152 hic
586 3129 612 3151 et
631 3125 696 3150 infra
717 3131 742 3149 n.
764 3125 804 3149 83,
824 3123 940 3150 ruditati
957 3123 1091 3157 antiquae.

369 3170 379 3185 ⁷
401 3173 511 3203 Vulgata
538 3170 633 3197 omittit
658 3171 763 3200 autem,
790 3169 903 3194 nonnulli
923 3169 1013 3200 codd,
1041 3172 1068 3194 ut
1090 3168 1154 3199 CD,
1174 3169 1207 3194 et.
1226 3181 1260 3185 —

301 3217 430 3243 sententia
452 3217 560 3247 August.
581 3215 692 3241 habetur
718 3215 743 3239 ΙΙ.
770 3214 803 3239 dc
826 3213 958 3239 Consensu
989 3213 1144 3245 Evangelist.
1170 3219 1194 3238 c.
1218 3211 1261 3237 27.

301 3269 324 3286 n.
345 3262 391 3286 622
415 3271 426 3283 a
441 3261 516 3291 ltem,
536 3260 608 3293 quod
622 3259 685 3285 dicit
705 3259 847 3284 Matthaeus
861 3257 904 3291 [9,
920 3258 985 3291 Μ.];
1003 3258 1077 3284 Tunc
1090 3256 1262 3283 accesserunt

300 3304 337 3331 ad
355 3312 416 3331 eum
439 3304 566 3338 discipuli
589 3302 712 3335 loannis,
738 3302 866 3329 dicentes:
889 3302 980 3334 Quare
1004 3308 1053 3328 nos
1072 3303 1097 3328 et
1121 3299 1263 3328 Pharisaei

301 3348 453 3376 ieiunamus
471 3349 644 3382 frequenter?
658 3348 759 3373 Marcus
778 3346 821 3380 [2,
837 3346 889 3380 =l8.]
910 3346 1027 3372 similiter
1041 3345 1137 3377 intulit,
1157 3345 1261 3371 dicens:

303 3393 335 3419 Et
353 3395 432 3419 erant
450 3392 576 3426 discipuli
594 3391 704 3419 loannis
723 3393 747 3418 et
773 3390 914 3417 Pharisaei
932 3390 1080 3417 ieiitnantes
1101 3391 1126 3416 et
1151 3388 1263 3416 venium

302 3439 327 3464 et
345 3437 439 3464 dicunt
452 3436 506 3463 itti:
521 3436 576 3463 Cur
595 3435 722 3470 dis-cipuli
735 3435 843 3462 loannis
856 3437 880 3461 et
894 3435 1106 3461 Pharisaeorum
1127 3433 1261 3463 ieiunant,

1320 2675 1361 2701 tui
1378 2677 1468 2701 aulem
1488 2673 1613 2707 discipuli
1631 2680 1685 2699 non
1705 2673 1844 2699 ieiunant?
1862 2672 1911 2698 nisi
1930 2672 2003 2706 quod
2025 2672 2072 2697 iste
2090 2671 2177 2704 putari
2196 2674 2282 2703 potest

1320 2719 1454 2745 addidisse
1482 2719 1648 2748 Pharisaeos,
1667 2718 1739 2751 quod
1761 2717 1839 2743 simul
1861 2724 1922 2742 cuin
1950 2716 2086 2748 discipulis
2106 2715 2207 2741 loannis
2232 2715 2282 2740 hoc

1321 2764 1443 2794 dixerint,
1464 2770 1525 2789 cuin
1545 2763 1689 2788 Matthaeus
1708 2765 1808 2794 tantum
1828 2761 1973 2793 discipulos
1992 2759 2093 2786 loannis
2112 2761 2162 2786 hoc
2187 2759 2283 2785 dixisse

1322 2807 1467 2840 perhibeat.
1487 2807 1537 2833 Sed
1557 2806 1639 2832 verba
1660 2807 1729 2839 ipsa,
1749 2813 1818 2839 quae
1837 2806 1895 2831 illos
1914 2805 2009 2831 dixisse
2027 2804 2099 2836 apud
2119 2804 2233 2830 Marcum
2251 2804 2284 2829 le-

1322 2853 1400 2884 gitur,
1414 2852 1498 2884 magis
1513 2852 1641 2883 induant,
1654 2851 1719 2877 alios
1733 2853 1782 2876 hoc
1801 2850 1898 2876 dixisse
1916 2850 1950 2875 de
1962 2849 2031 2879 aliis,
2051 2849 2077 2875 id
2090 2851 2130 2874 est
2148 2848 2284 2879 convivas,

1322 2897 1366 2930 qui
1387 2896 1496 2922 aderant
1509 2906 1521 2919 π
1544 2899 1593 2922 etc.
1607 2896 1632 2921 ln
1646 2895 1697 2921 tine
1717 2895 1764 2920 aitz
1787 2905 1800 2918 α
1813 2895 1911 2921 Omnes
1924 2893 1984 2927 [qui
1998 2893 2119 2924 aderant,
2137 2892 2193 2919 scil.
2210 2892 2285 2918 disci-

1323 2942 1377 2974 puli
1397 2941 1497 2967 loannis
1516 2944 1541 2966 et
1560 2940 1638 2966 ceteri
1662 2939 1802 2973 convivae]
1820 2939 1953 2969 certatim,
1982 2941 2010 2964 ut
2033 2938 2146 2971 quisque
2170 2940 2284 2969 poterat,

1323 2988 1372 3012 linc
1391 2986 1556 3017 obiecerunt;
1576 2993 1690 3019 quorum
1710 2985 1837 3011 sententia
1856 2984 1962 3009 diverso
1982 2982 2106 3016 loquendi
2125 2982 2218 3013 modo,
2238 2981 2285 3007 sed

1324 3034 1410 3056 tamen
1439 3037 1453 3055 a
1479 3030 1588 3055 ieritate
1612 3037 1665 3055 non
1690 3029 1786 3060 alieno,
1812 3035 1826 3053 a
1851 3027 1938 3058 tribus,
1959 3026 2131 3058 Evangelistis
2156 3026 2285 3051 insinuata

1323 3079 1362 3101 est
1375 3085 1399 3100 n.
1419 3075 1508 3100 ‹ilossa
1527 3073 1668 3101 ordinaria
1689 3073 1847 3106 (secundum
1868 3073 1977 3105 Bedam)
1991 3072 2017 3097 in
2037 3072 2099 3097 Luc.
2113 3071 2143 3103 5,
2163 3072 2210 3096 33:
2224 3071 2308 3096 Mat-*¹

1324 3121 1416 3144 thaeus
1434 3119 1510 3151 dicit,
1524 3119 1596 3151 ipsos
1609 3118 1753 3150 discipulos
1766 3119 1816 3143 hoe
1835 3116 1979 3150 quaesisse.
1994 3115 2045 3141 sed
2058 3115 2210 3147 sciendum,
2224 3114 2285 3148 quia

1325 3164 1429 3197 utrique
1454 3164 1632 3196 quaesierunt.
1654 3177 1687 3181 -—
1707 3162 1835 3195 Superius
1860 3169 1908 3194 pro
1932 3162 1964 3187 ut
1987 3159 2130 3197 dissonans
2150 3158 2231 3185 ACG
2257 3160 2288 3185 ut

1324 3208 1490 3235 dissentiens.
2005 3222 2007 3224 -

1395 3251 1406 3266 ⁸
1427 3253 1500 3279 Vers.
1521 3253 1543 3278 4.
1563 3265 1599 3271 —
1618 3252 1727 3277 interius
1752 3258 1801 3283 pro
1821 3250 1885 3285 quia
1904 3251 1925 3276 ll
1950 3251 1993 3281 ut,
2013 3252 2038 3275 et
2057 3251 2118 3281 post
2135 3247 2182 3275 sed
2206 3246 2288 3273 ACD

1324 3298 1447 3324 omittunt
1462 3299 1498 3324 ut.
2011 3291 2023 3308 ⁹
2044 3294 2118 3320 Vers.
2140 3293 2182 3318 18.
2200 3295 2226 3318 et
2245 3291 2287 3316 49.

1397 3340 1419 3356 ¹⁰
1439 3342 1514 3367 Vers.
1528 3341 1581 3368 4-6.
1596 3341 1708 3373 Vulgata
1728 3341 1788 3366 hinc
1801 3339 1862 3366 inde
1882 3340 1957 3371 plura
1970 3338 2100 3364 interserit
2118 3340 2144 3363 et
2158 3337 2236 3362 linem
2250 3335 2288 3362 sic

1325 3386 1444 3413 exhibet:
1465 3385 1560 3413 Nonne
1584 3385 1633 3412 hoc
1651 3386 1690 3412 est
1715 3384 1803 3418 magns
1822 3382 1970 3414 ieiunium,
1989 3381 2062 3416 quod
2083 3380 2171 3415 eteyi?
2191 3378 2288 3407 Dissol-

1327 3439 1356 3458 νε
1374 3435 1423 3457 etc.
1443 3444 1478 3450 —
1498 3430 1615 3456 Subinde
1634 3430 1778 3461 allegantur
1798 3429 1874 3454 Rom.
1895 3427 1942 3457 tt,
1963 3427 1986 3452 3.
2007 3429 2033 3452 et
2052 3425 2094 3451 ⁴7.
