2476 3921
169 1095 275 1116 Secundo.

133 1467 206 1488 Virtus
220 1468 277 1493 apta.

133 1944 208 1965 Virtus
216 1949 285 1971 prom-

187 1972 232 1997 pta.

202 2263 281 2284 Tertio.

295 256 357 290 124

293 345 322 376 in
341 353 403 386 qua
420 342 579 376 habitabat
596 341 698 373 tribus
715 340 806 378 Iuda,
823 340 873 372 cui
891 340 1066 381 promissus
1078 342 1146 372 erat
1161 339 1251 371 Chri-

293 400 377 435 stus,
403 396 575 429 secundum
600 395 675 427 illud
702 394 811 426 Psalmi
827 395 858 425 ¹:
881 406 896 421 (ι
914 393 950 425 Et
967 393 1084 426 tribum
1103 392 1251 434 Ephraim

294 459 355 481 non
379 448 487 490 elegit,
512 447 566 480 sed
589 447 682 489 elegit
700 446 817 480 tribum
835 446 910 480 Iuda
926 459 956 477 ».
976 465 1015 469 —
1033 445 1144 487 Tangit
1160 448 1191 477 et
1207 444 1252 476 ei-

292 502 424 534 vitatem
456 502 583 543 reyiam
609 500 640 532 in
664 499 866 538 Jerusalem,
890 498 946 531 ubi
969 498 1108 530 maxime
1132 497 1254 530 habita-

292 555 368 587 bant
390 555 551 593 doctores,
576 553 750 587 secundum
774 552 852 585 illud
877 552 972 585 Isaiae
995 551 1154 584 secundo:
1177 563 1192 579 α
1209 551 1254 583 De

294 609 365 641 Sion
389 608 489 641 exibit
513 608 583 646 leX,
615 611 646 639 et
669 606 803 640 verbum
826 605 950 639 Domini
973 605 1012 637 de
1037 604 1205 637 Ierusalem
1222 617 1252 634 n.

294 680 335 685 —
360 662 396 694 Et
419 662 578 703 signanter
603 661 680 693 haec
705 660 765 692 tria
788 659 945 697 nominat,
969 658 1044 700 quia
1067 658 1098 690 in
1120 657 1255 689 Galilaea

293 715 438 747 Christus
461 715 666 757 coneipitur,
691 714 773 746 sicut
789 722 888 754 supra
911 712 1061 754 primo²;
1087 711 1118 743 in
1143 710 1255 743 Iudaea

293 769 467 807 nascitur,
489 768 571 800 sicut
586 771 684 809 supra
701 766 855 805 secund0;
873 765 927 799 sed
943 766 975 798 in
992 765 1160 798 Ierusalem
1177 774 1254 796 cru-

294 821 461 864 eifiyitur,
487 821 567 854 sicut
591 821 673 853 infra
695 819 845 862 vigesimo
869 819 971 851 tertio.
991 818 1026 850 Et
1041 818 1110 851 ideo
1134 818 1256 856 habita-

295 875 417 907 toribus
441 875 557 906 horum
581 874 679 906 trium
704 873 845 905 locorum
869 875 938 904 erat
961 871 1106 903 Christus
1122 870 1255 912 promis-

295 937 349 960 sus
360 954 367 966 ,
391 931 422 960 et
445 928 503 969 ipsi
525 936 599 966 eum
615 926 858 968 exspectabant,
875 928 906 958 et
922 925 991 957 ideo
1006 924 1044 957 ad
1062 925 1165 966 ipsum
1182 933 1255 956 con-

295 981 471 1013 veniebant.

384 1034 436 1065 43.
463 1033 605 1066 Secundo
629 1042 704 1065 vero
727 1032 765 1064 ad
789 1031 997 1064 denotandam
1019 1030 1255 1072 promptitudi—

294 1097 368 1119 nem
392 1086 527 1118 virtutis
552 1085 722 1117 liberantis
745 1084 908 1126 adiungit:
935 1085 973 1116 Ει
993 1084 1104 1116 virtus
1124 1083 1256 1115 Domini

295 1145 401 1177 erat„
418 1139 536 1172 scilicet
566 1140 728 1180 prompta,
753 1138 798 1170 ad
821 1137 1015 1170 sanandum
1041 1146 1113 1175 eoa,
1138 1136 1256 1169 scilicet

295 1192 455 1230 infirmos,
479 1191 555 1233 quia
577 1191 635 1233 ipsi
660 1194 750 1223 erant
773 1190 909 1232 prompti
934 1189 972 1222 ad
988 1189 1189 1222 audiendum.
1211 1189 1256 1221 De

295 1254 359 1286 qua
382 1245 499 1277 virtute
531 1244 569 1276 ad
600 1244 755 1276 Hebraeos
780 1243 928 1285 primo3:
958 1256 974 1271 (ι
991 1243 1121 1275 Portans
1152 1242 1256 1274 omnia

296 1298 393 1330 verbo
416 1298 543 1330 virtutis
567 1306 642 1330 suae
658 1309 689 1336 »;
714 1306 795 1339 quae
819 1297 946 1339 quidem
970 1296 1080 1329 virtus
1103 1299 1150 1328 est
1166 1295 1256 1328 Chri-

296 1355 381 1390 stus,
406 1352 460 1394 qui
484 1354 532 1384 est
555 1351 693 1384 Verbum
719 1351 834 1389 Patris;
858 1350 979 1392 primae
1009 1350 1047 1382 ad
1078 1349 1257 1382 Corinthios

297 1406 419 1447 primo:
449 1418 463 1433 «
481 1405 640 1438 Christum
666 1404 801 1437 dicimus
824 1404 879 1437 Dei
904 1404 1054 1436 virtutem
1078 1406 1109 1435 et
1132 1402 1185 1435 Dei
1208 1411 1256 1435 sa-

296 1458 491 1501 pientiam».
525 1458 560 1490 Et
592 1458 668 1490 haec
693 1457 800 1490 virtus
824 1460 906 1499 apta
929 1460 976 1489 est
1000 1456 1038 1488 ad
1062 1455 1256 1494 sanandum,

296 1521 358 1545 non
383 1512 421 1544 ad
445 1512 660 1553 perdendum3
690 1514 721 1543 et
745 1511 813 1543 ideo
837 1519 951 1543 nomen
982 1510 1050 1542 eius
1073 1513 1121 1542 est
1147 1510 1256 1547 Iesus,

297 1566 329 1598 id
352 1569 399 1599 est
423 1566 563 1598 Salvator
576 1565 599 1596 4.
618 1564 703 1597 Unde
719 1564 824 1596 anima
840 1566 947 1596 sancta
962 1563 994 1595 in
1012 1563 1149 1595 Psalmo:
1169 1576 1184 1591 «
1197 1562 1257 1594 Do-

296 1619 380 1651 mine
411 1619 513 1657 Deus,
545 1618 647 1650 virtus
679 1616 788 1649 salutis
812 1625 916 1654 meae,
940 1615 1136 1648 obumbrasti
1162 1623 1258 1656 super

297 1675 392 1714 caput
416 1680 521 1704 meum
546 1671 577 1703 in
602 1670 651 1703 die
675 1670 748 1702 belli
765 1683 780 1698 »
809 1673 867 1701 etc.
894 1669 929 1701 Et
952 1669 1021 1701 ideo
1045 1669 1179 1701 Actuum
1203 1667 1258 1700 de-

298 1725 378 1758 cimo
393 1737 399 1756 ε
430 1737 445 1753 «
462 1724 558 1757 Unxit
581 1732 654 1756 eum
678 1723 763 1755 Deus
787 1722 904 1764 Spiritu
921 1726 1029 1754 sancto
1045 1725 1076 1754 et
1093 1721 1211 1754 virtute
1227 1734 1259 1759 »,

297 1779 329 1812 id
352 1782 399 1811 est
430 1778 548 1810 virtute
579 1776 714 1819 Spiritus
742 1775 859 1814 sancti,
889 1788 904 1803 «
921 1774 975 1816 qui
999 1774 1183 1817 pertransiit
1206 1774 1259 1807 be-

298 1831 478 1865 nefaciendo
509 1834 540 1864 et
572 1829 709 1863 sanando
732 1838 841 1862 omnes
864 1837 1031 1870 oppressos
1048 1841 1062 1857 >›
1091 1828 1174 1861 Hanc
1197 1828 1260 1860 vir-

299 1889 397 1919 tutem
413 1888 605 1927 promptam
622 1883 724 1916 reddit
739 1883 817 1916 fides
841 1882 1055 1921 credentium3
1080 1882 1164 1914 unde
1180 1882 1262 1914 infra

299 1938 436 1971 sext05:
467 1950 482 1965 c<
498 1937 733 1974 Convenerant,
758 1938 795 1968 ut
827 1935 973 1968 audirent
1004 1943 1076 1967 eum
1095 1946 1125 1973 »;
1155 1947 1169 1962 α
1187 1934 1262 1976 quia

298 1992 401 2025 virtus
423 1992 462 2024 de
486 1991 539 2023 illo
562 1990 670 2023 exibat
693 1992 724 2022 et
747 1989 876 2022 sanabat
907 1997 1016 2021 omnes
1031 2000 1062 2027 »;
1092 1988 1146 2021 sed
1170 1997 1261 2021 econ-

299 2050 348 2079 tra
371 2045 487 2078 dicitur
511 2044 549 2077 de
573 2044 698 2077 civitate
727 2052 785 2076 sua
816 2042 962 2075 Matthaei
994 2042 1116 2075 decimo
1147 2041 1261 2074 tertio:

303 2113 319 2128 a
336 2100 401 2132 Non
425 2098 498 2132 fecit
528 2098 570 2130 ibi
603 2097 737 2130 virtutes
760 2096 876 2129 multas
907 2099 1037 2138 propter
1061 2095 1262 2128 incredulita-

300 2157 361 2186 tem
386 2161 497 2185 eorum
514 2165 545 2183 ».

389 2206 441 2238 [ιίι.
460 2206 560 2247 (Vers.
582 2204 656 2245 18.).
674 2204 778 2236 Tertio
795 2212 870 2236 vero
886 2203 923 2236 ad
941 2202 1165 2236 ostendendam
1180 2211 1262 2245 yra—

302 2260 447 2293 vedinem
471 2257 581 2290 morbi
603 2257 820 2299 opprimentis
835 2257 994 2299 adiungit:
1021 2257 1059 2289 Et
1083 2265 1170 2294 ecee,
1195 2255 1265 2288 viri

299 2316 471 2356 portantes
494 2312 530 2344 in
554 2311 631 2343 lecto
655 2309 837 2349 hominem,
861 2310 1009 2353 quierat
1028 2309 1262 2353 paralyticus;

302 2369 333 2399 et
350 2366 392 2398 ita
407 2359 534 2397 oinnino
546 2364 701 2406 impotens
712 2389 719 2402 ,
732 2363 807 2405 quia
819 2363 971 2405 paralysis
983 2363 1110 2395 omnino
1122 2362 1264 2395 dissolvit

303 2419 521 2453 membrorum
544 2417 713 2455 virtutem,
739 2417 821 2449 sicut
844 2416 959 2458 legitur
976 2416 1014 2449 de
1031 2416 1146 2448 Alcime
1169 2415 1263 2457 primi

302 2472 564 2505 Machabaeorum
595 2470 725 2502 nono⁶z
756 2482 771 2498 α
788 2469 958 2502 Occlusum
982 2472 1029 2502 est
1052 2478 1087 2502 os
1115 2469 1201 2508 eius,
1233 2472 1264 2501 et

303 2525 475 2558 dissolutus
505 2527 551 2557 est
582 2523 716 2565 paralysi
749 2532 807 2555 nec
839 2523 922 2555 ultra
950 2523 1052 2564 potuit
1076 2522 1162 2564 loqui
1193 2531 1264 2555 ver-

303 2579 381 2611 bum
398 2592 428 2610 ».
461 2578 570 2619 Magna
598 2585 672 2609 vere
704 2576 871 2608 infirmitas
901 2579 932 2608 et
955 2575 1150 2614 miseranda,
1183 2584 1264 2618 quae

304 2634 426 2664 motum
451 2630 531 2662 tollit
547 2633 578 2662 et
594 2629 737 2662 verbum.
765 2630 804 2661 Et
819 2629 854 2661 in
872 2628 948 2661 lecto
965 2629 1167 2670 portabatur,
1183 2638 1245 2661 non
1256 2654 1263 2667 ,

304 2685 451 2726 inquam,
475 2683 507 2715 in
532 2683 612 2715 lecto
635 2682 767 2724 quietis,
792 2682 846 2715 sed
878 2681 983 2723 potius
1014 2681 1130 2714 laboris
1157 2685 1188 2714 et
1211 2681 1265 2714 do-

304 2738 400 2776 loris;
433 2736 517 2769 unde
548 2739 670 2778 poterat
701 2735 739 2768 de
770 2744 807 2768 eo
830 2735 936 2767 orari:
967 2735 1150 2767 «Dominus
1173 2743 1264 2776 opem

305 2791 384 2824 serat
408 2790 451 2823 illi
476 2798 571 2831 super
605 2789 720 2822 lectum
744 2788 861 2821 doloris
884 2788 952 2821 eius
969 2801 984 2816 »
1013 2790 1072 2820 etc.
1098 2788 1266 2830 Propterea

893 251 1085 283 COMMENT.
1112 251 1148 283 IN
1174 250 1411 284 EVANGELIUM
1435 250 1552 283 LUCAE
1577 250 1607 282 C.
1633 250 1668 282 V.

1315 339 1559 372 misericorditer
1582 339 1716 381 agebant
1740 339 1817 377 viri,
1841 339 1896 381 qui
1920 347 1993 371 eum
2018 339 2203 381 portabant,
2228 349 2275 373 se-

1315 392 1455 425 cundum
1486 391 1712 424 documentum
1742 392 1878 434 Apostoli
1909 392 1948 424 ad
1978 392 2102 425 Galatas
2135 396 2227 426 sexto
2241 394 2274 426 ⁷:
2296 418 2299 420 v

1321 445 1437 485 «Alter
1467 445 1599 477 alterius
1629 453 1726 477 onera
1757 448 1880 487 portate
1896 456 1928 484 »;
1959 445 2043 478 unde
2078 448 2201 487 poterat
2232 447 2276 480 eis

1316 501 1494 540 competere
1524 497 1602 530 illud
1634 497 1838 530 Ecclesiastici
1869 497 2110 540 quadragesimo
2140 502 2275 540 quarto:

1321 565 1337 580 «
1354 552 1388 583 lli
1420 554 1495 584 sunt
1526 551 1584 583 viri
1614 551 1864 589 misericordiae,
1889 560 2027 593 quorum
2051 552 2183 594 pietates
2214 562 2275 586 non

1316 604 1485 637 defuerunt
1509 616 1539 643 »;
1572 607 1602 637 et
1633 604 1694 636 iam
1726 604 1908 637 verificatur
1939 605 1970 637 in
2000 605 2060 638 hoc
2087 605 2176 640 facto¹
2199 605 2277 638 illud

1318 658 1413 691 Isaiae
1437 657 1676 699 quadragesimo
1704 666 1807 690 nono:
1838 671 1853 686 «
1870 658 2005 691 Afferent
2035 658 2116 691 filios
2147 661 2218 691 tuos
2245 659 2277 692 in

1318 711 1402 744 ulnis
1425 714 1456 743 et
1478 710 1559 743 filias
1582 713 1652 743 tuas
1676 719 1772 752 super
1796 710 1947 743 humeros
1970 711 2188 753 portabunt».

1408 764 1460 797 45.
1486 764 1605 805 Quarto
1629 772 1704 796 vero
1727 763 1766 796 ad
1782 763 2001 796 insinuandam
2024 763 2277 797 sollicitudinem

1318 818 1396 860 fidei
1418 816 1582 862 offerentis
1606 816 1789 858 subiungit:
1824 817 1862 848 Et
1893 816 2096 860 quaerebant
2122 827 2197 850 eum
2228 817 2278 849 in-

1319 871 1409 914 ferre
1432 874 1461 903 et
1480 880 1602 912 ponere
1625 874 1702 902 ante
1724 865 1818 908 eum,
1842 873 1879 902 ut
1902 869 2020 902 scilicet
2040 878 2081 903 ex
2097 869 2166 903 eius
2188 879 2279 912 prae-

1320 924 1418 958 sentia
1448 926 1624 956 sanaretur.
1650 923 1736 955 Unde
1760 922 1906 955 volebant
1929 922 2061 964 implere
2084 923 2280 956 exhortatio-

1320 987 1391 1010 nem
1416 976 1528 1009 Psalmi
1541 976 1554 995 ὃ
1570 988 1575 1008 :
1603 989 1618 1004 α
1635 975 1783 1017 Quaerite
1799 975 1968 1008 Dominum
1985 978 2016 1008 et
2033 975 2278 1015 confirmamini;

1319 1030 1462 1073 quaerite
1493 1029 1604 1062 faciem
1628 1029 1696 1061 eius
1720 1037 1844 1070 semper
1860 1042 1890 1060 ».
1916 1029 1977 1061 Nec
2000 1028 2174 1068 immerito,
2206 1029 2280 1071 quia

1320 1085 1372 1117 Iob
1394 1084 1515 1117 decimo
1539 1083 1691 1124 septimo:
1722 1095 1738 1110 «
1754 1082 1865 1115 Libera
1889 1091 1956 1121 me,
1981 1082 2129 1120 Domine,
2153 1085 2184 1115 et
2200 1091 2280 1124 pone

1320 1146 1370 1170 me
1393 1136 1485 1169 iuxta
1507 1139 1555 1174 te,
1580 1138 1611 1168 et
1634 1134 1774 1167 cuiusvis
1794 1143 1907 1167 manus
1923 1137 2041 1176 pugnet
2057 1136 2167 1167 contra
2182 1143 2233 1167 me
2249 1147 2279 1166 υ.

1410 1190 1462 1222 46.
1488 1190 1589 1229 (Vers.
1618 1189 1692 1226 19.).
1719 1188 1754 1220 Et
1769 1188 1845 1230 quia
1860 1187 2023 1230 quaerenti
2041 1196 2097 1229 per
2113 1187 2207 1220 fidem
2223 1187 2281 1220 im-

1320 1244 1497 1286 pedimenta
1527 1242 1711 1284 frequenter
1738 1244 1930 1279 occurrunt,
1955 1240 2024 1273 ideo
2048 1240 2216 1276 subditur:
2242 1241 2283 1273 Et

1319 1307 1386 1330 non
1410 1296 1625 1333 invenientes,
1657 1305 1726 1338 qaa
1756 1298 1853 1337 parte
1883 1293 2048 1337 inferrent
2074 1294 2175 1327 eilm⁹
2197 1303 2282 1336 prae

2296 773 2384 800 Quarto.

1320 1350 1444 1388 Μινύα,-
1468 1358 1549 1392 quae
1573 1349 1651 1381 solet
1674 1347 1825 1390 impediee
1849 1347 2018 1380 adventum
2043 1347 2082 1380 ad
2106 1347 2441 1387 Christum,1mpedim0nu

1321 1404 1402 1437 sicut
1418 1403 1534 1436 dicitur
1551 1401 1697 1434 Matthaei
1714 1401 1864 1443 vigesimo
1880 1404 1911 1433 et
1928 1400 2009 1433 infra
2024 1400 2146 1433 decimo
2162 1403 2282 1440 octavo,

1321 1457 1406 1499 quod
1434 1469 1450 1485 «
1467 1455 1579 1488 turbae
1604 1454 1807 1496 increpabant
1830 1463 1958 1487 caecum
1971 1480 1978 1493 ,
2004 1458 2040 1486 ut
2056 1457 2175 1486 taceret
2191 1466 2221 1493 »;
2239 1453 2283 1487 sic

1321 1514 1352 1543 et
1376 1510 1546 1548 Zachaeus,
1570 1508 1651 1541 infra
1673 1508 1795 1541 decimo
1818 1517 1917 1546 nono,
1947 1520 1962 1536 α
1980 1507 2152 1550 quaerebat
2178 1507 2284 1541 videre

1322 1564 1441 1602 Iesum,
1474 1566 1505 1595 et
1535 1571 1598 1594 non
1630 1564 1753 1603 poterat
1784 1570 1859 1603 prae
1883 1560 1977 1593 turba
1994 1574 2024 1606 γ).
2050 1579 2092 1584 -
2116 1560 2176 1593 Sed
2199 1563 2284 1593 certe

1322 1625 1429 1649 veram
1454 1615 1547 1648 fidem
1571 1614 1793 1656 impedimenta
1815 1623 1877 1646 non
1901 1614 2088 1651 retrahunt,
2106 1613 2160 1646 sed
2175 1621 2285 1646 accen-

1321 1669 1422 1707 dunt;
1446 1668 1477 1700 in
1502 1668 1593 1701 cuius
1624 1667 1836 1700 testimonium
1861 1667 2029 1700 subditur:
2055 1666 2285 1699 Ascenderant

1322 1731 1431 1764 supra
1463 1724 1580 1753 tectam
1605 1724 1634 1752 et
1653 1730 1715 1762 per
1746 1719 1873 1762 teyulas
1895 1719 2124 1752 submiserunt
2150 1719 2285 1751 illam¹⁰

1324 1785 1400 1808 cum
1424 1774 1510 1807 lecto.
1535 1774 1584 1807 Sic
1608 1777 1639 1806 et
1663 1774 1823 1806 Zachaeus
1846 1773 1939 1812 fecit,
1963 1773 2045 1806 sicut
2067 1772 2184 1806 dicitur
2204 1771 2286 1805 infra

1324 1828 1445 1861 decimo
1468 1837 1567 1866 n0n0,
1592 1827 1677 1869 quod
1705 1839 1721 1856 α
1737 1827 1877 1860 ascendit
1908 1827 1939 1859 in
1970 1826 2116 1859 arborem
2145 1834 2287 1868 sycomo-

1326 1891 1416 1920 rum,
1449 1884 1485 1913 ut
1517 1881 1618 1913 Iesum
1650 1884 1866 1913 transeuntem
1890 1879 2059 1918 videret»,
2083 1888 2178 1922 quem
2210 1888 2286 1921 prae

1326 1934 1421 1967 turba
1437 1934 1544 1966 videre
1560 1943 1623 1966 non
1639 1936 1772 1975 poterat.
1789 1951 1831 1957 -
1850 1933 1977 1966 Talibus
1993 1932 2192 1965 adiutoribus
2206 1931 2286 1965 indi-

1326 1988 1417 2031 gebat
1447 1987 1499 2019 ille
1532 1986 1716 2028 languidus,
1753 1985 1808 2028 qui
1840 1985 1962 2019 dicebat
1996 1985 2118 2018 Ioannis
2153 1985 2284 2028 quinto:

1332 2055 1347 2070 «
1363 2041 1512 2079 Domine,
1537 2039 1695 2072 hominem
1720 2048 1782 2072 non
1807 2039 1924 2079 habeo,
1953 2039 2026 2081 qui,
2059 2048 2131 2072 cum
2161 2039 2287 2082 turbata

1327 2094 1423 2127 fuerit
1446 2103 1546 2135 aqua,
1578 2096 1673 2135 ponat
1701 2101 1751 2125 me
1774 2092 1806 2125 in
1830 2092 1981 2134 piscinam
1998 2106 2028 2124 ».
2053 2093 2143 2125 Tales
2165 2092 2287 2125 adiuto-

1327 2156 1379 2181 res
1413 2150 1488 2180 sunt
1522 2145 1582 2178 viri
1616 2145 1799 2187 simplices,
1832 2145 2005 2178 secundum
2037 2145 2122 2188 quod
2153 2145 2286 2178 Actuum

1327 2209 1410 2233 nono
1424 2201 1449 2219 ¹1
1472 2199 1588 2232 dicitur
1603 2211 1610 2230 :
1634 2211 1649 2227 «
1665 2197 1857 2240 Accipientes
1871 2197 2016 2240 discipuli
2033 2198 2164 2230 Paulum
2180 2201 2285 2236 nocte,

1327 2263 1383 2296 per
1401 2262 1529 2286 murum
1547 2251 1735 2285 dimiserunt
1750 2260 1842 2290 eum,
1859 2251 2080 2284 submittentes
2091 2251 2123 2284 in
2136 2254 2243 2293 sporta
2255 2263 2285 2283 ».

1327 2308 1417 2340 Tales
1439 2310 1514 2340 sunt
1537 2306 1595 2338 viri
1620 2304 1834 2348 spirituales,
1858 2304 1911 2347 qui
1930 2304 2072 2338 infirmos
2093 2313 2149 2346 per
2172 2304 2287 2338 oratio-

1327 2370 1398 2394 nem
1432 2359 1555 2393 Domini
1587 2359 1768 2401 conspectui
1799 2361 2056 2400 repraesentant;
2086 2358 2286 2391 Threnorum

1327 2414 1484 2448 secundo:
1516 2427 1531 2442 ε(
1549 2413 1678 2446 Effunde
1702 2412 1783 2445 sicut
1806 2420 1921 2454 aquam
1945 2420 1999 2444 cor
2016 2414 2106 2444 tuum
2127 2414 2199 2444 ante
2214 2420 2288 2444 con-

1328 2471 1470 2511 spectum
1495 2467 1618 2500 Domini
1642 2467 1697 2500 Dei
1722 2466 1777 2499 tui.
1803 2467 1884 2499 Leva
1907 2474 2019 2498 manus
2048 2468 2118 2498 tuas
2141 2474 2199 2507 pro
2221 2465 2288 2497 ani-

1328 2521 1440 2554 mabus
1468 2521 1694 2562 parvulorum,
1726 2520 1781 2563 qui
1809 2519 1992 2552 defecerunt
2020 2518 2100 2551 fame
2132 2518 2164 2551 in
2187 2518 2288 2560 capite

1328 2574 1469 2607 omnium
1493 2573 1703 2615 compitorum
1720 2586 1750 2605 ».
1769 2573 1804 2605 Et
1820 2572 1889 2605 ideo
1913 2574 2195 2614 praesentaverunt
2214 2579 2288 2603 eum

1328 2626 1516 2669 conspectui
1538 2626 1679 2665 Domini,
1697 2629 1733 2659 ut
1748 2635 1822 2659 eum
1843 2626 1982 2664 videret,
1999 2628 2030 2658 et
2045 2624 2145 2663 situi,
2163 2627 2199 2657 ut
2215 2632 2288 2657 eum

1329 2683 1480 2722 tangeret.
1499 2699 1539 2703 ——
1558 2680 1593 2712 Et
1617 2683 1784 2721 propterea
1807 2679 1971 2712 subditur:
1996 2679 2036 2711 In
2051 2678 2197 2711 medium
2213 2681 2289 2710 ante

1329 2734 1458 2771 Iesum,
1482 2732 1557 2775 quia
1580 2732 1720 2765 Salvator
1745 2741 1868 2774 semper
1892 2731 2030 2764 medium
2047 2731 2188 2773 quaerit;
2205 2729 2288 2763 unde

1331 2786 1451 2819 Ioannis
1474 2786 1636 2828 prim012:
1667 2798 1682 2814 α
1699 2785 1817 2818 Medius
1845 2788 1986 2817 vestrum
2012 2784 2097 2817 stetit
2112 2795 2144 2822 »;
2161 2787 2192 2816 et
2208 2783 2289 2816 infra

377 2936 385 2951 ¹
407 2937 500 2962 Psalm.
518 2935 568 2966 77,
588 2936 630 2961 67.
651 2950 684 2953 —
704 2936 820 2962 Subinde
839 2937 964 2968 allegatur
985 2936 1039 2962 lsai.
1066 2937 1095 2968 2,
1115 2936 1139 2961 3.

377 2979 387 2994 ²
408 2981 483 3006 Vers.
502 2980 550 3011 26,
571 2982 629 3011 post
648 2987 729 3012 quem
748 2981 780 3011 2,
801 2980 823 3005 4.
843 2983 869 3005 et
887 2980 935 3011 23,
956 2980 997 3005 33.

377 3022 388 3038 ⁸
408 3023 483 3049 Vers.
501 3024 526 3048 3.
545 3036 581 3042 —-
600 3024 723 3056 Sequitur
743 3024 759 3049 Ι.
779 3022 837 3049 Cor.
861 3024 882 3054 1,
902 3024 944 3049 24.

377 3066 389 3082 ⁴
407 3067 457 3094 Cfr.
477 3074 557 3099 supra
576 3074 637 3099 pag.
656 3067 703 3099 87,
723 3070 783 3092 nota
803 3068 827 3092 9.
845 3080 881 3086 —
901 3067 957 3092 Duo
976 3074 1050 3100 seqq.
1076 3067 1126 3093 loci
1144 3069 1205 3092 sunt
1223 3067 1263 3092 Ps.

309 3113 373 3143 139,
394 3112 418 3137 8.
438 3115 464 3137 et
482 3112 536 3137 Act.
558 3112 604 3142 10,
625 3112 667 3137 38.
687 3125 722 3131 -
741 3111 868 3143 Superius
897 3118 945 3143 pro
968 3113 1033 3145 apta
1051 3113 1089 3138 est
1108 3111 1156 3136 BF
1171 3117 1267 3144 prom-

305 3158 353 3190 pta
372 3157 418 3182 est.

378 3199 389 3214 ⁶
408 3201 484 3227 Vers.
503 3201 544 3226 18.
565 3203 590 3226 et
611 3200 652 3226 19.
670 3213 705 3219 -
725 3199 842 3226 Subinde
861 3200 987 3231 allegatur
1007 3200 1094 3225 Matth.
1109 3199 1156 3229 13,
1170 3199 1213 3225 58.
1232 3213 1267 3217 -

309 3244 417 3269 Inferius
435 3251 484 3276 pro
504 3243 535 3270 de
553 3243 659 3270 civitate
678 3250 731 3270 sua
750 3242 799 3269 AC
811 3243 890 3269 DFG
912 3242 938 3269 in
959 3242 1064 3270 civitate
1082 3249 1149 3275 sua,
1165 3242 1212 3268 sed
1231 3242 1267 3268 in-

309 3295 425 3320 congrue
445 3288 465 3313 si
485 3288 610 3314 ret‘metur
630 3287 790 3314 vocabulum
810 3286 854 3313 ibi.

380 3331 390 3346 ⁶
410 3333 484 3358 Vers.
503 3332 546 3358 55.
564 3346 600 3352 —
618 3332 740 3365 Sequitur
760 3332 805 3364 Ps,
820 3332 869 3363 40,
891 3331 914 3357 4.

381 3374 390 3389 ⁷
412 3377 488 3410 Vers2¹
505 3378 529 3402 9..
551 3391 582 3394 —
604 3376 659 3402 Duo
678 3383 753 3409 seqq.
780 3376 828 3402 loci
855 3380 914 3402 sunt
933 3376 1009 3402 Eccli.
1031 3376 1079 3408 44,
1100 3366 1140 3401 10.
1161 3378 1186 3402 et
1211 3375 1266 3401 lsai.

312 3421 360 3452 49,
381 3422 421 3446 22.

1401 2932 1411 2947 Β
1432 2934 1525 2959 Psalm.
1548 2932 1613 2963 104,
1634 2932 1663 2964 t,
1684 2934 1743 2964 post
1761 2939 1841 2965 quem
1861 2931 1905 2957 lob
1927 2931 1972 2962 17,
1993 2931 2017 2956 3.
2040 2945 2073 2949 -
2094 2930 2220 2962 Superius
2240 2937 2288 2962 pro

1329 2977 1391 3013 fidei
1408 2977 1543 3012 offerentis·
1564 2976 1620 3009 (cfr.
1636 2983 1720 3009 ¹supra
1737 2983 1763 3002 n.
1785 2975 1836 3008 40.)
1858 2976 1916 3001 Vat.
1934 2974 1998 3010 fidei
2015 2974 2194 3009 offerentium.

1400 3020 1412 3036 ⁹
1423 3023 1535 3054 Vulgata
1546 3021 1625 3048 illum
1635 3021 1773 3054 inferrent.
1781 3020 1941 3046 —Subinde
1950 3020 2094 3051 allegantur
2101 3020 2187 3045 Matth.
2196 3021 2238 3051 20,
2246 3020 2273 3045 31
2282 3028 2287 3053 ;

1330 3067 1391 3092 Luc.
1409 3066 1460 3102 18,
1481 3066 1524 3091 39.
1542 3068 1567 3091 et
1587 3066 1635 3096 19,
1655 3066 1680 3090 3.
1699 3079 1734 3084 -
1754 3064 1863 3090 Interius
1876 3071 1925 3095 pro
1941 3063 2087 3090 adventum
2105 3064 2124 3088 E
2142 3070 2287 3090 accessum.

1403 3108 1424 3125 ¹⁰
1445 3110 1555 3142 Vulgata
1575 3116 1645 3135 eum.
1664 3122 1698 3127 —
1719 3109 1775 3134 Duo
1795 3114 1868 3140 seqq.
1888 3107 1937 3133 loci
1962 3110 2020 3133 sunt
2048 3107 2112 3133 Luc.
2141 3107 2188 3138 19,
2215 3107 2238 3133 4.
2264 3110 2289 3133 et

1331 3154 1400 3179 ioan.
1419 3153 1449 3186 5,
1469 3153 1494 3179 7.

1402 3197 1423 3215 ¹¹
1446 3198 1519 3224 Vers.
1539 3198 1582 3223 25.
1595 3211 1630 3217 —
1644 3197 1766 3230 Sequitur
1786 3196 1882 3222 Thren.
1901 3196 1932 3226 2,
1948 3195 1989 3221 19.
2003 3195 2052 3222 Csr.
2067 3195 2203 3228 Ambros.,
2217 3196 2248 3221 V.
2263 3195 2288 3221 in

1331 3243 1392 3269 Luc.
1422 3250 1447 3269 n.
1476 3243 1515 3268 10.
1535 3256 1570 3262 -
1589 3241 1697 3268 interius
1726 3247 1774 3273 pro
1803 3239 1912 3266 Domini
1938 3239 2092 3274 conspectui
2119 3240 2170 3266 ΕΗ
2198 3239 2288 3266 divino

1331 3286 1491 3320 conspectui.

1402 3330 1424 3346 ¹⁹
1444 3331 1518 3357 Vers.
1538 3332 1584 3363 26,
1605 3333 1663 3363 post
1681 3337 1761 3363 quem
1781 3330 1842 3356 Luc.
1862 3330 1909 3361 22,
1930 3329 1972 3355 27.
1997 3333 2022 3355 et
2047 3330 2087 3355 Ps.
2109 3328 2156 3359 47,
2177 3329 2218 3354 10.
2237 3328 2288 3355 Csr.

1331 3382 1411 3408 supra
1439 3382 1500 3408 pag.
1530 3375 1596 3406 104,
1626 3378 1685 3401 nota
1714 3375 1738 3400 3.
1758 3388 1793 3393 -
1812 3374 1938 3406 Superius
1962 3376 2022 3405 post
2040 3371 2195 3406 conspectui
2211 3372 2289 3398 codd.

1331 3420 1453 3446 omittunt
1471 3417 1586 3446 Domini.

2300 1382 2433 1405 removenda.

2314 1940 2426 1962 Adiutores

2303 1967 2438 1995 requiruntur

2298 1993 2405 2022 simplices
2418 1995 2438 2015 et

2304 2020 2432 2048 spirituales.
