2476 3921
744 215 938 249 COMMENT.
964 216 1000 249 ΙΝ
1025 216 1264 250 EVANGELIUM
1289 217 1406 250 LUCAE
1431 218 1462 251 C.
1487 219 1561 252 XIX.

166 314 223 348 per
246 304 370 338 divinae
401 304 521 347 gratiae
549 304 765 344 collationem,
797 313 879 346 quae
910 304 983 348 data
1013 307 1062 337 est
1092 304 1130 337 ad

18 336 20 387 1
165 358 281 391 Christi
305 358 534 400 praesentiam,
558 366 616 400 per
640 366 734 400 quam
759 357 923 390 dedicatur
947 357 1131 402 etjsanctifi-

18 391 19 439 i
165 415 257 445 catur
282 411 433 450 Ecclesia;
458 411 606 444 Glossa¹:
636 424 652 440 «
669 410 782 450 Salus,
807 419 888 453 quae
904 410 978 443 olim
1004 410 1132 443 ludaeo—

166 474 240 499 rum
262 464 392 498 domum
423 464 590 507 implebat,
624 464 717 497 hodie
740 464 858 506 populo
889 464 1031 506 gentium
1059 463 1131 496 illu-

166 518 214 552 xit
238 531 270 558 »,
305 518 480 551 secundum
508 517 587 551 illud
623 517 718 550 Isaiae
753 516 996 560 quadragesimo
1031 526 1131 549 nono:

170 584 186 601 α
202 572 316 605 Parum
334 575 396 611 est,
413 574 450 604 ut
466 571 509 604 sis
525 580 638 604 servus
654 579 745 604 meus
768 570 807 603 ad
824 570 926 603 faeces
947 570 1041 603 Israel
1058 579 1132 603 con-

165 625 342 659 vertendas.
376 625 452 658 Dedi
477 628 506 658 te
538 625 568 657 in
594 625 696 657 lucem
723 624 882 666 gentium,
911 626 948 656 ut
979 624 1022 656 sis
1046 623 1132 665 salus

165 689 236 713 mea
258 688 362 722 usque
392 679 432 712 ad
463 681 645 712 extremum
677 682 834 711 terrae».
861 678 896 710 Et
928 678 1006 711 haec
1036 677 1132 710 salus

13 707 15 768 Ι
164 733 299 766 debetur
324 731 573 775 praedestinatis.
598 750 643 755 —
666 731 737 764 Ideo
764 731 888 764 subdit:
916 732 960 763 Εο
984 731 1072 774 quod
1103 735 1133 763 et

165 787 234 830 ipse
269 786 313 819 sit
334 785 427 829 filias
463 784 647 825 Abrahae;
676 785 785 818 Glossa
802 785 832 817 ²:
863 798 878 814 α
903 785 1032 824 Filius,
1068 794 1131 818 non

12 833 13 882 l
165 848 278 879 carne,
303 839 358 873 sed
382 839 444 872 fide
460 851 495 879 »ς
520 839 558 872 ad
587 839 742 872 Romanos
773 847 874 871 nono:
905 851 921 867 <t
937 838 1045 880 Neque
1076 838 1132 880 qui

11 896 12 939 l
165 903 272 927 semen
295 893 439 926 Abrahae
455 896 548 932 sunt,
572 901 682 926 omnes
705 892 780 931 filii,
805 891 857 925 sed
883 891 914 924 in
932 892 1016 924 Isaac
1041 900 1132 924 voca-

164 947 253 980 bitur
276 946 333 979 tibi
364 955 518 979 semen».
551 946 628 978 Nam
657 958 672 974 α
690 955 752 978 non
785 945 838 987 qui
865 945 918 977 filii
948 945 1070 984 carnis,
1099 944 1132 977 hi

164 1001 238 1040 filii,
263 1000 318 1033 sed
341 999 397 1042 qui
421 999 477 1032 filii
513 1003 589 1032 sunt
612 999 830 1042 promissionis
860 998 1069 1032 aestimantur
1100 998 1131 1030 in

164 1054 284 1088 semine
300 1067 331 1086 ».
358 1054 393 1086 Et
416 1053 455 1086 de
479 1052 530 1086 his
554 1052 627 1086 filiis
650 1061 749 1094 supra
773 1052 884 1085 tertio:
913 1065 929 1081 α
947 1052 1058 1085 Potens
1085 1055 1133 1085 est

164 1108 250 1141 Deus
272 1107 311 1140 de
332 1106 493 1149 >lapidibus
516 1106 585 1139 istis
608 1106 761 1139 suscitare
785 1106 866 1139 filios
891 1105 1033 1140 Abrahae
1049 1118 1084 1144 »;
1102 1109 1134 1139 et

166 1160 288 1194 loannis
311 1160 497 1193 undecimo:
528 1172 544 1189 <t
560 1159 646 1192 Iesus
669 1168 782 1201 passus
805 1162 870 1197 est,
893 1162 931 1191 ut
953 1158 1035 1197 tilios
1059 1158 1131 1197 Dei,

164 1214 220 1257 qui
243 1213 377 1256 dispersi
400 1215 505 1252 erant,
530 1215 737 1255 congregaret
760 1212 793 1244 in
817 1221 918 1245 unum
937 1226 967 1244 n.

170 1304 177 1309 ,
258 1267 307 1300 Ili.
333 1267 435 1309 (Vers.
471 1266 546 1308 10.).
571 1265 677 1298 Tertio
709 1268 865 1308 quantum
900 1265 939 1298 ad
971 1265 1132 1298 motivam

7 1326 78 1375 nggg
91 1326 154 1374 2333:
165 1321 331 1354 rationem
366 1319 551 1361 subiungit:
583 1318 673 1351 Venit
708 1322 820 1350 autem
837 1318 850 1337 ⁸
887 1316 997 1351 Filias
1028 1317 1132 1351 liomi-

31 1385 85 1402 vam·
165 1374 220 1408 nis
250 1383 426 1417 quaerere,
458 1382 515 1415 per
542 1371 763 1415 sapientiam·
790 1372 949 1404 Psalmus:
987 1385 1003 1400 «
1021 1371 1130 1405 Erravi

167 1428 249 1462 sicut
273 1427 357 1466 ovis,
390 1435 471 1469 quae
502 1426 619 1468 periit;v
644 1433 762 1467 quaere
786 1433 914 1458 servum
939 1428 1047 1463 tuum,
1071 1425 1133 1457 Do-

166 1481 283 1514 mine»
311 1483 370 1513 etc.
398 1498 443 1503 -
471 1479 512 1512 E't
540 1478 674 1511 salvum
704 1476 817 1520 facere
848 1477 937 1521 quod
963 1477 1131 1520 perierat,

166 1534 285 1567 scilicet
307 1542 365 1575 per
395 1531 685 1568 misericordiam;
713 1529 841 1563 secundi
874 1530 1132 1572 Paralipomenon

166 1587 321 1621 ultimo4:
344 1585 539 1628 «Indignum
564 1584 699 1618 salvabis
717 1593 767 1617 me
790 1583 964 1616 secundum
985 1592 1130 1626 magnam

167 1639 414 1674 misericordiam
438 1643 527 1672 tuam
544 1650 579 1678 »;
604 1641 635 1671 et
658 1638 737 1670 haec
760 1640 807 1670 est
831 1636 1047 1670 misericordia
1071 1637 1132 1669 sal-

167 1703 253 1727 vans.
279 1694 410 1735 Propter
434 1691 519 1734 quod
542 1694 574 1724 et
596 1691 701 1724 Iesus>
721 1693 870 1729 vocatur;
896 1689 1041 1723 Matthaei
1066 1689 1132 1732 pri-

167 1748 263 1781 mo⁵:
293 1760 309 1776 ε(
324 1746 457 1780 Vocabis
480 1754 595 1779 nomen
628 1745 697 1778 eius
720 1745 841 1784 Iesum;
866 1744 932 1786 ipse
964 1744 1047 1777 enim
1072 1744 1132 1776 sal-

167 1811 244 1835 vum
268 1801 361 1834 faciet
390 1800 545 1843 populum
576 1808 671 1832 suum
695 1808 713 1831 a
736 1798 873 1841 peccatis
904 1807 1015 1831 eorum
1034 1810 1069 1837 »ς
1101 1801 1133 1831 et

168 1855 301 1888 Actuum
326 1856 459 1897 quarto:
490 1866 505 1882 <r
521 1852 628 1895 Neque
649 1851 733 1885 enim
757 1852 788 1885 in
805 1851 866 1884 alio
889 1851 996 1894 aliquo
1020 1854 1068 1884 est
1083 1860 1132 1884 sa-

167 1910 228 1942 lus.
264 1909 330 1941 Non
363 1910 411 1941 est
441 1907 530 1940 enim.
556 1905 642 1939 aliud
672 1914 787 1938 nomen
812 1905 873 1938 sub
904 1905 990 1938 caelo
1021 1905 1131 1938 datum

168 1961 366 2008 hominibus,
390 1960 422 1993 in
447 1969 512 2003 quo
536 1962 680 2002 oporteat
696 1968 753 1992 nos
776 1959 880 1992 salvos
903 1958 972 1991 fieri
989 1971 1020 1990 ».
1045 1957 1132 1991 Unde

167 2015 205 2048 ad
230 2015 384 2048 Romanos
406 2013 542 2047 decimo:
572 2026 587 2042 α
604 2012 731 2052 Omnis,
751 2012 950 2055 quicumque
966 2011 1133 2045 invocave-

167 2068 210 2101 rit
233 2077 346 2101 nomen
370 2067 509 2106 Domini,
534 2066 641 2100 salvus
664 2066 772 2099 erit».
965 2091 967 2093 .

260 2123 310 2154 15.
328 2121 418 2154 Haec
441 2120 508 2153 illis
524 2118 738 2153 audientibus
753 2121 812 2152 etc.
837 2119 1005 2161 Postquam
1023 2126 1132 2151 exem-

23 2180 86 2201 Exem
102 2179 146 2200 lum
166 2175 219 2218 plo
243 2183 396 2217 expresso
420 2173 606 2216 approbavit
622 2171 841 2205 liberalitatem
866 2171 897 2204 in
914 2167 1132 2204 distribuendo

13 2206 90 2233 parabo
100 2206 154 2228 icum

7 2232 153 2281 ffliffiffffi-m-
167 2227 366 2269 temporalia,
391 2226 443 2259 hic
466 2225 611 2268 exemplo
628 2219 829 2267 ¹parabolico
853 2223 1062 2257 commendat
1083 2233 1131 2256 se-

25 2286 140 2318 ‘lrlicaado
167 2280 340 2318 dalila-tem
369 2280 406 2312 in
428 2278 682 2321 multiplicando
709 2276 925 2320 spiritualia,
954 2279 985 2309 et
1008 2285 1025 2316 e
1057 2285 1132 2311 con-

11 2314 267 2367 ⁸¹·{ffli32ii2ss‘trari0
291 2332 449 2376 reprobat
481 2331 715 2375 negligentiam
731 2330 754 2363 ⁶.
780 2331 833 2363 Est
867 2333 974 2364 autem
1002 2329 1061 2363 ista
1083 2339 1131 2362 se-

7 2366 155 2393 ”ffl'genuae'
169 2387 295 2430 dulitas
318 2395 375 2429 per
399 2381 541 2428 ipsorum
565 2384 778 2427 spiritualium
798 2383 959 2417 liberalem
981 2383 1132 2416 distribu-

169 2440 303 2479 tionem,
334 2443 365 2473 et
395 2438 594 2482 neyliyentia
627 2446 684 2480 per
711 2437 853 2479 ipsorum
884 2436 1130 2469 absconsionem.

33 2498 137 2530 Parabsssa
169 2493 201 2525 In
226 2493 285 2525 hac
316 2491 413 2534 igitur
438 2491 588 2533 parabola
618 2489 827 2532 exprimenda
858 2488 1040 2531 proceditur
1071 2489 1131 2521 hoc

20 2528 146 2580 ἓῖἷῖῗῗῖἷὲῗῖ
169 2545 288 2579 ordine.
314 2545 416 2577 Primo
440 2553 577 2586 namque
603 2543 774 2586 praemittit
799 2542 1004 2576 occasionem
1027 2542 1131 2575 intro-

243 2766 252 2780 ¹
274 2766 377 2792 Scilicet
401 2763 585 2792 interlinearis
612 2763 653 2797 (ex
679 2764 765 2794 Beda,
791 2764 823 2789 V.
850 2764 876 2790 in
902 2765 964 2790 Luc.
985 2764 1034 2795 49,
1053 2763 1089 2797 9.)
1109 2763 1135 2789 in

171 2812 234 2837 Luc.
254 2811 301 2841 49,
322 2811 369 2843 lo,
390 2810 415 2835 in
434 2817 486 2843 qua
507 2816 555 2842 pro
575 2815 644 2842 quae
663 2807 728 2834 olim
748 2808 807 2834 Vat.
825 2815 886 2834 cum
906 2808 1038 2834 nonnullis
1058 2807 1136 2834 codd.

172 2862 312 2888 perperam
332 2862 401 2889 quae
420 2853 507 2881 hodie.
524 2867 560 2873 —
579 2853 703 2887 Sequitur
722 2853 779 2879 lsai.
799 2853 848 2884 49,
867 2853 892 2878 6.
911 2866 947 2872 —
966 2853 1074 2879 Inferius
1087 2859 1136 2885 pro

171 2899 280 2926 debetur
302 2898 513 2933 praedestinatis
538 2899 597 2924 Vat.
622 2905 683 2924 cnm
709 2897 905 2933 paucis-codd.
930 2896 1038 2924 dabitur
1054 2904 1137 2931 prae-

172 2943 203 2970 de
220 2943 322 2970 linaiis.

204 2951 217 2971 s
244 2987 254 3003 ²
274 2989 374 3021 Nempe
392 2987 536 3014 ordinaria
550 2987 591 3020 (ex
604 2986 695 3020 Beda).
709 2999 744 3006 —
757 2985 876 3012 Subinde
894 2985 1041 3017 allegantur
1059 2985 1137 3011 Rom.

173 3034 204 3065 9,
221 3033 248 3059 7.
267 3040 337 3066 seq.;
356 3033 419 3059 Luc.
439 3033 469 3065 3,
489 3033 514 3058 8.
533 3036 559 3058 et
578 3033 647 3058 loan.
669 3032 711 3064 lt,
731 3031 775 3056 51.
793 3037 850 3064 seq.

222 3100 226 3103 .
244 3075 254 3090 ⁸
273 3075 339 3102 Cod.
372 3077 393 3101 Η
422 3083 483 3102 cum
515 3076 628 3108 Vulgata
660 3074 738 3115 Venit
766 3074 846 3101 enim.
874 3087 909 3093 —
938 3072 1062 3106 Sequitur
1091 3073 1133 3099 Ps.

175 3121 240 3152 tis,
260 3120 322 3146 476.

244 3163 256 3179 ⁴
274 3165 311 3191 Ita
330 3163 424 3197 codd.;
444 3163 556 3190 liabetur
575 3168 661 3190 tamen
681 3164 706 3190 in
725 3164 778 3190 fine
796 3162 927 3189 Orationis
945 3162 1088 3188 Manassae.

246 3208 256 3223 ⁶
277 3209 351 3239 Vers.
371 3209 416 3234 21.
433 3221 469 3227 —
487 3208 545 3234 Duo
564 3215 640 3242 seqq.
657 3208 707 3235 loci
735 3212 796 3235 sunt
814 3209 870 3234 Act.
889 3207 919 3240 4,
944 3208 988 3237 ⁴2,
1006 3209 1031 3232 et
1058 3207 1135 3232 Rom.

176 3254 209 3280 40
246 3254 287 3279 ⁴3.

173 3283 175 3285 ,
217 3273 225 3286 ’
246 3296 258 3313 ⁶
276 3297 329 3324 Ct‘r.
348 3304 429 3330 supra
448 3304 476 3323 n.
495 3297 520 3323 4.
536 3310 572 3317 —
585 3296 694 3323 Insertus
712 3304 762 3330 pro
780 3295 960 3331 caprimenda
979 3296 1038 3322 Vat.
1057 3300 1136 3329 eapo-

174 3341 278 3369 nenda:

248 3384 258 3400 ⁷
277 3385 354 3412 Vers.
373 3386 417 3412 ⁴2.

2089 224 2151 255 477

1195 305 1338 338 dacemli
1367 307 1593 348 parabolam,·
1628 309 1765 342 secundo
1801 319 1876 343 vero
1914 310 2021 343 subdit
2057 311 2154 353 ipsius

1192 358 1378 400 parabolae
1409 360 1659 402 descriptionem
1690 363 1903 402 ordinatam,
1937 364 1977 396 ibi
1996 364 2027 395 ⁷:
2064 364 2156 396 Dixit

1195 421 1292 454 erqo:
1318 412 1423 444 Homo
1447 413 1587 455 quidam
1610 414 1729 447 nobilis
1752 419 1811 448 etc.

1285 464 1375 498 Circa
1398 466 1602 498 occasionem
1625 467 1863 507 attendendum,
1889 469 1973 510 quod
1997 469 2155 511 duplicem
2171 477 2320 504 Primoemri-

1196 521 1284 550 notat
1306 518 1398 551 istius
1423 519 1588 560 parabolae
1612 520 1857 554 introducendae
1873 522 2082 560 occasionem,
2107 531 2156 554 ra·
2174 505 2320 583 ἓῖζὲςῖξὲο

1195 570 1343 604 tionalem
1366 571 1486 604 scilicet
1508 571 1768 614 confutationem
1783 574 1950 607 rebellium
1975 578 2006 607 et
2029 575 2156 607 imau-
2178 584 2307 610 paramum>

1195 623 1335 656 ctionem
1357 624 1572 667 simplicium.

1289 677 1338 709 16.
1364 677 1466 719 (Vers.
1499 678 1572 718 11.).
1599 678 1701 711 Primo
1724 679 1821 721 igitur
1845 684 1999 722 quantum
2024 680 2062 712 ad
2083 690 2158 713 con-
2180 688 2212 718 aa
2228 689 2323 710 confuta·

1194 729 1394 773 fucationem
1417 730 1585 763 rebellium
1602 731 1693 765 dicit:
1722 733 1812 765 Haec
1840 732 1905 765 illis
1933 733 2157 771 audientibus,
2196 717 2324 763 ἷῖἓιῖῗοῗυ.“’

1196 784 1315 817 scilicet
1330 784 1391 818 illis
1406 785 1461 827 qui
1479 786 1739 825 murmurabant,
1763 786 1925 819 adiiciens
1941 786 2028 818 dixit
2051 796 2158 828 para-

1197 837 1325 877 bolam,
1349 848 1384 870 eo
1409 838 1498 881 quod
1519 843 1599 871 esset
1619 849 1724 881 prope
1742 839 1940 878 Ierusalem,
1965 839 1996 871 in
2021 848 2084 881 qua
2100 839 2159 872 sci-

1196 891 1270 924 licet
1292 901 1310 924 a
1335 891 1456 925 Iudaeis
1473 892 1644 925 rebellibus
1668 893 1857 926 occidendus
1873 896 1959 932 erat,
1984 892 2158 925 secundum

1197 945 1282 988 quod
1308 945 1502 988 Evangelista
1525 947 1700 988 passionem
1735 946 1833 988 ipsius
1857 946 1887 978 in
1919 946 2087 979 Ierusalem
2116 946 2160 978 sa-

1197 1002 1279 1032 etam
1304 999 1334 1031 in
1367 999 1598 1041 sequentibus⁸
1622 1003 1740 1032 narrat.
1770 1000 1839 1032 ideo
1863 999 2042 1041 parabolam
2068 999 2159 1037 dicit,

1197 1052 1228 1085 in
1261 1062 1325 1095 qua
1356 1052 1537 1085 confutatio
1560 1052 1725 1086 rebellium
1759 1053 1951 1095 explicatur,
1985 1051 2160 1085 secundum

1197 1105 1280 1148 quod
1307 1106 1338 1138 in
1355 1105 1418 1139 fine
1441 1106 1609 1148 parabolae
1622 1106 1634 1125 ⁹
1652 1107 1798 1149 ponitur:
1827 1119 1843 1134 α
1860 1106 2084 1139 Verumtamen
2102 1106 2159 1150 ini-

1198 1159 1296 1192 micos
1328 1168 1428 1198 meos,
1457 1159 1512 1202 qui
1537 1159 1724 1199 noluerunt,
1749 1168 1799 1192 me
1824 1168 1956 1201 regnare
1987 1167 2084 1200 super
2109 1167 2159 1196 se,

1196 1212 1343 1245 adducite
1366 1213 1430 1245 huc
1447 1216 1478 1246 et
1501 1213 1668 1246 interficite
1683 1216 1755 1246 ante
1780 1222 1873 1246 me».
1900 1213 1932 1245 In
1949 1213 2030 1245 banc
2053 1215 2159 1245 antem

1197 1266 1400 1299 rebellionem
1426 1266 1622 1305 inciderunt,
1640 1267 1715 1309 quia
1731 1276 1792 1299 non
1811 1266 1993 1299 habuerunt
2017 1265 2161 1298 sedulita-

1198 1323 1260 1353 tem
1278 1320 1317 1352 ad
1333 1320 1449 1353 Christi
1466 1320 1601 1362 gratiam
1618 1320 1883 1362 cognoscendam3
1909 1325 1940 1353 et
1965 1319 2033 1352 ideo
2049 1327 2161 1352 excae·

1197 1373 1257 1406 cati
1281 1376 1357 1406 sunt
1372 1377 1403 1406 et
1418 1373 1580 1412 obdurati,
1598 1373 1672 1415 quia
1686 1373 1713 1392 ¹0
1729 1374 1878 1416 gratiam,
1895 1382 1990 1415 quam
2007 1372 2161 1405 debebant

1196 1426 1376 1468 suscipere,
1401 1426 1639 1468 impugnabant.
1659 1426 1695 1458 Et
1712 1429 1879 1468 propterea
1902 1426 1985 1458 iusto
2002 1425 2056 1457 Dei
2082 1425 2161 1457 iudi-

1196 1479 1246 1512 cio
1269 1478 1386 1511 veritas
1402 1479 1447 1511 eis
1471 1479 1708 1520 proponebatur
1726 1488 1787 1511 non
1812 1477 1975 1520 explicite,
1993 1478 2046 1511 sed
2070 1487 2162 1519 para-

1196 1531 1342 1564 bolarum
1366 1530 1596 1573 aenigmatibus
1611 1530 1760 1563 obvoluta
1772 1556 1779 1569 ,
1799 1531 1974 1563 secundum
1992 1530 2069 1562 illud
2086 1531 2162 1562 Mat-

1196 1584 1280 1617 thaei
1304 1583 1427 1617 decimo
1450 1583 1544 1616 tertio
1558 1585 1601 1615 ¹¹:
1624 1596 1640 1612 <t
1658 1583 1688 1616 In
1707 1579 1864 1625 parabolis
1880 1584 1993 1625 loquor
2010 1583 2068 1621 eis,
2086 1583 2161 1625 quia

1196 1637 1338 1680 videntes
1361 1646 1423 1669 non
1448 1636 1569 1676 vident,
1594 1640 1625 1669 et
1648 1636 1811 1669 audientes
1846 1646 1908 1669 non
1943 1636 2077 1669 andiunt
2108 1645 2162 1670 ne-

1196 1700 1259 1734 que
1291 1691 1484 1733 intelligunt,
1509 1694 1545 1723 ut
1562 1690 1731 1732 impleatur
1753 1690 1786 1722 in
1813 1690 1858 1722 eis
1878 1689 2044 1731 prophetia
2068 1689 2162 1722 Isaiae

1196 1744 1347 1778 dicentis:
1373 1744 1489 1777 Auditu
1517 1743 1668 1782 audietis,
1693 1746 1724 1776 et
1747 1752 1810 1776 non
1834 1743 2030 1785 intelligetis;
2055 1746 2086 1775 et
2117 1743 2162 1775 vi-

1195 1799 1306 1832 dentes
1338 1797 1501 1837 videbitis,
1532 1800 1564 1830 et
1596 1807 1657 1830 non
1688 1797 1842 1830 videbitis.
1876 1797 2084 1829 lncrassatum
2115 1799 2163 1829 est

1197 1852 1281 1885 enim
1304 1860 1359 1884 cor
1391 1851 1499 1893 populi
1524 1851 1640 1890 huius,
1672 1853 1703 1883 et
1725 1850 1859 1883 auribus
1890 1850 2029 1892 graviter
2053 1849 2161 1882 audie-

1197 1908 1274 1938 runt
1305 1908 1337 1937 et
1359 1904 1469 1937 oculos
1492 1913 1567 1937 suos
1590 1904 1788 1942 clauserunt,
1813 1912 1852 1936 ne
1887 1902 2012 1945 quando
2036 1902 2162 1935 videant

1195 1958 1297 1991 oculis
1328 1961 1360 1991 et
1382 1957 1516 1990 auribus
1550 1957 1680 1990 audiant
1711 1960 1743 1989 et
1774 1957 1868 1990 corde
1904 1956 2096 1998 intelligant,
2129 1960 2160 1988 et

1197 2019 1305 2044 sanem
1329 2020 1383 2044 eos
1399 2017 1435 2050 »·,
1460 2010 1605 2043 Matthaei
1630 2010 1752 2043 decimo
1776 2010 1870 2053 tertio
1885 2009 1924 2042 de
1948 2009 2042 2042 Isaiae
2059 2012 2159 2041 sexto.

1290 2065 1340 2097 17.
1366 2064 1509 2097 Secundo
1541 2067 1696 2106 quantum
1720 2063 1757 2096 ad
1786 2063 2005 2095 eruditionem
2032 2061 2159 2104 simpli-
2174 2069 2207 2091 Ad
2223 2069 2324 2099 emmaq-

1195 2118 1287 2150 ciam
1319 2117 1443 2151 subdit:
1471 2118 1511 2149 Et
1544 2117 1627 2160 qaia
1661 2116 1942 2155 existimarentw,
1968 2116 2055 2159 quod
2085 2125 2160 2148 con-
2180 2097 2325 2144 &Qumph'

1195 2170 1307 2214 festim
1338 2180 1480 2213 reynum
1512 2170 1573 2202 Dei
1602 2168 1889 2212 manifestaretur.
1922 2170 1984 2202 Hoc
2016 2169 2159 2202 aestima-

1195 2224 1271 2257 bant
1302 2223 1360 2266 ipsi
1391 2223 1553 2265 discipuli,
1586 2223 1661 2265 quia
1695 2222 1882 2261 credebant,
1913 2222 2073 2254 Christum
2110 2231 2159 2254 re-

1195 2277 1391 2319 demptorem
1422 2279 1454 2308 et
1485 2275 1672 2308 salvatorem
1695 2275 1742 2307 ire
1773 2274 1803 2307 in
1829 2275 1998 2307 Ierusalem
2020 2274 2058 2306 ad
2083 2283 2159 2306 snae

1196 2330 1300 2373 regiae
1330 2329 1493 2372 potestatis
1523 2328 1772 2361 ostentationem.
1805 2328 1897 2361 Unde'
1922 2331 1952 2360 et
1985 2327 2157 2360 secundum

1196 2383 1309 2417 seriem
1344 2382 1534 2415 narrationis
1567 2382 1716 2414 historiae
1754 2381 1949 2423 evangelicae
1986 2380 2045 2413 hoc
2080 2384 2158 2413 tem-

1196 2445 1272 2479 pore
1301 2448 1317 2465 «
1333 2435 1463 2469 accessit
1486 2438 1586 2467 mater
1607 2434 1747 2467 filiorum
1771 2433 1921 2467 Zebedaei
1945 2433 1983 2466 ad
2007 2433 2109 2466 Iesum
2127 2446 2157 2470 »‚

1196 2488 1322 2531 quando
1333 2515 1340 2527 ,
1357 2487 1530 2521 secundum
1547 2487 1632 2529 quod
1647 2487 1763 2520 dicitnr
1787 2487 1931 2519 Matthaei
1957 2487 2106 2529 vigesimo
2121 2486 2157 2524 ¹³,

1204 2541 1317 2580 «dixit
1348 2541 1497 2574 Domino:
1522 2540 1594 2580 Dic,
1627 2544 1663 2573 ut
1687 2540 1814 2573 sedeant
1845 2540 1876 2573 hi
1901 2540 1963 2573 duo
1995 2539 2049 2572 filii
2078 2539 2157 2577 mei,

1271 2761 1281 2777 Β
1301 2762 1366 2795 Cap.
1386 2763 1428 2788 22.
1448 2764 1473 2787 et
1493 2761 1535 2786 23.
1556 2775 1590 2780 —
1609 2761 1699 2786 Glossa
1719 2759 1861 2787 ordinaria
1889 2760 1930 2791 (ex
1950 2760 2030 2792 Beda)
2051 2760 2075 2785 in
2096 2760 2158 2786 Luc.

1201 2808 1249 2839 19,
1270 2808 1317 2832 Ηι
1336 2808 1462 2838 Suscepta
1481 2809 1507 2831 et
1528 2805 1710 2831 commendata
1731 2805 1889 2837 poenitentia
1907 2803 2041 2836 publicani
2057 2804 2158 2835 divitis,

1199 2859 1247 2885 per
1262 2842 1415 2884 parabolam
1429 2850 1520 2880 docet,
1533 2848 1583 2875 sibi
1597 2849 1683 2881 magis
1696 2849 1881 2881 poenitentiam
1895 2852 2062 2880 peccatorum
2077 2855 2157 2881 quam

1200 2896 1323 2922 iustitiam
1348 2895 1452 2927 placere
1471 2890 1674 2925 superborum?
1692 2892 1822 2924 latiusque
1840 2892 1867 2917 in
1886 2891 2009 2924 gentibus
2035 2891 2068 2917 de
2087 2892 2158 2923 igno-

1199 2940 1282 2966 rantia
1302 2939 1379 2970 Legis
1398 2936 1541 2964 humilibus
1560 2943 1640 2969 quam
1656 2936 1680 2961 in
1694 2936 1796 2962 ludaeis
1814 2936 1848 2962 de
1867 2936 1962 2962 iustitia
1980 2936 2057 2967 Legis
2069 2942 2159 2968 super-

1199 2984 1333 3017 bientibus
1349 2990 1378 3008 se
1393 2989 1450 3008 esse
1469 2984 1651 3013 regnaturum.

1269 3027 1280 3043 ⁹
1302 3028 1376 3054 Vers.
1401 3027 1443 3052 27.
1464 3026 1542 3052 huius
1560 3032 1618 3057 cap.

1271 3072 1293 3087 ¹⁰
1312 3072 1347 3098 lta
1367 3072 1403 3102 G,
1423 3071 1464 3096 alii
1484 3070 1561 3096 codd.
1581 3070 1704 3095 omittunt
1723 3069 1800 3103 quia,
1812 3076 1869 3101 „pro
1888 3076 1941 3102 quo
1956 3069 2015 3094 Vat.
2029 3068 2100 3094 addit
2113 3070 2157 3099 et,-

1199 3119 1220 3144 Η
1240 3120 1300 3150 post
1319 3115 1376 3143 ideo
1396 3115 1475 3141 babet
1492 3113 1563 3141 sicut
1580 3112 1718 3141 excaecati
1734 3115 1766 3140 et.

1272 3160 1293 3175 ¹¹
1316 3160 1389 3185 Vers.
1413 3159 1508 3190 113-15,
1527 3157 1573 3184 ubi
1599 3164 1648 3190 pro
1667 3158 1698 3183 ut
1716 3156 1862 3191 impleatur
1886 3156 1945 3182 vat.
1964 3162 2025 3181 cum
2045 3155 2157 3188 Vulgata

1198 3206 1222 3232 et
1241 3203 1387 3237 impletur‚·
1407 3203 1520 3228 citantur
1540 3202 1596 3228 lsai.
1618 3202 1648 3232 6,
1668 3202 1694 3227 9.
1713 3205 1738 3226 et
1758 3201 1800 3227 to,

1270 3248 1292 3263 ¹²
1312 3248 1396 3275 Codd.
1414 3248 1435 3273 Α
1445 3247 1463 3274 C
1474 3247 1495 3273 D
1505 3247 1523 3273 F
1534 3247 1555 3272 H
1573 3246 1763 3277 aestimarent,
1776 3249 1802 3271 et
1814 3244 1926 3271 subinde
1939 3251 1988 3277 pro
2002 3244 2157 3278 manifesta-

1198 3295 1276 3321 retur
1295 3292 1317 3320 C
1332 3291 1528 3325 manifestaret.

1271 3335 1293 3352 ¹⁸
1314 3336 1388 3362 Vers.
1407 3336 1450 3361 20.
1469 3339 1494 3361 ct
1513 3335 1556 3361 21.
