<?xml version="1.0" encoding="UTF-8"?>
<!DOCTYPE html PUBLIC "-//W3C//DTD XHTML 1.0 Transitional//EN"
    "http://www.w3.org/TR/xhtml1/DTD/xhtml1-transitional.dtd">
<html xmlns="http://www.w3.org/1999/xhtml" xml:lang="en" lang="en">
 <head>
  <title>
</title>
<meta http-equiv="Content-Type" content="text/html;charset=utf-8" />
  <meta name='ocr-system' content='tesseract 3.04.00' />
  <meta name='ocr-capabilities' content='ocr_page ocr_carea ocr_par ocr_line ocrx_word'/>
</head>
<body>
  <div class='ocr_page' id='page_1' title='image "./doctorisseraphic07bona_0228.png"; bbox 0 0 2476 3921; ppageno 0'>
   <div class='ocr_carea' id='block_1_1' title="bbox 154 518 283 567">
    <p class='ocr_par' dir='ltr' id='par_1_1' title="bbox 154 518 283 567">
     <span class='ocr_line' id='line_1_1' title="bbox 154 518 283 549; baseline -0.016 -9"><span class='ocrx_word' id='word_1_1' title='bbox 154 520 185 540; x_wconf 84' lang='lat' dir='ltr'>De</span> <span class='ocrx_word' id='word_1_2' title='bbox 194 518 283 549; x_wconf 49' lang='lat' dir='ltr'>,fremitu</span> 
     </span>
     <span class='ocr_line' id='line_1_2' title="bbox 173 545 262 567; baseline -0.022 0"><span class='ocrx_word' id='word_1_3' title='bbox 173 545 262 567; x_wconf 75' lang='lat' dir='ltr'>obsessi.</span> 
     </span>
    </p>
   </div>
   <div class='ocr_carea' id='block_1_2' title="bbox 197 625 284 645">
    <p class='ocr_par' dir='ltr' id='par_1_2' title="bbox 197 625 284 645">
     <span class='ocr_line' id='line_1_3' title="bbox 197 625 284 645; baseline -0.011 0"><span class='ocrx_word' id='word_1_4' title='bbox 197 625 284 645; x_wconf 76' lang='lat' dir='ltr'>Gerasa.</span> 
     </span>
    </p>
   </div>
   <div class='ocr_carea' id='block_1_3' title="bbox 147 1895 293 1942">
    <p class='ocr_par' dir='ltr' id='par_1_3' title="bbox 147 1895 293 1942">
     <span class='ocr_line' id='line_1_4' title="bbox 147 1895 293 1916; baseline 0.007 -1"><span class='ocrx_word' id='word_1_5' title='bbox 147 1895 243 1916; x_wconf 72' lang='lat' dir='ltr'>Occurrit</span> <span class='ocrx_word' id='word_1_6' title='bbox 257 1895 293 1916; x_wconf 91' lang='lat' dir='ltr'>ob-</span> 
     </span>
     <span class='ocr_line' id='line_1_5' title="bbox 188 1927 264 1942; baseline 0 -1"><span class='ocrx_word' id='word_1_7' title='bbox 188 1927 264 1942; x_wconf 83' lang='lat' dir='ltr'>sessus.</span> 
     </span>
    </p>
   </div>
   <div class='ocr_carea' id='block_1_4' title="bbox 162 2458 298 2506">
    <p class='ocr_par' dir='ltr' id='par_1_4' title="bbox 162 2458 298 2506">
     <span class='ocr_line' id='line_1_6' title="bbox 166 2458 298 2479; baseline 0 0"><span class='ocrx_word' id='word_1_8' title='bbox 166 2458 298 2479; x_wconf 80' lang='lat' dir='ltr'>Obsessionis</span> 
     </span>
     <span class='ocr_line' id='line_1_7' title="bbox 162 2485 297 2506; baseline -0.007 0"><span class='ocrx_word' id='word_1_9' title='bbox 162 2485 297 2506; x_wconf 69' lang='lat' dir='ltr'>diuturnitas.</span> 
     </span>
    </p>
   </div>
   <div class='ocr_carea' id='block_1_5' title="bbox 305 265 368 297">
    <p class='ocr_par' dir='ltr' id='par_1_5' title="bbox 305 265 368 297">
     <span class='ocr_line' id='line_1_8' title="bbox 305 265 368 297; baseline -0.016 0"><span class='ocrx_word' id='word_1_10' title='bbox 305 265 368 297; x_wconf 67' lang='lat'>202</span> 
     </span>
    </p>
   </div>
   <div class='ocr_carea' id='block_1_6' title="bbox 303 345 1279 2512">
    <p class='ocr_par' dir='ltr' id='par_1_6' title="bbox 303 345 1260 437">
     <span class='ocr_line' id='line_1_9' title="bbox 303 345 1260 390; baseline -0.008 -6"><span class='ocrx_word' id='word_1_11' title='bbox 303 351 477 388; x_wconf 77' lang='lat' dir='ltr'>clamoris,</span> <span class='ocrx_word' id='word_1_12' title='bbox 510 358 551 382; x_wconf 84' lang='lat' dir='ltr'>ex</span> <span class='ocrx_word' id='word_1_13' title='bbox 582 349 704 390; x_wconf 80' lang='lat' dir='ltr'>impetu</span> <span class='ocrx_word' id='word_1_14' title='bbox 734 346 945 389; x_wconf 73' lang='lat' dir='ltr'>fortitudinis</span> <span class='ocrx_word' id='word_1_15' title='bbox 977 349 1008 378; x_wconf 89' lang='lat' dir='ltr'>et</span> <span class='ocrx_word' id='word_1_16' title='bbox 1036 354 1077 377; x_wconf 88' lang='lat' dir='ltr'>ex</span> <span class='ocrx_word' id='word_1_17' title='bbox 1101 345 1260 377; x_wconf 81' lang='lat' dir='ltr'>comitatu</span> 
     </span>
     <span class='ocr_line' id='line_1_10' title="bbox 303 403 535 437; baseline -0.013 0"><span class='ocrx_word' id='word_1_18' title='bbox 303 403 535 437; x_wconf 66' lang='lat' dir='ltr'><em>multitudinis.</em></span> 
     </span>
    </p>

    <p class='ocr_par' dir='ltr' id='par_1_7' title="bbox 303 449 1272 1819">
     <span class='ocr_line' id='line_1_11' title="bbox 392 449 1260 497; baseline -0.009 -7"><span class='ocrx_word' id='word_1_19' title='bbox 392 459 443 490; x_wconf 71' lang='lat'>47.</span> <span class='ocrx_word' id='word_1_20' title='bbox 472 457 572 497; x_wconf 84' lang='lat' dir='ltr'>(Vers.</span> <span class='ocrx_word' id='word_1_21' title='bbox 598 456 674 493; x_wconf 61' lang='lat'>26).</span> <span class='ocrx_word' id='word_1_22' title='bbox 701 454 803 486; x_wconf 87' lang='lat' dir='ltr'>Primo</span> <span class='ocrx_word' id='word_1_23' title='bbox 828 453 924 494; x_wconf 85' lang='lat' dir='ltr'>igitur</span> <span class='ocrx_word' id='word_1_24' title='bbox 952 455 1107 494; x_wconf 90' lang='lat' dir='ltr'>quantum</span> <span class='ocrx_word' id='word_1_25' title='bbox 1131 451 1170 483; x_wconf 88' lang='lat' dir='ltr'>ad</span> <span class='ocrx_word' id='word_1_26' title='bbox 1193 449 1260 493; x_wconf 82' lang='lat' dir='ltr'>fre-</span> 
     </span>
     <span class='ocr_line' id='line_1_12' title="bbox 303 503 1262 551; baseline -0.009 -8"><span class='ocrx_word' id='word_1_27' title='bbox 303 511 420 543; x_wconf 80' lang='lat' dir='ltr'><em>mitum</em></span> <span class='ocrx_word' id='word_1_28' title='bbox 454 508 587 551; x_wconf 75' lang='lat' dir='ltr'>furoris</span> <span class='ocrx_word' id='word_1_29' title='bbox 623 507 653 539; x_wconf 93' lang='lat' dir='ltr'>in</span> <span class='ocrx_word' id='word_1_30' title='bbox 688 505 888 538; x_wconf 89' lang='lat' dir='ltr'>daemoniaco</span> <span class='ocrx_word' id='word_1_31' title='bbox 919 507 1106 537; x_wconf 88' lang='lat' dir='ltr'>occurrente</span> <span class='ocrx_word' id='word_1_32' title='bbox 1129 503 1262 535; x_wconf 81' lang='lat' dir='ltr'>Domino</span> 
     </span>
     <span class='ocr_line' id='line_1_13' title="bbox 304 556 1262 606; baseline -0.009 -10"><span class='ocrx_word' id='word_1_33' title='bbox 304 563 468 606; x_wconf 85' lang='lat' dir='ltr'>applicanti</span> <span class='ocrx_word' id='word_1_34' title='bbox 499 561 633 593; x_wconf 88' lang='lat' dir='ltr'>dicitur:</span> <span class='ocrx_word' id='word_1_35' title='bbox 672 560 710 591; x_wconf 88' lang='lat' dir='ltr'>Et</span> <span class='ocrx_word' id='word_1_36' title='bbox 745 558 991 600; x_wconf 75' lang='lat' dir='ltr'>naviyaverunt</span> <span class='ocrx_word' id='word_1_37' title='bbox 1019 557 1065 589; x_wconf 78' lang='lat' dir='ltr'>acl</span> <span class='ocrx_word' id='word_1_38' title='bbox 1095 556 1262 599; x_wconf 65' lang='lat' dir='ltr'>regionem</span> 
     </span>
     <span class='ocr_line' id='line_1_14' title="bbox 309 609 1262 652; baseline -0.008 -3"><span class='ocrx_word' id='word_1_39' title='bbox 309 618 562 649; x_wconf 78' lang='lat' dir='ltr'>Gerasenorum.</span> <span class='ocrx_word' id='word_1_40' title='bbox 585 626 600 641; x_wconf 94' lang='lat'>«</span> <span class='ocrx_word' id='word_1_41' title='bbox 622 613 752 645; x_wconf 81' lang='lat' dir='ltr'>Gerasa</span> <span class='ocrx_word' id='word_1_42' title='bbox 773 614 897 649; x_wconf 90' lang='lat' dir='ltr'>autem,</span> <span class='ocrx_word' id='word_1_43' title='bbox 923 614 959 643; x_wconf 90' lang='lat' dir='ltr'>ut</span> <span class='ocrx_word' id='word_1_44' title='bbox 982 610 1057 652; x_wconf 85' lang='lat' dir='ltr'>dicit</span> <span class='ocrx_word' id='word_1_45' title='bbox 1081 609 1161 642; x_wconf 90' lang='lat' dir='ltr'>Beda</span> <span class='ocrx_word' id='word_1_46' title='bbox 1174 611 1196 648; x_wconf 79' lang='lat'>¹,</span> <span class='ocrx_word' id='word_1_47' title='bbox 1220 609 1262 641; x_wconf 91' lang='lat' dir='ltr'>ci-</span> 
     </span>
     <span class='ocr_line' id='line_1_15' title="bbox 306 662 1265 706; baseline -0.008 -4"><span class='ocrx_word' id='word_1_48' title='bbox 306 671 382 702; x_wconf 64' lang='lat' dir='ltr'>vitas</span> <span class='ocrx_word' id='word_1_49' title='bbox 413 673 460 702; x_wconf 82' lang='lat' dir='ltr'>est</span> <span class='ocrx_word' id='word_1_50' title='bbox 492 667 619 700; x_wconf 65' lang='lat' dir='ltr'>Arabiae</span> <span class='ocrx_word' id='word_1_51' title='bbox 637 678 671 704; x_wconf 81' lang='grc'>»;</span> <span class='ocrx_word' id='word_1_52' title='bbox 703 666 734 697; x_wconf 94' lang='lat' dir='ltr'>in</span> <span class='ocrx_word' id='word_1_53' title='bbox 763 674 827 706; x_wconf 91' lang='lat' dir='ltr'>quo</span> <span class='ocrx_word' id='word_1_54' title='bbox 861 663 1056 701; x_wconf 79' lang='lat' dir='ltr'>ostenditur,</span> <span class='ocrx_word' id='word_1_55' title='bbox 1085 662 1168 705; x_wconf 91' lang='lat' dir='ltr'>quod</span> <span class='ocrx_word' id='word_1_56' title='bbox 1194 665 1265 703; x_wconf 88' lang='lat' dir='ltr'>post</span> 
     </span>
     <span class='ocr_line' id='line_1_16' title="bbox 306 715 1264 758; baseline -0.009 -2"><span class='ocrx_word' id='word_1_57' title='bbox 306 723 456 755; x_wconf 83' lang='lat' dir='ltr'>miracula</span> <span class='ocrx_word' id='word_1_58' title='bbox 479 721 559 753; x_wconf 86' lang='lat' dir='ltr'>facta</span> <span class='ocrx_word' id='word_1_59' title='bbox 582 720 665 752; x_wconf 91' lang='lat' dir='ltr'>circa</span> <span class='ocrx_word' id='word_1_60' title='bbox 690 718 817 750; x_wconf 87' lang='lat' dir='ltr'>ludaeos</span> <span class='ocrx_word' id='word_1_61' title='bbox 848 717 953 750; x_wconf 91' lang='lat' dir='ltr'>divina</span> <span class='ocrx_word' id='word_1_62' title='bbox 987 715 1176 758; x_wconf 79' lang='lat' dir='ltr'>dispensatio</span> <span class='ocrx_word' id='word_1_63' title='bbox 1204 715 1264 746; x_wconf 84' lang='lat' dir='ltr'>hoc</span> 
     </span>
     <span class='ocr_line' id='line_1_17' title="bbox 306 767 1264 817; baseline -0.009 -9"><span class='ocrx_word' id='word_1_64' title='bbox 306 775 454 817; x_wconf 77' lang='lat' dir='ltr'>requirit,</span> <span class='ocrx_word' id='word_1_65' title='bbox 479 777 515 806; x_wconf 89' lang='lat' dir='ltr'>ut</span> <span class='ocrx_word' id='word_1_66' title='bbox 540 773 615 804; x_wconf 78' lang='lat' dir='ltr'>fiant</span> <span class='ocrx_word' id='word_1_67' title='bbox 650 772 681 803; x_wconf 91' lang='lat' dir='ltr'>in</span> <span class='ocrx_word' id='word_1_68' title='bbox 716 769 880 813; x_wconf 81' lang='lat' dir='ltr'>gentibus3</span> <span class='ocrx_word' id='word_1_69' title='bbox 905 769 1003 801; x_wconf 86' lang='lat' dir='ltr'>iuxta.</span> <span class='ocrx_word' id='word_1_70' title='bbox 1030 768 1114 810; x_wconf 92' lang='lat' dir='ltr'>quod</span> <span class='ocrx_word' id='word_1_71' title='bbox 1149 767 1264 800; x_wconf 90' lang='lat' dir='ltr'>dicitur</span> 
     </span>
     <span class='ocr_line' id='line_1_18' title="bbox 306 820 1266 864; baseline -0.01 -2"><span class='ocrx_word' id='word_1_72' title='bbox 306 832 436 862; x_wconf 50' lang='lat' dir='ltr'>ictuum</span> <span class='ocrx_word' id='word_1_73' title='bbox 472 827 591 860; x_wconf 90' lang='lat' dir='ltr'>decimo</span> <span class='ocrx_word' id='word_1_74' title='bbox 628 825 734 857; x_wconf 86' lang='lat' dir='ltr'>tertio:</span> <span class='ocrx_word' id='word_1_75' title='bbox 765 837 779 851; x_wconf 86' lang='lat'>«</span> <span class='ocrx_word' id='word_1_76' title='bbox 798 823 892 855; x_wconf 87' lang='lat' dir='ltr'>Vobis</span> <span class='ocrx_word' id='word_1_77' title='bbox 928 822 1065 864; x_wconf 84' lang='lat' dir='ltr'>primum</span> <span class='ocrx_word' id='word_1_78' title='bbox 1101 820 1266 863; x_wconf 75' lang='lat' dir='ltr'>oportebat</span> 
     </span>
     <span class='ocr_line' id='line_1_19' title="bbox 308 872 1266 924; baseline -0.009 -11"><span class='ocrx_word' id='word_1_79' title='bbox 308 882 390 924; x_wconf 87' lang='lat' dir='ltr'>loqui</span> <span class='ocrx_word' id='word_1_80' title='bbox 428 880 558 912; x_wconf 88' lang='lat' dir='ltr'>verbum</span> <span class='ocrx_word' id='word_1_81' title='bbox 590 878 662 916; x_wconf 88' lang='lat' dir='ltr'>Dei,</span> <span class='ocrx_word' id='word_1_82' title='bbox 692 876 745 909; x_wconf 88' lang='lat' dir='ltr'>sed</span> <span class='ocrx_word' id='word_1_83' title='bbox 782 875 930 918; x_wconf 88' lang='lat' dir='ltr'>quoniam</span> <span class='ocrx_word' id='word_1_84' title='bbox 960 874 1110 916; x_wconf 78' lang='lat' dir='ltr'>repellitis</span> <span class='ocrx_word' id='word_1_85' title='bbox 1134 872 1211 905; x_wconf 92' lang='lat' dir='ltr'>illud</span> <span class='ocrx_word' id='word_1_86' title='bbox 1235 875 1266 904; x_wconf 89' lang='lat' dir='ltr'>et</span> 
     </span>
     <span class='ocr_line' id='line_1_20' title="bbox 306 928 1266 976; baseline -0.01 -9"><span class='ocrx_word' id='word_1_87' title='bbox 306 935 447 976; x_wconf 85' lang='lat' dir='ltr'>indignos</span> <span class='ocrx_word' id='word_1_88' title='bbox 471 942 526 965; x_wconf 88' lang='lat' dir='ltr'>vos</span> <span class='ocrx_word' id='word_1_89' title='bbox 550 931 693 964; x_wconf 86' lang='lat' dir='ltr'>iudicatis</span> <span class='ocrx_word' id='word_1_90' title='bbox 724 933 869 962; x_wconf 76' lang='lat' dir='ltr'>aeternae</span> <span class='ocrx_word' id='word_1_91' title='bbox 892 928 992 966; x_wconf 89' lang='lat' dir='ltr'>vitae,</span> <span class='ocrx_word' id='word_1_92' title='bbox 1017 936 1106 965; x_wconf 92' lang='lat' dir='ltr'>ecce,</span> <span class='ocrx_word' id='word_1_93' title='bbox 1135 934 1266 959; x_wconf 91' lang='lat' dir='ltr'>conver-</span> 
     </span>
     <span class='ocr_line' id='line_1_21' title="bbox 308 979 1265 1028; baseline -0.01 -8"><span class='ocrx_word' id='word_1_94' title='bbox 308 989 403 1020; x_wconf 89' lang='lat' dir='ltr'>timur</span> <span class='ocrx_word' id='word_1_95' title='bbox 427 987 464 1019; x_wconf 90' lang='lat' dir='ltr'>ad</span> <span class='ocrx_word' id='word_1_96' title='bbox 488 986 595 1028; x_wconf 83' lang='lat' dir='ltr'>gentes</span> <span class='ocrx_word' id='word_1_97' title='bbox 612 998 642 1023; x_wconf 91' lang='lat'>»,</span> <span class='ocrx_word' id='word_1_98' title='bbox 667 982 757 1025; x_wconf 90' lang='lat' dir='ltr'>quasi</span> <span class='ocrx_word' id='word_1_99' title='bbox 782 983 813 1014; x_wconf 93' lang='lat' dir='ltr'>in</span> <span class='ocrx_word' id='word_1_100' title='bbox 849 984 1064 1022; x_wconf 89' lang='lat' dir='ltr'>contemptum</span> <span class='ocrx_word' id='word_1_101' title='bbox 1088 979 1265 1020; x_wconf 82' lang='lat' dir='ltr'>rebellium.</span> 
     </span>
     <span class='ocr_line' id='line_1_22' title="bbox 308 1031 1267 1078; baseline -0.011 -4"><span class='ocrx_word' id='word_1_102' title='bbox 308 1041 391 1074; x_wconf 74' lang='lat' dir='ltr'>[nde</span> <span class='ocrx_word' id='word_1_103' title='bbox 415 1040 515 1072; x_wconf 84' lang='lat' dir='ltr'>addit:</span> <span class='ocrx_word' id='word_1_104' title='bbox 543 1038 634 1078; x_wconf 84' lang='lat' dir='ltr'>Quae</span> <span class='ocrx_word' id='word_1_105' title='bbox 651 1041 697 1068; x_wconf 80' lang='lat' dir='ltr'>est</span> <span class='ocrx_word' id='word_1_106' title='bbox 712 1040 829 1068; x_wconf 82' lang='lat' dir='ltr'>eontra</span> <span class='ocrx_word' id='word_1_107' title='bbox 850 1034 1053 1071; x_wconf 83' lang='lat' dir='ltr'>Galilaeam,·</span> <span class='ocrx_word' id='word_1_108' title='bbox 1069 1041 1154 1076; x_wconf 83' lang='lat' dir='ltr'>quae</span> <span class='ocrx_word' id='word_1_109' title='bbox 1169 1031 1267 1064; x_wconf 80' lang='lat' dir='ltr'>refer-</span> 
     </span>
     <span class='ocr_line' id='line_1_23' title="bbox 310 1087 1268 1130; baseline -0.011 -3"><span class='ocrx_word' id='word_1_110' title='bbox 310 1100 360 1127; x_wconf 88' lang='lat' dir='ltr'>tur</span> <span class='ocrx_word' id='word_1_111' title='bbox 383 1094 420 1126; x_wconf 88' lang='lat' dir='ltr'>ad</span> <span class='ocrx_word' id='word_1_112' title='bbox 445 1093 609 1125; x_wconf 80' lang='lat' dir='ltr'>civitatem</span> <span class='ocrx_word' id='word_1_113' title='bbox 634 1089 821 1122; x_wconf 80' lang='lat' dir='ltr'>intellectam</span> <span class='ocrx_word' id='word_1_114' title='bbox 846 1097 901 1130; x_wconf 92' lang='lat' dir='ltr'>per</span> <span class='ocrx_word' id='word_1_115' title='bbox 925 1087 1008 1119; x_wconf 89' lang='lat' dir='ltr'>illam</span> <span class='ocrx_word' id='word_1_116' title='bbox 1026 1089 1169 1128; x_wconf 85' lang='lat' dir='ltr'>gentem,</span> <span class='ocrx_word' id='word_1_117' title='bbox 1186 1092 1268 1126; x_wconf 88' lang='lat' dir='ltr'>quae</span> 
     </span>
     <span class='ocr_line' id='line_1_24' title="bbox 308 1139 1267 1182; baseline -0.011 -2"><span class='ocrx_word' id='word_1_118' title='bbox 308 1147 424 1180; x_wconf 70' lang='lat' dir='ltr'>scilicet</span> <span class='ocrx_word' id='word_1_119' title='bbox 452 1146 581 1178; x_wconf 73' lang='lat' dir='ltr'>Gerasa</span> <span class='ocrx_word' id='word_1_120' title='bbox 604 1143 729 1175; x_wconf 88' lang='lat' dir='ltr'>dicitur.</span> <span class='ocrx_word' id='word_1_121' title='bbox 756 1142 831 1174; x_wconf 92' lang='lat' dir='ltr'>Illuc</span> <span class='ocrx_word' id='word_1_122' title='bbox 855 1140 1029 1182; x_wconf 87' lang='lat' dir='ltr'>navigavit,</span> <span class='ocrx_word' id='word_1_123' title='bbox 1054 1143 1091 1171; x_wconf 94' lang='lat' dir='ltr'>ut</span> <span class='ocrx_word' id='word_1_124' title='bbox 1115 1139 1267 1171; x_wconf 88' lang='lat' dir='ltr'>virtutem</span> 
     </span>
     <span class='ocr_line' id='line_1_25' title="bbox 308 1192 1267 1243; baseline -0.008 -12"><span class='ocrx_word' id='word_1_125' title='bbox 308 1200 463 1243; x_wconf 75' lang='lat' dir='ltr'>potentiae</span> <span class='ocrx_word' id='word_1_126' title='bbox 487 1207 542 1240; x_wconf 87' lang='lat' dir='ltr'>per</span> <span class='ocrx_word' id='word_1_127' title='bbox 568 1196 720 1230; x_wconf 86' lang='lat' dir='ltr'>miracula</span> <span class='ocrx_word' id='word_1_128' title='bbox 748 1194 927 1228; x_wconf 79' lang='lat' dir='ltr'>ostenderet</span> <span class='ocrx_word' id='word_1_129' title='bbox 950 1197 981 1226; x_wconf 89' lang='lat' dir='ltr'>et</span> <span class='ocrx_word' id='word_1_130' title='bbox 1004 1193 1041 1225; x_wconf 91' lang='lat' dir='ltr'>ad</span> <span class='ocrx_word' id='word_1_131' title='bbox 1067 1201 1100 1225; x_wconf 90' lang='lat' dir='ltr'>se</span> <span class='ocrx_word' id='word_1_132' title='bbox 1117 1192 1267 1224; x_wconf 87' lang='lat' dir='ltr'>traheret.</span> 
     </span>
     <span class='ocr_line' id='line_1_26' title="bbox 308 1244 1269 1295; baseline -0.01 -9"><span class='ocrx_word' id='word_1_133' title='bbox 308 1255 535 1295; x_wconf 85' lang='lat' dir='ltr'>lnterpretatur</span> <span class='ocrx_word' id='word_1_134' title='bbox 560 1258 696 1291; x_wconf 87' lang='lat' dir='ltr'>namque</span> <span class='ocrx_word' id='word_1_135' title='bbox 725 1249 866 1286; x_wconf 75' lang='lat' dir='ltr'>Gerasa,</span> <span class='ocrx_word' id='word_1_136' title='bbox 884 1252 920 1279; x_wconf 90' lang='lat' dir='ltr'>ut</span> <span class='ocrx_word' id='word_1_137' title='bbox 935 1247 1009 1279; x_wconf 91' lang='lat' dir='ltr'>dicit</span> <span class='ocrx_word' id='word_1_138' title='bbox 1026 1245 1165 1284; x_wconf 79' lang='lat' dir='ltr'>Glossa2‚</span> <span class='ocrx_word' id='word_1_139' title='bbox 1188 1244 1269 1276; x_wconf 85' lang='lat' dir='ltr'>«ad-</span> 
     </span>
     <span class='ocr_line' id='line_1_27' title="bbox 310 1296 1268 1345; baseline -0.009 -7"><span class='ocrx_word' id='word_1_140' title='bbox 310 1317 385 1339; x_wconf 73' lang='lat' dir='ltr'>vena</span> <span class='ocrx_word' id='word_1_141' title='bbox 402 1319 433 1345; x_wconf 79' lang='lat'>»3</span> <span class='ocrx_word' id='word_1_142' title='bbox 465 1310 495 1338; x_wconf 84' lang='lat' dir='ltr'>et</span> <span class='ocrx_word' id='word_1_143' title='bbox 519 1305 587 1337; x_wconf 86' lang='lat' dir='ltr'>ideo</span> <span class='ocrx_word' id='word_1_144' title='bbox 611 1303 752 1344; x_wconf 87' lang='lat' dir='ltr'>designat</span> <span class='ocrx_word' id='word_1_145' title='bbox 780 1305 897 1344; x_wconf 83' lang='lat' dir='ltr'>gentes,</span> <span class='ocrx_word' id='word_1_146' title='bbox 923 1299 1096 1333; x_wconf 89' lang='lat' dir='ltr'>secundum</span> <span class='ocrx_word' id='word_1_147' title='bbox 1129 1297 1206 1330; x_wconf 88' lang='lat' dir='ltr'>illud</span> <span class='ocrx_word' id='word_1_148' title='bbox 1230 1296 1268 1329; x_wconf 89' lang='lat' dir='ltr'>ad</span> 
     </span>
     <span class='ocr_line' id='line_1_28' title="bbox 309 1350 1269 1402; baseline -0.01 -9"><span class='ocrx_word' id='word_1_149' title='bbox 309 1360 456 1402; x_wconf 74' lang='lat' dir='ltr'>lipliesios</span> <span class='ocrx_word' id='word_1_150' title='bbox 480 1357 634 1391; x_wconf 87' lang='lat' dir='ltr'>secundo:</span> <span class='ocrx_word' id='word_1_151' title='bbox 664 1369 679 1384; x_wconf 90' lang='lat'>«</span> <span class='ocrx_word' id='word_1_152' title='bbox 694 1357 846 1388; x_wconf 87' lang='lat' dir='ltr'>Memores</span> <span class='ocrx_word' id='word_1_153' title='bbox 870 1358 982 1392; x_wconf 84' lang='lat' dir='ltr'>estote,</span> <span class='ocrx_word' id='word_1_154' title='bbox 1000 1352 1084 1395; x_wconf 89' lang='lat' dir='ltr'>quod</span> <span class='ocrx_word' id='word_1_155' title='bbox 1101 1350 1269 1393; x_wconf 88' lang='lat' dir='ltr'>aliquando</span> 
     </span>
     <span class='ocr_line' id='line_1_29' title="bbox 311 1405 1265 1453; baseline -0.009 -7"><span class='ocrx_word' id='word_1_156' title='bbox 311 1423 362 1446; x_wconf 74' lang='lat' dir='ltr'>vos</span> <span class='ocrx_word' id='word_1_157' title='bbox 398 1412 492 1445; x_wconf 84' lang='lat' dir='ltr'>eratis</span> <span class='ocrx_word' id='word_1_158' title='bbox 526 1414 655 1453; x_wconf 85' lang='lat' dir='ltr'>gentes,</span> <span class='ocrx_word' id='word_1_159' title='bbox 679 1409 802 1441; x_wconf 85' lang='lat' dir='ltr'>alienati</span> <span class='ocrx_word' id='word_1_160' title='bbox 838 1418 856 1440; x_wconf 90' lang='lat' dir='ltr'>a</span> <span class='ocrx_word' id='word_1_161' title='bbox 887 1406 1123 1440; x_wconf 88' lang='lat' dir='ltr'>conversatione</span> <span class='ocrx_word' id='word_1_162' title='bbox 1155 1405 1265 1443; x_wconf 86' lang='lat' dir='ltr'>lsrael,</span> 
     </span>
     <span class='ocr_line' id='line_1_30' title="bbox 311 1459 1268 1509; baseline -0.01 -9"><span class='ocrx_word' id='word_1_163' title='bbox 311 1466 523 1509; x_wconf 77' lang='lat' dir='ltr'>promissionis</span> <span class='ocrx_word' id='word_1_164' title='bbox 547 1473 634 1506; x_wconf 86' lang='lat' dir='ltr'>spem</span> <span class='ocrx_word' id='word_1_165' title='bbox 660 1472 720 1495; x_wconf 93' lang='lat' dir='ltr'>non</span> <span class='ocrx_word' id='word_1_166' title='bbox 745 1462 895 1494; x_wconf 87' lang='lat' dir='ltr'>habentes</span> <span class='ocrx_word' id='word_1_167' title='bbox 919 1465 949 1494; x_wconf 91' lang='lat' dir='ltr'>et</span> <span class='ocrx_word' id='word_1_168' title='bbox 973 1461 1039 1493; x_wconf 92' lang='lat' dir='ltr'>sine</span> <span class='ocrx_word' id='word_1_169' title='bbox 1063 1460 1127 1492; x_wconf 91' lang='lat' dir='ltr'>Deo</span> <span class='ocrx_word' id='word_1_170' title='bbox 1151 1459 1183 1491; x_wconf 92' lang='lat' dir='ltr'>in</span> <span class='ocrx_word' id='word_1_171' title='bbox 1209 1459 1268 1491; x_wconf 91' lang='lat' dir='ltr'>hoc</span> 
     </span>
     <span class='ocr_line' id='line_1_31' title="bbox 311 1512 1269 1555; baseline -0.009 -2"><span class='ocrx_word' id='word_1_172' title='bbox 311 1520 435 1553; x_wconf 81' lang='lat' dir='ltr'>inundo.</span> <span class='ocrx_word' id='word_1_173' title='bbox 469 1519 556 1551; x_wconf 88' lang='lat' dir='ltr'>Nunc</span> <span class='ocrx_word' id='word_1_174' title='bbox 592 1520 697 1549; x_wconf 86' lang='lat' dir='ltr'>autem</span> <span class='ocrx_word' id='word_1_175' title='bbox 735 1516 764 1548; x_wconf 88' lang='lat' dir='ltr'>in</span> <span class='ocrx_word' id='word_1_176' title='bbox 789 1515 914 1548; x_wconf 88' lang='lat' dir='ltr'>Christo</span> <span class='ocrx_word' id='word_1_177' title='bbox 939 1515 1006 1547; x_wconf 91' lang='lat' dir='ltr'>lesu</span> <span class='ocrx_word' id='word_1_178' title='bbox 1032 1523 1103 1552; x_wconf 89' lang='lat' dir='ltr'>vos,</span> <span class='ocrx_word' id='word_1_179' title='bbox 1127 1513 1182 1555; x_wconf 90' lang='lat' dir='ltr'>qui</span> <span class='ocrx_word' id='word_1_180' title='bbox 1214 1512 1269 1544; x_wconf 86' lang='lat' dir='ltr'>ali-</span> 
     </span>
     <span class='ocr_line' id='line_1_32' title="bbox 309 1566 1270 1615; baseline -0.009 -9"><span class='ocrx_word' id='word_1_181' title='bbox 309 1573 434 1615; x_wconf 77' lang='lat' dir='ltr'>quando</span> <span class='ocrx_word' id='word_1_182' title='bbox 458 1571 553 1605; x_wconf 82' lang='lat' dir='ltr'>eratis</span> <span class='ocrx_word' id='word_1_183' title='bbox 577 1571 684 1612; x_wconf 81' lang='lat' dir='ltr'>longe,</span> <span class='ocrx_word' id='word_1_184' title='bbox 710 1570 780 1602; x_wconf 84' lang='lat' dir='ltr'>facti</span> <span class='ocrx_word' id='word_1_185' title='bbox 805 1569 879 1601; x_wconf 88' lang='lat' dir='ltr'>estis</span> <span class='ocrx_word' id='word_1_186' title='bbox 896 1577 994 1610; x_wconf 91' lang='lat' dir='ltr'>prope</span> <span class='ocrx_word' id='word_1_187' title='bbox 1010 1581 1040 1598; x_wconf 91' lang='lat'>».</span> <span class='ocrx_word' id='word_1_188' title='bbox 1060 1567 1145 1600; x_wconf 89' lang='lat' dir='ltr'>Unde</span> <span class='ocrx_word' id='word_1_189' title='bbox 1161 1567 1193 1598; x_wconf 95' lang='lat' dir='ltr'>in</span> <span class='ocrx_word' id='word_1_190' title='bbox 1211 1566 1270 1598; x_wconf 92' lang='lat' dir='ltr'>hoc</span> 
     </span>
     <span class='ocr_line' id='line_1_33' title="bbox 312 1620 1270 1668; baseline -0.006 -11"><span class='ocrx_word' id='word_1_191' title='bbox 312 1630 408 1668; x_wconf 74' lang='lat' dir='ltr'>patet,</span> <span class='ocrx_word' id='word_1_192' title='bbox 425 1625 509 1668; x_wconf 90' lang='lat' dir='ltr'>quod</span> <span class='ocrx_word' id='word_1_193' title='bbox 531 1638 546 1652; x_wconf 73' lang='grc' dir='ltr'><em>α</em></span> <span class='ocrx_word' id='word_1_194' title='bbox 559 1624 639 1657; x_wconf 91' lang='lat' dir='ltr'>idem</span> <span class='ocrx_word' id='word_1_195' title='bbox 658 1623 809 1655; x_wconf 88' lang='lat' dir='ltr'>Dominus</span> <span class='ocrx_word' id='word_1_196' title='bbox 825 1622 964 1654; x_wconf 92' lang='lat' dir='ltr'>omnium</span> <span class='ocrx_word' id='word_1_197' title='bbox 977 1647 984 1660; x_wconf 91' lang='lat'>,</span> <span class='ocrx_word' id='word_1_198' title='bbox 1001 1621 1088 1653; x_wconf 89' lang='lat' dir='ltr'>dives</span> <span class='ocrx_word' id='word_1_199' title='bbox 1104 1620 1135 1652; x_wconf 93' lang='lat' dir='ltr'>in</span> <span class='ocrx_word' id='word_1_200' title='bbox 1151 1627 1270 1657; x_wconf 88' lang='lat' dir='ltr'>omnes,</span> 
     </span>
     <span class='ocr_line' id='line_1_34' title="bbox 310 1671 1271 1722; baseline -0.009 -10"><span class='ocrx_word' id='word_1_201' title='bbox 310 1681 363 1722; x_wconf 78' lang='lat' dir='ltr'>qui</span> <span class='ocrx_word' id='word_1_202' title='bbox 388 1680 533 1711; x_wconf 81' lang='lat' dir='ltr'>invocant</span> <span class='ocrx_word' id='word_1_203' title='bbox 556 1678 644 1710; x_wconf 90' lang='lat' dir='ltr'>illum</span> <span class='ocrx_word' id='word_1_204' title='bbox 663 1690 692 1715; x_wconf 75' lang='lat' dir='ltr'>n,</span> <span class='ocrx_word' id='word_1_205' title='bbox 716 1676 755 1708; x_wconf 91' lang='lat' dir='ltr'>ad</span> <span class='ocrx_word' id='word_1_206' title='bbox 773 1676 925 1707; x_wconf 85' lang='lat' dir='ltr'>Romanos</span> <span class='ocrx_word' id='word_1_207' title='bbox 948 1674 1068 1706; x_wconf 89' lang='lat' dir='ltr'>decimo</span> <span class='ocrx_word' id='word_1_208' title='bbox 1081 1673 1103 1704; x_wconf 85' lang='lat'>³.</span> <span class='ocrx_word' id='word_1_209' title='bbox 1135 1671 1271 1704; x_wconf 81' lang='lat' dir='ltr'>«Omnis</span> 
     </span>
     <span class='ocr_line' id='line_1_35' title="bbox 310 1725 1272 1774; baseline -0.01 -8"><span class='ocrx_word' id='word_1_210' title='bbox 310 1733 403 1771; x_wconf 80' lang='lat' dir='ltr'>enim,</span> <span class='ocrx_word' id='word_1_211' title='bbox 428 1732 621 1774; x_wconf 84' lang='lat' dir='ltr'>quicumque</span> <span class='ocrx_word' id='word_1_212' title='bbox 642 1728 834 1761; x_wconf 81' lang='lat' dir='ltr'>invocaverit</span> <span class='ocrx_word' id='word_1_213' title='bbox 858 1736 969 1759; x_wconf 90' lang='lat' dir='ltr'>nomen</span> <span class='ocrx_word' id='word_1_214' title='bbox 1000 1725 1140 1764; x_wconf 89' lang='lat' dir='ltr'>Domini,</span> <span class='ocrx_word' id='word_1_215' title='bbox 1166 1725 1272 1757; x_wconf 86' lang='lat' dir='ltr'>salvus</span> 
     </span>
     <span class='ocr_line' id='line_1_36' title="bbox 311 1786 418 1819; baseline -0.019 0"><span class='ocrx_word' id='word_1_216' title='bbox 311 1786 372 1819; x_wconf 74' lang='lat' dir='ltr'>Ol‘it</span> <span class='ocrx_word' id='word_1_217' title='bbox 389 1799 418 1817; x_wconf 86' lang='lat'>».</span> 
     </span>
    </p>

    <p class='ocr_par' dir='ltr' id='par_1_8' title="bbox 311 1834 1279 2512">
     <span class='ocr_line' id='line_1_37' title="bbox 400 1834 1272 1879; baseline -0.01 -7"><span class='ocrx_word' id='word_1_218' title='bbox 400 1840 452 1872; x_wconf 67' lang='lat'>48.</span> <span class='ocrx_word' id='word_1_219' title='bbox 478 1838 579 1879; x_wconf 88' lang='lat' dir='ltr'>(Vers.</span> <span class='ocrx_word' id='word_1_220' title='bbox 604 1836 681 1876; x_wconf 54' lang='lat'><strong>²27.)</strong></span> <span class='ocrx_word' id='word_1_221' title='bbox 708 1835 777 1868; x_wconf 85' lang='lat' dir='ltr'>ideo</span> <span class='ocrx_word' id='word_1_222' title='bbox 800 1834 944 1867; x_wconf 85' lang='lat' dir='ltr'>additur:</span> <span class='ocrx_word' id='word_1_223' title='bbox 965 1834 1004 1865; x_wconf 82' lang='lat' dir='ltr'>Et</span> <span class='ocrx_word' id='word_1_224' title='bbox 1027 1843 1101 1865; x_wconf 83' lang='lat' dir='ltr'>cum</span> <span class='ocrx_word' id='word_1_225' title='bbox 1120 1841 1272 1875; x_wconf 67' lang='lat' dir='ltr'>egressus</span> 
     </span>
     <span class='ocr_line' id='line_1_38' title="bbox 311 1885 1273 1930; baseline -0.009 -5"><span class='ocrx_word' id='word_1_226' title='bbox 311 1897 391 1925; x_wconf 74' lang='lat' dir='ltr'>esset</span> <span class='ocrx_word' id='word_1_227' title='bbox 414 1892 459 1924; x_wconf 82' lang='lat' dir='ltr'>ad</span> <span class='ocrx_word' id='word_1_228' title='bbox 483 1895 630 1928; x_wconf 79' lang='lat' dir='ltr'>terram,</span> <span class='ocrx_word' id='word_1_229' title='bbox 653 1888 801 1921; x_wconf 79' lang='lat' dir='ltr'>occurrit</span> <span class='ocrx_word' id='word_1_230' title='bbox 824 1888 853 1920; x_wconf 87' lang='lat' dir='ltr'>ei</span> <span class='ocrx_word' id='word_1_231' title='bbox 865 1889 878 1906; x_wconf 72' lang='lat'>4</span> <span class='ocrx_word' id='word_1_232' title='bbox 893 1887 948 1919; x_wconf 84' lang='lat' dir='ltr'>vir</span> <span class='ocrx_word' id='word_1_233' title='bbox 965 1886 1120 1930; x_wconf 83' lang='lat' dir='ltr'>quidam,</span> <span class='ocrx_word' id='word_1_234' title='bbox 1139 1888 1174 1917; x_wconf 91' lang='lat' dir='ltr'>ut</span> <span class='ocrx_word' id='word_1_235' title='bbox 1191 1885 1273 1918; x_wconf 89' lang='lat' dir='ltr'>sicut</span> 
     </span>
     <span class='ocr_line' id='line_1_39' title="bbox 313 1939 1273 1980; baseline -0.008 -2"><span class='ocrx_word' id='word_1_236' title='bbox 313 1945 467 1978; x_wconf 80' lang='lat' dir='ltr'>mirabilia</span> <span class='ocrx_word' id='word_1_237' title='bbox 489 1944 605 1976; x_wconf 82' lang='lat' dir='ltr'>fecerat</span> <span class='ocrx_word' id='word_1_238' title='bbox 630 1943 660 1974; x_wconf 95' lang='lat' dir='ltr'>in</span> <span class='ocrx_word' id='word_1_239' title='bbox 686 1942 780 1980; x_wconf 87' lang='lat' dir='ltr'>mari,</span> <span class='ocrx_word' id='word_1_240' title='bbox 805 1941 848 1973; x_wconf 88' lang='lat' dir='ltr'>ita</span> <span class='ocrx_word' id='word_1_241' title='bbox 871 1944 902 1973; x_wconf 89' lang='lat' dir='ltr'>et</span> <span class='ocrx_word' id='word_1_242' title='bbox 926 1940 956 1972; x_wconf 93' lang='lat' dir='ltr'>in</span> <span class='ocrx_word' id='word_1_243' title='bbox 974 1943 1068 1972; x_wconf 88' lang='lat' dir='ltr'>terra.</span> <span class='ocrx_word' id='word_1_244' title='bbox 1088 1939 1124 1971; x_wconf 87' lang='lat' dir='ltr'>Et</span> <span class='ocrx_word' id='word_1_245' title='bbox 1140 1948 1196 1980; x_wconf 90' lang='lat' dir='ltr'>per</span> <span class='ocrx_word' id='word_1_246' title='bbox 1214 1939 1273 1970; x_wconf 85' lang='lat' dir='ltr'>hoc</span> 
     </span>
     <span class='ocr_line' id='line_1_40' title="bbox 312 1991 1274 2038; baseline -0.006 -9"><span class='ocrx_word' id='word_1_247' title='bbox 312 2001 458 2038; x_wconf 75' lang='lat' dir='ltr'>apparet,</span> <span class='ocrx_word' id='word_1_248' title='bbox 483 1996 567 2038; x_wconf 90' lang='lat' dir='ltr'>quod</span> <span class='ocrx_word' id='word_1_249' title='bbox 591 1995 656 2037; x_wconf 88' lang='lat' dir='ltr'>ipse</span> <span class='ocrx_word' id='word_1_250' title='bbox 682 1998 728 2026; x_wconf 89' lang='lat' dir='ltr'>est</span> <span class='ocrx_word' id='word_1_251' title='bbox 752 1994 821 2032; x_wconf 88' lang='lat' dir='ltr'>ille,</span> <span class='ocrx_word' id='word_1_252' title='bbox 846 1993 884 2026; x_wconf 90' lang='lat' dir='ltr'>de</span> <span class='ocrx_word' id='word_1_253' title='bbox 908 2002 972 2035; x_wconf 85' lang='lat' dir='ltr'>quo</span> <span class='ocrx_word' id='word_1_254' title='bbox 997 1993 1028 2025; x_wconf 93' lang='lat' dir='ltr'>in</span> <span class='ocrx_word' id='word_1_255' title='bbox 1053 1992 1174 2025; x_wconf 85' lang='lat' dir='ltr'>Psalmo</span> <span class='ocrx_word' id='word_1_256' title='bbox 1198 1991 1274 2023; x_wconf 89' lang='lat' dir='ltr'>dici-</span> 
     </span>
     <span class='ocr_line' id='line_1_41' title="bbox 313 2044 1273 2090; baseline -0.006 -8"><span class='ocrx_word' id='word_1_257' title='bbox 313 2055 379 2082; x_wconf 87' lang='lat' dir='ltr'>tur:</span> <span class='ocrx_word' id='word_1_258' title='bbox 410 2062 425 2077; x_wconf 83' lang='lat'><strong><em>«</em></strong></span> <span class='ocrx_word' id='word_1_259' title='bbox 442 2049 570 2087; x_wconf 90' lang='lat' dir='ltr'>Omnia,</span> <span class='ocrx_word' id='word_1_260' title='bbox 595 2056 815 2090; x_wconf 87' lang='lat' dir='ltr'>quaecumque</span> <span class='ocrx_word' id='word_1_261' title='bbox 841 2046 938 2079; x_wconf 91' lang='lat' dir='ltr'>voluit</span> <span class='ocrx_word' id='word_1_262' title='bbox 957 2045 1124 2084; x_wconf 86' lang='lat' dir='ltr'>Dominus,</span> <span class='ocrx_word' id='word_1_263' title='bbox 1149 2045 1221 2077; x_wconf 85' lang='lat' dir='ltr'>fecit</span> <span class='ocrx_word' id='word_1_264' title='bbox 1242 2044 1273 2076; x_wconf 93' lang='lat' dir='ltr'>in</span> 
     </span>
     <span class='ocr_line' id='line_1_42' title="bbox 313 2098 1273 2140; baseline -0.006 -5"><span class='ocrx_word' id='word_1_265' title='bbox 313 2103 397 2135; x_wconf 84' lang='lat' dir='ltr'>caelo</span> <span class='ocrx_word' id='word_1_266' title='bbox 421 2107 452 2135; x_wconf 91' lang='lat' dir='ltr'>et</span> <span class='ocrx_word' id='word_1_267' title='bbox 475 2103 504 2134; x_wconf 93' lang='lat' dir='ltr'>in</span> <span class='ocrx_word' id='word_1_268' title='bbox 531 2106 630 2140; x_wconf 88' lang='lat' dir='ltr'>terra,</span> <span class='ocrx_word' id='word_1_269' title='bbox 655 2101 687 2133; x_wconf 90' lang='lat' dir='ltr'>in</span> <span class='ocrx_word' id='word_1_270' title='bbox 712 2101 789 2133; x_wconf 82' lang='lat' dir='ltr'>mari</span> <span class='ocrx_word' id='word_1_271' title='bbox 814 2104 846 2133; x_wconf 90' lang='lat' dir='ltr'>et</span> <span class='ocrx_word' id='word_1_272' title='bbox 867 2100 899 2132; x_wconf 92' lang='lat' dir='ltr'>in</span> <span class='ocrx_word' id='word_1_273' title='bbox 931 2099 1077 2132; x_wconf 84' lang='lat' dir='ltr'>omnibus</span> <span class='ocrx_word' id='word_1_274' title='bbox 1105 2098 1226 2140; x_wconf 84' lang='lat' dir='ltr'>abyssis</span> <span class='ocrx_word' id='word_1_275' title='bbox 1242 2111 1273 2128; x_wconf 87' lang='lat'>».</span> 
     </span>
     <span class='ocr_line' id='line_1_43' title="bbox 316 2151 1274 2196; baseline -0.004 -9"><span class='ocrx_word' id='word_1_276' title='bbox 316 2156 350 2187; x_wconf 83' lang='lat' dir='ltr'>Et</span> <span class='ocrx_word' id='word_1_277' title='bbox 373 2156 432 2188; x_wconf 91' lang='lat' dir='ltr'>hoc</span> <span class='ocrx_word' id='word_1_278' title='bbox 455 2155 590 2187; x_wconf 86' lang='lat' dir='ltr'>ostendit</span> <span class='ocrx_word' id='word_1_279' title='bbox 614 2155 645 2187; x_wconf 93' lang='lat' dir='ltr'>in</span> <span class='ocrx_word' id='word_1_280' title='bbox 677 2155 745 2187; x_wconf 88' lang='lat' dir='ltr'>viro</span> <span class='ocrx_word' id='word_1_281' title='bbox 768 2154 845 2193; x_wconf 87' lang='lat' dir='ltr'>isto,</span> <span class='ocrx_word' id='word_1_282' title='bbox 870 2154 924 2196; x_wconf 91' lang='lat' dir='ltr'>qui</span> <span class='ocrx_word' id='word_1_283' title='bbox 949 2153 1061 2185; x_wconf 89' lang='lat' dir='ltr'>merito</span> <span class='ocrx_word' id='word_1_284' title='bbox 1084 2152 1200 2185; x_wconf 88' lang='lat' dir='ltr'>dicitur</span> <span class='ocrx_word' id='word_1_285' title='bbox 1221 2151 1274 2184; x_wconf 85' lang='lat' dir='ltr'>vir</span> 
     </span>
     <span class='ocr_line' id='line_1_44' title="bbox 315 2206 1275 2251; baseline -0.003 -11"><span class='ocrx_word' id='word_1_286' title='bbox 315 2209 453 2251; x_wconf 74' lang='lat' dir='ltr'>quidam</span> <span class='ocrx_word' id='word_1_287' title='bbox 476 2207 644 2249; x_wconf 88' lang='lat' dir='ltr'>singularis</span> <span class='ocrx_word' id='word_1_288' title='bbox 668 2207 838 2248; x_wconf 85' lang='lat' dir='ltr'>passionis,</span> <span class='ocrx_word' id='word_1_289' title='bbox 863 2207 917 2248; x_wconf 93' lang='lat' dir='ltr'>qui</span> <span class='ocrx_word' id='word_1_290' title='bbox 943 2206 1088 2238; x_wconf 89' lang='lat' dir='ltr'>notabilis</span> <span class='ocrx_word' id='word_1_291' title='bbox 1111 2208 1179 2238; x_wconf 90' lang='lat' dir='ltr'>erat</span> <span class='ocrx_word' id='word_1_292' title='bbox 1203 2214 1275 2247; x_wconf 91' lang='lat' dir='ltr'>per-</span> 
     </span>
     <span class='ocr_line' id='line_1_45' title="bbox 316 2257 1276 2292; baseline -0.003 0"><span class='ocrx_word' id='word_1_293' title='bbox 316 2269 391 2292; x_wconf 90' lang='lat' dir='ltr'>sona</span> <span class='ocrx_word' id='word_1_294' title='bbox 414 2263 445 2292; x_wconf 89' lang='lat' dir='ltr'>et</span> <span class='ocrx_word' id='word_1_295' title='bbox 465 2259 643 2292; x_wconf 88' lang='lat' dir='ltr'>notabiliter</span> <span class='ocrx_word' id='word_1_296' title='bbox 667 2262 698 2291; x_wconf 88' lang='lat' dir='ltr'>et</span> <span class='ocrx_word' id='word_1_297' title='bbox 722 2259 941 2291; x_wconf 86' lang='lat' dir='ltr'>miserabiliter</span> <span class='ocrx_word' id='word_1_298' title='bbox 966 2261 1034 2291; x_wconf 91' lang='lat' dir='ltr'>erat</span> <span class='ocrx_word' id='word_1_299' title='bbox 1057 2258 1214 2291; x_wconf 88' lang='lat' dir='ltr'>obsessus.</span> <span class='ocrx_word' id='word_1_300' title='bbox 1241 2257 1276 2289; x_wconf 90' lang='lat' dir='ltr'>Et</span> 
     </span>
     <span class='ocr_line' id='line_1_46' title="bbox 317 2310 1272 2352; baseline -0.003 -7"><span class='ocrx_word' id='word_1_301' title='bbox 317 2313 402 2351; x_wconf 90' lang='lat' dir='ltr'>ideo,</span> <span class='ocrx_word' id='word_1_302' title='bbox 420 2313 492 2344; x_wconf 89' lang='lat' dir='ltr'>licet</span> <span class='ocrx_word' id='word_1_303' title='bbox 515 2312 578 2344; x_wconf 93' lang='lat' dir='ltr'>duo</span> <span class='ocrx_word' id='word_1_304' title='bbox 601 2315 824 2350; x_wconf 88' lang='lat' dir='ltr'>occurrerent,</span> <span class='ocrx_word' id='word_1_305' title='bbox 849 2311 1022 2344; x_wconf 91' lang='lat' dir='ltr'>secundum</span> <span class='ocrx_word' id='word_1_306' title='bbox 1048 2311 1132 2352; x_wconf 90' lang='lat' dir='ltr'>quod</span> <span class='ocrx_word' id='word_1_307' title='bbox 1155 2310 1272 2343; x_wconf 88' lang='lat' dir='ltr'>dicitur</span> 
     </span>
     <span class='ocr_line' id='line_1_47' title="bbox 317 2363 1275 2403; baseline -0.003 -5"><span class='ocrx_word' id='word_1_308' title='bbox 317 2365 461 2398; x_wconf 80' lang='lat' dir='ltr'>Matthaei</span> <span class='ocrx_word' id='word_1_309' title='bbox 486 2368 596 2397; x_wconf 89' lang='lat' dir='ltr'>octavo</span> <span class='ocrx_word' id='word_1_310' title='bbox 609 2365 632 2403; x_wconf 83' lang='lat'>⁵,</span> <span class='ocrx_word' id='word_1_311' title='bbox 661 2365 759 2397; x_wconf 87' lang='lat' dir='ltr'>Lucas</span> <span class='ocrx_word' id='word_1_312' title='bbox 776 2368 879 2396; x_wconf 89' lang='lat' dir='ltr'>tamen</span> <span class='ocrx_word' id='word_1_313' title='bbox 895 2373 956 2396; x_wconf 92' lang='lat' dir='ltr'>non</span> <span class='ocrx_word' id='word_1_314' title='bbox 974 2367 1199 2396; x_wconf 85' lang='lat' dir='ltr'>commemorat</span> <span class='ocrx_word' id='word_1_315' title='bbox 1216 2363 1275 2395; x_wconf 87' lang='lat' dir='ltr'>nisi</span> 
     </span>
     <span class='ocr_line' id='line_1_48' title="bbox 317 2415 1278 2455; baseline -0.004 -4"><span class='ocrx_word' id='word_1_316' title='bbox 317 2427 486 2451; x_wconf 85' lang='lat' dir='ltr'>occursum</span> <span class='ocrx_word' id='word_1_317' title='bbox 510 2417 620 2455; x_wconf 92' lang='lat' dir='ltr'>unius,</span> <span class='ocrx_word' id='word_1_318' title='bbox 645 2416 736 2449; x_wconf 87' lang='lat' dir='ltr'>cuius</span> <span class='ocrx_word' id='word_1_319' title='bbox 760 2416 927 2448; x_wconf 87' lang='lat' dir='ltr'>notabilem</span> <span class='ocrx_word' id='word_1_320' title='bbox 952 2416 1149 2448; x_wconf 87' lang='lat' dir='ltr'>vexationem</span> <span class='ocrx_word' id='word_1_321' title='bbox 1174 2415 1278 2448; x_wconf 87' lang='lat' dir='ltr'>deter-</span> 
     </span>
     <span class='ocr_line' id='line_1_49' title="bbox 319 2468 1279 2512; baseline -0.004 -8"><span class='ocrx_word' id='word_1_322' title='bbox 319 2472 416 2504; x_wconf 86' lang='lat' dir='ltr'>minat</span> <span class='ocrx_word' id='word_1_323' title='bbox 432 2481 473 2504; x_wconf 89' lang='lat' dir='ltr'>ex</span> <span class='ocrx_word' id='word_1_324' title='bbox 491 2470 645 2512; x_wconf 80' lang='lat' dir='ltr'>temporis</span> <span class='ocrx_word' id='word_1_325' title='bbox 670 2469 900 2501; x_wconf 75' lang='lat' dir='ltr'>diuturnitate.</span> <span class='ocrx_word' id='word_1_326' title='bbox 920 2487 960 2492; x_wconf 96' lang='lat'>—</span> <span class='ocrx_word' id='word_1_327' title='bbox 979 2469 1108 2510; x_wconf 84' lang='lat' dir='ltr'>Propter</span> <span class='ocrx_word' id='word_1_328' title='bbox 1132 2468 1215 2510; x_wconf 92' lang='lat' dir='ltr'>quod</span> <span class='ocrx_word' id='word_1_329' title='bbox 1232 2468 1279 2500; x_wconf 89' lang='lat' dir='ltr'>di-</span> 
     </span>
    </p>
   </div>
   <div class='ocr_carea' id='block_1_7' title="bbox 891 255 1704 290">
    <p class='ocr_par' dir='ltr' id='par_1_9' title="bbox 891 255 1704 290">
     <span class='ocr_line' id='line_1_50' title="bbox 891 255 1704 290; baseline -0.005 0"><span class='ocrx_word' id='word_1_330' title='bbox 891 257 1084 290; x_wconf 89' lang='lat' dir='ltr'><strong>COMMENT.</strong></span> <span class='ocrx_word' id='word_1_331' title='bbox 1110 257 1147 289; x_wconf 92' lang='lat' dir='ltr'>IN</span> <span class='ocrx_word' id='word_1_332' title='bbox 1173 256 1409 289; x_wconf 82' lang='lat' dir='ltr'><strong>EVANGELIUM</strong></span> <span class='ocrx_word' id='word_1_333' title='bbox 1434 255 1551 288; x_wconf 77' lang='lat' dir='ltr'><strong>LUCAE</strong></span> <span class='ocrx_word' id='word_1_334' title='bbox 1575 255 1606 287; x_wconf 91' lang='lat' dir='ltr'>C.</span> <span class='ocrx_word' id='word_1_335' title='bbox 1633 255 1704 286; x_wconf 90' lang='lat' dir='ltr'>Vlll.</span> 
     </span>
    </p>
   </div>
   <div class='ocr_carea' id='block_1_8' title="bbox 1324 342 2285 650">
    <p class='ocr_par' dir='ltr' id='par_1_10' title="bbox 1324 342 2285 650">
     <span class='ocr_line' id='line_1_51' title="bbox 1324 342 2285 385; baseline -0.002 -9"><span class='ocrx_word' id='word_1_336' title='bbox 1324 345 1382 376; x_wconf 88' lang='lat' dir='ltr'>cit:</span> <span class='ocrx_word' id='word_1_337' title='bbox 1410 344 1476 385; x_wconf 86' lang='lat' dir='ltr'>Qui</span> <span class='ocrx_word' id='word_1_338' title='bbox 1499 342 1637 375; x_wconf 80' lang='lat' dir='ltr'>habebat</span> <span class='ocrx_word' id='word_1_339' title='bbox 1659 343 1874 375; x_wconf 80' lang='lat' dir='ltr'>daemonium</span> <span class='ocrx_word' id='word_1_340' title='bbox 1898 342 1968 374; x_wconf 86' lang='lat' dir='ltr'>iam</span> <span class='ocrx_word' id='word_1_341' title='bbox 1985 342 2185 384; x_wconf 76' lang='lat' dir='ltr'>temporibus</span> <span class='ocrx_word' id='word_1_342' title='bbox 2199 342 2285 375; x_wconf 84' lang='lat' dir='ltr'>mul-</span> 
     </span>
     <span class='ocr_line' id='line_1_52' title="bbox 1325 394 2285 438; baseline -0.002 -9"><span class='ocrx_word' id='word_1_343' title='bbox 1325 396 1385 435; x_wconf 74' lang='lat' dir='ltr'>tiS,</span> <span class='ocrx_word' id='word_1_344' title='bbox 1410 397 1453 429; x_wconf 87' lang='lat' dir='ltr'>ita</span> <span class='ocrx_word' id='word_1_345' title='bbox 1477 396 1560 438; x_wconf 87' lang='lat' dir='ltr'>quod</span> <span class='ocrx_word' id='word_1_346' title='bbox 1585 396 1645 428; x_wconf 91' lang='lat' dir='ltr'>iam</span> <span class='ocrx_word' id='word_1_347' title='bbox 1670 395 1729 428; x_wconf 90' lang='lat' dir='ltr'>sibi</span> <span class='ocrx_word' id='word_1_348' title='bbox 1761 404 1833 427; x_wconf 92' lang='lat' dir='ltr'>eum</span> <span class='ocrx_word' id='word_1_349' title='bbox 1866 394 2078 427; x_wconf 89' lang='lat' dir='ltr'>vindicaverat</span> <span class='ocrx_word' id='word_1_350' title='bbox 2108 394 2139 426; x_wconf 93' lang='lat' dir='ltr'>in</span> <span class='ocrx_word' id='word_1_351' title='bbox 2165 404 2285 436; x_wconf 85' lang='lat' dir='ltr'>posses—</span> 
     </span>
     <span class='ocr_line' id='line_1_53' title="bbox 1325 447 2285 490; baseline -0.002 -9"><span class='ocrx_word' id='word_1_352' title='bbox 1325 449 1461 488; x_wconf 89' lang='lat' dir='ltr'>sionem,</span> <span class='ocrx_word' id='word_1_353' title='bbox 1486 450 1529 481; x_wconf 84' lang='lat' dir='ltr'>ita</span> <span class='ocrx_word' id='word_1_354' title='bbox 1552 452 1588 481; x_wconf 91' lang='lat' dir='ltr'>ut</span> <span class='ocrx_word' id='word_1_355' title='bbox 1612 452 1716 490; x_wconf 92' lang='lat' dir='ltr'>posset</span> <span class='ocrx_word' id='word_1_356' title='bbox 1731 448 1791 481; x_wconf 91' lang='lat' dir='ltr'>dici</span> <span class='ocrx_word' id='word_1_357' title='bbox 1807 448 1846 480; x_wconf 90' lang='lat' dir='ltr'>de</span> <span class='ocrx_word' id='word_1_358' title='bbox 1862 457 1899 481; x_wconf 91' lang='lat' dir='ltr'>eo</span> <span class='ocrx_word' id='word_1_359' title='bbox 1916 447 1993 479; x_wconf 91' lang='lat' dir='ltr'>illud</span> <span class='ocrx_word' id='word_1_360' title='bbox 2011 447 2104 480; x_wconf 85' lang='lat' dir='ltr'>Isaiae</span> <span class='ocrx_word' id='word_1_361' title='bbox 2126 448 2285 489; x_wconf 84' lang='lat' dir='ltr'>trigesimo</span> 
     </span>
     <span class='ocr_line' id='line_1_54' title="bbox 1325 502 2285 544; baseline -0.003 -9"><span class='ocrx_word' id='word_1_362' title='bbox 1325 503 1481 544; x_wconf 79' lang='lat' dir='ltr'>quarto⁶:</span> <span class='ocrx_word' id='word_1_363' title='bbox 1523 502 1663 535; x_wconf 77' lang='lat' dir='ltr'>«Cubile</span> <span class='ocrx_word' id='word_1_364' title='bbox 1695 502 1755 534; x_wconf 87' lang='lat' dir='ltr'>erit</span> <span class='ocrx_word' id='word_1_365' title='bbox 1786 502 1957 534; x_wconf 88' lang='lat' dir='ltr'>draconum</span> <span class='ocrx_word' id='word_1_366' title='bbox 1990 505 2020 533; x_wconf 90' lang='lat' dir='ltr'>et</span> <span class='ocrx_word' id='word_1_367' title='bbox 2054 509 2169 542; x_wconf 86' lang='lat' dir='ltr'>pascua</span> <span class='ocrx_word' id='word_1_368' title='bbox 2200 504 2285 532; x_wconf 89' lang='lat' dir='ltr'>stru-</span> 
     </span>
     <span class='ocr_line' id='line_1_55' title="bbox 1327 553 2285 594; baseline -0.002 -7"><span class='ocrx_word' id='word_1_369' title='bbox 1327 556 1486 594; x_wconf 90' lang='lat' dir='ltr'>thionum,</span> <span class='ocrx_word' id='word_1_370' title='bbox 1510 560 1541 588; x_wconf 90' lang='lat' dir='ltr'>et</span> <span class='ocrx_word' id='word_1_371' title='bbox 1556 558 1726 588; x_wconf 88' lang='lat' dir='ltr'>occurrent</span> <span class='ocrx_word' id='word_1_372' title='bbox 1741 554 1914 593; x_wconf 89' lang='lat' dir='ltr'>daemonia,</span> <span class='ocrx_word' id='word_1_373' title='bbox 1931 557 2164 586; x_wconf 88' lang='lat' dir='ltr'>onocentaurus</span> <span class='ocrx_word' id='word_1_374' title='bbox 2178 565 2208 591; x_wconf 88' lang='lat'>»;</span> <span class='ocrx_word' id='word_1_375' title='bbox 2225 553 2285 585; x_wconf 86' lang='lat' dir='ltr'>hoc</span> 
     </span>
     <span class='ocr_line' id='line_1_56' title="bbox 1326 606 2285 650; baseline -0.003 -9"><span class='ocrx_word' id='word_1_376' title='bbox 1326 612 1374 641; x_wconf 91' lang='lat' dir='ltr'>est</span> <span class='ocrx_word' id='word_1_377' title='bbox 1396 608 1434 641; x_wconf 91' lang='lat' dir='ltr'>de</span> <span class='ocrx_word' id='word_1_378' title='bbox 1459 609 1549 650; x_wconf 90' lang='lat' dir='ltr'>plene</span> <span class='ocrx_word' id='word_1_379' title='bbox 1572 619 1591 641; x_wconf 88' lang='lat' dir='ltr'>a</span> <span class='ocrx_word' id='word_1_380' title='bbox 1605 609 1729 641; x_wconf 84' lang='lat' dir='ltr'>diabolo</span> <span class='ocrx_word' id='word_1_381' title='bbox 1745 608 1905 650; x_wconf 87' lang='lat' dir='ltr'>possessis.</span> <span class='ocrx_word' id='word_1_382' title='bbox 1923 625 1965 631; x_wconf 91' lang='lat'>—</span> <span class='ocrx_word' id='word_1_383' title='bbox 1983 608 2176 648; x_wconf 85' lang='lat' dir='ltr'>Aggravatur</span> <span class='ocrx_word' id='word_1_384' title='bbox 2192 606 2285 639; x_wconf 86' lang='lat' dir='ltr'>etiam</span> 
     </span>
    </p>
   </div>
   <div class='ocr_carea' id='block_1_9' title="bbox 1327 659 2444 714">
    <p class='ocr_par' dir='ltr' id='par_1_11' title="bbox 1327 659 2444 714">
     <span class='ocr_line' id='line_1_57' title="bbox 1327 659 2444 714; baseline -0.003 -20"><span class='ocrx_word' id='word_1_385' title='bbox 1327 670 1368 694; x_wconf 87' lang='lat' dir='ltr'>ex</span> <span class='ocrx_word' id='word_1_386' title='bbox 1393 660 1526 694; x_wconf 77' lang='lat' dir='ltr'>habitus</span> <span class='ocrx_word' id='word_1_387' title='bbox 1550 661 1777 704; x_wconf 80' lang='lat' dir='ltr'>deformitate;</span> <span class='ocrx_word' id='word_1_388' title='bbox 1802 661 1885 694; x_wconf 89' lang='lat' dir='ltr'>unde</span> <span class='ocrx_word' id='word_1_389' title='bbox 1910 664 1941 693; x_wconf 89' lang='lat' dir='ltr'>et</span> <span class='ocrx_word' id='word_1_390' title='bbox 1964 660 2104 692; x_wconf 90' lang='lat' dir='ltr'>additur:</span> <span class='ocrx_word' id='word_1_391' title='bbox 2131 660 2170 692; x_wconf 88' lang='lat' dir='ltr'>Et</span> <span class='ocrx_word' id='word_1_392' title='bbox 2192 659 2287 691; x_wconf 79' lang='lat' dir='ltr'>vesci-</span> <span class='ocrx_word' id='word_1_393' title='bbox 2301 665 2444 714; x_wconf 35' lang='lat' dir='ltr'>aalma&amp;</span> 
     </span>
    </p>
   </div>
   <div class='ocr_carea' id='block_1_10' title="bbox 1327 711 2302 2510">
    <p class='ocr_par' dir='ltr' id='par_1_12' title="bbox 1327 711 2294 1607">
     <span class='ocr_line' id='line_1_58' title="bbox 1327 711 2285 756; baseline -0.003 -10"><span class='ocrx_word' id='word_1_394' title='bbox 1327 718 1433 746; x_wconf 85' lang='lat' dir='ltr'>mento</span> <span class='ocrx_word' id='word_1_395' title='bbox 1456 724 1523 746; x_wconf 89' lang='lat' dir='ltr'>non</span> <span class='ocrx_word' id='word_1_396' title='bbox 1546 714 1791 752; x_wconf 82' lang='lat' dir='ltr'>induebatur⁷,·</span> <span class='ocrx_word' id='word_1_397' title='bbox 1815 713 1899 756; x_wconf 89' lang='lat' dir='ltr'>quod</span> <span class='ocrx_word' id='word_1_398' title='bbox 1928 716 1996 745; x_wconf 89' lang='lat' dir='ltr'>erat</span> <span class='ocrx_word' id='word_1_399' title='bbox 2020 712 2108 744; x_wconf 89' lang='lat' dir='ltr'>valde</span> <span class='ocrx_word' id='word_1_400' title='bbox 2130 711 2285 750; x_wconf 83' lang='lat' dir='ltr'>deforme,</span> 
     </span>
     <span class='ocr_line' id='line_1_59' title="bbox 1328 764 2288 809; baseline -0.004 -9"><span class='ocrx_word' id='word_1_401' title='bbox 1328 767 1419 800; x_wconf 86' lang='lat' dir='ltr'>iuxta</span> <span class='ocrx_word' id='word_1_402' title='bbox 1441 767 1523 809; x_wconf 89' lang='lat' dir='ltr'>quod</span> <span class='ocrx_word' id='word_1_403' title='bbox 1549 768 1758 800; x_wconf 89' lang='lat' dir='ltr'>comminatur</span> <span class='ocrx_word' id='word_1_404' title='bbox 1781 767 1933 799; x_wconf 91' lang='lat' dir='ltr'>Dominus</span> <span class='ocrx_word' id='word_1_405' title='bbox 1965 765 2133 798; x_wconf 89' lang='lat' dir='ltr'>Ezechielis</span> <span class='ocrx_word' id='word_1_406' title='bbox 2167 764 2288 797; x_wconf 90' lang='lat' dir='ltr'>decimo</span> 
     </span>
     <span class='ocr_line' id='line_1_60' title="bbox 1329 817 2288 856; baseline -0.003 -4"><span class='ocrx_word' id='word_1_407' title='bbox 1329 824 1433 853; x_wconf 87' lang='lat' dir='ltr'>sexto:</span> <span class='ocrx_word' id='word_1_408' title='bbox 1464 820 1706 853; x_wconf 86' lang='lat' dir='ltr'>«Denudabunt</span> <span class='ocrx_word' id='word_1_409' title='bbox 1738 824 1768 852; x_wconf 88' lang='lat' dir='ltr'>te</span> <span class='ocrx_word' id='word_1_410' title='bbox 1804 819 1998 852; x_wconf 89' lang='lat' dir='ltr'>vestimentis</span> <span class='ocrx_word' id='word_1_411' title='bbox 2030 819 2107 856; x_wconf 88' lang='lat' dir='ltr'>tuis,</span> <span class='ocrx_word' id='word_1_412' title='bbox 2131 821 2168 850; x_wconf 91' lang='lat' dir='ltr'>ut</span> <span class='ocrx_word' id='word_1_413' title='bbox 2202 817 2288 850; x_wconf 83' lang='lat' dir='ltr'>aufe—</span> 
     </span>
     <span class='ocr_line' id='line_1_61' title="bbox 1328 870 2289 913; baseline -0.003 -8"><span class='ocrx_word' id='word_1_414' title='bbox 1328 876 1400 905; x_wconf 84' lang='lat' dir='ltr'>rant</span> <span class='ocrx_word' id='word_1_415' title='bbox 1424 882 1497 905; x_wconf 86' lang='lat' dir='ltr'>vasa</span> <span class='ocrx_word' id='word_1_416' title='bbox 1519 872 1642 905; x_wconf 90' lang='lat' dir='ltr'>decoris</span> <span class='ocrx_word' id='word_1_417' title='bbox 1666 873 1758 905; x_wconf 88' lang='lat' dir='ltr'>tui».</span> <span class='ocrx_word' id='word_1_418' title='bbox 1785 873 1821 904; x_wconf 91' lang='lat' dir='ltr'>Et</span> <span class='ocrx_word' id='word_1_419' title='bbox 1845 872 1875 904; x_wconf 91' lang='lat' dir='ltr'>in</span> <span class='ocrx_word' id='word_1_420' title='bbox 1901 872 1960 904; x_wconf 88' lang='lat' dir='ltr'>hoc</span> <span class='ocrx_word' id='word_1_421' title='bbox 1991 874 2122 913; x_wconf 89' lang='lat' dir='ltr'>apparet</span> <span class='ocrx_word' id='word_1_422' title='bbox 2145 870 2289 903; x_wconf 78' lang='lat' dir='ltr'>fremitus</span> 
     </span>
     <span class='ocr_line' id='line_1_62' title="bbox 1329 924 2289 967; baseline -0.002 -9"><span class='ocrx_word' id='word_1_423' title='bbox 1329 926 1506 964; x_wconf 86' lang='lat' dir='ltr'>daemonis,</span> <span class='ocrx_word' id='word_1_424' title='bbox 1531 926 1585 967; x_wconf 88' lang='lat' dir='ltr'>qui</span> <span class='ocrx_word' id='word_1_425' title='bbox 1610 935 1670 958; x_wconf 91' lang='lat' dir='ltr'>non</span> <span class='ocrx_word' id='word_1_426' title='bbox 1701 929 1824 958; x_wconf 86' lang='lat' dir='ltr'>tantum</span> <span class='ocrx_word' id='word_1_427' title='bbox 1855 925 1991 957; x_wconf 85' lang='lat' dir='ltr'>vexabat</span> <span class='ocrx_word' id='word_1_428' title='bbox 2021 924 2162 966; x_wconf 86' lang='lat' dir='ltr'>corporis</span> <span class='ocrx_word' id='word_1_429' title='bbox 2191 932 2289 956; x_wconf 90' lang='lat' dir='ltr'>mem-</span> 
     </span>
     <span class='ocr_line' id='line_1_63' title="bbox 1331 977 2289 1017; baseline -0.002 -6"><span class='ocrx_word' id='word_1_430' title='bbox 1331 979 1405 1017; x_wconf 90' lang='lat' dir='ltr'>bra,</span> <span class='ocrx_word' id='word_1_431' title='bbox 1430 979 1483 1011; x_wconf 89' lang='lat' dir='ltr'>sed</span> <span class='ocrx_word' id='word_1_432' title='bbox 1507 979 1599 1012; x_wconf 88' lang='lat' dir='ltr'>etiam</span> <span class='ocrx_word' id='word_1_433' title='bbox 1625 979 1760 1011; x_wconf 83' lang='lat' dir='ltr'>laniabat</span> <span class='ocrx_word' id='word_1_434' title='bbox 1784 978 1985 1016; x_wconf 89' lang='lat' dir='ltr'>vestimenta,</span> <span class='ocrx_word' id='word_1_435' title='bbox 2010 978 2091 1010; x_wconf 89' lang='lat' dir='ltr'>sicut</span> <span class='ocrx_word' id='word_1_436' title='bbox 2114 977 2152 1010; x_wconf 92' lang='lat' dir='ltr'>de</span> <span class='ocrx_word' id='word_1_437' title='bbox 2175 977 2228 1009; x_wconf 91' lang='lat' dir='ltr'>illo</span> <span class='ocrx_word' id='word_1_438' title='bbox 2243 977 2289 1009; x_wconf 92' lang='lat' dir='ltr'>di-</span> 
     </span>
     <span class='ocr_line' id='line_1_64' title="bbox 1331 1030 2291 1064; baseline -0.002 0"><span class='ocrx_word' id='word_1_439' title='bbox 1331 1032 1414 1064; x_wconf 89' lang='lat' dir='ltr'>citur</span> <span class='ocrx_word' id='word_1_440' title='bbox 1438 1032 1571 1064; x_wconf 87' lang='lat' dir='ltr'>Actuum</span> <span class='ocrx_word' id='word_1_441' title='bbox 1595 1032 1716 1064; x_wconf 89' lang='lat' dir='ltr'>decimo</span> <span class='ocrx_word' id='word_1_442' title='bbox 1740 1041 1840 1064; x_wconf 86' lang='lat' dir='ltr'>nono:</span> <span class='ocrx_word' id='word_1_443' title='bbox 1871 1044 1886 1059; x_wconf 92' lang='lat'>«</span> <span class='ocrx_word' id='word_1_444' title='bbox 1906 1031 1983 1063; x_wconf 93' lang='lat' dir='ltr'>Cum</span> <span class='ocrx_word' id='word_1_445' title='bbox 2013 1030 2196 1063; x_wconf 89' lang='lat' dir='ltr'>invaluisset</span> <span class='ocrx_word' id='word_1_446' title='bbox 2218 1030 2291 1063; x_wconf 91' lang='lat' dir='ltr'>dae-</span> 
     </span>
     <span class='ocr_line' id='line_1_65' title="bbox 1331 1083 2289 1126; baseline -0.002 -9"><span class='ocrx_word' id='word_1_447' title='bbox 1331 1085 1472 1117; x_wconf 90' lang='lat' dir='ltr'>monium</span> <span class='ocrx_word' id='word_1_448' title='bbox 1497 1084 1666 1126; x_wconf 88' lang='lat' dir='ltr'>pessimum</span> <span class='ocrx_word' id='word_1_449' title='bbox 1693 1088 1802 1117; x_wconf 88' lang='lat' dir='ltr'>contra</span> <span class='ocrx_word' id='word_1_450' title='bbox 1825 1084 1904 1117; x_wconf 92' lang='lat' dir='ltr'>duos</span> <span class='ocrx_word' id='word_1_451' title='bbox 1926 1084 2007 1116; x_wconf 86' lang='lat' dir='ltr'>filios</span> <span class='ocrx_word' id='word_1_452' title='bbox 2030 1084 2144 1116; x_wconf 85' lang='lat' dir='ltr'>Scevae</span> <span class='ocrx_word' id='word_1_453' title='bbox 2168 1083 2289 1122; x_wconf 89' lang='lat' dir='ltr'>ludaei,</span> 
     </span>
     <span class='ocr_line' id='line_1_66' title="bbox 1331 1137 2291 1180; baseline -0.002 -10"><span class='ocrx_word' id='word_1_454' title='bbox 1331 1137 1407 1170; x_wconf 91' lang='lat' dir='ltr'>nudi</span> <span class='ocrx_word' id='word_1_455' title='bbox 1431 1141 1462 1170; x_wconf 88' lang='lat' dir='ltr'>et</span> <span class='ocrx_word' id='word_1_456' title='bbox 1482 1137 1638 1170; x_wconf 88' lang='lat' dir='ltr'>vulnerati</span> <span class='ocrx_word' id='word_1_457' title='bbox 1656 1138 1836 1180; x_wconf 84' lang='lat' dir='ltr'>effugerunt</span> <span class='ocrx_word' id='word_1_458' title='bbox 1850 1137 1889 1170; x_wconf 90' lang='lat' dir='ltr'>de</span> <span class='ocrx_word' id='word_1_459' title='bbox 1905 1137 1997 1169; x_wconf 91' lang='lat' dir='ltr'>domo</span> <span class='ocrx_word' id='word_1_460' title='bbox 2014 1150 2044 1169; x_wconf 86' lang='lat'>».</span> <span class='ocrx_word' id='word_1_461' title='bbox 2070 1155 2113 1160; x_wconf 81' lang='lat'>—-</span> <span class='ocrx_word' id='word_1_462' title='bbox 2137 1137 2291 1179; x_wconf 87' lang='lat' dir='ltr'>Aggrava-</span> 
     </span>
     <span class='ocr_line' id='line_1_67' title="bbox 1333 1189 2292 1232; baseline -0.002 -8"><span class='ocrx_word' id='word_1_463' title='bbox 1333 1195 1386 1224; x_wconf 92' lang='lat' dir='ltr'>tur</span> <span class='ocrx_word' id='word_1_464' title='bbox 1410 1191 1503 1224; x_wconf 86' lang='lat' dir='ltr'>etiam</span> <span class='ocrx_word' id='word_1_465' title='bbox 1521 1200 1562 1224; x_wconf 89' lang='lat' dir='ltr'>ex</span> <span class='ocrx_word' id='word_1_466' title='bbox 1580 1191 1641 1223; x_wconf 80' lang='lat' dir='ltr'>loci</span> <span class='ocrx_word' id='word_1_467' title='bbox 1665 1190 1904 1229; x_wconf 74' lang='lat' dir='ltr'>horribilitate;</span> <span class='ocrx_word' id='word_1_468' title='bbox 1928 1194 2096 1232; x_wconf 88' lang='lat' dir='ltr'>propterea</span> <span class='ocrx_word' id='word_1_469' title='bbox 2110 1190 2212 1223; x_wconf 90' lang='lat' dir='ltr'>addit:</span> <span class='ocrx_word' id='word_1_470' title='bbox 2231 1189 2292 1222; x_wconf 84' lang='lat' dir='ltr'>Ne-</span> 
     </span>
     <span class='ocr_line' id='line_1_68' title="bbox 1332 1243 2292 1288; baseline -0.001 -11"><span class='ocrx_word' id='word_1_471' title='bbox 1332 1255 1394 1288; x_wconf 88' lang='lat' dir='ltr'>que</span> <span class='ocrx_word' id='word_1_472' title='bbox 1417 1244 1452 1277; x_wconf 91' lang='lat' dir='ltr'>in</span> <span class='ocrx_word' id='word_1_473' title='bbox 1475 1245 1571 1277; x_wconf 85' lang='lat' dir='ltr'>domo</span> <span class='ocrx_word' id='word_1_474' title='bbox 1594 1244 1768 1282; x_wconf 80' lang='lat' dir='ltr'>manebat,</span> <span class='ocrx_word' id='word_1_475' title='bbox 1793 1244 1901 1276; x_wconf 78' lang='lat' dir='ltr'>sedin</span> <span class='ocrx_word' id='word_1_476' title='bbox 1916 1244 2156 1282; x_wconf 57' lang='lat' dir='ltr'>monumenta,</span> <span class='ocrx_word' id='word_1_477' title='bbox 2175 1243 2228 1276; x_wconf 88' lang='lat' dir='ltr'>ubi</span> <span class='ocrx_word' id='word_1_478' title='bbox 2245 1246 2292 1276; x_wconf 89' lang='lat' dir='ltr'>est</span> 
     </span>
     <span class='ocr_line' id='line_1_69' title="bbox 1333 1296 2293 1339; baseline -0.002 -9"><span class='ocrx_word' id='word_1_479' title='bbox 1333 1298 1420 1330; x_wconf 91' lang='lat' dir='ltr'>locus</span> <span class='ocrx_word' id='word_1_480' title='bbox 1445 1297 1533 1330; x_wconf 89' lang='lat' dir='ltr'>valde</span> <span class='ocrx_word' id='word_1_481' title='bbox 1558 1296 1728 1330; x_wconf 90' lang='lat' dir='ltr'>horribilis.</span> <span class='ocrx_word' id='word_1_482' title='bbox 1755 1297 1790 1329; x_wconf 90' lang='lat' dir='ltr'>Et</span> <span class='ocrx_word' id='word_1_483' title='bbox 1813 1297 1887 1329; x_wconf 88' lang='lat' dir='ltr'>talia</span> <span class='ocrx_word' id='word_1_484' title='bbox 1910 1296 1978 1329; x_wconf 89' lang='lat' dir='ltr'>loca</span> <span class='ocrx_word' id='word_1_485' title='bbox 2001 1300 2160 1339; x_wconf 87' lang='lat' dir='ltr'>quaerunt</span> <span class='ocrx_word' id='word_1_486' title='bbox 2176 1296 2293 1338; x_wconf 89' lang='lat' dir='ltr'>princi-</span> 
     </span>
     <span class='ocr_line' id='line_1_70' title="bbox 1333 1349 2294 1393; baseline -0.002 -9"><span class='ocrx_word' id='word_1_487' title='bbox 1333 1360 1388 1393; x_wconf 86' lang='lat' dir='ltr'>pes</span> <span class='ocrx_word' id='word_1_488' title='bbox 1413 1351 1614 1384; x_wconf 89' lang='lat' dir='ltr'>tenebrarum</span> <span class='ocrx_word' id='word_1_489' title='bbox 1630 1362 1637 1389; x_wconf 91' lang='lat'>;</span> <span class='ocrx_word' id='word_1_490' title='bbox 1655 1350 1707 1383; x_wconf 92' lang='lat' dir='ltr'>Iob</span> <span class='ocrx_word' id='word_1_491' title='bbox 1724 1350 1929 1392; x_wconf 64' lang='lat' dir='ltr'>trigesimoss:</span> <span class='ocrx_word' id='word_1_492' title='bbox 1961 1363 1976 1378; x_wconf 88' lang='lat'>«</span> <span class='ocrx_word' id='word_1_493' title='bbox 1992 1350 2025 1382; x_wconf 93' lang='lat' dir='ltr'>In</span> <span class='ocrx_word' id='word_1_494' title='bbox 2048 1349 2180 1383; x_wconf 89' lang='lat' dir='ltr'>desertis</span> <span class='ocrx_word' id='word_1_495' title='bbox 2204 1349 2294 1383; x_wconf 87' lang='lat' dir='ltr'>habi-</span> 
     </span>
     <span class='ocr_line' id='line_1_71' title="bbox 1334 1402 2293 1442; baseline -0.002 -5"><span class='ocrx_word' id='word_1_496' title='bbox 1334 1408 1400 1437; x_wconf 91' lang='lat' dir='ltr'>tant</span> <span class='ocrx_word' id='word_1_497' title='bbox 1431 1404 1586 1436; x_wconf 87' lang='lat' dir='ltr'>montium</span> <span class='ocrx_word' id='word_1_498' title='bbox 1611 1407 1643 1436; x_wconf 85' lang='lat' dir='ltr'>et</span> <span class='ocrx_word' id='word_1_499' title='bbox 1665 1404 1695 1436; x_wconf 93' lang='lat' dir='ltr'>in</span> <span class='ocrx_word' id='word_1_500' title='bbox 1720 1403 1863 1436; x_wconf 90' lang='lat' dir='ltr'>cavernis</span> <span class='ocrx_word' id='word_1_501' title='bbox 1888 1407 1992 1436; x_wconf 88' lang='lat' dir='ltr'>terrae</span> <span class='ocrx_word' id='word_1_502' title='bbox 2009 1415 2039 1442; x_wconf 82' lang='lat'>»;</span> <span class='ocrx_word' id='word_1_503' title='bbox 2067 1406 2098 1436; x_wconf 88' lang='lat' dir='ltr'>et</span> <span class='ocrx_word' id='word_1_504' title='bbox 2125 1405 2230 1435; x_wconf 86' lang='lat' dir='ltr'>tamen</span> <span class='ocrx_word' id='word_1_505' title='bbox 2253 1402 2293 1435; x_wconf 91' lang='lat' dir='ltr'>ab</span> 
     </span>
     <span class='ocr_line' id='line_1_72' title="bbox 1333 1455 2294 1499; baseline -0.003 -8"><span class='ocrx_word' id='word_1_506' title='bbox 1333 1459 1382 1491; x_wconf 90' lang='lat' dir='ltr'>his</span> <span class='ocrx_word' id='word_1_507' title='bbox 1406 1458 1500 1499; x_wconf 88' lang='lat' dir='ltr'>eripit</span> <span class='ocrx_word' id='word_1_508' title='bbox 1523 1457 1694 1496; x_wconf 86' lang='lat' dir='ltr'>Dominus,</span> <span class='ocrx_word' id='word_1_509' title='bbox 1727 1457 1901 1490; x_wconf 90' lang='lat' dir='ltr'>secundum</span> <span class='ocrx_word' id='word_1_510' title='bbox 1933 1456 2011 1489; x_wconf 85' lang='lat' dir='ltr'>illud</span> <span class='ocrx_word' id='word_1_511' title='bbox 2043 1456 2172 1489; x_wconf 86' lang='lat' dir='ltr'>Psalmi:</span> <span class='ocrx_word' id='word_1_512' title='bbox 2202 1455 2294 1498; x_wconf 85' lang='lat' dir='ltr'>«Qui</span> 
     </span>
     <span class='ocr_line' id='line_1_73' title="bbox 1333 1509 2294 1552; baseline -0.003 -7"><span class='ocrx_word' id='word_1_513' title='bbox 1333 1511 1439 1545; x_wconf 89' lang='lat' dir='ltr'>educit</span> <span class='ocrx_word' id='word_1_514' title='bbox 1463 1511 1581 1543; x_wconf 89' lang='lat' dir='ltr'>vinctos</span> <span class='ocrx_word' id='word_1_515' title='bbox 1605 1510 1635 1542; x_wconf 94' lang='lat' dir='ltr'>in</span> <span class='ocrx_word' id='word_1_516' title='bbox 1661 1510 1861 1549; x_wconf 86' lang='lat' dir='ltr'>fortitudine,</span> <span class='ocrx_word' id='word_1_517' title='bbox 1887 1510 2031 1543; x_wconf 88' lang='lat' dir='ltr'>similiter</span> <span class='ocrx_word' id='word_1_518' title='bbox 2055 1519 2108 1542; x_wconf 92' lang='lat' dir='ltr'>eos</span> <span class='ocrx_word' id='word_1_519' title='bbox 2132 1509 2185 1552; x_wconf 90' lang='lat' dir='ltr'>qui</span> <span class='ocrx_word' id='word_1_520' title='bbox 2218 1518 2294 1542; x_wconf 88' lang='lat' dir='ltr'>exa-</span> 
     </span>
     <span class='ocr_line' id='line_1_74' title="bbox 1335 1563 2010 1607; baseline -0.004 -9"><span class='ocrx_word' id='word_1_521' title='bbox 1335 1568 1482 1607; x_wconf 86' lang='lat' dir='ltr'>sperant,</span> <span class='ocrx_word' id='word_1_522' title='bbox 1507 1564 1561 1606; x_wconf 89' lang='lat' dir='ltr'>qui</span> <span class='ocrx_word' id='word_1_523' title='bbox 1587 1564 1730 1596; x_wconf 88' lang='lat' dir='ltr'>habitant</span> <span class='ocrx_word' id='word_1_524' title='bbox 1753 1563 1784 1595; x_wconf 92' lang='lat' dir='ltr'>in</span> <span class='ocrx_word' id='word_1_525' title='bbox 1809 1563 1964 1605; x_wconf 88' lang='lat' dir='ltr'>sepulcris</span> <span class='ocrx_word' id='word_1_526' title='bbox 1979 1576 2010 1595; x_wconf 82' lang='grc'>».</span> 
     </span>
    </p>

    <p class='ocr_par' dir='ltr' id='par_1_13' title="bbox 1334 1616 2302 2510">
     <span class='ocr_line' id='line_1_75' title="bbox 1423 1616 2295 1659; baseline -0.002 -9"><span class='ocrx_word' id='word_1_527' title='bbox 1423 1618 1475 1650; x_wconf 68' lang='lat' dir='ltr'>lit).</span> <span class='ocrx_word' id='word_1_528' title='bbox 1502 1617 1602 1659; x_wconf 84' lang='lat' dir='ltr'>(Vers.</span> <span class='ocrx_word' id='word_1_529' title='bbox 1628 1617 1705 1657; x_wconf 55' lang='lat'>98.)</span> <span class='ocrx_word' id='word_1_530' title='bbox 1730 1617 1873 1649; x_wconf 88' lang='lat' dir='ltr'>Secundo</span> <span class='ocrx_word' id='word_1_531' title='bbox 1897 1625 1972 1649; x_wconf 89' lang='lat' dir='ltr'>vero</span> <span class='ocrx_word' id='word_1_532' title='bbox 1988 1620 2143 1658; x_wconf 86' lang='lat' dir='ltr'>quantum</span> <span class='ocrx_word' id='word_1_533' title='bbox 2160 1616 2199 1648; x_wconf 91' lang='lat' dir='ltr'>ad</span> <span class='ocrx_word' id='word_1_534' title='bbox 2213 1619 2295 1647; x_wconf 73' lang='lat' dir='ltr'>stre-</span> 
     </span>
     <span class='ocr_line' id='line_1_76' title="bbox 1334 1668 2296 1713; baseline -0.002 -10"><span class='ocrx_word' id='word_1_535' title='bbox 1334 1671 1442 1713; x_wconf 80' lang='lat' dir='ltr'>pitum</span> <span class='ocrx_word' id='word_1_536' title='bbox 1478 1670 1636 1703; x_wconf 78' lang='lat' dir='ltr'>clamoris</span> <span class='ocrx_word' id='word_1_537' title='bbox 1671 1670 1702 1701; x_wconf 91' lang='lat' dir='ltr'>in</span> <span class='ocrx_word' id='word_1_538' title='bbox 1739 1669 1890 1702; x_wconf 88' lang='lat' dir='ltr'>daemone</span> <span class='ocrx_word' id='word_1_539' title='bbox 1925 1669 2132 1708; x_wconf 83' lang='lat' dir='ltr'>vociferante,</span> <span class='ocrx_word' id='word_1_540' title='bbox 2165 1668 2296 1701; x_wconf 90' lang='lat' dir='ltr'>Domino</span> 
     </span>
     <span class='ocr_line' id='line_1_77' title="bbox 1336 1720 2297 1766; baseline -0.003 -10"><span class='ocrx_word' id='word_1_541' title='bbox 1336 1723 1563 1766; x_wconf 86' lang='lat' dir='ltr'>praecipiente,</span> <span class='ocrx_word' id='word_1_542' title='bbox 1589 1722 1757 1755; x_wconf 88' lang='lat' dir='ltr'>subditur:</span> <span class='ocrx_word' id='word_1_543' title='bbox 1783 1722 1815 1754; x_wconf 79' lang='lat' dir='ltr'>Is</span> <span class='ocrx_word' id='word_1_544' title='bbox 1840 1726 1877 1754; x_wconf 88' lang='lat' dir='ltr'>ut</span> <span class='ocrx_word' id='word_1_545' title='bbox 1899 1722 1983 1755; x_wconf 78' lang='lat' dir='ltr'>vidit</span> <span class='ocrx_word' id='word_1_546' title='bbox 2006 1723 2135 1761; x_wconf 76' lang='lat' dir='ltr'>lesum,</span> <span class='ocrx_word' id='word_1_547' title='bbox 2148 1720 2297 1763; x_wconf 76' lang='lat' dir='ltr'>procidit</span> 
     </span>
     <span class='ocr_line' id='line_1_78' title="bbox 1338 1773 2296 1810; baseline -0.004 0"><span class='ocrx_word' id='word_1_548' title='bbox 1338 1782 1414 1810; x_wconf 79' lang='lat' dir='ltr'>ante</span> <span class='ocrx_word' id='word_1_549' title='bbox 1437 1777 1541 1809; x_wconf 84' lang='lat' dir='ltr'>illum.</span> <span class='ocrx_word' id='word_1_550' title='bbox 1568 1777 1604 1809; x_wconf 90' lang='lat' dir='ltr'>Et</span> <span class='ocrx_word' id='word_1_551' title='bbox 1635 1776 1679 1809; x_wconf 89' lang='lat' dir='ltr'>sic</span> <span class='ocrx_word' id='word_1_552' title='bbox 1710 1776 1893 1809; x_wconf 87' lang='lat' dir='ltr'>verificatur</span> <span class='ocrx_word' id='word_1_553' title='bbox 1918 1775 1996 1808; x_wconf 90' lang='lat' dir='ltr'>illud</span> <span class='ocrx_word' id='word_1_554' title='bbox 2019 1775 2177 1808; x_wconf 74' lang='lat' dir='ltr'>Psalmi92</span> <span class='ocrx_word' id='word_1_555' title='bbox 2206 1787 2222 1803; x_wconf 75' lang='grc' dir='ltr'><em>α</em></span> <span class='ocrx_word' id='word_1_556' title='bbox 2239 1773 2296 1806; x_wconf 94' lang='lat' dir='ltr'>Co-</span> 
     </span>
     <span class='ocr_line' id='line_1_79' title="bbox 1337 1828 2296 1872; baseline -0.003 -9"><span class='ocrx_word' id='word_1_557' title='bbox 1337 1841 1405 1864; x_wconf 87' lang='lat' dir='ltr'>ram</span> <span class='ocrx_word' id='word_1_558' title='bbox 1432 1831 1484 1863; x_wconf 93' lang='lat' dir='ltr'>illo</span> <span class='ocrx_word' id='word_1_559' title='bbox 1509 1830 1671 1872; x_wconf 86' lang='lat' dir='ltr'>procident</span> <span class='ocrx_word' id='word_1_560' title='bbox 1695 1829 1860 1871; x_wconf 85' lang='lat' dir='ltr'>Aethiopes</span> <span class='ocrx_word' id='word_1_561' title='bbox 1876 1841 1906 1868; x_wconf 81' lang='grc'>»;</span> <span class='ocrx_word' id='word_1_562' title='bbox 1931 1833 1963 1861; x_wconf 91' lang='lat' dir='ltr'>et</span> <span class='ocrx_word' id='word_1_563' title='bbox 1985 1828 2063 1861; x_wconf 88' lang='lat' dir='ltr'>illud</span> <span class='ocrx_word' id='word_1_564' title='bbox 2087 1828 2182 1861; x_wconf 84' lang='lat' dir='ltr'>Isaiae</span> <span class='ocrx_word' id='word_1_565' title='bbox 2205 1836 2296 1860; x_wconf 87' lang='lat' dir='ltr'>sexa-</span> 
     </span>
     <span class='ocr_line' id='line_1_80' title="bbox 1336 1879 2297 1926; baseline -0.005 -9"><span class='ocrx_word' id='word_1_566' title='bbox 1336 1884 1476 1926; x_wconf 83' lang='lat' dir='ltr'>gesimo:</span> <span class='ocrx_word' id='word_1_567' title='bbox 1507 1896 1522 1911; x_wconf 88' lang='lat'>«</span> <span class='ocrx_word' id='word_1_568' title='bbox 1541 1883 1671 1916; x_wconf 88' lang='lat' dir='ltr'>Venient</span> <span class='ocrx_word' id='word_1_569' title='bbox 1694 1882 1732 1915; x_wconf 90' lang='lat' dir='ltr'>ad</span> <span class='ocrx_word' id='word_1_570' title='bbox 1757 1887 1787 1915; x_wconf 86' lang='lat' dir='ltr'>te</span> <span class='ocrx_word' id='word_1_571' title='bbox 1811 1883 1865 1925; x_wconf 90' lang='lat' dir='ltr'>qui</span> <span class='ocrx_word' id='word_1_572' title='bbox 1882 1882 2090 1915; x_wconf 86' lang='lat' dir='ltr'>detrahebant</span> <span class='ocrx_word' id='word_1_573' title='bbox 2106 1880 2161 1913; x_wconf 91' lang='lat' dir='ltr'>tibi</span> <span class='ocrx_word' id='word_1_574' title='bbox 2178 1884 2209 1913; x_wconf 86' lang='lat' dir='ltr'>et</span> <span class='ocrx_word' id='word_1_575' title='bbox 2223 1879 2297 1912; x_wconf 86' lang='lat' dir='ltr'>ado-</span> 
     </span>
     <span class='ocr_line' id='line_1_81' title="bbox 1337 1932 2298 1977; baseline -0.004 -8"><span class='ocrx_word' id='word_1_576' title='bbox 1337 1937 1454 1970; x_wconf 89' lang='lat' dir='ltr'>rabunt</span> <span class='ocrx_word' id='word_1_577' title='bbox 1480 1936 1608 1977; x_wconf 90' lang='lat' dir='ltr'>vestigia</span> <span class='ocrx_word' id='word_1_578' title='bbox 1623 1936 1739 1977; x_wconf 89' lang='lat' dir='ltr'>pedum</span> <span class='ocrx_word' id='word_1_579' title='bbox 1756 1939 1884 1968; x_wconf 88' lang='lat' dir='ltr'>tuorum</span> <span class='ocrx_word' id='word_1_580' title='bbox 1903 1948 1934 1974; x_wconf 71' lang='lat' dir='ltr'>n,</span> <span class='ocrx_word' id='word_1_581' title='bbox 1956 1948 1971 1963; x_wconf 88' lang='lat'>«</span> <span class='ocrx_word' id='word_1_582' title='bbox 1988 1938 2024 1967; x_wconf 90' lang='lat' dir='ltr'>ut</span> <span class='ocrx_word' id='word_1_583' title='bbox 2040 1934 2070 1966; x_wconf 92' lang='lat' dir='ltr'>in</span> <span class='ocrx_word' id='word_1_584' title='bbox 2088 1933 2213 1966; x_wconf 90' lang='lat' dir='ltr'>nomine</span> <span class='ocrx_word' id='word_1_585' title='bbox 2228 1932 2298 1965; x_wconf 89' lang='lat' dir='ltr'>Iesu</span> 
     </span>
     <span class='ocr_line' id='line_1_82' title="bbox 1337 1985 2299 2031; baseline -0.004 -9"><span class='ocrx_word' id='word_1_586' title='bbox 1337 1999 1429 2022; x_wconf 90' lang='lat' dir='ltr'>omne</span> <span class='ocrx_word' id='word_1_587' title='bbox 1453 1998 1535 2031; x_wconf 84' lang='lat' dir='ltr'>genu</span> <span class='ocrx_word' id='word_1_588' title='bbox 1559 1989 1704 2021; x_wconf 88' lang='lat' dir='ltr'>flectatur</span> <span class='ocrx_word' id='word_1_589' title='bbox 1736 1988 1936 2027; x_wconf 89' lang='lat' dir='ltr'>caelestium,</span> <span class='ocrx_word' id='word_1_590' title='bbox 1965 1987 2165 2020; x_wconf 86' lang='lat' dir='ltr'>terrestrium</span> <span class='ocrx_word' id='word_1_591' title='bbox 2189 1989 2222 2019; x_wconf 91' lang='lat' dir='ltr'>et</span> <span class='ocrx_word' id='word_1_592' title='bbox 2251 1985 2299 2018; x_wconf 91' lang='lat' dir='ltr'>in-</span> 
     </span>
     <span class='ocr_line' id='line_1_83' title="bbox 1338 2041 2298 2084; baseline -0.004 -9"><span class='ocrx_word' id='word_1_593' title='bbox 1338 2043 1501 2076; x_wconf 85' lang='lat' dir='ltr'>fernorum</span> <span class='ocrx_word' id='word_1_594' title='bbox 1519 2056 1549 2081; x_wconf 83' lang='lat'>»‚</span> <span class='ocrx_word' id='word_1_595' title='bbox 1573 2041 1611 2074; x_wconf 84' lang='lat' dir='ltr'>ad</span> <span class='ocrx_word' id='word_1_596' title='bbox 1637 2042 1849 2084; x_wconf 88' lang='lat' dir='ltr'>Philippenses</span> <span class='ocrx_word' id='word_1_597' title='bbox 1871 2041 2018 2074; x_wconf 91' lang='lat' dir='ltr'>secundo.</span> <span class='ocrx_word' id='word_1_598' title='bbox 2036 2041 2098 2073; x_wconf 92' lang='lat' dir='ltr'>Hoc</span> <span class='ocrx_word' id='word_1_599' title='bbox 2113 2043 2219 2073; x_wconf 88' lang='lat' dir='ltr'>autem</span> <span class='ocrx_word' id='word_1_600' title='bbox 2236 2048 2298 2072; x_wconf 93' lang='lat' dir='ltr'>non</span> 
     </span>
     <span class='ocr_line' id='line_1_84' title="bbox 1339 2094 2299 2133; baseline -0.003 -5"><span class='ocrx_word' id='word_1_601' title='bbox 1339 2096 1469 2129; x_wconf 80' lang='lat' dir='ltr'>faciebat</span> <span class='ocrx_word' id='word_1_602' title='bbox 1493 2094 1672 2127; x_wconf 90' lang='lat' dir='ltr'>humilitate</span> <span class='ocrx_word' id='word_1_603' title='bbox 1695 2094 1886 2133; x_wconf 88' lang='lat' dir='ltr'>devotionis,</span> <span class='ocrx_word' id='word_1_604' title='bbox 1911 2094 1966 2127; x_wconf 90' lang='lat' dir='ltr'>sed</span> <span class='ocrx_word' id='word_1_605' title='bbox 1989 2103 2062 2127; x_wconf 89' lang='lat' dir='ltr'>cum</span> <span class='ocrx_word' id='word_1_606' title='bbox 2086 2101 2252 2126; x_wconf 90' lang='lat' dir='ltr'>murmure</span> <span class='ocrx_word' id='word_1_607' title='bbox 2268 2094 2299 2125; x_wconf 87' lang='lat' dir='ltr'>et</span> 
     </span>
     <span class='ocr_line' id='line_1_85' title="bbox 1339 2146 2300 2191; baseline -0.003 -10"><span class='ocrx_word' id='word_1_608' title='bbox 1339 2149 1473 2191; x_wconf 86' lang='lat' dir='ltr'>strepitu</span> <span class='ocrx_word' id='word_1_609' title='bbox 1498 2148 1652 2181; x_wconf 89' lang='lat' dir='ltr'>clamoris.</span> <span class='ocrx_word' id='word_1_610' title='bbox 1679 2166 1720 2171; x_wconf 91' lang='lat'>—</span> <span class='ocrx_word' id='word_1_611' title='bbox 1745 2148 1781 2180; x_wconf 93' lang='lat' dir='ltr'>Et</span> <span class='ocrx_word' id='word_1_612' title='bbox 1805 2148 1874 2180; x_wconf 92' lang='lat' dir='ltr'>ideo</span> <span class='ocrx_word' id='word_1_613' title='bbox 1897 2148 2003 2180; x_wconf 90' lang='lat' dir='ltr'>addit:</span> <span class='ocrx_word' id='word_1_614' title='bbox 2040 2148 2077 2179; x_wconf 84' lang='lat' dir='ltr'>E&#39;t</span> <span class='ocrx_word' id='word_1_615' title='bbox 2107 2146 2300 2179; x_wconf 70' lang='lat' dir='ltr'>exclamans</span> 
     </span>
     <span class='ocr_line' id='line_1_86' title="bbox 1339 2198 2302 2245; baseline -0.004 -10"><span class='ocrx_word' id='word_1_616' title='bbox 1339 2212 1414 2235; x_wconf 81' lang='lat' dir='ltr'>voce</span> <span class='ocrx_word' id='word_1_617' title='bbox 1429 2212 1556 2245; x_wconf 74' lang='lat' dir='ltr'>inayna</span> <span class='ocrx_word' id='word_1_618' title='bbox 1579 2202 1684 2234; x_wconf 74' lang='lat' dir='ltr'>dixit:</span> <span class='ocrx_word' id='word_1_619' title='bbox 1705 2201 1793 2243; x_wconf 81' lang='lat' dir='ltr'>Quid</span> <span class='ocrx_word' id='word_1_620' title='bbox 1808 2200 1892 2234; x_wconf 79' lang='lat' dir='ltr'>mihi</span> <span class='ocrx_word' id='word_1_621' title='bbox 1907 2206 1936 2234; x_wconf 85' lang='lat' dir='ltr'>et</span> <span class='ocrx_word' id='word_1_622' title='bbox 1952 2201 2011 2234; x_wconf 83' lang='lat' dir='ltr'>tibi</span> <span class='ocrx_word' id='word_1_623' title='bbox 2027 2205 2090 2240; x_wconf 75' lang='lat' dir='ltr'>est,</span> <span class='ocrx_word' id='word_1_624' title='bbox 2116 2201 2208 2238; x_wconf 76' lang='lat' dir='ltr'>Iesu,</span> <span class='ocrx_word' id='word_1_625' title='bbox 2232 2198 2302 2231; x_wconf 85' lang='lat' dir='ltr'>Fili</span> 
     </span>
     <span class='ocr_line' id='line_1_87' title="bbox 1342 2252 2300 2297; baseline -0.003 -9"><span class='ocrx_word' id='word_1_626' title='bbox 1342 2256 1401 2289; x_wconf 87' lang='lat' dir='ltr'>Dei</span> <span class='ocrx_word' id='word_1_627' title='bbox 1424 2255 1608 2288; x_wconf 76' lang='lat' dir='ltr'>altissimi?</span> <span class='ocrx_word' id='word_1_628' title='bbox 1633 2255 1721 2297; x_wconf 90' lang='lat' dir='ltr'>Quod</span> <span class='ocrx_word' id='word_1_629' title='bbox 1754 2264 1815 2287; x_wconf 92' lang='lat' dir='ltr'>non</span> <span class='ocrx_word' id='word_1_630' title='bbox 1844 2255 2016 2288; x_wconf 86' lang='lat' dir='ltr'>exhibebat</span> <span class='ocrx_word' id='word_1_631' title='bbox 2038 2263 2079 2287; x_wconf 87' lang='lat' dir='ltr'>ex</span> <span class='ocrx_word' id='word_1_632' title='bbox 2105 2252 2300 2290; x_wconf 86' lang='lat' dir='ltr'>reverentia,</span> 
     </span>
     <span class='ocr_line' id='line_1_88' title="bbox 1341 2307 2301 2351; baseline -0.004 -9"><span class='ocrx_word' id='word_1_633' title='bbox 1341 2309 1394 2342; x_wconf 91' lang='lat' dir='ltr'>sed</span> <span class='ocrx_word' id='word_1_634' title='bbox 1418 2309 1517 2351; x_wconf 86' lang='lat' dir='ltr'>magis</span> <span class='ocrx_word' id='word_1_635' title='bbox 1540 2308 1733 2341; x_wconf 89' lang='lat' dir='ltr'>abhorrebat</span> <span class='ocrx_word' id='word_1_636' title='bbox 1755 2308 1967 2350; x_wconf 90' lang='lat' dir='ltr'>praesentiam</span> <span class='ocrx_word' id='word_1_637' title='bbox 1983 2316 2056 2340; x_wconf 91' lang='lat' dir='ltr'>cum</span> <span class='ocrx_word' id='word_1_638' title='bbox 2073 2307 2227 2345; x_wconf 89' lang='lat' dir='ltr'>clamore,</span> <span class='ocrx_word' id='word_1_639' title='bbox 2244 2314 2301 2348; x_wconf 87' lang='lat' dir='ltr'>per</span> 
     </span>
     <span class='ocr_line' id='line_1_89' title="bbox 1341 2360 2301 2404; baseline -0.003 -10"><span class='ocrx_word' id='word_1_640' title='bbox 1341 2371 1436 2404; x_wconf 90' lang='lat' dir='ltr'>quem</span> <span class='ocrx_word' id='word_1_641' title='bbox 1460 2361 1595 2394; x_wconf 90' lang='lat' dir='ltr'>ostendit</span> <span class='ocrx_word' id='word_1_642' title='bbox 1617 2362 1769 2403; x_wconf 85' lang='lat' dir='ltr'>gemitum</span> <span class='ocrx_word' id='word_1_643' title='bbox 1794 2365 1824 2394; x_wconf 88' lang='lat' dir='ltr'>et</span> <span class='ocrx_word' id='word_1_644' title='bbox 1847 2361 1987 2394; x_wconf 90' lang='lat' dir='ltr'>dolorem</span> <span class='ocrx_word' id='word_1_645' title='bbox 2013 2360 2044 2392; x_wconf 95' lang='lat' dir='ltr'>in</span> <span class='ocrx_word' id='word_1_646' title='bbox 2061 2360 2173 2398; x_wconf 92' lang='lat' dir='ltr'>corde,</span> <span class='ocrx_word' id='word_1_647' title='bbox 2190 2368 2301 2392; x_wconf 88' lang='lat' dir='ltr'>secun-</span> 
     </span>
     <span class='ocr_line' id='line_1_90' title="bbox 1341 2412 2302 2456; baseline -0.004 -8"><span class='ocrx_word' id='word_1_648' title='bbox 1341 2415 1416 2448; x_wconf 91' lang='lat' dir='ltr'>dum</span> <span class='ocrx_word' id='word_1_649' title='bbox 1430 2415 1508 2447; x_wconf 89' lang='lat' dir='ltr'>illud</span> <span class='ocrx_word' id='word_1_650' title='bbox 1524 2415 1618 2447; x_wconf 86' lang='lat' dir='ltr'>Isaiae</span> <span class='ocrx_word' id='word_1_651' title='bbox 1634 2415 1809 2456; x_wconf 88' lang='lat' dir='ltr'>penultimo</span> <span class='ocrx_word' id='word_1_652' title='bbox 1822 2415 1862 2446; x_wconf 94' lang='lat'>¹⁰:</span> <span class='ocrx_word' id='word_1_653' title='bbox 1883 2427 1898 2443; x_wconf 75' lang='grc' dir='ltr'>ιι</span> <span class='ocrx_word' id='word_1_654' title='bbox 1910 2413 2091 2446; x_wconf 84' lang='lat' dir='ltr'>clamabitis</span> <span class='ocrx_word' id='word_1_655' title='bbox 2104 2422 2179 2455; x_wconf 88' lang='lat' dir='ltr'>prae</span> <span class='ocrx_word' id='word_1_656' title='bbox 2194 2412 2302 2445; x_wconf 88' lang='lat' dir='ltr'>dolore</span> 
     </span>
     <span class='ocr_line' id='line_1_91' title="bbox 1342 2465 2302 2510; baseline -0.002 -10"><span class='ocrx_word' id='word_1_657' title='bbox 1342 2468 1446 2501; x_wconf 89' lang='lat' dir='ltr'>cordis</span> <span class='ocrx_word' id='word_1_658' title='bbox 1469 2471 1500 2501; x_wconf 90' lang='lat' dir='ltr'>et</span> <span class='ocrx_word' id='word_1_659' title='bbox 1524 2477 1599 2510; x_wconf 85' lang='lat' dir='ltr'>prae</span> <span class='ocrx_word' id='word_1_660' title='bbox 1622 2468 1808 2501; x_wconf 87' lang='lat' dir='ltr'>contritione</span> <span class='ocrx_word' id='word_1_661' title='bbox 1833 2467 1963 2509; x_wconf 86' lang='lat' dir='ltr'>spiritus</span> <span class='ocrx_word' id='word_1_662' title='bbox 1991 2467 2152 2499; x_wconf 88' lang='lat' dir='ltr'>ululabitis</span> <span class='ocrx_word' id='word_1_663' title='bbox 2169 2479 2199 2498; x_wconf 68' lang='lat' dir='ltr'>n.</span> <span class='ocrx_word' id='word_1_664' title='bbox 2231 2465 2302 2498; x_wconf 88' lang='lat' dir='ltr'>Ideo</span> 
     </span>
    </p>
   </div>
   <div class='ocr_carea' id='block_1_11' title="bbox 1022 2577 1600 2589">
    <p class='ocr_par' dir='ltr' id='par_1_14' title="bbox 1022 2577 1600 2589">
     <span class='ocr_line' id='line_1_92' title="bbox 1022 2577 1600 2589; baseline 0 0"><span class='ocrx_word' id='word_1_665' title='bbox 1022 2577 1600 2589; x_wconf 95' lang='lat' dir='ltr'> </span> 
     </span>
    </p>
   </div>
   <div class='ocr_carea' id='block_1_12' title="bbox 319 2669 1285 3456">
    <p class='ocr_par' dir='ltr' id='par_1_15' title="bbox 319 2669 1280 2832">
     <span class='ocr_line' id='line_1_93' title="bbox 391 2669 1276 2702; baseline -0.003 -5"><span class='ocrx_word' id='word_1_666' title='bbox 391 2671 398 2686; x_wconf 93' lang='lat'>¹</span> <span class='ocrx_word' id='word_1_667' title='bbox 420 2672 490 2697; x_wconf 86' lang='lat' dir='ltr'>Libr.</span> <span class='ocrx_word' id='word_1_668' title='bbox 510 2673 546 2697; x_wconf 88' lang='grc' dir='ltr'><strong>ΙΙΙ.</strong></span> <span class='ocrx_word' id='word_1_669' title='bbox 567 2672 591 2697; x_wconf 91' lang='lat' dir='ltr'>in</span> <span class='ocrx_word' id='word_1_670' title='bbox 617 2672 678 2696; x_wconf 87' lang='lat' dir='ltr'>Luc.</span> <span class='ocrx_word' id='word_1_671' title='bbox 706 2671 736 2701; x_wconf 84' lang='lat'>8,</span> <span class='ocrx_word' id='word_1_672' title='bbox 756 2671 798 2695; x_wconf 81' lang='lat'>26.</span> <span class='ocrx_word' id='word_1_673' title='bbox 819 2684 853 2688; x_wconf 79' lang='lat'><em>-</em></span> <span class='ocrx_word' id='word_1_674' title='bbox 878 2670 1002 2702; x_wconf 84' lang='lat' dir='ltr'>Sequitur</span> <span class='ocrx_word' id='word_1_675' title='bbox 1021 2670 1075 2694; x_wconf 87' lang='lat' dir='ltr'>Act.</span> <span class='ocrx_word' id='word_1_676' title='bbox 1099 2670 1146 2700; x_wconf 73' lang='lat'>43,</span> <span class='ocrx_word' id='word_1_677' title='bbox 1167 2669 1213 2700; x_wconf 77' lang='grc'><strong>46,</strong></span> <span class='ocrx_word' id='word_1_678' title='bbox 1233 2669 1276 2694; x_wconf 88' lang='lat' dir='ltr'>ubi</span> 
     </span>
     <span class='ocr_line' id='line_1_94' title="bbox 319 2712 1278 2750; baseline -0.005 -7"><span class='ocrx_word' id='word_1_679' title='bbox 319 2725 366 2749; x_wconf 74' lang='lat' dir='ltr'>pro</span> <span class='ocrx_word' id='word_1_680' title='bbox 385 2716 512 2750; x_wconf 78' lang='lat' dir='ltr'>repellitis</span> <span class='ocrx_word' id='word_1_681' title='bbox 532 2717 584 2741; x_wconf 86' lang='lat' dir='ltr'>GH</span> <span class='ocrx_word' id='word_1_682' title='bbox 604 2722 650 2741; x_wconf 78' lang='lat' dir='ltr'>vos</span> <span class='ocrx_word' id='word_1_683' title='bbox 669 2713 807 2748; x_wconf 68' lang='lat' dir='ltr'>repulistis</span> <span class='ocrx_word' id='word_1_684' title='bbox 827 2713 920 2746; x_wconf 81' lang='lat' dir='ltr'>[ACD</span> <span class='ocrx_word' id='word_1_685' title='bbox 939 2712 1106 2747; x_wconf 65' lang='lat' dir='ltr'>eaepulz&#39;stisJ,</span> <span class='ocrx_word' id='word_1_686' title='bbox 1128 2716 1153 2738; x_wconf 85' lang='lat' dir='ltr'>et</span> <span class='ocrx_word' id='word_1_687' title='bbox 1172 2720 1221 2744; x_wconf 86' lang='lat' dir='ltr'>pro</span> <span class='ocrx_word' id='word_1_688' title='bbox 1241 2712 1278 2738; x_wconf 84' lang='lat' dir='ltr'>iu-</span> 
     </span>
     <span class='ocr_line' id='line_1_95' title="bbox 319 2756 1280 2791; baseline -0.004 -4"><span class='ocrx_word' id='word_1_689' title='bbox 319 2761 413 2788; x_wconf 75' lang='lat' dir='ltr'>dicatis</span> <span class='ocrx_word' id='word_1_690' title='bbox 427 2762 448 2786; x_wconf 93' lang='lat' dir='ltr'>D</span> <span class='ocrx_word' id='word_1_691' title='bbox 458 2762 477 2786; x_wconf 93' lang='lat' dir='ltr'>G</span> <span class='ocrx_word' id='word_1_692' title='bbox 490 2762 510 2786; x_wconf 89' lang='lat' dir='ltr'><em>H</em></span> <span class='ocrx_word' id='word_1_693' title='bbox 524 2759 670 2787; x_wconf 77' lang='lat' dir='ltr'>iudicastis.</span> <span class='ocrx_word' id='word_1_694' title='bbox 686 2759 813 2791; x_wconf 83' lang='lat' dir='ltr'>Superius</span> <span class='ocrx_word' id='word_1_695' title='bbox 832 2765 880 2790; x_wconf 89' lang='lat' dir='ltr'>pro</span> <span class='ocrx_word' id='word_1_696' title='bbox 894 2758 922 2784; x_wconf 85' lang='lat' dir='ltr'>in</span> <span class='ocrx_word' id='word_1_697' title='bbox 935 2756 1108 2784; x_wconf 79' lang='lat' dir='ltr'>daemoniaco</span> <span class='ocrx_word' id='word_1_698' title='bbox 1122 2759 1280 2783; x_wconf 81' lang='lat' dir='ltr'>occurrente</span> 
     </span>
     <span class='ocr_line' id='line_1_96' title="bbox 320 2803 845 2832; baseline -0.008 -1"><span class='ocrx_word' id='word_1_699' title='bbox 320 2807 339 2831; x_wconf 57' lang='grc' dir='ltr'>Α</span> <span class='ocrx_word' id='word_1_700' title='bbox 350 2805 368 2832; x_wconf 92' lang='lat' dir='ltr'>C</span> <span class='ocrx_word' id='word_1_701' title='bbox 380 2806 432 2830; x_wconf 90' lang='lat' dir='ltr'>DG</span> <span class='ocrx_word' id='word_1_702' title='bbox 443 2806 462 2830; x_wconf 86' lang='lat' dir='ltr'>ll</span> <span class='ocrx_word' id='word_1_703' title='bbox 484 2805 511 2830; x_wconf 88' lang='lat' dir='ltr'>in</span> <span class='ocrx_word' id='word_1_704' title='bbox 530 2804 658 2830; x_wconf 85' lang='lat' dir='ltr'>daemone</span> <span class='ocrx_word' id='word_1_705' title='bbox 678 2803 845 2829; x_wconf 80' lang='lat' dir='ltr'>occurrente.</span> 
     </span>
    </p>

    <p class='ocr_par' dir='ltr' id='par_1_16' title="bbox 321 2844 1281 3057">
     <span class='ocr_line' id='line_1_97' title="bbox 390 2844 1280 2879; baseline -0.006 -5"><span class='ocrx_word' id='word_1_706' title='bbox 390 2848 400 2862; x_wconf 78' lang='lat'>²</span> <span class='ocrx_word' id='word_1_707' title='bbox 421 2849 524 2874; x_wconf 83' lang='lat' dir='ltr'>Scilicet</span> <span class='ocrx_word' id='word_1_708' title='bbox 542 2847 685 2875; x_wconf 82' lang='lat' dir='ltr'>ordinaria</span> <span class='ocrx_word' id='word_1_709' title='bbox 706 2847 746 2877; x_wconf 90' lang='lat' dir='ltr'>(ex</span> <span class='ocrx_word' id='word_1_710' title='bbox 766 2846 847 2879; x_wconf 83' lang='lat' dir='ltr'>Beda)</span> <span class='ocrx_word' id='word_1_711' title='bbox 868 2846 892 2871; x_wconf 89' lang='lat' dir='ltr'>in</span> <span class='ocrx_word' id='word_1_712' title='bbox 912 2847 974 2871; x_wconf 88' lang='lat' dir='ltr'>Luc.</span> <span class='ocrx_word' id='word_1_713' title='bbox 995 2846 1023 2877; x_wconf 88' lang='grc'>8,</span> <span class='ocrx_word' id='word_1_714' title='bbox 1038 2845 1085 2870; x_wconf 84' lang='lat'>26:</span> <span class='ocrx_word' id='word_1_715' title='bbox 1101 2845 1204 2871; x_wconf 76' lang='lat' dir='ltr'>Gerasa</span> <span class='ocrx_word' id='word_1_716' title='bbox 1223 2844 1280 2869; x_wconf 85' lang='lat' dir='ltr'>sive</span> 
     </span>
     <span class='ocr_line' id='line_1_98' title="bbox 321 2889 1280 2927; baseline -0.004 -9"><span class='ocrx_word' id='word_1_717' title='bbox 321 2893 432 2927; x_wconf 63' lang='lat' dir='ltr'>Geraesi</span> <span class='ocrx_word' id='word_1_718' title='bbox 450 2894 570 2919; x_wconf 88' lang='lat' dir='ltr'>colonum</span> <span class='ocrx_word' id='word_1_719' title='bbox 591 2892 704 2924; x_wconf 85' lang='lat' dir='ltr'>eiiciens,</span> <span class='ocrx_word' id='word_1_720' title='bbox 724 2892 751 2917; x_wconf 86' lang='lat' dir='ltr'>id</span> <span class='ocrx_word' id='word_1_721' title='bbox 771 2894 809 2917; x_wconf 84' lang='lat' dir='ltr'>est</span> <span class='ocrx_word' id='word_1_722' title='bbox 828 2890 972 2922; x_wconf 86' lang='lat' dir='ltr'>diabolum,</span> <span class='ocrx_word' id='word_1_723' title='bbox 992 2896 1005 2914; x_wconf 84' lang='lat' dir='ltr'>a</span> <span class='ocrx_word' id='word_1_724' title='bbox 1023 2896 1076 2922; x_wconf 89' lang='lat' dir='ltr'>quo</span> <span class='ocrx_word' id='word_1_725' title='bbox 1096 2889 1169 2920; x_wconf 81' lang='lat' dir='ltr'>prius</span> <span class='ocrx_word' id='word_1_726' title='bbox 1189 2889 1280 2914; x_wconf 85' lang='lat' dir='ltr'>incole-</span> 
     </span>
     <span class='ocr_line' id='line_1_99' title="bbox 322 2934 1281 2969; baseline -0.007 -5"><span class='ocrx_word' id='word_1_727' title='bbox 322 2939 409 2969; x_wconf 81' lang='lat' dir='ltr'>batur,</span> <span class='ocrx_word' id='word_1_728' title='bbox 424 2939 464 2963; x_wconf 89' lang='lat' dir='ltr'>vel</span> <span class='ocrx_word' id='word_1_729' title='bbox 484 2938 585 2963; x_wconf 81' lang='lat' dir='ltr'>advena</span> <span class='ocrx_word' id='word_1_730' title='bbox 606 2937 795 2969; x_wconf 84' lang='lat' dir='ltr'>propinquans,</span> <span class='ocrx_word' id='word_1_731' title='bbox 814 2935 859 2968; x_wconf 88' lang='lat' dir='ltr'>qui</span> <span class='ocrx_word' id='word_1_732' title='bbox 879 2935 956 2966; x_wconf 82' lang='lat' dir='ltr'>longe</span> <span class='ocrx_word' id='word_1_733' title='bbox 975 2936 1030 2959; x_wconf 88' lang='lat' dir='ltr'>erat</span> <span class='ocrx_word' id='word_1_734' title='bbox 1055 2934 1079 2959; x_wconf 90' lang='lat' dir='ltr'>in</span> <span class='ocrx_word' id='word_1_735' title='bbox 1100 2938 1227 2965; x_wconf 84' lang='lat' dir='ltr'>ternpore.</span> <span class='ocrx_word' id='word_1_736' title='bbox 1245 2946 1281 2951; x_wconf 98' lang='lat'><strong>—</strong></span> 
     </span>
     <span class='ocr_line' id='line_1_100' title="bbox 322 2976 1280 3014; baseline -0.007 -5"><span class='ocrx_word' id='word_1_737' title='bbox 322 2983 438 3008; x_wconf 75' lang='lat' dir='ltr'>Subinde</span> <span class='ocrx_word' id='word_1_738' title='bbox 456 2983 581 3014; x_wconf 81' lang='lat' dir='ltr'>allegatur</span> <span class='ocrx_word' id='word_1_739' title='bbox 602 2983 665 3014; x_wconf 82' lang='lat' dir='ltr'>Epli.</span> <span class='ocrx_word' id='word_1_740' title='bbox 695 2983 724 3013; x_wconf 79' lang='lat'>2,</span> <span class='ocrx_word' id='word_1_741' title='bbox 746 2976 833 3006; x_wconf 66' lang='lat'>44-43&#39;.</span> <span class='ocrx_word' id='word_1_742' title='bbox 852 2994 887 2999; x_wconf 91' lang='lat'>—</span> <span class='ocrx_word' id='word_1_743' title='bbox 907 2979 1035 3011; x_wconf 84' lang='lat' dir='ltr'>Superius</span> <span class='ocrx_word' id='word_1_744' title='bbox 1062 2981 1122 3010; x_wconf 89' lang='lat' dir='ltr'>post</span> <span class='ocrx_word' id='word_1_745' title='bbox 1146 2976 1280 3011; x_wconf 82' lang='lat' dir='ltr'>potentiae</span> 
     </span>
     <span class='ocr_line' id='line_1_101' title="bbox 324 3021 1281 3057; baseline -0.006 -5"><span class='ocrx_word' id='word_1_746' title='bbox 324 3028 340 3051; x_wconf 75' lang='grc' dir='ltr'>Ε</span> <span class='ocrx_word' id='word_1_747' title='bbox 350 3027 370 3051; x_wconf 91' lang='lat' dir='ltr'>Il</span> <span class='ocrx_word' id='word_1_748' title='bbox 382 3027 483 3052; x_wconf 85' lang='lat' dir='ltr'>addunt</span> <span class='ocrx_word' id='word_1_749' title='bbox 495 3033 568 3057; x_wconf 81' lang='lat' dir='ltr'>suae,</span> <span class='ocrx_word' id='word_1_750' title='bbox 583 3029 608 3051; x_wconf 88' lang='lat' dir='ltr'>et</span> <span class='ocrx_word' id='word_1_751' title='bbox 621 3025 734 3052; x_wconf 88' lang='lat' dir='ltr'>subinde</span> <span class='ocrx_word' id='word_1_752' title='bbox 753 3028 811 3057; x_wconf 87' lang='lat' dir='ltr'>post</span> <span class='ocrx_word' id='word_1_753' title='bbox 831 3023 951 3050; x_wconf 78' lang='lat' dir='ltr'>traheret</span> <span class='ocrx_word' id='word_1_754' title='bbox 963 3023 983 3048; x_wconf 82' lang='lat' dir='ltr'>ll</span> <span class='ocrx_word' id='word_1_755' title='bbox 998 3026 1023 3048; x_wconf 82' lang='lat' dir='ltr'>ct</span> <span class='ocrx_word' id='word_1_756' title='bbox 1043 3022 1100 3047; x_wconf 91' lang='lat' dir='ltr'>Vat.</span> <span class='ocrx_word' id='word_1_757' title='bbox 1114 3021 1142 3047; x_wconf 86' lang='lat' dir='ltr'>in</span> <span class='ocrx_word' id='word_1_758' title='bbox 1155 3023 1281 3054; x_wconf 82' lang='lat' dir='ltr'>tempore.</span> 
     </span>
    </p>

    <p class='ocr_par' dir='ltr' id='par_1_17' title="bbox 393 3069 919 3101">
     <span class='ocr_line' id='line_1_102' title="bbox 393 3069 919 3101; baseline -0.006 -5"><span class='ocrx_word' id='word_1_759' title='bbox 393 3069 403 3083; x_wconf 75' lang='lat'>⁹</span> <span class='ocrx_word' id='word_1_760' title='bbox 423 3071 496 3096; x_wconf 88' lang='lat' dir='ltr'>Vers.</span> <span class='ocrx_word' id='word_1_761' title='bbox 519 3072 560 3096; x_wconf 71' lang='lat'>¹⁶2.</span> <span class='ocrx_word' id='word_1_762' title='bbox 582 3074 607 3096; x_wconf 85' lang='lat' dir='ltr'>ct</span> <span class='ocrx_word' id='word_1_763' title='bbox 628 3071 673 3101; x_wconf 67' lang='lat'>&#39;¹333</span> <span class='ocrx_word' id='word_1_764' title='bbox 694 3071 730 3095; x_wconf 80' lang='lat' dir='ltr'>cfr</span> <span class='ocrx_word' id='word_1_765' title='bbox 760 3070 808 3095; x_wconf 84' lang='lat' dir='ltr'>loel</span> <span class='ocrx_word' id='word_1_766' title='bbox 829 3070 857 3100; x_wconf 79' lang='lat'>2,</span> <span class='ocrx_word' id='word_1_767' title='bbox 878 3070 919 3094; x_wconf 80' lang='lat'>32.</span> 
     </span>
    </p>

    <p class='ocr_par' dir='ltr' id='par_1_18' title="bbox 324 3110 1282 3281">
     <span class='ocr_line' id='line_1_103' title="bbox 393 3110 1281 3146; baseline -0.006 -6"><span class='ocrx_word' id='word_1_768' title='bbox 393 3113 404 3128; x_wconf 67' lang='lat'><strong><em>⁴</em></strong></span> <span class='ocrx_word' id='word_1_769' title='bbox 425 3115 534 3146; x_wconf 83' lang='lat' dir='ltr'>Vulgata</span> <span class='ocrx_word' id='word_1_770' title='bbox 555 3114 603 3141; x_wconf 83' lang='lat' dir='ltr'>illi.</span> <span class='ocrx_word' id='word_1_771' title='bbox 633 3115 783 3140; x_wconf 82' lang='lat' dir='ltr'>immediate</span> <span class='ocrx_word' id='word_1_772' title='bbox 809 3117 868 3146; x_wconf 86' lang='lat' dir='ltr'>post</span> <span class='ocrx_word' id='word_1_773' title='bbox 887 3113 963 3139; x_wconf 91' lang='lat' dir='ltr'>codd.</span> <span class='ocrx_word' id='word_1_774' title='bbox 984 3112 1107 3138; x_wconf 87' lang='lat' dir='ltr'>omittunt</span> <span class='ocrx_word' id='word_1_775' title='bbox 1125 3110 1184 3142; x_wconf 82' lang='lat' dir='ltr'>vir,</span> <span class='ocrx_word' id='word_1_776' title='bbox 1209 3110 1281 3142; x_wconf 87' lang='lat' dir='ltr'>quod</span> 
     </span>
     <span class='ocr_line' id='line_1_104' title="bbox 324 3155 1282 3191; baseline -0.005 -7"><span class='ocrx_word' id='word_1_777' title='bbox 324 3162 409 3184; x_wconf 86' lang='lat' dir='ltr'>tamen</span> <span class='ocrx_word' id='word_1_778' title='bbox 430 3159 507 3190; x_wconf 86' lang='lat' dir='ltr'>paulo</span> <span class='ocrx_word' id='word_1_779' title='bbox 528 3159 633 3184; x_wconf 80' lang='lat' dir='ltr'>inferius</span> <span class='ocrx_word' id='word_1_780' title='bbox 653 3159 686 3184; x_wconf 82' lang='lat' dir='ltr'>ab</span> <span class='ocrx_word' id='word_1_781' title='bbox 706 3159 770 3191; x_wconf 84' lang='lat' dir='ltr'>ipsis</span> <span class='ocrx_word' id='word_1_782' title='bbox 788 3158 932 3184; x_wconf 83' lang='lat' dir='ltr'>exhibetur.</span> <span class='ocrx_word' id='word_1_783' title='bbox 945 3171 981 3176; x_wconf 92' lang='lat'>—</span> <span class='ocrx_word' id='word_1_784' title='bbox 995 3156 1118 3190; x_wconf 83' lang='lat' dir='ltr'>Sequitur</span> <span class='ocrx_word' id='word_1_785' title='bbox 1132 3157 1172 3181; x_wconf 89' lang='lat' dir='ltr'>Ps.</span> <span class='ocrx_word' id='word_1_786' title='bbox 1187 3155 1246 3186; x_wconf 66' lang='lat'>⁴34,</span> <span class='ocrx_word' id='word_1_787' title='bbox 1258 3155 1282 3179; x_wconf 87' lang='lat'>6.</span> 
     </span>
     <span class='ocr_line' id='line_1_105' title="bbox 324 3200 1281 3235; baseline -0.003 -8"><span class='ocrx_word' id='word_1_788' title='bbox 324 3215 358 3221; x_wconf 93' lang='lat'>-—</span> <span class='ocrx_word' id='word_1_789' title='bbox 378 3202 494 3228; x_wconf 81' lang='lat' dir='ltr'>Subinde</span> <span class='ocrx_word' id='word_1_790' title='bbox 508 3210 556 3234; x_wconf 87' lang='lat' dir='ltr'>pro</span> <span class='ocrx_word' id='word_1_791' title='bbox 569 3202 707 3229; x_wconf 82' lang='lat' dir='ltr'>mirabilia</span> <span class='ocrx_word' id='word_1_792' title='bbox 726 3204 748 3228; x_wconf 93' lang='lat' dir='ltr'>D</span> <span class='ocrx_word' id='word_1_793' title='bbox 759 3204 778 3228; x_wconf 83' lang='lat' dir='ltr'>H</span> <span class='ocrx_word' id='word_1_794' title='bbox 798 3202 948 3235; x_wconf 80' lang='lat' dir='ltr'>miracula,</span> <span class='ocrx_word' id='word_1_795' title='bbox 962 3205 987 3228; x_wconf 87' lang='lat' dir='ltr'>et</span> <span class='ocrx_word' id='word_1_796' title='bbox 1007 3200 1119 3227; x_wconf 83' lang='lat' dir='ltr'>vocibus</span> <span class='ocrx_word' id='word_1_797' title='bbox 1132 3200 1159 3226; x_wconf 83' lang='lat' dir='ltr'>in</span> <span class='ocrx_word' id='word_1_798' title='bbox 1173 3201 1248 3226; x_wconf 76' lang='lat' dir='ltr'>terra</span> <span class='ocrx_word' id='word_1_799' title='bbox 1261 3200 1281 3224; x_wconf 95' lang='lat' dir='ltr'>ll</span> 
     </span>
     <span class='ocr_line' id='line_1_106' title="bbox 325 3247 673 3281; baseline 0.006 -10"><span class='ocrx_word' id='word_1_800' title='bbox 325 3249 350 3271; x_wconf 87' lang='lat' dir='ltr'>et</span> <span class='ocrx_word' id='word_1_801' title='bbox 370 3247 425 3272; x_wconf 87' lang='lat' dir='ltr'>Vat.</span> <span class='ocrx_word' id='word_1_802' title='bbox 446 3247 547 3272; x_wconf 84' lang='lat' dir='ltr'>addunt</span> <span class='ocrx_word' id='word_1_803' title='bbox 565 3247 673 3281; x_wconf 79' lang='lat' dir='ltr'>faceret.</span> 
     </span>
    </p>

    <p class='ocr_par' dir='ltr' id='par_1_19' title="bbox 325 3288 1285 3456">
     <span class='ocr_line' id='line_1_107' title="bbox 395 3288 1282 3323; baseline -0.002 -8"><span class='ocrx_word' id='word_1_804' title='bbox 395 3288 406 3303; x_wconf 78' lang='lat'>⁵</span> <span class='ocrx_word' id='word_1_805' title='bbox 428 3290 501 3316; x_wconf 86' lang='lat' dir='ltr'>Vers.</span> <span class='ocrx_word' id='word_1_806' title='bbox 527 3292 570 3316; x_wconf 78' lang='lat'>28.</span> <span class='ocrx_word' id='word_1_807' title='bbox 598 3291 740 3322; x_wconf 71' lang='lat' dir='ltr'>chrysost,</span> <span class='ocrx_word' id='word_1_808' title='bbox 770 3291 865 3317; x_wconf 83' lang='lat' dir='ltr'>Homil.</span> <span class='ocrx_word' id='word_1_809' title='bbox 894 3291 937 3317; x_wconf 80' lang='lat'>28.</span> <span class='ocrx_word' id='word_1_810' title='bbox 966 3290 1039 3323; x_wconf 78' lang='lat' dir='ltr'>(alias</span> <span class='ocrx_word' id='word_1_811' title='bbox 1068 3289 1121 3322; x_wconf 82' lang='lat'>29.)</span> <span class='ocrx_word' id='word_1_812' title='bbox 1147 3289 1170 3314; x_wconf 93' lang='lat' dir='ltr'>in</span> <span class='ocrx_word' id='word_1_813' title='bbox 1196 3289 1282 3315; x_wconf 86' lang='lat' dir='ltr'>Matth.</span> 
     </span>
     <span class='ocr_line' id='line_1_108' title="bbox 326 3332 1283 3367; baseline 0 -8"><span class='ocrx_word' id='word_1_814' title='bbox 326 3342 349 3359; x_wconf 88' lang='lat' dir='ltr'>n.</span> <span class='ocrx_word' id='word_1_815' title='bbox 370 3335 398 3359; x_wconf 81' lang='lat'>2:</span> <span class='ocrx_word' id='word_1_816' title='bbox 423 3344 434 3356; x_wconf 74' lang='grc' dir='ltr'><strong>α</strong></span> <span class='ocrx_word' id='word_1_817' title='bbox 445 3335 544 3366; x_wconf 84' lang='lat' dir='ltr'>Quodsi</span> <span class='ocrx_word' id='word_1_818' title='bbox 558 3335 640 3360; x_wconf 83' lang='lat' dir='ltr'>Lucas</span> <span class='ocrx_word' id='word_1_819' title='bbox 655 3342 741 3361; x_wconf 83' lang='lat' dir='ltr'>unum</span> <span class='ocrx_word' id='word_1_820' title='bbox 760 3337 866 3362; x_wconf 85' lang='lat' dir='ltr'>tantum</span> <span class='ocrx_word' id='word_1_821' title='bbox 885 3337 1027 3367; x_wconf 80' lang='lat' dir='ltr'>memoret,</span> <span class='ocrx_word' id='word_1_822' title='bbox 1044 3334 1086 3361; x_wconf 86' lang='lat' dir='ltr'>hic</span> <span class='ocrx_word' id='word_1_823' title='bbox 1099 3337 1187 3360; x_wconf 85' lang='lat' dir='ltr'>autem</span> <span class='ocrx_word' id='word_1_824' title='bbox 1207 3332 1283 3364; x_wconf 85' lang='lat' dir='ltr'>duos,</span> 
     </span>
     <span class='ocr_line' id='line_1_109' title="bbox 325 3379 1283 3412; baseline 0 -8"><span class='ocrx_word' id='word_1_825' title='bbox 325 3386 412 3411; x_wconf 85' lang='lat' dir='ltr'>neque</span> <span class='ocrx_word' id='word_1_826' title='bbox 430 3379 467 3404; x_wconf 88' lang='lat' dir='ltr'>sic</span> <span class='ocrx_word' id='word_1_827' title='bbox 486 3379 643 3405; x_wconf 79' lang='lat' dir='ltr'>dissonantia</span> <span class='ocrx_word' id='word_1_828' title='bbox 663 3380 748 3412; x_wconf 85' lang='lat' dir='ltr'>aliqua</span> <span class='ocrx_word' id='word_1_829' title='bbox 769 3380 904 3406; x_wconf 81' lang='lat' dir='ltr'>indicatur.</span> <span class='ocrx_word' id='word_1_830' title='bbox 924 3380 949 3406; x_wconf 88' lang='lat' dir='ltr'>Si</span> <span class='ocrx_word' id='word_1_831' title='bbox 970 3380 1039 3405; x_wconf 87' lang='lat' dir='ltr'>enim</span> <span class='ocrx_word' id='word_1_832' title='bbox 1058 3379 1177 3411; x_wconf 82' lang='lat' dir='ltr'>dixisset,</span> <span class='ocrx_word' id='word_1_833' title='bbox 1197 3385 1283 3405; x_wconf 83' lang='lat' dir='ltr'>unum</span> 
     </span>
     <span class='ocr_line' id='line_1_110' title="bbox 325 3423 1285 3456; baseline 0 -7"><span class='ocrx_word' id='word_1_834' title='bbox 325 3424 431 3449; x_wconf 83' lang='lat' dir='ltr'>tantum</span> <span class='ocrx_word' id='word_1_835' title='bbox 449 3423 541 3456; x_wconf 81' lang='lat' dir='ltr'>fuisse,</span> <span class='ocrx_word' id='word_1_836' title='bbox 558 3431 605 3449; x_wconf 87' lang='lat' dir='ltr'>nec</span> <span class='ocrx_word' id='word_1_837' title='bbox 618 3424 727 3449; x_wconf 88' lang='lat' dir='ltr'>alterum</span> <span class='ocrx_word' id='word_1_838' title='bbox 748 3424 888 3456; x_wconf 79' lang='lat' dir='ltr'>exstitisse,</span> <span class='ocrx_word' id='word_1_839' title='bbox 902 3427 962 3449; x_wconf 87' lang='lat' dir='ltr'>tunc</span> <span class='ocrx_word' id='word_1_840' title='bbox 976 3424 1110 3449; x_wconf 86' lang='lat' dir='ltr'>videretur</span> <span class='ocrx_word' id='word_1_841' title='bbox 1129 3431 1142 3449; x_wconf 86' lang='lat' dir='ltr'>a</span> <span class='ocrx_word' id='word_1_842' title='bbox 1158 3424 1285 3449; x_wconf 83' lang='lat' dir='ltr'>Matthaeo</span> 
     </span>
    </p>
   </div>
   <div class='ocr_carea' id='block_1_13' title="bbox 1307 2670 1312 2863">
    <p class='ocr_par' dir='ltr' id='par_1_20' title="bbox 1307 2670 1312 2863">
     <span class='ocr_line' id='line_1_111' title="bbox 1307 2670 1312 2863; baseline 0 1058"><span class='ocrx_word' id='word_1_843' title='bbox 1307 2670 1312 2863; x_wconf 95' lang='lat' dir='ltr'> </span> 
     </span>
    </p>
   </div>
   <div class='ocr_carea' id='block_1_14' title="bbox 1332 2665 2303 2694">
    <p class='ocr_par' dir='ltr' id='par_1_21' title="bbox 1332 2665 2303 2694">
     <span class='ocr_line' id='line_1_112' title="bbox 1332 2665 2303 2694; baseline -0.004 0"><span class='ocrx_word' id='word_1_844' title='bbox 1332 2669 1470 2694; x_wconf 60' lang='lat' dir='ltr'>&#39;differrem</span> <span class='ocrx_word' id='word_1_845' title='bbox 1491 2668 1551 2694; x_wconf 89' lang='lat' dir='ltr'>Mihi</span> <span class='ocrx_word' id='word_1_846' title='bbox 1570 2669 1638 2694; x_wconf 88' lang='lat' dir='ltr'>enim</span> <span class='ocrx_word' id='word_1_847' title='bbox 1660 2669 1764 2694; x_wconf 83' lang='lat' dir='ltr'>videtur</span> <span class='ocrx_word' id='word_1_848' title='bbox 1783 2670 1867 2694; x_wconf 88' lang='lat' dir='ltr'>Lucas</span> <span class='ocrx_word' id='word_1_849' title='bbox 1885 2667 2021 2694; x_wconf 77' lang='lat' dir='ltr'>acriorem</span> <span class='ocrx_word' id='word_1_850' title='bbox 2041 2667 2081 2692; x_wconf 85' lang='lat' dir='ltr'>hic</span> <span class='ocrx_word' id='word_1_851' title='bbox 2101 2665 2303 2691; x_wconf 83' lang='lat' dir='ltr'>memorandum</span> 
     </span>
    </p>
   </div>
   <div class='ocr_carea' id='block_1_15' title="bbox 1341 2707 2309 3403">
    <p class='ocr_par' dir='ltr' id='par_1_22' title="bbox 1341 2707 2303 2786">
     <span class='ocr_line' id='line_1_113' title="bbox 1341 2707 2303 2743; baseline -0.005 -6"><span class='ocrx_word' id='word_1_852' title='bbox 1341 2711 1513 2743; x_wconf 78' lang='lat' dir='ltr'>suscepisse»</span> <span class='ocrx_word' id='word_1_853' title='bbox 1536 2715 1584 2736; x_wconf 88' lang='lat' dir='ltr'>etc.</span> <span class='ocrx_word' id='word_1_854' title='bbox 1604 2712 1686 2737; x_wconf 81' lang='lat' dir='ltr'>Simili</span> <span class='ocrx_word' id='word_1_855' title='bbox 1707 2712 1786 2737; x_wconf 88' lang='lat' dir='ltr'>modo</span> <span class='ocrx_word' id='word_1_856' title='bbox 1815 2711 1892 2737; x_wconf 90' lang='lat' dir='ltr'>docet</span> <span class='ocrx_word' id='word_1_857' title='bbox 1917 2712 2037 2742; x_wconf 73' lang='lat' dir='ltr'>August,</span> <span class='ocrx_word' id='word_1_858' title='bbox 2063 2710 2090 2734; x_wconf 92' lang='grc' dir='ltr'>ΙΙ.</span> <span class='ocrx_word' id='word_1_859' title='bbox 2115 2708 2150 2734; x_wconf 81' lang='lat' dir='ltr'>de</span> <span class='ocrx_word' id='word_1_860' title='bbox 2168 2707 2303 2734; x_wconf 85' lang='lat' dir='ltr'>Consensu</span> 
     </span>
     <span class='ocr_line' id='line_1_114' title="bbox 1342 2752 1714 2786; baseline 0 -6"><span class='ocrx_word' id='word_1_861' title='bbox 1342 2752 1500 2786; x_wconf 81' lang='lat' dir='ltr'>Evangelist.</span> <span class='ocrx_word' id='word_1_862' title='bbox 1519 2762 1542 2780; x_wconf 84' lang='lat' dir='ltr'>c.</span> <span class='ocrx_word' id='word_1_863' title='bbox 1564 2754 1607 2780; x_wconf 73' lang='lat'>24.</span> <span class='ocrx_word' id='word_1_864' title='bbox 1626 2762 1650 2780; x_wconf 91' lang='lat' dir='ltr'>n.</span> <span class='ocrx_word' id='word_1_865' title='bbox 1672 2755 1714 2780; x_wconf 83' lang='lat'>56.</span> 
     </span>
    </p>

    <p class='ocr_par' dir='ltr' id='par_1_23' title="bbox 1414 2797 2154 2832">
     <span class='ocr_line' id='line_1_115' title="bbox 1414 2797 2154 2832; baseline -0.003 -8"><span class='ocrx_word' id='word_1_866' title='bbox 1414 2797 1425 2812; x_wconf 79' lang='lat'>⁸</span> <span class='ocrx_word' id='word_1_867' title='bbox 1444 2799 1520 2824; x_wconf 88' lang='lat' dir='ltr'>Vers.</span> <span class='ocrx_word' id='word_1_868' title='bbox 1540 2800 1580 2824; x_wconf 71' lang='lat'>⁴3.</span> <span class='ocrx_word' id='word_1_869' title='bbox 1601 2802 1626 2824; x_wconf 89' lang='lat' dir='ltr'>et</span> <span class='ocrx_word' id='word_1_870' title='bbox 1651 2799 1693 2831; x_wconf 74' lang='lat'>14;</span> <span class='ocrx_word' id='word_1_871' title='bbox 1714 2801 1760 2825; x_wconf 82' lang='lat' dir='ltr'>cfr.</span> <span class='ocrx_word' id='word_1_872' title='bbox 1780 2806 1860 2832; x_wconf 89' lang='lat' dir='ltr'>supra</span> <span class='ocrx_word' id='word_1_873' title='bbox 1880 2806 1942 2831; x_wconf 84' lang='lat' dir='ltr'>pag.</span> <span class='ocrx_word' id='word_1_874' title='bbox 1963 2799 2028 2829; x_wconf 77' lang='grc'><strong>409,</strong></span> <span class='ocrx_word' id='word_1_875' title='bbox 2048 2801 2107 2823; x_wconf 86' lang='lat' dir='ltr'>nota</span> <span class='ocrx_word' id='word_1_876' title='bbox 2130 2798 2154 2822; x_wconf 93' lang='grc'>-1.</span> 
     </span>
    </p>

    <p class='ocr_par' dir='ltr' id='par_1_24' title="bbox 1345 2840 2305 2964">
     <span class='ocr_line' id='line_1_116' title="bbox 1414 2840 2304 2873; baseline -0.003 -5"><span class='ocrx_word' id='word_1_877' title='bbox 1414 2840 1423 2855; x_wconf 89' lang='lat'>⁷</span> <span class='ocrx_word' id='word_1_878' title='bbox 1444 2842 1528 2868; x_wconf 87' lang='lat' dir='ltr'>Codd.</span> <span class='ocrx_word' id='word_1_879' title='bbox 1547 2843 1596 2868; x_wconf 85' lang='lat' dir='ltr'>AC</span> <span class='ocrx_word' id='word_1_880' title='bbox 1612 2843 1661 2868; x_wconf 88' lang='lat' dir='ltr'>DG</span> <span class='ocrx_word' id='word_1_881' title='bbox 1686 2843 1821 2870; x_wconf 82' lang='lat' dir='ltr'>utebatur.</span> <span class='ocrx_word' id='word_1_882' title='bbox 1841 2857 1876 2862; x_wconf 92' lang='lat'><strong>—</strong></span> <span class='ocrx_word' id='word_1_883' title='bbox 1896 2842 2013 2868; x_wconf 86' lang='lat' dir='ltr'>Subinde</span> <span class='ocrx_word' id='word_1_884' title='bbox 2040 2842 2185 2873; x_wconf 78' lang='lat' dir='ltr'>allegantur</span> <span class='ocrx_word' id='word_1_885' title='bbox 2212 2840 2304 2865; x_wconf 77' lang='lat' dir='ltr'>Ezech.</span> 
     </span>
     <span class='ocr_line' id='line_1_117' title="bbox 1345 2884 2305 2921; baseline -0.003 -9"><span class='ocrx_word' id='word_1_886' title='bbox 1345 2888 1392 2919; x_wconf 77' lang='lat' dir='ltr'>i6,</span> <span class='ocrx_word' id='word_1_887' title='bbox 1413 2888 1461 2918; x_wconf 78' lang='lat'>39,</span> <span class='ocrx_word' id='word_1_888' title='bbox 1480 2887 1525 2912; x_wconf 89' lang='lat' dir='ltr'>ubi</span> <span class='ocrx_word' id='word_1_889' title='bbox 1546 2894 1593 2918; x_wconf 82' lang='lat' dir='ltr'>pro</span> <span class='ocrx_word' id='word_1_890' title='bbox 1612 2887 1743 2920; x_wconf 81' lang='lat' dir='ltr'>auferant</span> <span class='ocrx_word' id='word_1_891' title='bbox 1770 2888 1848 2913; x_wconf 86' lang='lat' dir='ltr'>codd.</span> <span class='ocrx_word' id='word_1_892' title='bbox 1874 2887 2034 2921; x_wconf 77' lang='lat' dir='ltr'>auferrent,</span> <span class='ocrx_word' id='word_1_893' title='bbox 2054 2889 2080 2911; x_wconf 83' lang='lat' dir='ltr'>et</span> <span class='ocrx_word' id='word_1_894' title='bbox 2103 2886 2157 2911; x_wconf 79' lang='lat' dir='ltr'>Act.</span> <span class='ocrx_word' id='word_1_895' title='bbox 2189 2885 2232 2916; x_wconf 84' lang='grc'><strong>19,</strong></span> <span class='ocrx_word' id='word_1_896' title='bbox 2265 2884 2305 2909; x_wconf 75' lang='grc'>16.</span> 
     </span>
     <span class='ocr_line' id='line_1_118' title="bbox 1345 2929 2234 2964; baseline -0.002 -8"><span class='ocrx_word' id='word_1_897' title='bbox 1345 2931 1400 2964; x_wconf 81' lang='lat' dir='ltr'>(cfr.</span> <span class='ocrx_word' id='word_1_898' title='bbox 1421 2939 1447 2956; x_wconf 94' lang='lat' dir='ltr'>v.</span> <span class='ocrx_word' id='word_1_899' title='bbox 1468 2931 1534 2963; x_wconf 61' lang='lat' dir='ltr'>lt),</span> <span class='ocrx_word' id='word_1_900' title='bbox 1555 2930 1598 2956; x_wconf 91' lang='lat' dir='ltr'>ubi</span> <span class='ocrx_word' id='word_1_901' title='bbox 1620 2938 1667 2962; x_wconf 89' lang='lat' dir='ltr'>pro</span> <span class='ocrx_word' id='word_1_902' title='bbox 1687 2932 1842 2964; x_wconf 66' lang='lat' dir='ltr'>effuyerunt</span> <span class='ocrx_word' id='word_1_903' title='bbox 1860 2931 1891 2957; x_wconf 89' lang='lat' dir='ltr'>de</span> <span class='ocrx_word' id='word_1_904' title='bbox 1910 2931 1989 2957; x_wconf 88' lang='lat' dir='ltr'>domo</span> <span class='ocrx_word' id='word_1_905' title='bbox 2009 2930 2086 2956; x_wconf 88' lang='lat' dir='ltr'>codd.</span> <span class='ocrx_word' id='word_1_906' title='bbox 2100 2929 2234 2956; x_wconf 67' lang='lat' dir='ltr'>exierunt.</span> 
     </span>
    </p>

    <p class='ocr_par' dir='ltr' id='par_1_25' title="bbox 1345 2973 2308 3139">
     <span class='ocr_line' id='line_1_119' title="bbox 1416 2973 2308 3007; baseline -0.001 -7"><span class='ocrx_word' id='word_1_907' title='bbox 1416 2973 1426 2988; x_wconf 83' lang='lat'>⁸</span> <span class='ocrx_word' id='word_1_908' title='bbox 1447 2976 1520 3001; x_wconf 86' lang='lat' dir='ltr'>Vers.</span> <span class='ocrx_word' id='word_1_909' title='bbox 1541 2976 1571 3007; x_wconf 82' lang='lat'>6,</span> <span class='ocrx_word' id='word_1_910' title='bbox 1592 2975 1637 3001; x_wconf 88' lang='lat' dir='ltr'>ubi</span> <span class='ocrx_word' id='word_1_911' title='bbox 1657 2983 1705 3007; x_wconf 85' lang='lat' dir='ltr'>pro</span> <span class='ocrx_word' id='word_1_912' title='bbox 1731 2975 1852 3001; x_wconf 81' lang='lat' dir='ltr'>habitant</span> <span class='ocrx_word' id='word_1_913' title='bbox 1872 2975 1916 3007; x_wconf 87' lang='lat' dir='ltr'>(ita</span> <span class='ocrx_word' id='word_1_914' title='bbox 1941 2975 2034 3007; x_wconf 87' lang='lat' dir='ltr'>CDG)</span> <span class='ocrx_word' id='word_1_915' title='bbox 2066 2975 2176 3006; x_wconf 84' lang='lat' dir='ltr'>Vulgata</span> <span class='ocrx_word' id='word_1_916' title='bbox 2204 2973 2308 3000; x_wconf 78' lang='lat' dir='ltr'>habita-</span> 
     </span>
     <span class='ocr_line' id='line_1_120' title="bbox 1346 3018 2307 3050; baseline -0.003 -5"><span class='ocrx_word' id='word_1_917' title='bbox 1346 3018 1423 3050; x_wconf 79' lang='lat' dir='ltr'>bant,</span> <span class='ocrx_word' id='word_1_918' title='bbox 1444 3019 1503 3044; x_wconf 89' lang='lat' dir='ltr'>Vat.</span> <span class='ocrx_word' id='word_1_919' title='bbox 1521 3018 1664 3050; x_wconf 76' lang='lat' dir='ltr'>habitavit,</span> <span class='ocrx_word' id='word_1_920' title='bbox 1686 3024 1711 3044; x_wconf 87' lang='lat' dir='ltr'>et</span> <span class='ocrx_word' id='word_1_921' title='bbox 1730 3026 1776 3050; x_wconf 89' lang='lat' dir='ltr'>pro</span> <span class='ocrx_word' id='word_1_922' title='bbox 1796 3018 1929 3044; x_wconf 79' lang='lat' dir='ltr'>montium</span> <span class='ocrx_word' id='word_1_923' title='bbox 1949 3018 2060 3049; x_wconf 80' lang='lat' dir='ltr'>Vulgata</span> <span class='ocrx_word' id='word_1_924' title='bbox 2079 3021 2104 3043; x_wconf 87' lang='lat' dir='ltr'>et</span> <span class='ocrx_word' id='word_1_925' title='bbox 2123 3018 2182 3043; x_wconf 88' lang='lat' dir='ltr'>Vat.</span> <span class='ocrx_word' id='word_1_926' title='bbox 2204 3019 2307 3043; x_wconf 82' lang='lat' dir='ltr'>torren-</span> 
     </span>
     <span class='ocr_line' id='line_1_121' title="bbox 1345 3061 2307 3095; baseline -0.003 -6"><span class='ocrx_word' id='word_1_927' title='bbox 1345 3062 1429 3095; x_wconf 81' lang='lat' dir='ltr'>tium,·</span> <span class='ocrx_word' id='word_1_928' title='bbox 1443 3064 1488 3089; x_wconf 78' lang='lat' dir='ltr'>cir.</span> <span class='ocrx_word' id='word_1_929' title='bbox 1502 3063 1568 3088; x_wconf 83' lang='lat' dir='ltr'>infra</span> <span class='ocrx_word' id='word_1_930' title='bbox 1581 3071 1606 3088; x_wconf 95' lang='lat' dir='ltr'>n.</span> <span class='ocrx_word' id='word_1_931' title='bbox 1627 3063 1669 3088; x_wconf 84' lang='lat'>53.</span> <span class='ocrx_word' id='word_1_932' title='bbox 1690 3063 1715 3088; x_wconf 91' lang='lat' dir='ltr'>in</span> <span class='ocrx_word' id='word_1_933' title='bbox 1735 3063 1786 3088; x_wconf 76' lang='lat' dir='ltr'>une</span> <span class='ocrx_word' id='word_1_934' title='bbox 1807 3062 1838 3094; x_wconf 86' lang='lat' dir='ltr'>(ll</span> <span class='ocrx_word' id='word_1_935' title='bbox 1859 3063 1953 3094; x_wconf 83' lang='lat' dir='ltr'>allegat</span> <span class='ocrx_word' id='word_1_936' title='bbox 1966 3061 2010 3088; x_wconf 91' lang='lat' dir='ltr'>lob</span> <span class='ocrx_word' id='word_1_937' title='bbox 2024 3061 2073 3092; x_wconf 78' lang='lat'>40,</span> <span class='ocrx_word' id='word_1_938' title='bbox 2094 3062 2144 3092; x_wconf 73' lang='lat'>⁴65</span> <span class='ocrx_word' id='word_1_939' title='bbox 2167 3061 2229 3087; x_wconf 82' lang='lat' dir='ltr'>vide</span> <span class='ocrx_word' id='word_1_940' title='bbox 2242 3061 2307 3086; x_wconf 78' lang='lat' dir='ltr'>infra</span> 
     </span>
     <span class='ocr_line' id='line_1_122' title="bbox 1345 3106 1938 3139; baseline -0.003 -6"><span class='ocrx_word' id='word_1_941' title='bbox 1345 3115 1370 3133; x_wconf 89' lang='lat' dir='ltr'>n.</span> <span class='ocrx_word' id='word_1_942' title='bbox 1391 3107 1433 3133; x_wconf 79' lang='lat'>57.</span> <span class='ocrx_word' id='word_1_943' title='bbox 1453 3108 1478 3132; x_wconf 92' lang='lat' dir='ltr'>in</span> <span class='ocrx_word' id='word_1_944' title='bbox 1498 3108 1568 3139; x_wconf 77' lang='lat' dir='ltr'>fine).</span> <span class='ocrx_word' id='word_1_945' title='bbox 1588 3121 1623 3126; x_wconf 98' lang='lat'><strong>—</strong></span> <span class='ocrx_word' id='word_1_946' title='bbox 1643 3107 1766 3139; x_wconf 86' lang='lat' dir='ltr'>Sequitur</span> <span class='ocrx_word' id='word_1_947' title='bbox 1786 3107 1827 3132; x_wconf 88' lang='lat' dir='ltr'>Ps.</span> <span class='ocrx_word' id='word_1_948' title='bbox 1847 3106 1894 3137; x_wconf 88' lang='grc'><strong>67,</strong></span> <span class='ocrx_word' id='word_1_949' title='bbox 1913 3107 1938 3131; x_wconf 92' lang='grc'>7.</span> 
     </span>
    </p>

    <p class='ocr_par' dir='ltr' id='par_1_26' title="bbox 1418 3148 2282 3184">
     <span class='ocr_line' id='line_1_123' title="bbox 1418 3148 2282 3184; baseline -0.006 -6"><span class='ocrx_word' id='word_1_950' title='bbox 1418 3150 1429 3164; x_wconf 81' lang='lat'>⁹</span> <span class='ocrx_word' id='word_1_951' title='bbox 1449 3152 1542 3177; x_wconf 88' lang='lat' dir='ltr'>Psalm.</span> <span class='ocrx_word' id='word_1_952' title='bbox 1562 3152 1605 3183; x_wconf 71' lang='lat'>7⁴,</span> <span class='ocrx_word' id='word_1_953' title='bbox 1625 3152 1655 3182; x_wconf 78' lang='lat'>9,</span> <span class='ocrx_word' id='word_1_954' title='bbox 1676 3154 1736 3184; x_wconf 86' lang='lat' dir='ltr'>post</span> <span class='ocrx_word' id='word_1_955' title='bbox 1754 3158 1834 3184; x_wconf 74' lang='lat' dir='ltr'>quen]</span> <span class='ocrx_word' id='word_1_956' title='bbox 1855 3150 1910 3176; x_wconf 85' lang='lat' dir='ltr'>lsai.</span> <span class='ocrx_word' id='word_1_957' title='bbox 1932 3150 1980 3182; x_wconf 88' lang='grc'><strong>60,</strong></span> <span class='ocrx_word' id='word_1_958' title='bbox 2001 3149 2043 3175; x_wconf 74' lang='lat' dir='ltr'>lt.</span> <span class='ocrx_word' id='word_1_959' title='bbox 2061 3152 2087 3174; x_wconf 83' lang='lat' dir='ltr'>et</span> <span class='ocrx_word' id='word_1_960' title='bbox 2105 3148 2167 3174; x_wconf 86' lang='lat' dir='ltr'>Phil.</span> <span class='ocrx_word' id='word_1_961' title='bbox 2188 3149 2218 3179; x_wconf 81' lang='lat'>2,</span> <span class='ocrx_word' id='word_1_962' title='bbox 2240 3148 2282 3173; x_wconf 70' lang='lat'>10.</span> 
     </span>
    </p>

    <p class='ocr_par' dir='ltr' id='par_1_27' title="bbox 1347 3192 2309 3403">
     <span class='ocr_line' id='line_1_124' title="bbox 1420 3192 2307 3228; baseline -0.007 -5"><span class='ocrx_word' id='word_1_963' title='bbox 1420 3196 1441 3211; x_wconf 91' lang='lat'>¹⁰</span> <span class='ocrx_word' id='word_1_964' title='bbox 1462 3198 1535 3223; x_wconf 87' lang='lat' dir='ltr'>Vers.</span> <span class='ocrx_word' id='word_1_965' title='bbox 1556 3197 1597 3223; x_wconf 72' lang='grc' dir='ltr'>Μ.</span> <span class='ocrx_word' id='word_1_966' title='bbox 1617 3196 1668 3223; x_wconf 84' lang='lat' dir='ltr'>Csr.</span> <span class='ocrx_word' id='word_1_967' title='bbox 1694 3203 1774 3228; x_wconf 87' lang='lat' dir='ltr'>supra</span> <span class='ocrx_word' id='word_1_968' title='bbox 1795 3203 1856 3227; x_wconf 78' lang='lat' dir='ltr'>pag.</span> <span class='ocrx_word' id='word_1_969' title='bbox 1878 3195 1941 3225; x_wconf 84' lang='grc'><strong>-106,</strong></span> <span class='ocrx_word' id='word_1_970' title='bbox 1961 3197 2021 3220; x_wconf 88' lang='lat' dir='ltr'>nota</span> <span class='ocrx_word' id='word_1_971' title='bbox 2042 3195 2065 3219; x_wconf 90' lang='grc'>3.</span> <span class='ocrx_word' id='word_1_972' title='bbox 2087 3208 2119 3211; x_wconf 94' lang='grc'><strong>-</strong></span> <span class='ocrx_word' id='word_1_973' title='bbox 2140 3192 2267 3225; x_wconf 78' lang='lat' dir='ltr'>Superius</span> <span class='ocrx_word' id='word_1_974' title='bbox 2286 3192 2307 3217; x_wconf 86' lang='grc' dir='ltr'><strong><em>Η</em></strong></span> 
     </span>
     <span class='ocr_line' id='line_1_125' title="bbox 1347 3236 2307 3274; baseline -0.006 -6"><span class='ocrx_word' id='word_1_975' title='bbox 1347 3245 1372 3268; x_wconf 80' lang='lat' dir='ltr'>et</span> <span class='ocrx_word' id='word_1_976' title='bbox 1392 3243 1448 3267; x_wconf 90' lang='lat' dir='ltr'>Vat.</span> <span class='ocrx_word' id='word_1_977' title='bbox 1470 3243 1575 3274; x_wconf 79' lang='lat' dir='ltr'>legunt:</span> <span class='ocrx_word' id='word_1_978' title='bbox 1604 3242 1671 3268; x_wconf 82' lang='lat' dir='ltr'>Ecce</span> <span class='ocrx_word' id='word_1_979' title='bbox 1691 3241 1735 3273; x_wconf 80' lang='lat' dir='ltr'>[ita</span> <span class='ocrx_word' id='word_1_980' title='bbox 1755 3244 1780 3266; x_wconf 79' lang='lat' dir='ltr'>ct</span> <span class='ocrx_word' id='word_1_981' title='bbox 1804 3239 1837 3271; x_wconf 91' lang='lat' dir='ltr'>C,</span> <span class='ocrx_word' id='word_1_982' title='bbox 1862 3240 1883 3265; x_wconf 83' lang='grc' dir='ltr'>Η</span> <span class='ocrx_word' id='word_1_983' title='bbox 1903 3239 2037 3266; x_wconf 85' lang='lat' dir='ltr'>substituit</span> <span class='ocrx_word' id='word_1_984' title='bbox 2056 3238 2090 3264; x_wconf 84' lang='lat' dir='ltr'>El</span> <span class='ocrx_word' id='word_1_985' title='bbox 2107 3237 2146 3264; x_wconf 83' lang='lat' dir='ltr'>sic</span> <span class='ocrx_word' id='word_1_986' title='bbox 2169 3236 2307 3271; x_wconf 82' lang='lat' dir='ltr'>apparet],</span> 
     </span>
     <span class='ocr_line' id='line_1_126' title="bbox 1348 3280 2307 3320; baseline -0.006 -7"><span class='ocrx_word' id='word_1_987' title='bbox 1348 3286 1419 3320; x_wconf 80' lang='lat' dir='ltr'>quod</span> <span class='ocrx_word' id='word_1_988' title='bbox 1437 3293 1492 3312; x_wconf 91' lang='lat' dir='ltr'>non</span> <span class='ocrx_word' id='word_1_989' title='bbox 1511 3285 1652 3312; x_wconf 72' lang='lat' dir='ltr'>exhibebat</span> <span class='ocrx_word' id='word_1_990' title='bbox 1664 3284 1844 3312; x_wconf 83' lang='lat' dir='ltr'>reverentiam</span> <span class='ocrx_word' id='word_1_991' title='bbox 1856 3291 1892 3311; x_wconf 76' lang='lat' dir='ltr'>ea:</span> <span class='ocrx_word' id='word_1_992' title='bbox 1904 3282 2041 3310; x_wconf 81' lang='lat' dir='ltr'>devotione</span> <span class='ocrx_word' id='word_1_993' title='bbox 2053 3281 2126 3316; x_wconf 85' lang='lat' dir='ltr'>[Vat.</span> <span class='ocrx_word' id='word_1_994' title='bbox 2140 3288 2175 3308; x_wconf 73' lang='lat' dir='ltr'>ecc</span> <span class='ocrx_word' id='word_1_995' title='bbox 2187 3280 2307 3315; x_wconf 85' lang='lat' dir='ltr'>amore],</span> 
     </span>
     <span class='ocr_line' id='line_1_127' title="bbox 1347 3325 2309 3364; baseline -0.005 -7"><span class='ocrx_word' id='word_1_996' title='bbox 1347 3331 1394 3357; x_wconf 86' lang='lat' dir='ltr'>sed</span> <span class='ocrx_word' id='word_1_997' title='bbox 1421 3330 1509 3364; x_wconf 72' lang='lat' dir='ltr'>maqis</span> <span class='ocrx_word' id='word_1_998' title='bbox 1538 3329 1701 3357; x_wconf 80' lang='lat' dir='ltr'>abhorrebat</span> <span class='ocrx_word' id='word_1_999' title='bbox 1725 3328 1909 3364; x_wconf 78' lang='lat' dir='ltr'>praesentiam</span> <span class='ocrx_word' id='word_1_1000' title='bbox 1937 3327 2011 3361; x_wconf 90' lang='lat' dir='ltr'>[Vat.</span> <span class='ocrx_word' id='word_1_1001' title='bbox 2030 3327 2104 3353; x_wconf 87' lang='lat' dir='ltr'>addit</span> <span class='ocrx_word' id='word_1_1002' title='bbox 2121 3325 2227 3360; x_wconf 69' lang='lat' dir='ltr'>exiens]</span> <span class='ocrx_word' id='word_1_1003' title='bbox 2246 3332 2309 3352; x_wconf 81' lang='lat' dir='ltr'>cum</span> 
     </span>
     <span class='ocr_line' id='line_1_128' title="bbox 1348 3375 1476 3403; baseline -0.008 -1"><span class='ocrx_word' id='word_1_1004' title='bbox 1348 3375 1476 3403; x_wconf 85' lang='lat' dir='ltr'>clamore.</span> 
     </span>
    </p>
   </div>
   <div class='ocr_carea' id='block_1_16' title="bbox 2310 1195 2438 1244">
    <p class='ocr_par' dir='ltr' id='par_1_28' title="bbox 2310 1195 2438 1244">
     <span class='ocr_line' id='line_1_129' title="bbox 2310 1195 2438 1217; baseline 0.008 -1"><span class='ocrx_word' id='word_1_1005' title='bbox 2310 1195 2362 1217; x_wconf 76' lang='lat' dir='ltr'>Loci</span> <span class='ocrx_word' id='word_1_1006' title='bbox 2375 1195 2438 1217; x_wconf 81' lang='lat' dir='ltr'>horri-</span> 
     </span>
     <span class='ocr_line' id='line_1_130' title="bbox 2337 1221 2414 1244; baseline 0 -1"><span class='ocrx_word' id='word_1_1007' title='bbox 2337 1221 2414 1244; x_wconf 73' lang='lat' dir='ltr'>bilitas.</span> 
     </span>
    </p>
   </div>
   <div class='ocr_carea' id='block_1_17' title="bbox 2313 1620 2438 1669">
    <p class='ocr_par' dir='ltr' id='par_1_29' title="bbox 2313 1620 2438 1669">
     <span class='ocr_line' id='line_1_131' title="bbox 2313 1620 2438 1650; baseline -0.008 -8"><span class='ocrx_word' id='word_1_1008' title='bbox 2313 1621 2346 1642; x_wconf 73' lang='lat' dir='ltr'>Da</span> <span class='ocrx_word' id='word_1_1009' title='bbox 2359 1620 2438 1650; x_wconf 74' lang='lat' dir='ltr'>strepit·</span> 
     </span>
     <span class='ocr_line' id='line_1_132' title="bbox 2328 1647 2430 1669; baseline -0.02 0"><span class='ocrx_word' id='word_1_1010' title='bbox 2328 1647 2430 1669; x_wconf 72' lang='lat' dir='ltr'>clamoris.</span> 
     </span>
    </p>
   </div>
  </div>
 </body>
</html>
