2427 3872
442 218 498 245 lUD

149 263 282 289 bonorum
301 262 486 295 temporalium
498 282 505 294 ,
524 265 633 295 propter
656 261 790 288 fastidium

149 307 325 340 spiritualium
345 306 488 339 bonorum,
508 310 618 340 propter
630 306 792 339 desperatio-

149 360 210 379 nem
230 355 396 378 aeternorum
416 352 449 378 Vl
469 352 520 378 568
540 352 556 378 3

203 411 239 415 -
257 397 382 423 dicuntur
399 403 458 422 esse
475 403 506 422 ex
520 395 626 422 diabolo
642 403 691 428 per
709 395 791 421 imita-

148 442 246 468 tionem
275 441 388 474 exempli
418 442 450 467 Vl
479 441 531 467 366
556 441 585 466 6⁴
609 455 644 459 --
663 441 690 466 in
708 446 791 472 opere

148 486 292 520 iniquitatis
310 486 444 512 imitantur
463 488 565 518 patrem
584 484 719 511 diabolum
737 484 790 510 365

149 531 198 563 54,
216 531 260 557 55.
279 531 330 556 366
350 530 400 562 58,
420 530 448 556 6⁴
466 544 502 550 —
515 529 722 563 praetendebant
735 529 790 561 pie-

148 578 228 602 tatem
241 576 268 601 in
281 576 363 606 sacto,
382 575 428 601 sed
442 574 570 607 gerebant
587 574 750 606 impietatem
765 574 790 599 in

149 620 236 646 anima
256 620 300 646 Vll
329 619 381 645 307
407 619 440 645 93
460 633 496 638 —
515 620 619 645 ruerunt
646 618 790 644 imitatores

147 664 282 698 nequitiae
300 667 406 697 patrum
426 670 535 690 suorum
555 662 591 690 ib.
608 663 643 689 94
662 676 698 682 -
719 663 791 688 mali-

148 710 225 741 tiam,
238 716 319 743 quam
333 708 462 741 gerebant
475 708 500 734 in
512 708 602 739 corde,
615 707 791 740 propalabant

147 755 176 780 in
194 761 276 787 opere
294 753 329 781 ib.
350 753 386 779 95

203 812 238 817 ——
257 798 413 825 ludaeorum
433 797 582 830 malignitas
607 797 632 823 in
655 797 790 830 Scriptura

147 850 270 876 expressa
290 846 329 869 est
349 844 381 869 Vl
401 842 453 868 454
473 842 506 868 37
519 856 555 862 -
569 841 609 868 Ob
627 848 720 868 eorum
734 849 791 874 pcr-

147 889 238 915 ssdiam
251 889 337 914 velata
348 889 452 914 ruerunt
464 887 502 913 eis
515 886 640 919 mysteria
653 887 697 912 Vll
711 886 762 912 384
773 886 790 912 7

147 948 183 953 -
195 940 289 959 eorum
303 932 414 966 persidia
434 932 624 959 condemnatur
644 931 695 957 483
709 932 737 957 3⁴
755 946 790 950 —

148 978 252 1005 ludaica
266 978 376 1010 pertidia
391 978 541 1003 contutatur
553 984 567 1002 a
581 976 684 1003 Christo
695 976 745 1002 ⁴37
757 976 790 1002 ⁴3

146 1038 183 1042 -—
202 1022 288 1049 Plebis
306 1022 467 1055 perversitas
485 1021 632 1048 ostenditur
656 1021 681 1047 in
706 1020 791 1047 tribus

149 1068 200 1094 ⁴39
221 1068 253 1093 ⁴8

202 1127 237 1131 -—
256 1113 315 1138 Erat
334 1112 360 1138 in
385 1112 423 1138 eis
442 1111 541 1137 invidia
566 1117 627 1136 cuni
647 1110 790 1142 pertinacia

148 1157 193 1184 Vll
217 1157 268 1183 569
296 1158 327 1182 12
346 1171 381 1175 -
399 1156 499 1188 viperis
527 1158 714 1188 comparantur
733 1162 792 1187 pro-

148 1205 207 1235 pter
225 1202 355 1235 triplicem
380 1200 568 1233 proprietatem
592 1199 627 1226 73
648 1200 681 1226 ⁴5
699 1214 735 1218 —
754 1200 791 1226 lu-

148 1247 276 1274 daeorum
295 1246 392 1273 duritia
408 1246 599 1272 condemnatur
618 1245 791 1277 comparatio-

148 1300 181 1318 ne
200 1292 425 1318 Samaritanorum
444 1291 477 1317 Vl
497 1291 549 1316 299
569 1291 603 1316 63
622 1304 658 1309 ·—
676 1296 791 1322 arguun-

148 1340 190 1363 tur
219 1339 328 1370 propter
356 1336 475 1368 ipsorum
504 1335 732 1368 impoenitentiam
764 1334 791 1360 in

148 1381 347 1414 comparatione
359 1380 535 1407 Ninivitarum
555 1380 597 1406 Vll
616 1380 668 1405 299
688 1380 737 1410 68,
756 1379 790 1404 69

147 1441 184 1447 —-
202 1428 307 1453 suerunt
334 1425 469 1458 tripliciter
497 1424 685 1456 vituperabiles
703 1423 737 1450 ib.
757 1424 790 1449 66

147 1487 183 1491 —
195 1479 248 1498 non
261 1473 419 1503 receperunt
430 1470 549 1502 pluviam
563 1469 671 1502 gratiae,
683 1468 791 1502 quando

149 1517 277 1543 Dominus
305 1514 469 1548 praedicavit
497 1514 548 1540 102
573 1513 607 1539 55
625 1527 661 1532 -
680 1520 732 1539 non
751 1519 792 1538 co·

148 1564 300 1594 gnoverunt
319 1562 424 1592 tempus
443 1559 575 1585 adventus
587 1557 707 1589 Domini,
727 1557 791 1583 dum

148 1608 270 1639 poterant
287 1605 317 1631 7⁴
343 1605 359 1630 5
378 1618 413 1623 —
432 1603 570 1629 veritatem
589 1602 793 1629 contemnebant

150 1654 259 1683 propter
277 1649 399 1676 velamen
418 1651 444 1674 et
462 1647 587 1673 umbram
606 1646 658 1673 524
678 1647 706 1672 ⁴⁴

202 1710 238 1714 -—
252 1701 305 1721 non
319 1697 393 1720 erant
411 1693 495 1725 parati
508 1692 628 1724 recipere
644 1691 793 1723 Christum,

149 1740 199 1766 nisi
219 1739 451 1772 praemunirentur
480 1738 523 1764 Vll
552 1738 603 1763 179
633 1737 662 1763 51
686 1750 722 1756 -
740 1743 793 1762 non

150 1787 308 1817 receperunt
326 1783 459 1810 Christum
478 1789 526 1815 per
539 1782 619 1808 tidem
639 1782 672 1808 Vl
693 1782 745 1808 3l5
759 1781 793 1807 66

149 1844 186 1850 -
198 1829 233 1855 ad
245 1828 377 1855 Christum
391 1828 532 1854 uoluerunt
544 1827 634 1853 venire
647 1833 676 1852 ex
690 1826 793 1852 defectu

150 1874 262 1905 amoris,
282 1873 329 1899 sed
348 1873 467 1899 odientes
486 1873 609 1904 fugerunt
628 1870 680 1897 317
698 1870 742 1903 72,
758 1870 793 1896 74

150 1933 185 1939 -
205 1926 257 1945 non
270 1920 427 1950 receperunt
439 1916 570 1943 Christum
585 1915 727 1948 humilem,
746 1915 793 1941 sed

149 1963 278 1996 recipient
289 1962 469 1988 antichristum
488 1960 634 1993 superbum
652 1959 687 1987 ib.
705 1960 740 1986 75
760 1974 794 1978 —

150 2008 308 2035 ludaeorum
321 2007 401 2040 pauci
413 2005 545 2032 Christum
556 2007 730 2037 susceperunt
742 2005 794 2031 252

152 2053 186 2079 26
206 2066 242 2072 —
266 2054 426 2084 exceperunt
450 2050 582 2077 Christum
606 2049 720 2076 exterius
737 2056 795 2075 cor-

151 2097 289 2130 poraliter,
308 2096 357 2123 sed
374 2102 429 2122 non
447 2095 557 2121 interius
575 2101 624 2127 per
642 2094 723 2120 tidem
742 2094 794 2120 303

154 2135 188 2173 st
209 2141 265 2175 (83)
282 2140 311 2167 2*

149 2214 151 2216 ,
207 2200 241 2205 -
259 2193 312 2212 non
331 2188 392 2212 sunt
409 2185 473 2211 moti
486 2184 519 2211 ad
533 2184 715 2210 exsultandum
734 2190 796 2216 pro-

153 2234 212 2264 pter
235 2231 380 2257 adventum
405 2229 514 2261 Christi,
532 2229 580 2255 sed
605 2228 744 2261 depravati
762 2228 794 2254 ad

152 2275 393 2308 blasphemandum
421 2275 465 2300 Vll
497 2274 543 2300 ⁴8⁴
576 2274 611 2300 60
638 2288 674 2293 --
702 2280 795 2299 eorum

153 2320 317 2353 blasphemia
341 2321 504 2352 aggravatur
528 2325 558 2345 ex
577 2326 640 2345 vera
660 2318 796 2351 praedica-

153 2365 225 2391 tione
247 2364 432 2397 Apostolorum
455 2362 491 2390 ib.
516 2364 544 2389 6⁴
569 2377 604 2382 —
622 2370 676 2388 non
701 2362 796 2388 habue-

153 2413 215 2436 runt
233 2409 399 2435 sedulitatem
413 2408 447 2434 ad
463 2407 557 2434 Christi
572 2408 683 2440 gratiam
700 2414 797 2439 cogno-

153 2454 278 2481 scendam
294 2453 344 2479 477
360 2453 392 2479 ⁴6
405 2467 441 2472 —
454 2452 523 2478 iusto
541 2452 639 2478 iudicio
652 2452 698 2477 Dei
712 2451 795 2484 gratia

154 2498 272 2525 veritatis
300 2497 338 2523 eis
366 2496 565 2530 proponebatur
583 2503 637 2522 non
661 2496 796 2529 explicite,

154 2543 203 2571 sed
231 2542 356 2569 obvoluta
385 2541 448 2568 ibid.
477 2555 514 2560 —
538 2548 590 2567 non
617 2540 797 2573 intelligebant

155 2587 296 2621 parabolas
314 2587 348 2612 Vl
367 2586 419 2612 384
438 2587 455 2612 7
474 2599 510 2605 —
528 2586 605 2612 stulte
618 2584 797 2617 intelligebant

156 2632 240 2658 verba
253 2631 346 2658 Christi
367 2632 418 2657 332
438 2631 481 2656 82.
501 2630 552 2656 360
572 2631 605 2656 32
625 2645 660 2648 -
679 2630 797 2656 Christus

156 2676 257 2703 ludaeis
276 2676 363 2708 ipsum
382 2682 436 2701 non
453 2674 656 2707 intelligentibus
670 2674 741 2708 loqui
758 2675 797 2700 vi-

155 2721 270 2748 debatur
292 2723 418 2753 tanquam
438 2720 518 2745 homo
537 2719 664 2745 alienatus
682 2719 734 2745 369
752 2719 787 2745 73

209 2779 245 2785 -
263 2768 337 2792 erant
354 2764 461 2796 litigiosi
484 2767 575 2796 aperte
594 2764 798 2790 contradicendo

155 2809 259 2837 Christo
287 2809 321 2835 Vl
350 2809 401 2834 332
430 2809 473 2834 82.
502 2808 554 2834 334
583 2808 616 2833 89
631 2822 670 2827 -——-
686 2807 799 2834 libenter

157 2856 392 2881 murmuraverunt
411 2853 455 2878 Vll
476 2852 527 2878 4⁴5
547 2853 580 2878 10
599 2866 635 2872 -
654 2859 800 2879 murmura-

158 2898 222 2924 bant
240 2898 274 2924 de
293 2897 395 2924 Christo
408 2897 509 2923 occulta
529 2897 689 2923 detractione
708 2904 800 2923 secun-

158 2943 223 2969 dum
243 2949 346 2968 morem
365 2945 470 2974 patrum
490 2941 524 2967 Vl
543 2942 595 2967 329
614 2942 649 2968 65

213 3000 249 3006 -
268 2986 325 3012 Non
344 2989 384 3012 est
407 2985 521 3011 emollita
541 2992 633 3011 eorum
653 2986 748 3012 duritia
767 2986 801 3012 ad

156 3030 317 3064 ,plorandum
330 3037 378 3062 per
391 3029 613 3062 praedicationem
626 3030 741 3063 loannis,
754 3030 801 3056 sed

159 3078 236 3101 aucta
256 3075 354 3100 malitia
374 3074 408 3100 ad
422 3074 614 3100 detrahendum
634 3074 677 3100 Vll
698 3074 744 3099 181
767 3074 799 3099 59

160 3134 196 3139 -
223 3126 304 3152 opera
321 3119 466 3149 virtutum,
484 3124 553 3151 quae
580 3121 642 3144 sunt
666 3124 681 3143 a
703 3118 800 3150 Spiritu

155 3167 266 3197 sancto,
283 3163 334 3196 ipsi
353 3170 384 3189 ex
397 3163 511 3196 nequitia
525 3162 613 3188 cordis
626 3161 802 3188 attribuebant

160 3207 302 3234 daemonio
321 3206 383 3234 ibid.
401 3220 436 3226 —
455 3214 502 3239 per
521 3206 708 3233 detractionem
728 3206 756 3231 in
769 3207 803 3231 lo-

161 3251 266 3278 cutione
285 3251 386 3278 bonum
405 3254 508 3284 ponunt
525 3251 552 3276 in
571 3251 670 3277 malum
689 3249 752 3276 ibid.

216 3310 251 3316 —
269 3296 411 3322 mendaces
422 3295 683 3322 oderunt‘veritatem
704 3294 737 3320 Vl
751 3294 802 3320 367

165 3340 207 3372 61,
225 3340 260 3366 62
278 3353 314 3360 -
331 3347 436 3372 semper
455 3339 580 3366 rebellare
599 3338 749 3367 nitebantur
761 3345 804 3365 ve-

816 173 853 206 ΙΝ
876 171 1171 206 COMMENTARIOS
1194 173 1223 205 S.
1247 173 1475 206 SCRIPTURAE

828 261 896 287 ritati
916 261 968 286 377
993 261 1027 287 24
1048 275 1081 280 —
1099 260 1218 287 solebant
1242 262 1345 287 mentiri
1365 261 1417 288 364
1436 262 1470 288 52

827 320 864 327 -
876 307 1002 333 contutati
1020 310 1050 333 ut
1071 307 1214 333 mendaces
1235 312 1261 334 et
1279 308 1431 340 ignorantes
1444 308 1470 333 in

828 352 899 378 malo
917 351 1065 378 contlrmati
1083 355 1145 378 sunt
1164 351 1215 378 347
1236 352 1264 378 4⁴
1288 366 1324 371 —
1341 353 1471 378 mentiun-

829 399 885 429 tur,
903 396 967 429 quia
992 396 1042 428 ipsi
1067 395 1166 422 habent
1189 396 1361 423 daemonium
1383 401 1409 423 et
1426 398 1470 423 fllii

827 444 888 467 sunt
906 440 1005 466 diaboli
1024 440 1077 466 345
1096 441 1130 466 28

818 477 820 480 ’
881 499 917 504 -
944 484 1021 511 Plebs
1047 485 1133 511 noluit
1159 485 1269 511 credere
1294 485 1381 511 loanni
1409 494 1471 518 pro-

827 532 886 562 pter
905 530 1001 556 mentis
1019 529 1172 556 caecitatem
1192 530 1235 556 Vll
1253 531 1304 555 ⁴80
1318 531 1351 556 57
1370 544 1406 551 -
1425 532 1471 557 mi-

826 577 918 600 serunt
934 574 970 600 ad
988 575 1111 600 loannem
1134 574 1301 601 honorabiles
1318 576 1471 602 auctoritate

828 619 861 645 Vl
881 618 932 644 256
947 618 981 644 45
999 632 1036 638 -
1054 622 1243 645 recusaverunt
1261 620 1370 646 credere
1383 621 1470 646 loanni

828 663 879 689 298
905 663 949 689 59.
975 663 1026 689 299
1053 664 1087 689 63
1113 678 1147 682 -
1172 671 1225 690 non
1250 668 1410 697 acceperunt
1437 669 1471 690 te-

827 707 980 733 stimonium
1000 708 1103 734 loannis
1121 711 1247 742 tanquam
1271 708 1400 735 incertum
1418 709 1470 735 3⁴4

828 751 876 783 59,
897 752 930 778 63

881 811 917 816 -
929 797 1009 830 aliqui
1023 798 1110 830 magis
1124 798 1260 824 illuminati
1274 802 1470 831 cognoverunt,

827 840 961 868 Christum
980 849 1038 868 esse
1063 849 1077 868 a
1097 843 1165 875 Deo,
1190 842 1289 876 quibus
1308 843 1471 869 contradice-

828 885 891 912 bant
914 887 1045 913 excaecati
1070 887 1101 913 Vl
1122 888 1174 913 377
1194 889 1227 913 22
1246 902 1282 906 -
1301 891 1410 920 propter
1427 895 1471 914 au-

828 931 912 957 ditum
933 931 1067 958 doctrinae
1086 932 1179 958 Christi
1205 932 1315 965 quidam
1334 933 1470 959 illuminati

828 980 1021 1008 cognoverunt,
1034 984 1096 1002 eum
1109 984 1167 1003 esse
1186 978 1343 1009 Prophetam
1364 978 1415 1004 350
1436 978 1469 1004 58

827 1021 990 1054 -Quidam
1017 1021 1173 1047 ludaeorum
1198 1022 1359 1054 incipiebant
1381 1023 1471 1048 illumi-

828 1065 885 1091 nari
904 1066 956 1092 388
983 1066 1016 1092 26
1034 1080 1071 1086 -
1088 1066 1175 1100 Aliqui
1200 1067 1358 1093 ludaeorum
1382 1068 1471 1094 crede-

828 1109 891 1136 bant
909 1110 1012 1137 Christo
1036 1110 1088 1136 278
1109 1111 1124 1136 4
1143 1126 1178 1130 -
1204 1112 1277 1137 multi
1302 1112 1472 1138 crediderunt

828 1155 855 1180 in
873 1154 1006 1181 Christum
1034 1158 1143 1188 propter
1169 1157 1300 1182 sermonis
1327 1157 1470 1183 efficaciam

829 1200 880 1225 362
901 1199 934 1226 40
953 1215 989 1218 -
1008 1200 1045 1226 De
1064 1199 1142 1226 turba
1161 1201 1237 1226 multi
1253 1201 1423 1228 crediderunt
1446 1202 1471 1228 in

828 1244 960 1271 Christum
969 1265 976 1276 ,
989 1252 1041 1271 non
1060 1245 1094 1271 de
1107 1245 1274 1278 principibus
1286 1249 1312 1272 et
1325 1246 1471 1273 maioribus

812 1289 880 1315 *347
900 1289 945 1316 42.
963 1290 1009 1316 351
1035 1290 1068 1315 66

883 1348 916 1352 ——
935 1334 1051 1367 Populus
1062 1334 1180 1361 irruebat
1191 1335 1225 1361 ad
1238 1335 1372 1362 Christum
1385 1336 1419 1362 ad
1432 1343 1473 1362 ac-

828 1378 981 1410 cipiendum
1004 1379 1164 1412 doctrinam,
1183 1380 1335 1412 sanitatem,
1355 1384 1473 1413 peccato-

828 1430 889 1449 rum
902 1423 1008 1449 veniam
1021 1424 1061 1449 Vll
1075 1424 1126 1450 113
1140 1424 1156 1450 2
1169 1437 1204 1443 -
1217 1425 1333 1456 Populus
1345 1425 1474 1458 diligebat

829 1466 961 1493 Christum
980 1467 1048 1493 sicut
1073 1468 1232 1500 magistrum
1256 1469 1360 1495 tidelem
1384 1472 1410 1495 et
1428 1469 1474 1495 bo-

829 1519 892 1537 num
922 1511 973 1537 500
998 1511 1034 1538 75
1053 1526 1089 1531 -
1107 1512 1224 1544 Populus
1247 1520 1393 1545 suspensus
1417 1517 1474 1540 erat

829 1556 940 1582 audiens
959 1556 1091 1583 Christum
1111 1557 1298 1590 admiratione,
1317 1558 1471 1592 devotione,

829 1600 955 1627 aviditate
973 1604 999 1626 et
1016 1601 1150 1628 desiderio
1168 1600 1232 1628 ibid.
1251 1616 1286 1621 —
1302 1603 1395 1634 Populi
1414 1610 1473 1629 con-

829 1645 972 1672 currebant
989 1646 1022 1672 ad
1036 1645 1169 1673 Christum
1182 1647 1249 1672 sicut
1262 1647 1297 1673 ad
1315 1648 1472 1679 magistrum

830 1693 856 1716 et
873 1690 1008 1716 medicum
1027 1697 1042 1716 a
1061 1690 1125 1717 locis
1144 1691 1302 1725 propinquis
1320 1695 1346 1718 et
1364 1693 1473 1719 remotis

832 1735 882 1761 ⁴46
903 1735 951 1767 43,
972 1735 1005 1761 44
1024 1750 1059 1754 -—
1078 1736 1195 1768 Populus
1213 1743 1244 1762 ex
1262 1737 1315 1763 tide
1342 1740 1369 1763 et
1392 1737 1473 1763 devo-

830 1780 901 1807 tione
919 1779 1064 1814 quaerebat
1081 1780 1214 1807 Christum
1231 1784 1342 1813 tangere
1362 1780 1397 1808 ib.
1416 1782 1450 1808 43

884 1839 920 1845 —
939 1825 1036 1851 infirmi
1053 1828 1129 1852 erant
1143 1826 1170 1851 in
1189 1826 1242 1852 tlde
1261 1826 1293 1851 Vl
1314 1826 1366 1852 277
1386 1827 1419 1853 37
1438 1841 1474 1847 -

831 1870 901 1896 ΜυΙῑί
925 1870 1013 1897 ludaei
1037 1870 1126 1897 adhuc
1150 1871 1246 1897 infirmi
1266 1874 1340 1897 erant
1358 1871 1383 1897 in
1405 1871 1473 1903 fide,

827 1915 893 1948 quia
912 1922 1005 1941 eorum
1025 1915 1092 1941 oculi
1112 1923 1163 1941 non
1183 1918 1284 1942 tantum
1309 1916 1475 1942 delectaban-

832 1962 874 1986 tur
892 1960 919 1985 in
932 1962 1041 1992 aspectu
1054 1960 1182 1993 auctoris,
1200 1961 1247 1986 sed
1266 1960 1345 1986 etiam
1361 1968 1473 1993 operum

832 2004 884 2030 413
905 2004 938 2030 14
951 2019 986 2023 -
999 2005 1070 2031 Multi
1089 2012 1119 2030 ex
1133 2005 1300 2038 principibus
1318 2006 1474 2032 ludaeorum

832 2049 969 2075 credentes
986 2050 1013 2075 in
1026 2049 1158 2076 Christum
1174 2057 1229 2076 non
1241 2053 1315 2076 erant
1329 2051 1435 2083 perfecti
1448 2051 1475 2076 in

833 2094 885 2120 nde
905 2094 956 2120 422
976 2095 1005 2120 6⁴
1026 2108 1064 2114 —
1081 2095 1153 2121 Multi
1165 2095 1299 2127 principes
1317 2095 1474 2122 ludaeorum

833 2139 859 2165 in
872 2138 1004 2165 Christum
1019 2139 1157 2165 credentes
1175 2139 1304 2166 timebant
1319 2140 1474 2166 eiectionem

833 2190 863 2211 ex
882 2191 1019 2216 synagoga
1047 2186 1175 2218 tanquam
1198 2184 1344 2217 imperfecti
1368 2185 1394 2210 in
1422 2185 1475 2211 fide

833 2229 896 2256 ibid.
917 2243 952 2248 —
971 2229 1055 2261 parati
1074 2229 1183 2255 credere
1200 2236 1253 2255 non
1281 2229 1414 2256 audebant
1431 2236 1476 2262 pa-

833 2275 884 2300 lam
904 2274 976 2307 loqui
995 2274 1029 2300 de
1047 2273 1150 2300 Christo
1171 2273 1222 2299 348
1242 2274 1275 2299 47

886 2332 923 2338 —
941 2326 956 2344 a
979 2319 1068 2350 Moyse
1087 2322 1113 2344 et
1131 2325 1146 2344 a
1165 2318 1269 2345 Christo
1283 2319 1397 2345 accusati
1416 2321 1477 2345 sunt

834 2364 953 2390 detectus
972 2363 1033 2389 fidei
1047 2363 1082 2389 ad
1100 2363 1264 2389 credendum
1277 2363 1327 2396 ipsi
1347 2364 1429 2395 Moysi
1443 2364 1476 2389 Vl

834 2408 886 2434 3⁴7
905 2408 940 2434 77
958 2422 995 2428 -
1012 2411 1121 2441 peccato
1140 2408 1299 2434 infidelitatis
1318 2408 1477 2434 addiderunt

834 2456 972 2485 peccatum
992 2453 1018 2478 in
1037 2453 1165 2485 Spiritum
1190 2456 1310 2479 sanctum
1335 2453 1385 2478 456
1405 2453 1421 2478 7
1441 2467 1476 2472 -

834 2498 937 2530 Moyses
955 2501 995 2523 est
1012 2500 1150 2524 accusator
1175 2498 1332 2524 ludaeorum
1352 2505 1405 2524 non
1424 2504 1477 2524 cre-

834 2542 952 2568 dentium
963 2541 1064 2568 Christo
1076 2542 1127 2567 3⁴7
1143 2542 1187 2568 77.
1199 2543 1250 2569 318
1261 2543 1290 2568 81
1311 2557 1344 2561 -
1357 2550 1410 2568 non
1424 2549 1477 2568 cre-

834 2586 932 2613 debant
950 2586 1023 2619 quod
1042 2585 1163 2612 Christus
1186 2585 1291 2612 dicebat
1309 2587 1348 2612 eis
1367 2587 1393 2612 in
1412 2587 1478 2612 veri-

835 2634 886 2657 tate
905 2631 949 2657 Vll
970 2631 1020 2656 ⁴02
1040 2630 1074 2656 52

891 2690 923 2695 -
942 2676 1031 2708 aliquo
1050 2675 1132 2701 modo
1151 2675 1270 2701 sciebant
1287 2675 1383 2702 Christi
1402 2683 1479 2709 gene-

835 2721 962 2747 rationem
985 2721 1172 2752 temporalem,
1197 2720 1286 2754 aliquo
1307 2721 1388 2747 modo
1408 2721 1479 2753 igno-

820 2765 928 2791 ‘rabant
956 2765 989 2791 Vl
1019 2764 1069 2790 348
1100 2764 1142 2797 43,
1172 2765 1204 2791 46
1230 2779 1265 2785 —
1284 2765 1480 2798 cognoscebant

836 2809 929 2836 Christi
958 2809 1131 2842 temporalem
1160 2810 1370 2842 generationem,
1401 2816 1480 2842 nega-

838 2854 901 2880 bant
920 2857 1053 2879 aeternam
1080 2854 1131 2880 329
1152 2854 1195 2880 66.
1221 2854 1271 2880 347
1293 2855 1335 2880 29.
1361 2854 1412 2880 348
1434 2853 1479 2885 43,

838 2898 880 2924 46.
906 2897 957 2924 349
986 2898 1015 2923 51
1040 2911 1076 2917 ·--·
1093 2898 1156 2931 quia
1175 2898 1303 2924 videbant
1327 2899 1354 2924 in
1377 2897 1479 2924 Christo

837 2942 956 2968 divinam
971 2942 1095 2968 virtutem
1114 2942 1140 2968 in
1154 2943 1246 2968 etl'ectu
1256 2963 1262 2975 ,
1281 2942 1389 2968 credere
1402 2942 1480 2968 debe—

839 2986 901 3012 bant
920 2986 977 3012 eius
1005 2986 1171 3013 Divinitatem
1200 2985 1236 3013 ib.
1261 2987 1294 3012 63
1314 3000 1348 3005 --
1367 2987 1479 3018 postula-

838 3030 902 3056 bant
920 3034 1022 3057 certum
1041 3031 1075 3057 de
1101 3038 1214 3063 persona
1232 3030 1327 3056 Christi
1352 3031 1478 3057 indicium

839 3076 890 3101 390
910 3075 944 3100 35
963 3090 999 3093 -
1011 3075 1160 3101 nescierunt
1171 3074 1303 3101 Christum
1323 3075 1374 3100 258
1392 3075 1426 3100 55
1445 3090 1480 3093 -

839 3119 1034 3151 cognoscebant
1051 3119 1184 3146 Christum
1197 3119 1343 3145 secundum
1363 3120 1480 3144 hnmani-

839 3166 918 3189 tatem
939 3166 1039 3189 tantum
1059 3164 1111 3189 360
1131 3164 1164 3189 28
1182 3177 1218 3183 -
1237 3165 1358 3195 poterant
1381 3170 1480 3195 cogno-

840 3213 913 3233 scere
931 3206 1063 3233 Christum
1080 3207 1123 3233 Vll
1136 3207 1170 3232 78
1191 3207 1224 3233 35
1242 3221 1277 3226 -—
1296 3211 1479 3239 cognoverunt

840 3250 972 3277 Christum
991 3258 1021 3277 ex
1041 3251 1130 3278 multis
1148 3251 1230 3283 signis
1250 3250 1301 3276 347
1320 3250 1354 3278 42

893 3307 929 3314 —
951 3295 1100 3321 nescierunt
1126 3294 1221 3322 Christi
1250 3295 1416 3321 Divinitatem
1445 3295 1478 3320 Yl

842 3338 892 3364 358
913 3339 957 3364 20.
976 3339 1027 3365 360
1041 3339 1084 3372 28.
1098 3339 1145 3365 361
1164 3339 1208 3365 37.
1228 3339 1279 3365 494
1298 3338 1333 3365 24
1352 3352 1387 3358 -
1406 3338 1480 3365 Chri—

2087 178 2151 211 773

1804 221 1859 246 luo

1509 266 1577 289 stum
1598 271 1695 296 purum
1721 265 1854 291 hominem
1874 273 1932 292 esse
1958 266 2100 292 credebant
2124 271 2150 293 et

1508 308 1686 334 testimonium
1706 309 1764 335 eius
1776 316 1829 335 non
1849 311 1979 342 recipiunt
1997 312 2049 337 358
2069 312 2097 337 21
2116 325 2152 331 -

1509 352 1663 378 nesciebant
1680 353 1813 380 Christum
1838 355 1927 380 notitia
1952 355 2152 388 approbationis

1509 400 1634 430 tanquam
1660 397 1836 430 approbatum
1857 406 1871 424 a
1901 400 1954 425 Deo
1983 400 2034 425 348
2064 400 2097 426 44
2118 415 2152 419 -

1507 442 1704 473 cognoscebant
1726 442 1858 469 Christum
1884 451 1932 476 per
1956 451 2063 470 sensum
2083 448 2152 471 exte-

1508 487 1619 519 r10rem,
1638 487 1686 512 sed
1705 494 1755 513 non
1777 495 1823 520 per
1843 489 2030 514 revelationem
2051 490 2152 516 interio-

1507 538 1564 557 rem
1582 534 1711 565 quantum
1730 532 1763 558 ad
1783 532 1949 558 Divinitatem
1969 533 2031 559 ibid.

1561 589 1597 611 ÷
1615 575 1733 602 sciebant
1745 576 1840 602 Christi
1854 577 1998 609 originem,
2017 578 2063 603 sed
2077 578 2152 604 dubi-

1508 619 1598 646 tabant
1616 620 1650 646 de
1667 621 1797 652 dignitate
1811 621 1842 646 Vl
1857 621 1908 646 257
1929 621 1962 646 50
1976 636 2011 641 —
2024 621 2151 653 sciebant,

1507 663 1641 690 Christum
1670 671 1728 690 esse
1747 665 1780 690 de
1809 665 1900 698 Maria,
1925 665 1972 691 sed
2000 667 2151 697 ignorantes

1509 709 1619 735 modum
1644 709 1801 740 credebant,
1821 710 1893 742 quod
1914 717 1961 742 per
1986 711 2079 743 loseph
2100 711 2151 737 347

1511 754 1543 780 43
1566 767 1600 772 —
1622 754 1782 780 mentiuntur
1810 754 1943 787 dicentes,
1972 762 2000 781 se
2029 756 2151 787 ignorare

1507 798 1604 825 Christi
1622 799 1785 825 nativitatem
1805 800 1977 831 temporalem
1998 799 2028 826 ib.
2058 800 2090 825 40
2117 815 2152 819 -

1508 846 1628 876 tempore
1652 843 1763 869 Herodis
1786 843 1917 870 Christum
1944 848 2034 870 natum
2055 851 2151 877 cogno-

1508 891 1604 915 verunt
1626 892 1653 914 et
1672 888 1862 921 despexerunt,
1889 889 1970 914 immo
1994 889 2019 915 in
2039 893 2151 915 mortem

1508 935 1698 959 consenserunt
1717 933 1768 958 353
1787 933 1822 958 75
1835 948 1870 952 —
1883 940 1935 959 non
1955 934 2104 960 excluditur
2117 933 2151 959 ab

1508 978 1547 1004 eis
1570 978 1773 1011 qualiscumque
1799 978 1886 1003 notitia
1913 978 1946 1004 de
1970 978 2083 1010 Christo,
2103 978 2150 1004 sed

1508 1023 1599 1049 notitia
1619 1026 1689 1048 certa
1709 1022 1752 1048 Vll
1770 1022 1821 1048 506
1842 1023 1874 1048 19
1893 1036 1930 1042 -
1948 1030 2001 1048 non
2022 1030 2152 1055 cognove-

1508 1070 1570 1093 runt
1588 1066 1720 1094 Christum
1749 1070 1777 1093 ut
1802 1067 1921 1093 Messiam
1949 1071 2018 1093 certa
2044 1068 2151 1094 scientia

1509 1112 1571 1139 ibid.
1589 1126 1626 1131 —
1650 1115 1834 1144 cognoverunt
1861 1112 1993 1139 Christum
2022 1120 2075 1138 non
2104 1119 2152 1145 per

1509 1157 1604 1190 fldem,
1623 1157 1670 1183 sed
1690 1164 1738 1189 per
1751 1157 1837 1190 aliqua
1857 1157 1932 1189 signa
1946 1158 2151 1184 manuducentia

1509 1202 1543 1228 ad
1562 1202 1643 1228 fldem
1661 1201 1724 1228 ibid.

1562 1261 1599 1266 —
1626 1245 1783 1273 dubitabant
1803 1247 1838 1272 de
1856 1246 1958 1273 Christo
1978 1247 2093 1280 dicente,
2121 1255 2150 1273 se

1509 1299 1568 1318 esse
1597 1291 1757 1317 moriturum
1784 1292 1819 1317 Vl
1848 1291 1899 1317 420
1929 1291 1961 1317 48
1984 1306 2019 1328 -Ι
2046 1292 2151 1318 ludaeo-

1509 1343 1569 1362 rum
1593 1335 1723 1362 dubitatio
1749 1336 1783 1362 de
1809 1339 1893 1362 morte
1917 1335 2010 1362 Christi
2032 1343 2084 1362 non
2109 1344 2151 1362 ve-

1510 1381 1547 1407 nit
1568 1381 1602 1407 de
1618 1381 1687 1406 malo
1708 1381 1853 1413 intellectu,
1871 1381 1919 1407 sed
1941 1381 1975 1407 de
1993 1381 2095 1407 defectu
2115 1381 2152 1406 in-

1510 1426 1666 1459 telligentiae
1684 1425 1719 1453 ib.
1739 1426 1772 1452 49
1791 1441 1827 1444 -
1847 1433 1899 1452 non
1927 1429 2047 1458 poterant
2071 1433 2085 1451 a
2105 1433 2152 1452 sua

1510 1470 1674 1497 dubitatione
1691 1470 1797 1496 liberari
1816 1471 1867 1496 nisi
1885 1471 2037 1496 accedendo
2056 1471 2089 1497 ad
2104 1471 2151 1497 Do·

1510 1516 1612 1542 minum
1631 1522 1680 1548 per
1698 1515 1778 1541 tidem
1799 1515 1845 1541 421
1870 1516 1904 1541 50
1920 1529 1954 1534 -
1967 1519 2098 1548 quaerunt
2111 1522 2153 1541 ex-

1510 1560 1601 1593 plicari
1628 1563 1654 1586 et
1673 1560 1698 1585 in
1717 1559 1770 1585 tide
1789 1559 1892 1590 doceri,
1911 1559 1974 1592 quia
2002 1560 2152 1591 audierant,

1509 1613 1563 1631 non
1581 1605 1718 1631 credent&
1735 1604 1763 1630 in
1781 1603 1913 1630 Christum
1934 1611 1991 1630 esse
2010 1605 2153 1630 morituros

1510 1651 1557 1676 361
1581 1650 1616 1675 35

1563 1709 1599 1713 -
1617 1701 1671 1720 non
1696 1697 1819 1726 poterant
1843 1694 1987 1726 intelligere
2012 1701 2152 1726 personam

1510 1739 1593 1765 Patris
1612 1742 1638 1764 et
1655 1738 1853 1770 generationem
1867 1737 1961 1765 Christi
1982 1739 2014 1763 Vl
2035 1739 2081 1764 361
2106 1739 2153 1770 36,

1511 1784 1544 1810 37
1563 1798 1599 1803 -
1611 1786 1795 1816 cognoverunt
1813 1783 1897 1808 Deum
1911 1784 2014 1809 Patrem
2032 1784 2155 1810 essentia-

1510 1829 1576 1861 liter,
1594 1835 1646 1854 non
1665 1827 1837 1860 personaliter
1855 1827 1902 1853 371
1928 1828 1961 1853 86
1981 1842 2016 1847 -
2035 1829 2154 1854 nesciunt

1511 1874 1594 1899 Deum
1615 1874 1717 1899 Patrem
1737 1872 1788 1898 347
1803 1872 1845 1897 39.
1866 1871 1916 1897 359
1937 1872 1979 1898 25.
1999 1872 2051 1898 370
2070 1873 2104 1898 79
2118 1887 2154 1891 -

1511 1925 1566 1944 non
1585 1918 1696 1944 credunt
1717 1916 1866 1943 testimonio
1892 1917 1974 1943 Patris
1993 1916 2045 1942 370
2064 1917 2099 1942 78
2118 1931 2154 1937 -

1511 1964 1668 1990 confitentur
1686 1962 1713 1988 in
1735 1961 1839 1988 Christo
1857 1962 1958 1993 regiam
1983 1962 2153 1994 dignitatem,

1511 2015 1565 2035 non
1584 2007 1618 2033 ab
1642 2007 1762 2038 homine,
1781 2006 1829 2032 sed
1854 2013 1868 2032 a
1887 2005 1942 2032 Deo
1970 2013 2027 2032 esse
2048 2006 2099 2032 414
2120 2007 2153 2032 18

1511 2067 1547 2073 -
1565 2055 1663 2085 negant
1672 2051 1803 2078 Christum
1817 2058 1923 2083 regem,
1942 2058 1976 2077 ne
1991 2051 2154 2084 vituperium

1512 2099 1539 2125 in
1557 2105 1603 2124 eos
1621 2097 1751 2123 redundet
1765 2096 1816 2122 493
1834 2096 1867 2121 16

1565 2157 1602 2162 -
1620 2149 1672 2168 non
1692 2142 1799 2174 capiunt
1814 2139 1927 2167 verbum
1940 2140 2035 2167 Christi
2054 2141 2086 2166 Vl
2102 2140 2154 2166 365

1514 2188 1547 2214 54
1565 2201 1602 2207 —
1620 2194 1673 2213 non
1696 2186 1874 2212 intellexerunt
1900 2186 2010 2211 salutem
2038 2185 2083 2211 Vll
2103 2185 2154 2211 475

1515 2233 1548 2259 ⁴0
1566 2247 1602 2251 —
1620 2231 1745 2263 Arguitur
1768 2237 1860 2256 eorum
1875 2230 2017 2262 generatio,
2036 2229 2098 2263 quia
2115 2232 2155 2257 te-

1514 2277 1575 2309 pida
1595 2276 1630 2302 ad
1649 2275 1806 2301 discendum
1831 2275 1882 2300 298
1903 2274 1936 2299 66
1956 2288 1991 2296 ·-
2008 2274 2155 2300 reiecerunt

1514 2321 1660 2347 doctrinam
1680 2319 1775 2346 Christi
1792 2319 1825 2345 Vl
1844 2319 1896 2344 290
1916 2319 1931 2344 8
1945 2326 2044 2344 —non
2063 2325 2156 2351 appre-

1515 2366 1663 2392 henderunt
1686 2364 1819 2391 Christum
1842 2364 1993 2396 veritatem,
2019 2364 2066 2390 sed
2085 2370 2156 2390 men-

1514 2411 1619 2437 dacium
1648 2409 1700 2435 347
1730 2409 1758 2435 4l
1787 2423 1823 2427 —
1845 2416 1897 2434 non
1925 2407 2068 2435 audiebant
2086 2408 2157 2435 Chri·

1514 2459 1599 2486 stum,
1624 2454 1686 2487 quia
1712 2456 1786 2479 erant
1812 2460 1843 2478 ex
1871 2452 1977 2479 diabolo
1997 2453 2049 2479 367
2068 2453 2102 2479 64
2122 2467 2156 2471 -

1514 2499 1633 2526 Christus
1651 2498 1753 2524 ludaeis
1778 2497 1853 2523 malis
1877 2498 1967 2529 gravis
1992 2498 2039 2523 t'uit
2061 2498 2095 2523 ad
2114 2505 2158 2523 au·

1515 2544 1642 2571 diendum
1662 2546 1688 2569 et
1706 2542 1739 2569 ad
1753 2542 1936 2568 sustinendum
1957 2542 2008 2568 577
2028 2549 2054 2568 v.
2075 2542 2107 2567 43
2121 2555 2157 2561 -

1515 2589 1603 2616 ludaei
1622 2587 1754 2615 Christum
1774 2587 1866 2613 videre
1879 2594 1930 2613 non
1944 2590 2065 2619 poterant
2077 2594 2108 2612 ex
2122 2587 2154 2612 in·

1516 2634 1588 2660 vidia
1608 2633 1658 2658 123
1684 2640 1711 2658 v,
1731 2633 1764 2658 ⁴5
1786 2647 1822 2651 —
1835 2632 1951 2658 carnales
1972 2638 2066 2657 vocem
2085 2631 2148 2657 intel

1516 2678 1642 2711 ligibilem
1669 2677 1715 2703 Dei
1733 2676 1836 2703 Christo
1865 2676 2043 2702 testimonium
2069 2676 2150 2708 perhi-

1518 2723 1603 2749 bentis
1622 2722 1714 2748 audire
1732 2728 1784 2747 non
1808 2724 1929 2753 poterant
1951 2728 1999 2746 nec
2018 2721 2105 2753 ipsum
2124 2720 2154 2746 lo-

1516 2771 1641 2801 quentem
1661 2766 1752 2792 videre
1771 2765 1823 2791 3⁴5
1842 2765 1886 2791 65.
1906 2766 1957 2791 316
1977 2766 2011 2791 70

1569 2825 1606 2831 -
1624 2811 1696 2836 viam
1715 2810 1804 2835 salutis
1829 2809 1951 2835 claudere
1975 2808 2098 2835 volebant
2123 2809 2157 2834 vl

1518 2856 1570 2882 4⁴4
1590 2856 1622 2881 16
1643 2869 1677 2873 -
1695 2858 1768 2880 erant
1787 2854 1847 2880 duri
1870 2854 1904 2879 ad
1923 2853 2085 2879 credendum
2105 2854 2156 2879 300

1516 2901 1564 2931 73,
1582 2900 1627 2926 75.
1653 2899 1704 2925 377
1724 2898 1757 2924 24
1778 2913 1813 2918 -
1832 2905 1910 2924 caeco
1938 2898 2046 2924 credere
2070 2898 2157 2923 nolue-

1517 2947 1591 2975 runt,
1609 2944 1672 2977 quia
1695 2942 1827 2969 Christum
1851 2942 1974 2968 laudabat
1998 2942 2049 2968 377
2070 2942 2102 2968 24
2121 2955 2158 2962 —

1517 2996 1570 3015 non
1589 2987 1731 3014 credebant
1750 2987 1776 3012 in
1789 2987 1920 3012 Christum
1940 2990 2048 3018 propter
2065 2986 2157 3011 odium

1517 3036 1543 3059 et
1561 3032 1688 3058 invidiam
1709 3031 1760 3057 366
1780 3031 1813 3055 60
1833 3044 1867 3050 —
1885 3037 1939 3055 non
1959 3030 2069 3055 credunt
2088 3029 2158 3055 Chri-

1517 3081 1557 3103 sto
1581 3079 1689 3108 propter
1717 3075 1808 3100 odium
1839 3074 1954 3099 veritatis
1983 3073 2034 3098 367
2053 3074 2102 3105 62,
2122 3074 2155 3098 63

1517 3135 1551 3140 —
1583 3127 1635 3146 non
1666 3119 1776 3145 credunt
1807 3118 1908 3143 veritati
1939 3121 2049 3149 >propter
2080 3124 2156 3143 suam

1517 3164 1641 3190 malitiam
1666 3162 1729 3189 ibid.
1756 3176 1788 3181 --
1816 3162 1954 3187 noluerunt
1978 3161 2086 3187 credere
2110 3169 2156 3187 ve-

1516 3208 1583 3234 ritati
1603 3210 1711 3239 propter
1729 3207 1874 3239 appetitum
1895 3206 2001 3232 honoris
2019 3206 2079 3231 vani
2104 3206 2156 3231 3⁴7

1516 3253 1563 3284 75,
1582 3251 1616 3277 76

1570 3310 1605 3314 -
1617 3296 1686 3329 quia
1705 3302 1736 3321 ex
1755 3295 1851 3321 malitia
1868 3294 1968 3321 Christo
1989 3295 2094 3320 credere
2114 3301 2159 3319 no-

1517 3342 1634 3370 luerunt,
1652 3343 1713 3366 sunt
1731 3338 1917 3365 inexcusabiles
1937 3339 1970 3364 Vl
1991 3338 2041 3365 454
2061 3339 2108 3369 36,
2122 3338 2159 3363 37
