2476 3921
178 540 263 562 Viliias.

135 935 206 957 Tertia
220 940 266 961 par-

166 961 238 983 cicula.

124 1570 204 1600 Sensus
219 1569 270 1591 alle·

151 1602 242 1623 gericus.

143 2203 272 2230 Proponitur

143 2230 223 2259 thema·
230 2235 273 2250 ser-

168 2262 245 2277 monis.

286 302 350 334 620
999 291 1197 327 EXPOSITIO
1220 290 1453 324 THRENORUM
1476 290 1508 323 C.
1533 290 1554 323 1.

283 388 509 420 tribulationem,
531 387 564 415 in
583 386 695 414 ossibus
715 384 799 419 meis,
821 383 850 411 id
870 382 914 411 est
928 376 958 410 in
978 381 1079 410 intima
1100 389 1178 415 mea;
1199 380 1245 409 vel

284 447 351 467 ossa
371 437 466 466 castra
486 435 515 464 et
539 434 709 463 munitiones
729 431 947 468 intelliguntur3
974 431 1033 464 vel,
1056 430 1088 458 in
1115 429 1242 464 ossibus,

284 487 397 523 regibus
417 485 446 513 et
466 482 653 520 principibus,
675 482 723 517 qui
744 480 826 510 erant
847 479 934 509 robur
954 487 1062 512 meum3
1085 478 1130 506 vel
1148 478 1178 506 in
1192 476 1244 506 hoc

284 534 440 564 incendium
460 531 632 567 intelligitur
653 530 752 565 templi
773 528 802 558 et
822 527 957 557 civitatis
978 527 1022 556 Et
1042 526 1166 555 erudivit
1185 533 1242 561 me,

284 583 422 620 quantum
443 581 497 610 fuit
518 581 546 609 in
569 588 614 614 se,
635 578 729 608 docuit
750 586 794 606 me
808 585 858 613 per
879 575 1098 609 adversitatem,
1120 574 1194 611 quod
1214 575 1244 602 in

284 631 483 670 prosperitatis
510 630 635 665 tempore
662 636 761 664 capere
782 626 926 660 nolebam3
955 623 1129 654 Ieremias¹:
1157 635 1171 649 c
1189 623 1245 651 Per

285 690 364 711 omne
385 680 529 717 flagellum
543 679 572 707 et
593 686 716 707 errorem
740 676 892 709 erudieris,
913 674 1070 703 Ierusalem
1084 685 1112 707 n,
1146 680 1246 701 secun-

285 732 351 759 dum
365 730 450 758 aliam
464 728 605 761 litteram;
626 727 733 756 Isaias:
761 736 775 751 α
789 725 854 754 Sola
874 723 985 752 vexatio
1002 721 1178 751 intellectum
1199 721 1245 749 da-

285 779 328 808 bit
347 778 456 807 auditui
475 788 503 804 ».
524 776 563 805 Et
590 775 642 805 1100
662 775 748 803 etiam
769 782 820 810 pro
846 772 928 801 tanto
957 780 1055 801 verum
1081 770 1125 799 est
1145 770 1179 799 de
1199 770 1246 798 Iu-

285 829 377 861 daeis,
408 827 474 862 quia
504 825 619 858 dicitur,
641 824 715 860 quod
736 823 801 859 post
822 822 1022 858 Babylonicam
1049 818 1246 856 captivitatem

284 885 428 912 nunquam
449 874 565 903 fuerunt
584 873 682 902 Iudaei
703 871 884 904 idololatrae,
906 870 960 898 etsi
980 869 1054 898 aliis
1066 869 1156 897 modis
1179 876 1247 904 gra-

284 926 396 954 vissime
418 921 625 960 peccaverint⁹.
640 938 680 942 -
693 920 859 957 Expandit,
881 927 955 953 ecce,
978 918 1106 955 anqaria
1124 916 1247 953 captivi-

286 975 370 1003 tatis:
389 973 556 1008 Expandit,
572 972 723 1004 Dominus,
744 971 816 1005 rete,
838 968 1015 1005 captivitatis
1030 967 1187 1000 vinculum,
1197 974 1246 1001 pe-

286 1023 368 1052 dibus
387 1024 470 1058 meis,
493 1030 526 1050 ne
548 1021 635 1049 libere
662 1020 773 1048 valeam
793 1018 939 1047 ambulare
966 1017 1017 1046 aut
1038 1016 1151 1052 fugere;
1173 1015 1247 1052 quod

286 1071 365 1105 dicit,
381 1071 446 1106 quia
461 1069 553 1098 subito
568 1068 596 1097 et
610 1068 762 1104 improvise
776 1066 861 1102 capta
881 1066 936 1095 fuit
950 1065 1064 1100 civitas;
1080 1065 1208 1093 Ezechiel
1220 1062 1245 1092 ¹³:

291 1131 305 1145 ⁴<
318 1119 484 1155 Expandam
499 1117 557 1146 rete
578 1125 670 1145 meum
685 1124 770 1152 super
790 1116 888 1149 illum,
903 1114 932 1143 et
946 1114 1074 1150 capietur
1094 1114 1124 1142 in
1142 1121 1248 1149 sagena

286 1177 362 1202 mea,
385 1167 413 1196 et
434 1167 570 1195 adducam
591 1174 655 1194 eum
676 1166 705 1193 in
733 1165 906 1201 Babylonem
921 1175 950 1191 ».
967 1162 1122 1197 Convertit
1141 1170 1187 1191 me
1206 1170 1248 1190 re-

286 1219 429 1252 trorsum,
450 1217 479 1244 in
500 1215 633 1249 caudam,
656 1223 727 1251 quae
749 1214 829 1250 prius
849 1222 927 1242 eram
947 1213 977 1241 in
991 1212 1099 1248 capite3
1121 1211 1182 1245 vel,
1203 1219 1249 1239 re-

287 1269 426 1301 trorsum,
448 1266 552 1295 iterum
572 1264 742 1301 captivando
764 1272 814 1299 per
842 1263 984 1292 Romanos
1009 1261 1074 1298 post
1101 1260 1249 1296 captivita-

286 1316 344 1345 tem
359 1315 563 1344 Chaldaeorum
572 1324 583 1348 ;Ἰ
595 1314 698 1349 posuit
710 1320 755 1341 me
769 1312 944 1347 desolatam,
966 1320 984 1339 a
998 1311 1110 1339 terreno
1131 1309 1248 1345 solatio,

288 1365 349 1401 tota
369 1364 427 1399 die,
449 1363 478 1392 id
499 1363 543 1392 est
556 1362 701 1395 continue,
722 1369 851 1389 moerore
865 1358 1042 1394 confectam,·
1062 1358 1091 1387 et
1111 1358 1201 1392 iuste,
1216 1358 1250 1385 ut

288 1413 410 1447 malum,
432 1412 506 1449 quod
526 1412 586 1440 sine
606 1410 814 1439 intermissione
842 1408 979 1443 fecerant,
1001 1408 1176 1437 incessanter
1203 1407 1250 1435 de

290 1461 445 1498 plorarent.

368 1510 417 1539 41.
439 1509 605 1546 Alleyoriee
625 1508 775 1545 exponitur
796 1508 829 1536 de
849 1508 980 1537 missione
1006 1505 1130 1542 Spiritus
1158 1504 1251 1533 sancti

288 1560 361 1596 quod
381 1560 498 1588 dicitur:
521 1559 568 1587 De
588 1558 695 1587 excelso
721 1558 803 1586 misit
822 1557 919 1593 iqnem
939 1557 972 1585 in
997 1555 1111 1585 ossibus
1131 1555 1203 1583 meis
1224 1555 1251 1582 et

288 1609 414 1637 erudivit
433 1616 493 1642 me;
507 1608 555 1635 ubi
575 1606 744 1635 describitur
757 1606 853 1634 missio
874 1605 998 1641 Spiritus
1017 1604 1109 1633 sancti
1129 1603 1250 1632 visibilis

288 1656 426 1693 quantum
447 1656 483 1685 ad
511 1656 648 1692 quatuor:
675 1655 813 1692 quantum
833 1654 870 1683 ad
892 1654 1076 1690 principium
1104 1651 1250 1688 oriyinale

287 1706 442 1734 missionis:
454 1706 501 1734 De
511 1705 618 1733 excelso
627 1704 857 1739 ,·Ecclesiasticus
869 1702 895 1731 ¹¹:
912 1714 927 1728 ιι
938 1703 1013 1732 Fons
1024 1702 1180 1738 sapientiae
1190 1709 1250 1730 ver-

287 1755 354 1783 bum
368 1754 420 1783 Dei
432 1755 462 1782 in
477 1754 591 1782 excelsis
605 1765 633 1781 >›.
648 1770 689 1773 —
703 1753 846 1787 Quantum
867 1753 903 1781 ad
923 1752 1079 1780 terminum
1093 1751 1248 1784 missionis,

288 1805 336 1840 qui
350 1803 527 1840 significatur
542 1811 592 1839 per
612 1811 692 1838 ossa,
708 1803 736 1831 id
756 1802 800 1831 est
814 1802 955 1830 Ecclesiae
976 1801 1102 1829 membra
1116 1800 1248 1834 fortiora;

288 1852 435 1880 Psalmus:
463 1863 477 1876 «
491 1851 562 1880 Ossa
582 1860 644 1880 mea
665 1851 738 1880 sicut
759 1851 892 1879 cremium
907 1849 1087 1883 aruerunt»,
1104 1849 1250 1877 eremium

288 1901 332 1929 est
346 1901 382 1929 ab
396 1902 471 1930 omni
485 1901 654 1937 pinguedine
668 1900 847 1929 desiccatum.
858 1915 898 1919 —
909 1899 1053 1933 Quantum
1065 1898 1100 1927 ad
1114 1898 1250 1927 sensibile

286 1950 424 1986 signum.-
445 1950 555 1985 iynem,·
582 1949 688 1978 Actus:
715 1960 730 1974 α
750 1948 956 1985 Apparuerunt
976 1948 1035 1977 illis
1060 1948 1175 1984 linguae
1196 1947 1250 1975 dis-

290 1998 410 2034 pertitae
430 1998 567 2034 tanquam
580 1999 655 2034 ignis
669 2010 749 2026 ».—
761 1998 905 2032 Quantum
925 1997 962 2026 ad
983 1996 1194 2026 illustrationis
1213 1995 1250 2031 ef-

289 2047 409 2081 fectum:
430 2048 473 2076 Et
492 2048 618 2076 erudivit
631 2055 693 2082 me,-
707 2047 839 2075 Psalmus
852 2046 878 2075 ⁵:
906 2058 921 2072 «
934 2047 1041 2075 Beatus
1055 2046 1151 2080 homo,
1167 2054 1250 2082 quem

289 2096 322 2125 tu
343 2096 492 2130 erudieris,
508 2096 625 2125 Domine
637 2107 669 2130 »;
690 2096 825 2125 Ioannes:
852 2107 867 2121 <c
881 2095 1042 2124 Paraclitus
1057 2095 1152 2123 autem
1167 2095 1251 2130 Spiri-

290 2145 338 2173 tus
359 2145 490 2178 sanctus,
513 2153 595 2180 quem
615 2144 712 2173 mittet
732 2144 820 2173 Pater
840 2145 871 2172 in
891 2145 1003 2173 nomine
1032 2152 1109 2178 meo,
1131 2144 1179 2172 ille
1200 2152 1251 2172 vos

290 2193 398 2222 docebit
412 2194 505 2222 omnia
519 2205 533 2218 »
553 2193 605 2221 etc.
620 2209 661 2213 —-
674 2193 829 2228 Expandit
841 2194 900 2221 rete
915 2192 968 2221 etc.
983 2192 1067 2221 Istud
1082 2192 1177 2228 potest
1191 2200 1251 2221 esse

292 2243 387 2271 thema
399 2242 410 2256 ⁶
430 2243 463 2271 de
484 2243 662 2271 conversione
684 2242 767 2270 Pauli
788 2241 934 2278 Apostoli,
957 2242 1005 2276 ut,
1028 2241 1101 2270 sicut
1120 2242 1149 2270 in
1164 2242 1253 2277 priori

294 2291 434 2319 sententia
455 2291 622 2319 describitur
650 2290 853 2319 consummatio
874 2290 1090 2326 Apostolorum,
1120 2291 1168 2326 qui
1190 2290 1252 2318 ,fue-

294 2339 362 2367 runt
382 2339 496 2368 comites
524 2339 634 2367 divinae
656 2339 906 2374 peregrinationis;
936 2339 976 2367 sic
1003 2338 1049 2367 hic
1076 2339 1253 2367 describatur

293 2387 401 2416 vocatio
422 2387 517 2421 Pauli,
539 2387 661 2416 doctoris
681 2388 801 2423 egregii3
824 2388 903 2423 quia,
925 2387 998 2416 sicut
1019 2388 1049 2416 in
1064 2388 1177 2424 peccato
1198 2388 1252 2416 duo

294 2436 374 2465 sunt:
396 2437 505 2465 aversio
526 2445 543 2464 a
557 2436 629 2465 bono
650 2436 873 2464 incommutabili
894 2436 922 2464 et
936 2438 1080 2465 conversio
1098 2437 1134 2465 ad
1148 2437 1253 2466 bonum

294 2485 504 2519 commutabile;
521 2486 560 2514 sic
574 2485 688 2513 econtra
702 2485 730 2513 in
745 2485 957 2521 regeneratione
972 2485 1027 2514 duo
1042 2485 1124 2514 sunt:
1141 2486 1253 2515 aversio

295 2534 400 2562 scilicet
420 2543 437 2562 a
458 2534 530 2562 bono
544 2533 749 2567 commutabili,
766 2542 816 2568 pro
831 2542 885 2569 quo
898 2532 907 2547 ⁷
929 2534 1012 2562 dicit:
1028 2534 1182 2570 Ezpandit
1195 2536 1254 2562 rete

290 2583 414 2617 pedibus
434 2583 519 2618 meis,
542 2583 570 2610 et
591 2582 737 2610 conversio
758 2582 794 2610 ad
815 2582 918 2610 bonum
940 2583 1183 2617 incommutabile,
1203 2591 1254 2618 pro

296 2639 350 2666 quo
371 2631 452 2658 dicit:
480 2630 625 2659 Convertit
645 2639 689 2658 me
710 2631 886 2665 retrorsum;
908 2631 984 2660 retro
1006 2632 1079 2659 enim
1102 2631 1155 2659 sibi
1177 2631 1254 2660 Chri-

297 2680 359 2708 stus
380 2680 455 2713 erat,
476 2688 558 2715 quem
586 2679 804 2714 contempserat.
825 2679 877 2707 Vel
898 2679 997 2707 aliter:
1027 2680 1063 2707 ad
1082 2680 1255 2708 iustificatio-

296 2737 359 2756 nem
381 2728 533 2763 peccatoris
554 2727 608 2756 duo
633 2727 797 2763 exiguntur,
824 2727 930 2755 scilicet
949 2729 1140 2762 praeparatio
1170 2728 1255 2756 liberi

297 2776 416 2805 arbitrii
430 2776 458 2804 et
478 2775 586 2810 infusio
602 2775 730 2811 Spiritus
751 2776 860 2810 sancti,
876 2776 1069 2810 praeparatio
1090 2776 1183 2804 autem
1200 2785 1255 2805 non

371 2964 378 2977 ¹
399 2963 463 2995 Cap.
482 2964 512 2995 6,
531 2964 556 2988 7.
576 2964 606 2993 8;
626 2963 793 2995 Septuaginta
814 2963 847 2988 ad
868 2963 980 2989 verbum
1000 2964 1139 2989 translata:
1163 2965 1255 2989 Dolore

299 3003 324 3025 et
343 3000 444 3030 flagello
464 2999 604 3029 erudieris;
625 2999 749 3030 Vulgata:
772 3009 784 3021 α
799 2998 893 3024 Coram
914 3006 956 3024 me
984 3007 1089 3031 semper
1119 3000 1255 3025 infirmitas

300 3039 324 3060 et
343 3036 429 3066 plaga.
450 3035 571 3066 Erudire,
592 3035 729 3059 ierusalem
745 3044 768 3059 n.
788 3035 911 3066 Sequitur
932 3035 986 3059 lsai.
1008 3036 1049 3065 28,
1075 3036 1112 3060 19.

300 3106 316 3131 d
371 3071 380 3084 ²
402 3070 469 3095 Vide
482 3077 560 3102 supra
575 3077 636 3101 pag.
650 3070 715 3101 616,
730 3073 818 3095 notam
833 3071 863 3102 9,
878 3070 922 3095 ubi
939 3071 963 3095 in
978 3071 1034 3095 loco
1048 3075 1171 3103 corrupto
1186 3071 1255 3096 idem

320 3106 402 3131 icitur.

370 3139 380 3154 Β
400 3140 463 3172 Cap.
486 3141 530 3171 17,
551 3141 592 3166 20.
611 3155 646 3159 —
666 3142 730 3166 infra
752 3148 798 3172 pro
818 3140 982 3167 incessanter
1001 3140 1176 3174 deplorarent
1199 3142 1258 3166 Vat.

301 3176 490 3203 incessabiliter
509 3176 687 3209 deplorarent.

371 3212 381 3225 ⁴
401 3211 464 3243 Cap.
484 3213 513 3242 rl,
534 3212 562 3242 ὃς
583 3216 727 3245 sequuntur
756 3212 794 3237 [²5.
829 3213 891 3241 101,
912 3211 940 3242 45
967 3213 1021 3237 Act.
1042 3213 1071 3241 2,
1092 3212 1115 3236 3.
1138 3226 1170 3230 —
1192 3213 1257 3243 Vnt„

300 3247 391 3272 ordine
410 3248 526 3272 locorum
548 3248 697 3279 scripturae
716 3254 854 3279 perperam
875 3248 993 3277 inverso,
1014 3247 1174 3279 cumprime
1194 3248 1257 3273 dixi-

301 3283 381 3307 sienis
406 3282 525 3308 membro
551 3282 725 3316 (principium
749 3284 808 3315 etc.)
838 3283 974 3314 coniungit
993 3283 1031 3307 Ps.
1063 3283 1126 3313 Ὶ101,
1148 3283 1176 3313 si,
1196 3290 1256 3308 cum

301 3318 416 3343 secundo
436 3319 510 3343 lic-cli.
532 3319 560 3350 ri,
581 3319 605 3344 5.

372 3352 382 3367 ⁶
403 3354 495 3379 Psalm.
515 3354 562 3385 93,
585 3355 628 3385 12,
648 3354 743 3379 deinde
763 3355 830 3379 loan.
855 3354 899 3384 14,
920 3354 960 3378 26.

372 3386 383 3402 ⁶
404 3389 461 3414 Vnt.
482 3396 620 3420 perperam
641 3389 765 3421 theoria‚·
786 3396 845 3414 nain
861 3388 950 3415 thema
969 3396 982 3413 a
1004 3389 1168 3415 Scholasticis
1181 3396 1259 3414 vora-

302 3423 378 3449 batur
397 3427 479 3449 textus
499 3425 647 3455 scripturae
667 3425 691 3450 in
711 3432 832 3450 sermone
857 3425 997 3456 expositus.
1016 3425 1067 3449 Cir.
1087 3424 1151 3449 infra
1171 3432 1194 3449 n.
1217 3425 1257 3450 45.

303 3459 328 3484 in
348 3459 409 3485 sine.
430 3474 463 3477 —
484 3460 540 3485 Vnt.
559 3459 760 3493 reqeneratione
779 3459 860 3488 Pauli
878 3467 926 3492 pro
945 3459 1116 3486 conversione
1135 3459 1222 3486 Pauli.

1309 379 1353 408 est
1374 380 1407 408 de
1429 380 1505 408 facili
1525 380 1585 407 sine
1606 378 1793 415 castigatione
1813 378 1911 415 gravi,
1939 377 2012 406 sicut
2033 377 2066 406 de
2087 376 2177 406 Paulo
2205 377 2272 413 legi-

1309 428 1370 462 tur,
1392 427 1467 464 quod
1487 427 1666 464 significatur
1686 427 1719 455 in
1738 427 1914 463 expansione
1934 426 2023 460 retis,·
2043 424 2153 459 infusio
2175 424 2273 460 Spiri-

1309 476 1357 504 tus
1376 475 1474 504 saneti
1494 475 1539 503 vel
1561 474 1725 504 rectificatio
1741 474 1824 503 liberi
1837 474 1950 502 arbitrii
1969 473 2142 510 intelligitur
2161 473 2192 502 in
2205 472 2271 506 hoc,

1309 525 1383 560 quod
1413 524 1493 553 dicit:
1531 523 1679 554 Convertit
1703 532 1748 552 me
1768 525 1944 557 retrorsum,-
1971 522 2089 551 aeterna
2119 522 2271 558 siquidem,
2315 545 2318 548 .

1309 572 1411 608 quibus
1431 572 1633 601 inhaerendum
1656 571 1700 601 est
1721 571 1781 601 toto
1802 571 1897 605 corde,
1919 572 1996 601 retro
2024 571 2108 605 sunt,
2129 579 2195 602 11011,
2208 570 2274 599 tan-

1309 621 1371 649 tum
1386 621 1526 657 peccatori
1553 621 1663 650 ratione
1689 621 1804 657 culpae,
1827 620 1875 649 sed
1900 620 2063 656 cuicumque
2090 619 2198 649 homini
2224 619 2273 647 mi-

1310 678 1373 698 sero
1394 670 1512 706 propter
1532 670 1744 699 inclinationem
1764 670 1874 698 animae
1894 670 1925 697 in
1946 677 2047 697 sensus
2068 668 2097 697 et
2117 667 2273 697 sensibilia.

1310 718 1391 747 Unde
1404 718 1473 747 dicit
1493 719 1523 747 in
1537 719 1622 747 huius
1643 718 1866 755 designationem
1880 718 2003 747 Ioannes
2014 716 2040 745 ³:
2061 728 2076 742 α
2089 716 2194 745 Audivi
2208 716 2274 752 post

1310 776 1354 796 me
1375 775 1470 796 vocem
1491 776 1625 804 magnam
1647 767 1784 803 tanquam
1805 767 1890 795 tubae
1911 766 2029 795 dicentis
2043 778 2073 794 ιο.
2097 766 2159 795 Hoc
2178 765 2275 794 autem

1310 815 1498 852 adimpletur,
1520 816 1630 852 quoties
1658 817 1824 852 quicumque
1845 824 1896 851 per
1917 814 2130 844 tribulationem
2155 813 2275 850 castiga-

1311 865 1373 900 tur3
1394 865 1468 894 unde
1489 865 1670 902 Augustinus
1692 865 1812 894 secundo
1835 862 2086 893 Confessionum⁹:
2114 874 2129 888 (ι
2143 863 2186 892 Tu
2206 871 2276 891 sem-

1312 923 1363 950 per
1382 915 1483 943 aderas
1497 914 1716 943 misericorditer
1730 915 1858 943 saeviens
1878 913 1907 942 et
1921 913 2107 942 amarissimis
2121 920 2276 948 aspergens

1312 963 1512 993 offensionibus
1526 972 1623 992 omnes
1643 963 1759 992 illicitas
1773 962 2014 998 concupiscentias
2028 970 2105 991 meas
2118 973 2133 987 »
2145 972 2152 996 3
2167 961 2196 990 et
2210 960 2276 989 Gre-

1311 1013 1409 1049 gorius
1429 1013 1459 1041 in
1479 1012 1627 1049 Registro:
1655 1023 1669 1037 <a
1683 1012 1769 1040 Multi
1788 1012 1819 1040 in
1839 1011 1893 1040 hac
1913 1011 1974 1039 vita
1993 1011 2103 1040 dolores
2124 1009 2206 1044 sunt,
2228 1009 2277 1045 qui

1312 1061 1349 1091 ad
1369 1070 1493 1090 amorem
1513 1060 1677 1090 caelestium
1698 1060 1822 1097 quotidie
1839 1059 2007 1097 impellunt,
2030 1060 2078 1096 qui
2099 1059 2169 1088 mihi
2181 1059 2212 1088 in
2224 1049 2278 1087 11οο

1313 1111 1404 1140 30111111
1425 1110 1606 1139 vehementer
1620 1109 1749 1146 placent,
1764 1110 1831 1146 quia
1851 1110 1962 1146 placere
1980 1110 2010 1138 in
2027 1109 2083 1139 ,hoc
2103 1108 2208 1137 mundo
2228 1108 2278 1136 ali-

1313 1160 1380 1196 quid
1394 1168 1451 1189 non
1472 1158 1682 1196 permittunt».
1698 1159 1806 1188 Posuit
1818 1167 1863 1187 me
1877 1149 2053 1194 desolatam,
2075 1157 2194 1194 propter
2207 1157 2278 1185 mul-

1313 1209 1464 1238 titudinem
1485 1209 1664 1245 peccatorum
1685 1208 1714 1237 et
1735 1208 1874 1237 defectum
1888 1208 2026 1237 bonorum
2047 1215 2180 1243 operum,
2201 1206 2278 1235 Iere-

1314 1259 1385 1286 mias
1398 1257 1437 1286 ¹⁰:
1465 1269 1480 1283 «
1498 1258 1559 1287 Vox
1580 1258 1610 1286 in
1631 1257 1739 1286 excelso
1760 1256 1858 1286 audita
1878 1256 1923 1285 est
1942 1255 2172 1289 lamentationis,
2193 1254 2279 1291 fietus

1313 1307 1343 1336 et
1362 1307 1472 1336 luctus:
1495 1306 1600 1335 Rachel
1622 1307 1739 1342 plorans
1759 1306 1833 1335 filios
1865 1314 1931 1335 suos
1958 1305 1988 1334 et
2014 1305 2114 1334 nolens
2138 1304 2280 1333 consolari

1314 1364 1399 1391 super
1430 1356 1485 1389 eis,
1513 1356 1580 1391 quia
1610 1363 1667 1384 non
1695 1355 1763 1383 sunt
1784 1367 1813 1383 >›.
1841 1354 1929 1388 Item,
1956 1353 2137 1389 desolatam,
2161 1351 2279 1389 propter

1314 1405 1470 1440 periculum
1494 1404 1524 1433 et
1543 1404 1775 1440 impedimentum
1795 1404 1974 1432 terrenorum
1994 1402 2175 1437 solatiorum3
2196 1401 2280 1430 Psal-

1314 1462 1392 1482 mus:
1419 1464 1435 1478 «
1448 1453 1553 1482 Renuit
1572 1453 1712 1482 consolari
1732 1454 1827 1481 anima
1847 1461 1910 1481 mea
1923 1464 1938 1477 »
1966 1451 2019 1480 etc.
2043 1451 2119 1480 Tota
2139 1451 2185 1480 die
2205 1458 2279 1479 moe-

1314 1510 1381 1531 rore
1408 1501 1579 1537 eonfectam,
1596 1510 1646 1538 per
1665 1501 1854 1537 poenitentiae
1874 1501 2106 1535 amaritudinem
2128 1500 2278 1529 Ieremias:

1319 1562 1334 1577 «
1348 1551 1504 1587 Postquam
1518 1551 1684 1580 convertisti
1704 1559 1763 1585 me,
1779 1551 1824 1587 egi
1845 1550 2061 1586 poenitentiam3
2074 1549 2110 1578 'et
2130 1549 2282 1585 postquam

1315 1600 1465 1629 ostendisti
1485 1599 1568 1633 mihi,
1591 1600 1717 1635 percussi
1738 1598 1829 1627 femur
1850 1607 1944 1627 meum
1958 1610 1986 1627 ».

1395 1649 1444 1677 42.
1467 1649 1561 1685 (Vers.
1584 1647 1655 1684 14.).
1677 1648 1753 1676 Nus.
1781 1647 1931 1684 Viyilavit.
1956 1647 2010 1676 Hic
2031 1646 2159 1683 plangit,
2185 1646 2219 1675 ut
2242 1646 2281 1675 di·
2299 1654 2387 1681 Quarta.

1314 1698 1392 1727 ctum
1406 1697 1466 1732 est,
1487 1697 1607 1732 finalem
1628 1698 1655 1725 et
1675 1696 1916 1725 irremediabilem
1934 1704 2104 1733 synayoyae
2130 1695 2281 1724 desolatio<

1313 1756 1380 1776 nem
1387 1757 1397 1783 ,·
1424 1756 1510 1783 quam
1541 1755 1663 1783 poenamv
1692 1747 1783 1782 primo
1804 1745 1938 1774 describit
1965 1745 1998 1773 ut
2019 1745 2161 1780 inflictam
2185 1744 2282 1778 iuste,·
2304 1752 2392 1774 Divisio.

1315 1797 1449 1831 secundo,
1470 1796 1603 1830 effectum
1615 1796 1711 1831 ipsius
1720 1803 1846 1831 poenae,
1867 1794 1921 1823 ibi:
1941 1794 2102 1829 Infirmata
2122 1795 2165 1822 est
2177 1793 2281 1822 virtus.

1314 1863 1355 1867 -—
1372 1847 1408 1875 In
1430 1847 1522 1882 prima
1536 1846 1618 1882 parte
1632 1844 1760 1874 insinuat
1774 1844 1994 1873 misericordiam
2012 1843 2104 1872 factae
2115 1842 2138 1857 ¹¹
2160 1842 2283 1871 dilectio·
2299 1854 2432 1876 Subdivisio.

1314 1897 1375 1930 nis;
1398 1896 1527 1930 secundo,
1549 1895 1664 1923 finalem
1678 1895 1856 1924 severitatem
1869 1894 2009 1929 ultionis,
2031 1893 2086 1922 ibi:
2105 1891 2282 1922 Convolutae

1314 1947 1384 1974 sunt
1403 1946 1432 1974 et
1451 1945 1616 1981 impositae,
1635 1945 1664 1973 et
1678 1945 1809 1973 similiter
1830 1943 2002 1980 aequitatem
2020 1934 2231 1979 flagellationis.
2242 1958 2283 1962 —

1315 1995 1389 2023 Huic
1410 1994 1506 2023 autem
1527 1994 1683 2022 sententiae
1705 1993 1901 2029 praemittitur
1914 1992 2013 2021 littera
2035 1992 2122 2025 Nun,
2144 1991 2219 2027 quod
2238 1991 2283 2019 in-

1315 2043 1493 2079 terpretatur
1513 2043 1733 2078 sempiternum,
1755 2041 1919 2078 significans
1947 2040 2140 2069 subversionis
2164 2039 2283 2068 ultimae

1315 2093 1471 2126 miseriam,
1493 2092 1605 2128 quando
1632 2091 1731 2120 Iudaei
1752 2099 1801 2127 per
1822 2090 1963 2119 Romanos
1985 2089 2111 2118 finaliter
2135 2089 2166 2117 in
2186 2096 2282 2124 perpe-

1315 2141 1397 2169 tuum
1420 2140 1488 2169 sunt
1509 2141 1639 2176 dispersi.

1397 2189 1473 2218 Dicit
1493 2197 1575 2225 ergo:
1597 2188 1751 2225 Viyilavit,
1773 2188 1848 2224 quod
1868 2188 1916 2216 diu
1929 2187 2051 2217 dormire
2071 2186 2234 2221 videbatur,
2252 2186 2282 2215 id
2296 2192 2447 2224 neseiatjoiu-

1316 2238 1377 2272 est,
1399 2238 1561 2275 evigilavit,
1582 2239 1686 2274 iuywm
1706 2237 1901 2273 iniquitatum
1920 2245 2053 2265 mearum
2064 2246 2073 2271 ,·
2094 2236 2167 2265 unde
2188 2235 2283 2264 Raba-
2298 2222 2331 2242 ⁸²⁰
2344 2219 2433 2242 mmm'

1317 2296 1372 2316 nus
1384 2286 1422 2315 ¹²:
1449 2298 1464 2312 «
1474 2287 1601 2323 Vigilare
1621 2288 1720 2323 iugum
1734 2286 1819 2320 dicit,
1835 2287 1901 2322 quia
1915 2286 2028 2321 tempus
2042 2285 2090 2314 diu
2104 2285 2209 2313 dilatae
2223 2285 2282 2313 vin-

1317 2335 1408 2364 dictae
1430 2335 1545 2363 tandem
1566 2336 1595 2364 in
1617 2344 1679 2364 eam
1706 2335 1821 2364 advenit
1836 2345 1865 2370 >›;
1885 2335 2036 2363 Ieremias:
2064 2345 2078 2360 ι(
2093 2334 2166 2368 Quid
2191 2334 2224 2362 tu
2243 2334 2282 2362 vi-

1314 2386 1381 2420 des,
1403 2386 1548 2420 Ieremia?
1573 2385 1692 2421 Virgam
1723 2384 1900 2420 vigilantem.
1929 2384 1968 2412 Et
1988 2383 2059 2413 dixit
2087 2384 2225 2413 Dominus
2246 2383 2283 2411 ad

1318 2444 1376 2464 me:
1399 2436 1474 2464 Bene
1494 2434 1606 2468 vidisti,
1628 2435 1695 2471 quia
1716 2434 1839 2470 vigilabo
1860 2443 1911 2470 ego
1934 2442 2019 2470 super
2040 2434 2125 2462 verbo
2147 2441 2221 2467 meo,
2249 2432 2283 2461 ut

1318 2485 1419 2514 faciam
1439 2484 1512 2513 illud
1525 2496 1554 2512 a».
1576 2484 1686 2520 quwm
1706 2484 1795 2519 igitur
1816 2483 2009 2518 iniquitatum
2023 2483 2067 2511 est
2088 2491 2178 2519 poena
2192 2482 2282 2518 depri-

1318 2542 1398 2562 mens
1419 2533 1448 2562 et
1467 2541 1596 2562 coercens
1617 2532 1789 2568 peccatores3
1808 2532 1842 2560 in
1861 2541 1955 2560 manu
1968 2532 2107 2567 Domini,
2122 2532 2153 2560 in
2167 2533 2221 2567 quo
2236 2538 2282 2566 po-

1318 2583 1410 2611 tentia
1430 2583 1490 2610 eius
1511 2581 1657 2617 operativa
1671 2581 1859 2617 intelligitur;
1882 2581 2051 2609 convolutae
2070 2582 2154 2616 swnt,
2176 2580 2283 2609 scilicet

1318 2630 1496 2667 iniquitates,
1518 2631 1600 2666 quasi
1630 2631 1660 2658 in
1681 2638 1812 2658 acervum
1838 2629 1982 2664 reductae,
2014 2638 2086 2665 quae
2113 2620 2283 2658 videbantur

1319 2679 1462 2714 dispersae
1483 2678 1511 2706 et
1532 2679 1561 2706 in
1583 2678 1750 2706 oblivionem
1771 2677 1871 2712 datae3
1893 2679 1921 2706 et
1941 2678 2093 2713 impositae
2113 2678 2187 2706 eollo
2205 2685 2281 2710 meo,

1320 2728 1401 2763 quasi
1423 2727 1533 2763 pondus
1553 2727 1590 2755 ad
1611 2727 1783 2762 portandum
1804 2727 1952 2763 impositae
1967 2728 1997 2755 in
2012 2735 2115 2763 poena,
2138 2726 2212 2755 sicut
2232 2726 2281 2759 fit,

1320 2785 1383 2805 cum
1416 2775 1572 2811 imponitur
1603 2776 1674 2804 collo
1705 2775 1848 2810 latronis3
1880 2776 2015 2804 Ieremias
2028 2774 2071 2804 ¹³:
2105 2787 2119 2801 «
2141 2774 2283 2809 Quomodo

1392 2962 1401 2977 ⁷
1421 2964 1484 2990 Cod.
1512 2965 1530 2989 B
1550 2972 1617 2998 qna,
1638 2965 1678 2990 liic
1705 2968 1731 2990 et
1757 2965 1834 2996 paulo
1861 2965 1975 2990 inferius.
1999 2978 2034 2983 —
2054 2964 2119 2989 Infra
2145 2963 2283 2995 respicitur

1321 3001 1375 3026 Act.
1397 3001 1425 3029 9,
1446 3001 1470 3025 3.
1490 3007 1565 3032 seqq.

1393 3034 1403 3048 ⁸
1423 3036 1503 3067 Apoc.
1526 3037 1555 3066 11,
1577 3036 1618 3060 10.
1637 3049 1673 3054 -
1693 3036 1776 3066 Supra
1798 3042 1846 3067 pro
1865 3034 2001 3061 sensibilia
2021 3035 2078 3059 Vat.
2098 3033 2223 3066 sensilia,·
2243 3041 2283 3059 ea-

1321 3071 1382 3096 dem
1403 3071 1467 3096 intra
1487 3071 1704 3104 quotiescumque
1724 3078 1771 3102 pro
1791 3070 1893 3104 qnott'es
1913 3070 2085 3103 quicumque.

1393 3105 1403 3119 ⁰
1423 3106 1485 3138 (lap.
1507 3107 1576 3131 2sn.
1596 3106 1621 3136 lm
1646 3106 1764 3138 sequitur
1791 3107 1909 3137 Gregor.,
1933 3106 1965 3130 V.
1994 3105 2107 3137 Registr.
2132 3105 2211 3130 indic.
2243 3105 2282 3130 13.

1322 3142 1397 3173 epist.
1417 3141 1459 3166 42.
1480 3142 1552 3173 (alias
1573 3142 1635 3172 ss).
1662 3143 1686 3166 ln
1717 3142 1773 3167 loco
1801 3141 1919 3172 Gregorii
1949 3144 2008 3172 post
2032 3140 2198 3167 vehementer
2226 3140 2281 3166 Vat.

1322 3177 1417 3203 omittit
1433 3176 1549 3209 placent,
1570 3176 1641 3210 qnia.

1395 3211 1416 3225 ¹⁰
1436 3213 1498 3243 (lap.
1520 3213 1547 3236 31
1564 3231 1569 3241 ,
1592 3213 1638 3243 453
1657 3215 1803 3244 sequuntur
1823 3212 1863 3236 Ps.
1883 3211 1932 3242 76,
1953 3212 1981 3240 3:
1997 3212 2042 3237 ier.
2057 3212 2085 3237 31
2098 3231 2104 3242 ‚
2121 3212 2209 3237 19.-
2222 3212 2281 3237 Vat.

1319 3254 1371 3280 pro
1389 3247 1566 3280 poenitentiae
1585 3246 1768 3272 amm-amima
1787 3247 1843 3272 loco
1859 3254 1909 3280 per
1927 3247 2105 3280 poenitentiae
2123 3246 2282 3273 amaritudi-

1322 3286 1450 3341 11011111οῑχ
1452 3282 1619 3343 ’ρευτίιςεξιζςῐὶ
1635 3282 1726 3315 femur
1746 3289 1794 3313 pro
1811 3283 1937 3315 percussi
1955 3282 2054 3316 femur.

1461 3323 1493 3343 nt.
1514 3324 1627 3343 (tvenne.

1395 3353 1416 3367 ¹²
1436 3355 1462 3378 ln
1486 3355 1575 3378 ierem.
1596 3352 1653 3377 libr.
1676 3353 1751 3377 xvii.
1771 3353 1805 3377 ad
1834 3360 1858 3378 v.
1889 3353 1930 3378 ⁴4.
1957 3354 2004 3379 l‘ro
2033 3353 2061 3379 in
2088 3360 2148 3379 eam
2176 3352 2282 3379 advenit

1324 3389 1381 3414 Vnt.
1403 3396 1540 3420 perperam
1560 3388 1588 3413 in
1607 3395 1667 3413 eom
1686 3387 1807 3414 advertit.
1827 3402 1863 3407 --
1882 3389 2004 3421 Sequitur
2023 3390 2070 3414 ler.
2091 3389 2119 3419 4,
2142 3389 2183 3414 11.

1396 3424 1417 3438 ¹³
1437 3424 1499 3455 Cup.
1520 3424 1549 3453 2,
1570 3424 1612 3448 26.
1627 3438 1658 3441 —
1675 3425 1758 3455 Supra
1779 3431 1826 3454 pro
1847 3423 1874 3449 in
1891 3431 1979 3457 poena
2001 3425 2058 3450 Vnt.
2077 3423 2105 3450 in
2114 3430 2244 3458 poenam,
2257 3426 2283 3449 et

1323 3460 1389 3485 iufra
1410 3467 1457 3491 pro
1477 3458 1558 3492 capiti
1576 3459 1668 3483 (uideni
1690 3459 1815 3484 mendose
1834 3459 1965 3493 capimus.
