2476 3921
744 253 937 286 COMMENT.
964 252 999 285 lN
1023 252 1262 285 EVANGELIUM
1285 252 1402 285 LUCAE
1426 252 1458 284 C.
1485 253 1531 286 lx.

354 343 404 371 Via.
422 342 570 378 proficiendi
588 341 728 377 dupliciter
746 341 905 376 explicatur.

241 452 293 485 29.
309 452 349 484 Et
358 450 489 494 facturn
505 453 562 489 cst,
575 459 652 482 cum
668 449 758 481 sotus
773 451 853 481 esset
868 451 926 481 etc.
946 448 1112 489 Postquam

153 505 346 547 Evangelista
369 504 527 546 expressit
554 503 688 536 formam
716 501 931 544 praedicandi,
959 501 991 533 in
1024 503 1112 542 parte

152 559 210 591 ista
233 557 383 600 exprimit
405 557 497 589 viam
517 555 749 598 prosiciendffl.
783 555 826 587 Ad
857 554 1031 596 profectum
1055 563 1112 586 au-

152 617 213 645 tem
239 612 297 644 ista
319 610 383 643 duo
406 609 631 643 consideranda
650 610 860 647 concurrunt,
885 607 1002 640 scilicet
1018 616 1111 649 aspe-

151 665 237 698 ritas
259 664 352 702 viae,
381 664 414 696 in
444 672 508 705 qua
538 662 680 695 consistit
703 661 871 700 meritum,
895 664 927 694 et
956 661 1111 693 suavitas

148 718 301 761 patriae,
334 717 365 749 in
389 725 453 758 qua
483 715 624 748 consistit
648 714 834 757 praemium.
867 714 937 747 Ideo
960 716 1031 756 post
1053 722 1110 747 ex-

151 770 342 814 pressionem
366 769 559 811 asperitatis
581 769 656 801 viae
678 767 831 810 exprimit
850 767 988 800 secundo
1012 767 1111 800 Evan-

149 824 259 867 gelista
281 823 482 856 suavitatem
496 821 640 865 qloriae,
657 821 699 854 ibi
714 822 741 853 2:
767 822 909 854 Factum
933 824 979 853 est
1000 824 1109 853 autem

149 881 223 919 post
245 876 325 909 haec
347 876 449 909 verba
469 879 527 909 etc.

0 954 1 963 1
245 930 304 962 Via
320 932 424 962 autem
449 929 488 961 ad
504 928 637 970 patriam
662 927 821 970 potissime
837 927 868 959 in
893 926 1018 960 duobus
1041 935 1112 959 con-

1 987 133 1037 ''imgiffif
149 983 244 1022 sistit,
262 983 380 1016 seilicet
395 982 426 1014 in
443 980 593 1024 perfecta
608 980 792 1023 coqnitione
811 980 926 1013 Christi
944 988 1000 1022 per
1016 979 1110 1012 fidem

0 1021 38 1064 1εέ
46 1041 88 1090 ᾱξο
102 1040 134 1062 di·
148 1039 179 1069 et
198 1034 347 1079 perfecta
372 1034 556 1068 imitatione
578 1043 636 1077 per
660 1042 798 1067 crucem.
823 1033 893 1066 Ideo
909 1033 1012 1076 primo
1035 1033 1110 1066 insi-

20 1073 59 1090 m
69 1073 101 1089 ω’
146 1093 265 1124 nuatur
287 1089 392 1129 nobis,
412 1089 548 1131 qualiter
571 1088 716 1121 Christus
733 1097 789 1130 per
812 1087 910 1129 fidem
931 1091 978 1120 est
993 1097 1110 1130 009110-

145 1143 305 1181 scendus;
321 1142 459 1176 secundo
480 1150 569 1180 vero,
595 1141 730 1184 qualiter
747 1150 804 1183 per
824 1150 956 1173 crucem
972 1144 1020 1173 est
1034 1140 1110 1173 imi-

146 1196 289 1235 canctus,
315 1196 355 1229 ibi
371 1195 397 1228 ⁸:
422 1195 553 1228 Dicebat
568 1200 679 1227 autem
697 1195 742 1227 ad
758 1204 885 1229 omnes:
903 1194 940 1227 Si
958 1194 1034 1237 quis
1050 1197 1108 1227 etc.

234 1251 392 1292 Quantum
418 1249 457 1282 ad
480 1249 617 1291 primum
642 1248 829 1287 notandum,
853 1248 938 1290 quod
960 1247 1109 1291 perfecta

0 1311 79 1343 »efacta
92 1317 130 1343 ηις»-
144 1303 264 1336 notitia
284 1302 364 1345 fidei
387 1303 416 1335 in
441 1305 580 1344 quatuor
603 1301 763 1340 consistit,
788 1301 906 1334 scilicet
930 1301 961 1333 in
985 1310 1108 1343 appro—

0 1337 126 1387 ssffisfflei'u
145 1356 274 1392 batione
296 1355 404 1389 divini
427 1354 582 1394 honoris,
607 1354 838 1396 reprobatione
858 1353 1001 1386 humani
1016 1363 1108 1387 erro-

11 1393 106 1419 q¹³³²¹¹⁰¹'
143 1409 210 1449 ris,
234 1408 436 1452 confessione
462 1407 589 1445 Christi
610 1407 820 1446 mediatoris,
840 1408 1108 1445 ,consideratione

145 1462 295 1507 mysterii
309 1461 552 1504 redemptionis
570 1461 613 1506 Ad
636 1460 806 1503 perfectam
823 1461 906 1494 enim
923 1461 1016 1493 fidem
1034 1470 1107 1494 con-

144 1516 246 1549 currit
268 1515 453 1558 approbatio
477 1514 650 1557 religionis,
670 1514 835 1547 detestatio
858 1514 1106 1557 superstitionis,

143 1569 295 1604 confessio
318 1573 428 1611 patens
451 1572 482 1601 et
505 1568 726 1610 contemplatio
750 1568 858 1601 latens.

232 1623 284 1657 30.
310 1623 412 1664 (Vers.
444 1623 518 1663 18.).
548 1622 651 1654 Primo
674 1621 770 1664 igitur
794 1625 947 1664 quantum
977 1621 1015 1654 ad
1047 1631 1106 1664 ap—

10 1683 128 1712 Dorrimo-
138 1677 366 1720 probationem
384 1676 493 1710 divini
515 1675 651 1708 lzmzoris
671 1675 801 1708 dicitur:
831 1677 867 1708 Et
892 1675 1023 1718 factum
1039 1680 1105 1715 est,

142 1740 219 1764 cum
241 1730 333 1763 sotus
355 1734 436 1763 esset
463 1739 585 1768 orans,
610 1733 647 1761 ut
669 1729 734 1762 Deo
758 1729 839 1761 Patri
871 1729 1014 1762 debitum
1038 1730 1104 1762 cul-

141 1787 210 1817 tum
234 1787 265 1817 et
280 1783 488 1823 reverentiam
512 1782 680 1815 exhiberet
695 1786 726 1815 et
750 1782 928 1815 ostenderet
951 1782 1106 1815 exhiben-

141 1837 231 1876 dam;
255 1845 337 1879 quae
369 1836 528 1878 potissime
558 1835 730 1868 exhibetur
761 1835 792 1867 in
828 1835 984 1874 oratione,
1013 1835 1105 1868 iuxta

141 1888 220 1922 illud
243 1888 364 1921 loannis
380 1890 494 1930 quarto
506 1888 534 1920 4:
561 1901 577 1916 «
589 1887 681 1920 Venit
697 1888 790 1927 hora,
812 1887 843 1920 in
867 1897 931 1930 qua
947 1888 1013 1921 veri
1030 1888 1104 1921 ado-

142 1934 264 1975 ratores
286 1941 463 1974 adorabunt
480 1941 602 1974 Patrem
626 1941 658 1973 in
682 1940 797 1983 spiritu
814 1944 845 1974 et
867 1941 1009 1974 veritate.
1027 1942 1103 1974 Nam

141 1999 172 2029 et
196 1996 286 2028 Pater
310 1995 387 2028 tales
410 1994 535 2037 quaerit
559 2006 594 2034 »;
618 1994 702 2027 unde
731 1994 763 2027 in
787 1994 925 2027 Psalmo:
957 2008 972 2024 «
994 1995 1104 2028 [nvoca

141 2058 191 2082 me
214 2049 246 2081 in
268 2049 318 2082 die
343 2048 567 2088 tribulationis,
585 2052 616 2081 et
632 2057 742 2081 eruam
767 2051 811 2088 te,
827 2051 859 2081 et
883 2048 1105 2082 honorificabis

0 2108 120 2131 noandum.
141 2111 192 2135 me
208 2116 239 2134 n.
260 2121 304 2126 —-
327 2102 480 2144 Quoniam
504 2105 612 2135 autem
636 2102 713 2134 haec
737 2102 915 2135 reverentia
937 2102 1030 2135 debet
1053 2112 1103 2136 ca-

141 2165 214 2190 rere
230 2157 321 2189 omni
339 2155 567 2194 ostentatione,
583 2155 653 2188 ideo
675 2155 803 2195 dicitur,
820 2156 904 2198 quod
923 2157 1015 2189 sotus
1030 2161 1105 2190 erat

140 2219 260 2249 orans,
285 2210 459 2243 secundum
491 2209 569 2242 illud
592 2209 738 2242 Matthaei
763 2212 854 2242 sexto
870 2209 901 2242 ⁵:
932 2223 948 2238 «
972 2211 1019 2242 Tu
1046 2220 1103 2243 au-

139 2265 221 2302 tem,
246 2272 318 2296 cum
341 2263 497 2302 oraveris,
521 2262 605 2294 intra
628 2262 660 2294 in
684 2262 867 2295 cubiculum
891 2266 982 2296 tuum
1000 2277 1015 2292 n
1044 2267 1101 2296 etc.

138 2315 253 2348 Carere
277 2316 371 2350 etiam
394 2315 487 2348 debet
511 2316 602 2347 omni
629 2315 881 2358 inquietatione;
906 2315 976 2348 ideo
1007 2316 1100 2349 etiam

138 2368 228 2401 solus
255 2368 383 2409 orabat,
415 2368 589 2401 secundum
621 2368 699 2400 illud
731 2368 931 2401 Threnorum
964 2368 1100 2402 tertio⁶z

143 2434 159 2449 a
176 2421 299 2454 Sedebit
322 2421 482 2454 solitarius
505 2424 536 2454 et
560 2421 688 2460 tacebit,
713 2421 788 2463 quia
811 2421 925 2454 levavit
948 2430 981 2454 se
1005 2430 1101 2464 super

138 2483 171 2508 se
187 2488 218 2514 »,
243 2484 282 2508 ne
306 2474 424 2508 scilicet
454 2474 560 2517 aliquo
587 2475 721 2517 strepitu
754 2475 946 2508 retrahatur.
973 2475 1008 2508 Et
1031 2475 1100 2508 ideo

138 2528 283 2562 Matthaei
300 2528 421 2562 decimo
437 2532 551 2572 quarto
567 2528 697 2569 dicitur,
715 2529 799 2572 quod
818 2543 833 2558 «
845 2529 973 2562 dimissa
990 2529 1099 2569 turba,

2074 256 2137 287 225

1177 340 1317 373 ascendit
1339 340 1371 372 in
1397 344 1534 373 montem
1559 341 1645 374 solus
1667 351 1759 375 orare
1777 356 1806 374 n.
1837 358 1877 365 ᾤ
1907 342 1965 375 Sed
1989 343 2137 384 quoniam

1179 393 1274 426 huius
1297 393 1493 426 reverentiae
1524 403 1585 426 non
1609 398 1700 427 erant
1726 395 1869 437 discipuli
1902 395 2140 437 perturbatores

1176 456 1218 480 ex
1243 446 1484 489 inquietatione,
1509 447 1562 480 sed
1578 448 1805 490 approbatores
1829 458 1884 490 per
1906 458 2011 481 verani
2031 449 2137 488 iidem;

1177 500 1246 533 ideo
1270 500 1436 533 subditur:
1463 502 1571 533 Erant
1592 510 1669 533 cum
1692 501 1747 533 itto
1776 506 1804 534 et
1828 502 2019 544 diseipulffl.
2054 503 2139 536 [nde

1177 562 1234 595 per
1251 554 1324 592 hoc,
1341 553 1426 595 quod
1443 553 1559 587 dicitur
1574 554 1681 593 sotus,
1701 564 1763 587 non
1781 555 1922 588 excludit
1946 557 2138 589 consortium

1176 606 1421 648 discipulorum,
1446 607 1501 639 sed
1529 608 1701 640 tumultum
1727 608 1906 640 turbarum.
1932 609 2007 641 Nam
2041 609 2139 641 ‹lisci-

1174 659 1271 700 putos
1307 662 1457 701 tanquam
1485 660 1566 693 tilios
1597 660 1802 699 admittebat;
1840 662 1922 694 unde
1953 666 1984 694 et
2019 662 2140 694 dicebat

1175 712 1215 745 de
1237 712 1283 745 eis
1306 712 1383 745 illud
1407 713 1492 754 quod
1516 713 1636 746 inducit
1660 714 1824 755 Apostolus
1848 715 1884 746 ad
1914 715 2068 747 Hebraeos
2092 724 2139 747 se-

1176 765 1323 798 cundoss:
1353 779 1369 794 (ε
1386 766 1478 805 Ecce,
1502 775 1559 808 ego
1583 770 1614 799 et
1638 767 1728 808 pueri
1755 768 1832 806 mei,
1858 777 1938 810 quos
1961 768 2045 800 dedit
2063 768 2137 800 mihi

1176 819 1261 852 Deus
1277 831 1307 858 »;
1340 819 1459 852 turbas
1489 823 1595 853 autem
1627 824 1775 862 tanquam
1800 829 1909 853 servos
1933 820 2138 859 excludebat;

1176 872 1268 905 cuius
1291 872 1426 915 figuram
1450 873 1605 906 Abraham
1629 874 1739 916 gessit,
1763 874 1891 907 Genesis
1919 874 2068 916 vigesimo
2092 884 2138 907 50-

1176 924 1293 964 cundo,
1326 925 1452 967 quando
1481 939 1496 954 α
1513 926 1594 958 dixit
1617 926 1656 959 ad
1688 936 1805 968 pueros
1829 936 1919 960 suos:
1954 927 2138 969 Exspectate

1176 978 1228 1011 hic
1244 978 1274 1011 in
1287 979 1372 1012 valle
1389 988 1460 1012 cum
1477 980 1579 1018 asin0;
1597 990 1654 1022 ego
1670 984 1776 1013 autem
1801 985 1831 1013 et
1848 990 1928 1022 puer
1945 981 2019 1014 illuc
2037 991 2138 1024 usque

1176 1037 1395 1074 properantes,
1418 1036 1583 1075 postquam
1604 1033 1856 1073 adoraverimus,
1878 1039 2076 1067 revertemur
2100 1035 2137 1068 ad

1176 1095 1231 1119 vos
1246 1099 1276 1118 ».
1295 1105 1338 1110 —-
1355 1086 1409 1120 Vel
1435 1087 1494 1119 hoc
1517 1086 1647 1126 dicitur,
1672 1087 1746 1129 quia
1770 1097 1831 1120 non
1857 1089 1976 1121 ratione
1997 1089 2136 1121 eiusdem
2158 1096 2234 1117 Aliter-

1176 1139 1325 1181 temporis
1349 1142 1424 1173 sunt
1454 1141 1630 1179 coniuncti,
1662 1141 1736 1182 quia
1768 1142 1854 1174 solus
1886 1142 1989 1183 primo
2017 1143 2136 1180 oravit,

1174 1196 1205 1225 et
1230 1195 1336 1235 postea
1367 1193 1546 1226 immediate
1577 1203 1649 1226 cum
1674 1204 1711 1227 eo
1735 1195 1878 1237 discipuli
1912 1195 2050 1228 suerunt.
2080 1196 2137 1228 Ta-

1176 1255 1246 1278 men
1272 1246 1367 1279 simul
1390 1247 1583 1289 iunguntur,
1607 1248 1696 1289 quia,
1722 1248 1778 1280 etsi
1804 1249 1937 1290 Apostoli
1968 1253 2059 1281 erant
2082 1249 2136 1282 ab·

1173 1303 1277 1332 sentes
1301 1299 1388 1334 locali
1415 1300 1724 1342 circumscriptione,
1749 1305 1851 1334 tamen
1885 1310 1957 1334 cum
1983 1312 2020 1335 eo
2047 1306 2135 1335 erant

1172 1354 1298 1386 mentali
1323 1354 1437 1387 affectu
1462 1357 1493 1386 et
1517 1354 1586 1387 fidei
1604 1355 1843 1397 approbatione,
1868 1356 2041 1388 secundum
2060 1356 2134 1389 illud

1173 1406 1258 1439 Pauli
1283 1407 1322 1440 ad
1337 1407 1535 1441 colossenses
1559 1408 1696 1441 secundo
1710 1409 1736 1440 ⁹:
1760 1422 1775 1437 «
1793 1409 1854 1442 Etsi
1875 1418 2007 1451 corpore
2024 1410 2136 1443 absens

1172 1469 1260 1499 suin,
1284 1460 1315 1493 in
1347 1461 1462 1503 spiritu
1486 1462 1648 1495 vobiscum
1681 1471 1770 1502 sum,
1802 1463 1942 1505 gaudens
1974 1467 2004 1495 et
2029 1463 2135 1496 videns

1171 1513 1312 1547 ordinem
1337 1518 1478 1547 vestrum
1495 1528 1510 1544 »
1540 1519 1598 1549 etc.

1262 1566 1314 1599 31.
1350 1568 1492 1600 Secundo
1528 1573 1682 1611 quantum
1708 1569 1746 1602 ad
1777 1570 2040 1612 reprobationem
2074 1570 2135 1604 1111,-
2156 1574 2300 1596 Desecundo-

1170 1620 1267 1652 mani
1299 1621 1427 1653 erroris
1458 1622 1627 1655 subditur:
1664 1624 1702 1655 Et
1733 1623 1950 1666 interrogavit
1982 1624 2055 1657 ilios
2086 1625 2136 1657 (li-

1170 1683 1261 1706 cens:
1287 1675 1389 1715 Quem
1413 1685 1464 1707 mc
1483 1685 1550 1708 esse
1574 1676 1691 1709 dicunt
1706 1676 1844 1709 turbae?
1869 1677 1959 1719 Quod
1980 1688 2040 1710 non
2067 1678 2135 1711 ideo

1170 1728 1359 1770 quaerebat,
1384 1732 1420 1760 ut
1441 1729 1604 1762 veritatem
1621 1729 1809 1769 addisceret,
1826 1740 1921 1772 quam
1939 1731 2070 1770 sciebat,
2088 1741 2136 1765 se-

1170 1781 1310 1814 cundum
1334 1781 1411 1814 illud
1437 1782 1558 1815 loannis
1589 1783 1727 1815 secundo
1745 1783 1788 1815 ¹⁰:
1819 1796 1834 1812 α
1858 1784 1924 1816 Non
1948 1788 2016 1816 erat
2032 1794 2133 1827 opus,

1169 1838 1206 1867 ut
1228 1834 1300 1876 quis
1324 1835 1537 1868 testimonium
1561 1836 1588 1868 ei
1622 1836 1805 1878 perhiberet
1834 1836 1873 1869 de
1899 1837 2033 1870 homine.
2069 1838 2133 1880 lpse

1169 1887 1251 1920 enim
1270 1887 1402 1927 sciebat,
1426 1888 1502 1930 quid
1526 1892 1608 1922 esset
1625 1889 1655 1922 in
1681 1889 1855 1929 homine»;
1881 1890 1933 1923 sed
1952 1891 2020 1924 ideo
2042 1888 2135 1925 111101-

1169 1944 1276 1983 rogat,
1305 1945 1341 1973 ut
1361 1950 1526 1974 erroneam
1554 1942 1787 1975 mundanorum
1816 1944 2001 1976 sententiam
2030 1949 2133 1978 osten-

1168 1994 1221 2027 dat
1244 2003 1337 2027 verae
1361 1995 1432 2028 fidei
1457 1995 1624 2028 inimicam.
1649 1996 1687 2029 Ut
1711 1997 1885 2038 plurimum
1909 1998 1991 2030 enim
2026 1999 2133 2040 plures

1169 2048 1388 2081 contradicunt
1418 2048 1629 2090 sapientibus,
1661 2053 1692 2082 et
1723 2049 1818 2082 turba
1849 2050 2011 2083 turbatum
2039 2052 2132 2085 habet

1169 2101 1342 2140 iudicium3
1380 2105 1508 2144 propter
1543 2102 1627 2144 quod
1665 2103 1761 2135 Exodi
1786 2103 1936 2145 vigesimo
1973 2104 2065 2137 tertio
2083 2106 2130 2136 11;

1174 2168 1189 2183 «
1206 2155 1271 2187 Non
1296 2155 1439 2198 sequeris
1464 2155 1588 2188 turbam
1606 2156 1644 2190 ad
1668 2156 1843 2189 faciendum
1869 2157 1996 2190 malum.
2022 2158 2083 2191 Nec
2100 2159 2129 2191 in

1168 2209 1283 2242 iudicio
1307 2209 1520 2251 plurimorum
1544 2210 1725 2252 acquiesces
1748 2211 1934 2251 sententiae,
1959 2216 1995 2244 ut
2014 2221 2032 2244 a
2056 2221 2131 2245 vero

1167 2262 1272 2295 devies
1288 2276 1319 2295 ».
1345 2263 1381 2295 Et
1405 2263 1473 2296 ideo
1497 2273 1558 2296 non
1579 2267 1627 2296 est
1651 2264 1782 2304 mirum,
1808 2264 1832 2297 si
1857 2257 2006 2298 animales
2031 2265 2131 2298 homi-

1166 2324 1222 2347 nes
1245 2315 1284 2347 de
1307 2315 1433 2348 Christo
1457 2316 1520 2348 Deo
1543 2326 1605 2349 non
1630 2321 1716 2350 recte
1732 2317 1925 2357 sentiebant3
1950 2318 2040 2360 quia,
2065 2318 2129 2359 pri-

1166 2377 1236 2401 mae
1267 2369 1305 2401 ad
1334 2369 1512 2402 Corinthios
1543 2371 1698 2409 secundo,
1728 2384 1744 2400 «
1768 2371 1911 2404 animalis
1942 2372 2036 2404 1101110
2068 2381 2128 2404 11011

1166 2422 1299 2465 percipit
1322 2431 1359 2455 ea
1379 2432 1460 2465 quae
1484 2423 1538 2456 Dei
1564 2427 1680 2456 sunt».

1255 2475 1307 2509 32.
1334 2476 1434 2517 (Vers.
1464 2476 1538 2518 19.).
1572 2477 1702 2519 Propter
1730 2478 1814 2520 quod
1845 2478 2049 2521 subiungitur
2074 2479 2129 2511 111·
2145 2481 2294 2502 [fldesi‘ffl-

1166 2529 1239 2571 plex
1271 2529 1376 2572 opinio
1408 2533 1513 2562 sumta
1543 2539 1561 2562 a
1593 2530 1708 2572 triplici
1740 2531 1936 2564 excellentia.
1969 2532 2127 2573 Quantum
2157 2508 2294 2556 ffifmeer'

209 2722 217 2737 ¹
238 2723 289 2749 Csr.
308 2730 388 2756 supra
409 2731 435 2749 n.
455 2725 478 2749 sl.

207 2766 218 2781 ²
239 2768 313 2793 Vers.
332 2769 376 2794 28.
394 2782 429 2787 —
447 2767 530 2794 Codd.
550 2767 632 2794 CDll
651 2768 774 2794 omittunt
792 2768 919 2795 secundo.

206 2810 218 2826 ⁸
237 2812 312 2838 Vers.
332 2812 375 2838 23.

206 2854 218 2870 ⁴
238 2856 311 2882 Vers.
332 2856 381 2887 23,
400 2856 441 2881 cui
461 2855 629 2888 subiungitur
648 2857 688 2882 l‘s.
708 2855 755 2889 49,
776 2857 817 2882 15.

207 2898 218 2913 ⁵
237 2900 312 2926 Vers.
332 2901 356 2926 6.
375 2915 410 2920 —
429 2901 519 2927 Glossa
537 2900 680 2928 ordinaria
700 2901 741 2933 (ex
765 2901 845 2934 Beda)
867 2902 891 2927 in
915 2902 978 2928 Luc.
998 2903 1027 2933 9,
1052 2904 1096 2928 ts:

135 2946 193 2977 lpse
211 2946 299 2971 autem
319 2946 390 2971 solus
402 2948 459 2971 orat
472 2946 583 2971 Patrem.
597 2946 707 2971 Possunt
719 2946 788 2971 enim
803 2947 890 2972 Sancti
904 2947 956 2972 ilde
969 2950 995 2972 et
1007 2954 1097 2973 amore

135 2989 247 3015 Domino
275 2989 426 3021 coniungi...
454 2990 502 3016 sed
520 2989 794 3022 incomprehensibilia
813 2993 938 3022 paternae
961 2991 1097 3023 positionis

135 3040 230 3059 arcana
248 3034 320 3059 solus
339 3037 457 3065 penetrat
469 3037 495 3060 et
507 3035 593 3066 solus,
605 3034 670 3067 quid
684 3035 815 3061 orandum
828 3035 915 3066 novit,
929 3040 1011 3062 orat...
1025 3037 1097 3063 solus

134 3077 268 3110 obsecrat,
287 3077 349 3110 quia
375 3078 420 3103 Dei
444 3078 581 3104 consilium
606 3079 720 3105 humana
740 3079 820 3105 corda
844 3086 897 3105 non
921 3080 1029 3112 capiunt
1047 3084 1095 3106 etc.

135 3122 271 3153 Euthym.‚
290 3122 317 3147 in
336 3122 424 3148 Matth.
445 3122 491 3153 14,
511 3123 559 3148 23:
579 3123 662 3155 Aptus
680 3126 720 3149 est
742 3124 812 3149 enim
839 3130 914 3149 mons
942 3124 975 3149 ad
1004 3125 1097 3151 oratio-

165 3172 241 3198 nem,
261 3172 312 3191 nox
332 3168 467 3197 praeterea
487 3168 512 3191 et
530 3166 643 3192 solitudo
663 3167 794 3193 silentium
814 3174 845 3193 ac
869 3167 1095 3194 indistractionem

134 3208 261 3241 praebent
279 3212 305 3235 et
323 3208 530 3235 immobilitatem
551 3210 577 3236 in
596 3211 720 3237 oratione.

204 3251 216 3268 ⁶
237 3255 309 3281 vers.
328 3255 372 3280 28.
387 3268 422 3274 —
435 3254 558 3288 Sequitur
577 3256 663 3282 Matth.
684 3256 732 3289 ⁴4,
752 3257 795 3283 23.
807 3271 843 3276 -
856 3256 964 3283 inferius
982 3261 1042 3289 post
1056 3265 1095 3284 re-

133 3297 267 3324 verentiae
285 3299 307 3324 11
326 3298 399 3324 addit
417 3300 442 3325 et
455 3298 599 3332 orationis,
613 3303 713 3326 etcum
726 3300 745 3327 C
764 3307 814 3333 pro
833 3300 1023 3335 inquietatione
1035 3301 1095 3328 sub-

134 3342 215 3368 stituit
233 3342 382 3377 iniquitate.

204 3384 214 3400 7
234 3386 318 3413 Codd.
336 3388 357 3413 A
368 3388 387 3414 C
399 3388 419 3413 D
429 3388 449 3413 G
469 3387 559 3414 Erant
570 3390 596 3415 et
607 3387 733 3423 discipuli
745 3389 802 3417 eius
815 3397 877 3417 cum
890 3397 919 3417 eo
926 3400 937 3423 ,·
956 3392 1002 3416 cfr.
1016 3390 1093 3417 Card.

134 3430 211 3462 llugo
223 3434 249 3456 et
269 3432 295 3456 B.
315 3431 412 3457 Albert.
431 3432 456 3457 in
477 3432 534 3464 ipso
554 3432 701 3459 Comment.

241 3484 271 3510 S.
291 3485 395 3511 Bona-v.
408 3499 443 3504 —
457 3485 535 3511 Tom.
553 3486 606 3512 Vll.

1235 2723 1246 2738 ⁸
1266 2726 1339 2751 Vers.
1362 2725 1402 2750 13.
1416 2739 1451 2744 -
1464 2725 1583 2751 Subinde
1596 2726 1723 2757 allegatur
1742 2727 1806 2751 Gen.
1820 2727 1869 2756 ⁴22,
1890 2727 1918 2756 5,
1934 2725 1977 2751 11111
1999 2733 2046 2757 pro
2058 2729 2128 2759 pos(-

1164 2777 1247 2804 quam
1266 2769 1474 2796 adoraverimus
1493 2769 1512 2795 C
1524 2768 1576 2794 DG
1596 2776 1658 2796 cnm
1677 2769 1895 2796 adoraverimus.

1234 2812 1245 2827 ⁹
1266 2815 1339 2839 Vers.
1361 2814 1385 2839 5.
1399 2828 1434 2833 --
1447 2813 1500 2840 Csr.
1519 2814 1605 2839 Mattli.
1623 2814 1669 2845 14,
1690 2815 1731 2839 22.
1746 2822 1835 2847 seqq.;
1856 2815 1932 2840 Marc.
1948 2815 1976 2845 6,
1999 2815 2040 2839 15.
2054 2822 2126 2847 seqq.

1163 2862 1188 2884 et
1207 2859 1276 2884 101111.
1296 2859 1327 2890 6,
1348 2858 1388 2883 iii.
1409 2865 1484 2891 seqq.
1504 2873 1538 2876 —
1558 2858 1685 2890 Superius
1704 2865 1753 2890 pro
1775 2858 1859 2885 simul
1879 2858 2032 2892 iitnyuntm·
2053 2860 2072 2884 A
2092 2859 2127 2885 si-

1162 2903 1222 2929 mul
1240 2902 1438 2936 intelliquntnr.

1234 2945 1256 2960 ¹⁰
1276 2947 1349 2972 Vers.
1371 2947 1413 2972 25.
1427 2961 1462 2966 —
1475 2946 1527 2972 Cir.
1547 2945 1662 2978 naban,
1683 2947 1714 2971 V.
1728 2947 1751 2972 in
1767 2947 1854 2972 Matth.
1873 2948 1915 2977 16,
1934 2947 1972 2972 15.
1988 2949 2028 2979 (ex
2042 2947 2126 2973 Beda.

1163 2992 1189 3017 ll.
1203 2991 1297 3017 llomil.
1318 2992 1359 3016 16.
1374 2991 1398 3016 111
1413 2992 1498 3017 Natale
1518 2992 1546 3017 Β.
1560 2992 1650 3024 apost.
1672 2992 1739 3017 Petri
1759 2995 1782 3017 et
1804 2992 1890 3022 Pauli,
1903 2995 1928 3017 et
1942 2992 1978 3017 111.
1999 2992 2022 3017 111
2039 2993 2124 3017 Manli.

1164 3036 1209 3067 16,
1232 3035 1298 3068 15.)ε
1317 3036 1373 3061 Non
1387 3039 1474 3061 autem
1494 3036 1568 3068 quasi
1583 3036 1700 3061 nesciens
1719 3036 1874 3061 sententiani
1896 3036 1928 3061 de
1942 3043 1970 3061 50
1990 3037 2030 3061 vel
2051 3036 2126 3062 disci-

1161 3081 1284 3113 pulorum
1305 3080 1346 3105 vel
1364 3083 1547 3105 extraneorum
1568 3080 1689 3113 inquirit,
1709 3080 1756 3105 sed
1775 3080 1864 3106 ideo...
1887 3084 1914 3105 ut
1934 3080 2122 3106 ruiiscssioneni

1160 3128 1247 3151 rectae
1266 3124 1325 3150 ndei
1346 3124 1447 3150 illorum
1467 3123 1683 3158 [discipulorum]
1704 3124 1784 3155 digna
1806 3124 1927 3149 mercede
1946 3128 2104 3150 remuneret.

1232 3167 1253 3182 ¹¹
1274 3169 1349 3195 Vers.
1369 3170 1393 3194 2.
1406 3182 1442 3188 -·
1455 3169 1578 3202 Sequitur
1598 3169 1614 3193 1.
1634 3168 1694 3194 Cor.
1714 3170 1744 3199 2,
1768 3168 1807 3194 tt.
1822 3182 1857 3187 —
1870 3169 1960 3194 Glossa
1981 3168 2122 3194 ordinaria

1161 3213 1202 3246 (ex
1216 3213 1297 3246 Beda)
1317 3214 1342 3238 in
1356 3214 1419 3238 Luc.
1432 3214 1462 3244 9,
1480 3214 1525 3238 18:
1539 3213 1725 3244 Exploraturus
1738 3213 1817 3238 sidem
1833 3213 2037 3244 discipulorum,
2053 3214 2124 3244 prius

1160 3258 1235 3290 vulgi
1253 3258 1407 3284 sententiam
1427 3258 1546 3290 inquirit,
1567 3264 1599 3282 ne
1618 3258 1804 3289 Apostolorum
1825 3257 1890 3283 tides
1915 3257 2017 3282 tlrmata
2038 3257 2124 3282 videa-

1160 3306 1202 3328 tur
1220 3302 1324 3333 vulgari
1343 3302 1482 3334 opinione,
1501 3302 1548 3327 sed
1567 3302 1683 3327 veritatis
1703 3302 1844 3333 agnitione.
1864 3302 1953 3327 Merito
1974 3301 2068 3328 turbae
2082 3309 2124 3326 no-

1160 3346 1304 3377 minantur,
1323 3352 1391 3379 quae
1411 3346 1529 3371 diversas
1548 3345 1581 3371 dc
1601 3346 1711 3371 Domitio
1731 3347 1816 3371 serunt
1834 3345 1988 3377 sententias,
2008 3352 2121 3377 (1110111111

1159 3397 1246 3416 sermo
1265 3393 1290 3416 et
1308 3397 1401 3416 sensus
1421 3390 1546 3416 instabilis
1571 3393 1610 3416 051
1635 3394 1659 3416 01
1683 3397 1781 3422 vagus;
1802 3397 1815 3415 11
1836 3389 1935 3422 quibus
1955 3397 2017 3415 suos
2035 3389 2122 3415 distin-

1159 3441 1244 3467 guens
1263 3434 1314 3460 ait:
1340 3434 1390 3461 Vos
1408 3436 1500 3461 autem
1519 3441 1597 3468 quem
1618 3442 1659 3460 me
1677 3442 1733 3461 esse
1752 3434 1860 3461 dim'tis?

1979 3488 2011 3511 asi
