2476 3921
747 183 943 217 COMMENT.
967 185 1005 218 IN
1029 185 1269 220 EVANGELIUM
1293 187 1411 220 LUCAE
1435 189 1467 221 C.
1493 190 1594 223 XXIV.
2100 197 2157 228 601

175 271 237 304 mel
267 271 306 304 de
337 274 427 314 petra
463 272 634 314 oleumque
664 272 703 305 de
734 281 813 305 saxo
841 272 1013 306 durissimo
1037 287 1068 306 1».
1095 293 1135 297 -

27 332 154 356 sonandum.
173 324 227 357 Hic
258 327 306 359 est
336 325 434 367 igitur
465 325 570 365 cibus,
601 325 634 358 in
666 335 730 368 quo
764 326 910 359 Christus
944 326 1137 366 delectatur,

174 378 249 421 quia
272 378 375 411 omnis
398 378 562 412 delectatio
585 381 633 412 est
649 379 681 411 in
705 387 738 412 se
761 379 839 421 ipso.
865 379 963 412 Huius
979 379 1039 413 cibi
1064 380 1137 413 reli-

173 431 265 473 quias
287 431 479 467 manducant
501 432 563 465 viri
588 432 782 474 spirituales;
806 432 845 466 de
869 433 986 475 quibus
1010 433 1137 475 Sapien-

173 484 235 518 tiae
258 484 379 518 decimo
402 487 495 518 sexto
509 485 538 518 ¹:
569 498 585 514 «
601 486 826 528 Praeparatum
849 495 961 528 panem
988 486 1027 519 de
1051 487 1137 520 caelo

172 537 355 579 praestitisti
379 538 441 570 illis
457 538 524 571 sine
548 538 655 571 labore
671 551 707 578 »3
728 539 885 572 Psalmus:
916 539 976 572 «In
994 539 1137 582 reliquiis

13 583 15 648 1
173 590 236 624 1013
260 591 463 633 praeparabis
488 591 611 625 vultum
636 601 748 625 eorum
765 605 796 624 ».

14 649 15 672 1
263 644 315 676 56.
340 643 440 687 (Vers.
473 644 551 685 ἰιίι.).
586 645 626 677 E't
657 644 743 677 dixit
766 645 814 677 ad
843 655 916 678 eos.-
944 646 1035 678 Haec
1057 650 1138 678 sunt

13 673 154 752 ispsuazithnis
172 695 274 729 verba
302 699 359 729 etc.
385 697 457 730 Post
487 697 675 739 descriptam
708 698 940 740 apparitionum
973 699 1136 740 pluralita-

0 730 154 806 [ἓὲιῗῃξὲἑέῗῖ
173 752 235 783 tem
259 749 290 782 in
319 750 547 790 testimonium,
580 754 612 783 et
635 751 886 793 probabilitatem
911 751 942 784 in
966 761 1135 794 argumen-

152 798 239 835 'tum
271 802 422 836 describit
453 803 504 837 hic
535 803 571 836 in
590 804 809 837 allibilitatem
845 804 881 837 in
937 805 991 837 clei
1036 815 1135 838 ,rma-

13 845 15 883 l
171 859 317 889 mentum
330 857 352 888 ².
378 857 430 889 Est
453 860 559 894 autem
572 803 717 891 lbrmitas
744 804 948 900 apparitionfiis
972 804 1042 900 pes
1052 859 1134 899 duo,

171 908 289 941 scilicet
312 917 368 951 per
400 909 623 942 testimonium
650 910 847 953 Scriptnrae
878 914 909 944 et
936 920 992 953 per
1025 911 1135 944 lumen

171 961 424 1004 intelliyentiae,
460 971 503 995 ex
538 963 655 1005 quibus
690 964 834 997 redditur
869 967 976 997 certus
1011 965 1135 998 animus

12 1047 13 1051 ,
170 1018 278 1048 noster
301 1015 340 1049 de
372 1015 422 1049 his
453 1025 536 1058 quae
560 1020 701 1059 spectant
728 1017 767 1050 ad
791 1021 932 1050 nostram
961 1018 1134 1060 reparatio-

11 1078 13 1116 ]
63 1075 151 1097 Divisio·
170 1077 252 1101 nem.
278 1068 313 1101 Et
337 1069 511 1102 secundum
537 1070 596 1103 hoc
616 1070 766 1103 describit
790 1071 985 1113 Evangelista
1008 1071 1134 1113 appari-

11 1147 12 1167 .
170 1121 286 1154 tionem
319 1121 434 1155 Christi
465 1122 634 1164 dupliciter
665 1123 899 1162 confirmatam,
928 1124 1046 1157 scilicet
1077 1133 1134 1166 per

10 1173 12 1219 1
170 1174 397 1209 authenticum
430 1176 652 1209 testimonium
677 1177 875 1219 scripturae
898 1180 930 1210 et
960 1186 1018 1220 per
1042 1177 1134 1221 infu-

10 1223 11 1226 ’
169 1238 246 1261 sum
271 1228 381 1262 lamen
405 1229 647 1272 intelliyentiae.

259 1282 363 1314 Primo
387 1282 484 1324 igitur
500 1285 655 1324 quantum
680 1283 718 1316 ad
739 1282 966 1316 authenticum
993 1284 1133 1317 testimo-

6 1335 15 1377 ’1
27 1341 107 1389 Prgmm,
120 1347 158 1369 rer
169 1334 266 1367 nium
290 1335 487 1378 Scripturas
509 1335 601 1368 dicit:
621 1336 661 1368 Et
676 1336 763 1369 dimit
779 1337 824 1369 ad
847 1346 917 1369 eos.-
941 1337 1031 1370 Haec
1053 1341 1134 1370 sunt

10 1370 157 1428 323¹s²t132⁰0⁸1¹133ffl
169 1387 285 1427 verba,
303 1397 389 1432 qnae
413 1388 541 1421 loeutus
556 1398 633 1421 sum
656 1390 703 1422 ad
726 1399 795 1429 vos,
812 1399 889 1422 enm
906 1389 1017 1423 adhue
1033 1400 1134 1423 essem

9 1423 144 1449 ‘bammum
170 1440 355 1480 vobiscum,
380 1450 437 1483 per
461 1442 730 1475 conversationem
751 1442 870 1475 scilicet
893 1442 1078 1475 familiarem
1102 1442 1134 1474 in

171 1502 280 1533 carne,
304 1494 478 1528 secundum
503 1495 578 1528 illud
604 1495 727 1528 Baruch
752 1495 888 1528 tertiossz
918 1508 934 1524 (ι
955 1495 1027 1528 Post
1058 1496 1135 1527 haec

170 1547 320 1581 10101113
351 1548 438 1581 visus
473 1551 520 1581 est
551 1551 582 1581 et
613 1557 686 1581 cum
718 1548 899 1581 hominibus
930 1552 1136 1581 conversatus

170 1604 264 1634 est».
294 1601 373 1641 Haec
396 1604 502 1634 autem
534 1601 693 1643 praedixit
727 1601 765 1633 ad
802 1601 874 1634 fidei
909 1601 1134 1640 assertionem;

171 1654 292 1687 Ioannis
310 1648 436 1687 >decimo
453 1658 585 1697 quarto:
615 1668 631 1684 «
648 1655 684 1687 Et
707 1663 792 1688 nunc
808 1654 875 1687 dixi
900 1654 1006 1694 vobis,
1030 1654 1136 1696 prius-

170 1716 266 1749 quam
289 1708 361 1747 fiat,
386 1711 436 1747 ut,
461 1717 534 1741 cum
558 1708 676 1741 factum
700 1708 814 1747 fuerit,
846 1708 981 1741 credatis
1000 1721 1030 1739 n.
1055 1708 1135 1740 Haec

170 1761 268 1803 igitur
292 1761 389 1794 verba
413 1761 479 1803 ipse
495 1755 654 1803 praedixit
677 1764 828 1803 tanquam
846 1770 942 1794 verus
964 1761 1134 1803 Propheta,

170 1823 228 1847 nec
252 1814 364 1847 solus4
386 1814 562 1857 praedixit,
587 1823 698 1847 verum
724 1814 818 1847 etiam
841 1814 1019 1856 praedixit,
1047 1813 1133 1856 quod

170 1867 230 1900 hoc
253 1867 449 1909 praediceret
473 1870 538 1900 tota
558 1867 730 1909 Scriptura.

7 1919 8 1967 1
262 1922 313 1953 57.
340 1920 375 1953 Et
398 1920 467 1953 ideo
491 1920 614 1953 subdit:
642 1920 809 1962 Quoniam
832 1929 959 1953 neeesse
982 1925 1045 1960 est,
1073 1920 1134 1952 im-

7 1970 143 2029 }tT-Vt-‚test
166 1973 255 2016 pleri
276 1973 405 2012 omnia,
430 1983 516 2017 quae
538 1973 667 2016 scripta
694 1977 775 2006 sunt
805 1973 841 2006 in
866 1974 945 2016 Leye
969 1973 1076 2016 Moysi
1106 1977 1135 2005 et

7 2017 14 2041 Γ
29 2013 155 2034 'smmum'
170 2025 345 2070 Prophetis
376 2031 404 2059 et
429 2027 577 2060 Psalmis
608 2028 646 2060 de
676 2037 737 2060 me.
762 2027 795 2060 ln
819 2027 869 2060 his
893 2029 998 2060 autem
1032 2027 1135 2060 tribus

170 2080 410 2122 comprehendit
445 2080 591 2113 Christus
626 2083 727 2113 totum
762 2083 854 2113 vetus
889 2082 1134 2120 testamentum,

170 2133 255 2176 quod
279 2136 326 2166 est
342 2133 433 2176 quasi
458 2133 654 2176 tripartitum
671 2133 710 2166 ad
729 2133 924 2175 firmitatem
941 2133 1134 2172 testimonii,

170 2186 246 2229 quia
274 2199 290 2215 «
310 2186 341 2219 in
365 2195 420 2220 ore
443 2186 581 2220 duorum
606 2187 655 2219 vel
679 2186 776 2219 trium
802 2186 928 2219 testium
954 2189 1015 2219 stat
1041 2195 1135 2219 omne

170 2239 304 2273 verbum
321 2253 357 2279 ι»,
382 2240 555 2273 3000011001
576 2240 661 2283 quod
685 2240 801 2273 dicitur
825 2240 1059 2272 Deuteronomii
1081 2240 1134 2272 de-

170 2293 251 2326 cimo
278 2293 408 2332 nono⁵;
433 2296 465 2326 et
496 2293 527 2326 in
559 2293 893 2335 repraesentationem
926 2292 1134 2325 beatissimae

178 2346 363 2379 Trinitatis.
381 2346 456 2379 Nam
470 2346 536 2379 Lex
552 2349 682 2388 propter
698 2346 917 2379 auctoritatem
934 2346 1061 2379 iubendi
1079 2355 1134 2387 ap-

170 2399 354 2441 propriatur
378 2398 479 2438 Patri3
504 2397 687 2441 Prophetict
710 2401 839 2441 propter
864 2398 1133 2440 perspicacitatem

5 2460 7 2499 3
172 2452 378 2495 intelligendi,
395 2452 471 2485 Filio
478 2465 486 2492 ;
507 2452 636 2485 Psalmi
650 2456 781 2495 propter
805 2452 991 2485 suavitatem
1008 2452 1133 2490 orandi,

1 2511 160 2564 -iresgimtfnium
174 2505 302 2547 Spiritui
328 2508 444 2538 sancto.
469 2504 581 2537 Omnia
603 2508 710 2538 autem
727 2505 941 2538 testimonium
966 2505 1134 2546 perhibent

5 2574 7 2615 i
35 2543 79 2560 ²¹⁰⁸
96 2545 137 2561 m
172 2558 296 2591 Christo
321 2562 469 2601 tanquam
498 2558 761 2591 excellentissimo
785 2558 985 2600 imperatori,
1013 2558 1132 2590 doctori

172 2614 204 2644 et
227 2611 376 2653 pontifici.
402 2611 438 2643 Et
461 2610 531 2643 ideo
552 2611 657 2643 omnia
680 2611 712 2643 in
737 2611 804 2653 ipso
821 2611 948 2653 impleta
972 2614 1060 2650 sunt,
1085 2619 1132 2643 se-

171 2665 310 2698 cundum
341 2664 419 2697 illud
450 2664 595 2697 Matthaei
628 2664 788 2707 quinto⁶:
818 2677 833 2693 «
859 2664 923 2697 lota
953 2673 1054 2697 unum
1078 2667 1134 2697 aut

170 2727 256 2751 unus
289 2726 372 2760 apex
395 2726 459 2750 non
494 2717 678 2759 praeteribit
711 2727 730 2749 a
764 2718 861 2759 Lege,
896 2717 995 2750 donec
1029 2717 1134 2750 omnia

171 2770 248 2803 fiant
263 2783 294 2802 ».
320 2770 400 2812 Quia
430 2779 506 2812 ergo
530 2770 561 2802 in
594 2770 673 2812 Lege
696 2770 801 2803 omnia
824 2770 920 2810 haec,
945 2779 1026 2812 quae
1050 2770 1134 2803 circa

5 2790 7 2808 l

5 2810 7 2869 1
172 2823 332 2856 Christum
363 2823 545 2856 acciderunt
576 2822 614 2856 de
645 2823 788 2865 passione
822 2826 853 2856 et
881 2823 1132 2862 resurrectione,

5 2938 7 2995 ἐ
245 2956 253 2970 ¹
274 2957 349 2982 Vers.
369 2957 416 2982 20:
437 2956 570 2983 Paratum
586 2963 687 2990 panem
706 2960 764 2988 etc„
784 2960 809 2983 et
828 2958 923 2984 deinde
943 2959 983 2985 Ps.
1004 2959 1052 2990 20,
1074 2959 1116 2984 13.

6 2998 7 3020 l
246 2999 256 3014 ²
275 3000 327 3026 Cfr.
346 3007 426 3032 supra
446 3008 472 3026 n.
492 3000 534 3026 42.

244 3042 255 3058 ³
274 3044 350 3070 Vers.
369 3045 412 3070 38.
424 3059 460 3063 —
479 3045 602 3078 Sequitur
621 3045 690 3071 loan.
711 3045 758 3077 14,
778 3047 822 3072 29.

244 3088 256 3103 ⁴¹
275 3088 358 3115 Codd.
378 3089 428 3114 BG
447 3096 495 3116 'nec
513 3089 611 3116 solum.
641 3089 758 3116 Subinde
786 3098 835 3123 pro
864 3091 936 3126 quod
954 3091 1004 3118 hoc
1023 3091 1042 3118 C
1062 3090 1134 3125 quod

174 3132 248 3159 haec.
267 3133 293 3158 111
311 3133 333 3158 D
352 3133 469 3159 secunda
489 3140 583 3159 manus
603 3135 669 3160 hane
688 3135 826 3161 lectionem
840 3136 936 3162 clarius
950 3136 1074 3162 formavit
1087 3142 1134 3162 nec

173 3177 249 3204 solus
265 3177 417 3211 praedia-it,
437 3177 484 3204 sed
502 3179 558 3205 tota
577 3178 731 3213 Scriptura.

245 3220 256 3236 ⁶
274 3222 350 3247 Vers.
371 3222 417 3253 ⁴53
437 3223 484 3248 cfr.
503 3223 590 3249 Matth.
614 3224 659 3256 l8,
680 3224 722 3249 16.

245 3264 257 3280 ⁶
275 3266 350 3291 Vers.
371 3266 414 3292 18.

246 3308 256 3324 ⁷
275 3310 378 3336 Scilicet
396 3309 538 3337 ordinaria
556 3311 582 3337 in
601 3312 663 3337 Luc.
683 3311 736 3345 24,
757 3312 799 3338 43.
819 3312 861 3346 (ex
874 3312 954 3346 Beda,
970 3312 1012 3338 Vl.
1026 3312 1052 3338 in
1072 3313 1133 3338 Luc.

175 3354 222 3388 24,
243 3354 306 3388 st).

281 3407 311 3434 S.
329 3407 435 3435 Βοηαυ.
446 3422 482 3428 -
496 3408 575 3434 Tom.
593 3409 647 3435 Vll.

1203 275 1443 317 praedicuntur;
1476 281 1618 318 constat,
1643 280 1726 321 quod
1759 281 1834 313 illud
1863 285 1909 314 est
1942 282 2162 325 irrefragabili-

1202 331 1250 361 ter
1274 338 1386 362 verum
1410 333 1441 363 et
1464 335 1601 371 certum,
1625 336 1773 375 tanquam
1798 343 1854 376 per
1880 336 2089 369 testimonium
2109 338 2163 369 fir—

1201 390 1288 414 mum
1314 385 1345 415 et
1368 383 1586 417 authenticum
1619 387 1868 427 comprobatum.
1895 388 1979 422 Unde
2003 389 2110 422 Glossa
2127 391 2160 423 ⁷:

1206 448 1222 463 «
1239 434 1354 468 Omnes
1378 437 1524 479 ambages
1548 439 1665 478 aufert,
1683 440 1769 473 visus
1785 445 1846 480 est,
1865 445 1966 475 tactus
1989 446 2050 482 est,
2076 453 2162 477 man-

1201 487 1344 528 ducavit,
1369 493 1399 522 et
1423 499 1462 523 ne
1486 490 1516 523 in
1540 491 1646 533 aliquo
1670 501 1780 526 300303
1805 494 1958 528 humanos
1987 496 2161 530 ludificasse

1201 540 1378 581 videretur,
1402 543 1497 576 mittit
1522 553 1633 577 manus
1657 545 1693 577 ad
1719 546 1911 588 Scripturas,
1938 551 1989 587 ut,
2015 550 2070 581 etsi
2097 559 2160 582 ma-

1200 594 1276 636 gicis
1299 595 1421 628 artibus
1446 596 1590 629 videatur
1611 598 1748 639 potuisse
1773 600 1854 641 quod
1874 601 1988 639 voluit,
2010 602 2090 634 sicut
2115 603 2160 634 di-

1200 650 1276 680 cunt
1295 649 1424 690 pagani,
1449 650 1558 682 saltem
1576 659 1648 683 eum
1674 651 1797 684 videant
1814 654 2003 695 prophetare
2028 664 2088 687 non
2107 665 2160 697 po-

1200 700 1313 740 tuisse,
1330 704 1498 744 antequam
1516 707 1608 736 natus
1625 703 1720 737 fuerit
1732 718 1761 737 12.
1777 724 1819 729 —-
1831 706 1975 739 Christus
1993 708 2087 749 igitur
2105 709 2159 741 im·
2183 717 2310 738 Notandum.

1200 754 1313 796 plendo
1336 755 1420 797 quod
1438 756 1618 798 scripturae
1639 757 1761 796 dicunt,
1779 759 1936 800 probavit,
1959 760 2040 801 ipsas
2065 761 2159 794 fuisse

1200 815 1305 846 veras,
1330 811 1361 840 et
1392 808 1600 848 ostendendo,
1625 819 1706 851 quae
1737 810 1820 843 circa
1848 811 1949 852 ipsum
1969 812 2047 844 sacta
2071 817 2160 846 erant

1200 860 1230 892 in
1256 861 1428 903 Scripturis
1460 871 1528 894 esse
1552 863 1725 904 praedicta,
1758 865 1872 896 astruit
1903 865 2160 908 irrefragabiliter

1199 922 1267 946 esse
1291 922 1367 946 vera
1389 917 1485 956 atque
1505 915 1668 948 credenda.

1289 968 1341 999 58.
1367 967 1469 1008 (Vers.
1494 968 1572 1009 Aa).
1597 969 1739 1002 Secundo
1763 973 1916 1011 quantum
1946 971 1984 1003 ad
2005 971 2156 1014 infusum
2171 982 2323 1009 secundam

1198 1020 1309 1053 lumen
1331 1020 1562 1063 intelliyentiae
1579 1022 1700 1054 subdit:
1734 1023 1824 1055 Tunc
1849 1025 1982 1065 aperuit
2003 1025 2067 1057 illis
2090 1035 2158 1058 sen·
2182 1009 2324 1065 Ῐιῖῒιῗῗηῖῗῖιῖἶ

1198 1082 1292 1112 sum,
1325 1077 1363 1105 ut
1396 1073 1609 1116 intelliyerent
1641 1075 1836 1117 Scripturas
1848 1088 1859 1114 ;
1895 1077 1977 1118 ipse,
2011 1077 2155 1120 inquam,
2182 1065 2273 1087 “ww

1199 1126 1351 1169 apernit,
1376 1127 1451 1168 quia
1482 1128 1568 1160 30103
1594 1128 1687 1161 habet
1714 1129 1851 1168 clavem,
1876 1130 2047 1162 secundum
2081 1131 2155 1164 illud

1199 1180 1293 1213 Isaiae
1317 1180 1468 1222 vigesimo
1499 1181 1680 1213 secundoss:
1710 1182 1824 1215 «Dabo
1848 1183 1966 1216 clavem
1991 1184 2102 1223 David,
2127 1189 2158 1217 01

1198 1232 1336 1273 aperiet,
1361 1235 1392 1265 et
1415 1242 1477 1265 non
1502 1233 1562 1265 erit
1585 1234 1639 1275 qui
1664 1235 1804 1273 claudat;
1830 1238 1861 1268 et
1877 1236 2017 1275 claudet,
2042 1241 2072 1269 et
2096 1247 2155 1269 non

1199 1285 1260 1317 erit
1276 1285 1330 1327 qui
1358 1286 1520 1327 aperiat».
1545 1286 1579 1318 Et
1596 1286 1664 1319 ideo
1681 1287 1835 1329 Propheta
1852 1289 1928 1330 petit
1953 1289 1983 1321 in
2002 1290 2155 1322 Psalnio⁹z

1205 1351 1220 1366 <t
1245 1338 1358 1370 Revela
1381 1339 1489 1371 000103
1513 1348 1616 1378 meos,
1641 1343 1671 1372 et
1699 1341 1903 1373 considerabo
1932 1342 2086 1374 mirabilia
2120 1342 2158 1375 de

1199 1391 1267 1432 lege
1283 1394 1338 1423 tua
1353 1403 1384 1430 »;
1402 1392 1477 1433 quia
1488 1417 1495 1430 ,
1512 1392 1647 1425 Danielis
1664 1393 1818 1432 secundO,
1842 1407 1856 1422 «
1871 1394 1935 1436 ipse
1953 1396 2071 1427 revelat
2087 1405 2158 1437 pro-

1200 1444 1297 1477 funda
1320 1448 1352 1477 et
1375 1445 1462 1477 novit
1486 1445 1673 1478 intenebris
1697 1447 1879 1486 constituta,
1905 1451 1935 1480 et
1952 1448 2009 1480 lux
2034 1457 2105 1481 cum
2123 1458 2159 1481 00

1199 1500 1292 1530 est».
1311 1516 1355 1520 -
1371 1498 1450 1529 Haec
1466 1501 1572 1530 autem
1591 1498 1746 1539 profunda
1769 1500 1918 1541 mysteria
1942 1501 1973 1533 in
1998 1501 2159 1543 Scriptura
2181 1510 2308 1532 Notandum.

1199 1550 1308 1583 nullus
1331 1550 1476 1592 intelligit
1499 1551 1556 1583 nisi
1582 1560 1638 1593 per
1662 1552 1822 1585 Christum
1847 1554 2036 1586 crucifixum
2062 1558 2091 1587 et
2108 1564 2160 1587 su-

1200 1603 1346 1636 scitatum
1371 1607 1402 1636 et
1425 1604 1572 1646 gentibus
1596 1614 1652 1646 per
1676 1605 1828 1647 Spiritum
1850 1610 1994 1639 sanctum
2018 1607 2159 1650 diffulge—

1200 1660 1283 1696 tum,
1308 1657 1383 1698 quia
1398 1657 1437 1690 de
1461 1657 1528 1699 ipso
1545 1662 1619 1690 sunt
1643 1658 1824 1700 Scripturae
1840 1662 1871 1691 et
1896 1663 2023 1701 propter
2041 1660 2158 1702 ipsum;

1199 1713 1230 1743 et
1253 1710 1322 1742 ideo
1345 1710 1385 1743 ab
1409 1719 1446 1743 eo
1469 1711 1678 1753 explicantur.
1708 1711 1794 1744 Unde
1818 1712 1848 1744 in
1873 1713 2053 1755 Apocalypsi
2083 1713 2158 1746 dici-

1199 1766 1267 1802 tur,
1292 1763 1376 1805 quod
1403 1764 1462 1796 Leo
1486 1764 1705 1796 resuscitatus
1728 1767 1759 1797 et
1784 1766 1902 1807 Aynus
1926 1766 2054 1798 occisus
2086 1775 2159 1808 ape-

1198 1817 1264 1850 ruit
1280 1817 1412 1856 librum;
1430 1817 1627 1859 Apocalypsis
1643 1817 1753 1859 quinto
1768 1818 1807 1849 ¹⁰:
1831 1830 1845 1847 «
1859 1818 1937 1850 Vicit
1951 1819 2010 1850 Leo
2022 1819 2158 1852 detribu

1200 1870 1288 1909 Iuda,
1306 1870 1360 1912 qui
1373 1870 1487 1912 dignus
1503 1873 1549 1903 est
1570 1870 1693 1912 aperire
1710 1870 1826 1903 librum
1850 1874 1880 1903 et
1902 1871 2022 1904 solvere
2039 1875 2156 1913 septem

1199 1924 1359 1966 signacula
1386 1923 1463 1956 eius.
1494 1923 1529 1955 Et
1556 1923 1617 1955 vidi
1636 1924 1666 1955 in
1694 1923 1795 1956 medio
1820 1927 1956 1965 quatuor
1977 1924 2157 1957 animalium

1199 1980 1229 2010 et
1246 1977 1278 2009 in
1296 1976 1398 2010 medio
1426 1976 1584 2009 seniorum
1609 1977 1727 2018 Agnum
1754 1979 1887 2009 stantem
1912 1980 2059 2018 tanquam
2077 1977 2157 2010 occi-

1200 2039 1270 2063 sum
1286 2044 1317 2062 ».
1348 2043 1364 2058 ιτ
1382 2030 1504 2062 Etcum
1529 2030 1704 2071 aperuisset
1727 2029 1861 2068 librum,
1887 2033 2023 2071 quatuor
2039 2030 2156 2062 anima-

1200 2082 1240 2115 lia
1256 2086 1287 2115 et
1303 2082 1411 2125 viginti
1429 2085 1565 2124 quatuor
1583 2082 1721 2115 seniores
1737 2082 1916 2115 ceciderunt
1934 2091 2038 2115 coram
2055 2084 2155 2124 Agno,

1199 2138 1231 2168 et
1255 2135 1421 2168 cantabant
1444 2135 1600 2167 canticum
1625 2144 1756 2174 novum,
1781 2135 1932 2167 dicentes:
1958 2135 2076 2177 Dignus
2107 2144 2154 2173 es,

1200 2188 1345 2226 Domine,
1369 2188 1493 2229 aperire
1517 2188 1633 2220 librum
1658 2191 1689 2220 et
1712 2188 1833 2220 solvere
1857 2188 2016 2229 signacula
2033 2188 2100 2220 eius
2124 2202 2154 2219 n.

1200 2242 1236 2273 Et
1268 2241 1312 2273 310
1336 2244 1436 2282 patet,
1453 2240 1537 2282 quod
1562 2241 1627 2282 ipse
1651 2241 1781 2282 exponit
1804 2241 1977 2273 doctrinam
2002 2241 2156 2273 librorum

1199 2293 1315 2325 veteris
1339 2296 1370 2325 et
1393 2293 1464 2324 novi
1490 2293 1682 2331 testamenti,
1715 2292 1745 2325 id
1768 2296 1816 2325 est
1847 2293 2005 2325 seniorum
2030 2296 2060 2325 et
2091 2293 2157 2324 ani-

1199 2346 1329 2379 malium
1354 2347 1562 2379 oculatorum.

1289 2400 1341 2432 59.
1359 2400 1459 2441 (Vers.
1473 2400 1526 2431 46.
1541 2400 1617 2440 47).
1637 2399 1714 2432 Haec
1731 2402 1835 2432 autem
1852 2399 2000 2440 mysteria
2017 2399 2157 2441 Scriptu-
2178 2408 2243 2430 Docet
2258 2409 2314 2430 scri-

1199 2461 1309 2485 rarum
1333 2452 1548 2494 principaliter
1573 2452 1755 2484 referuntur
1770 2453 1792 2470 ¹¹
1819 2452 1857 2484 acl
1874 2452 2032 2484 Christum
2058 2461 2155 2493 quan·
2173 2436 2312 2484 ciffssssfssa.

2187 2489 2214 2509 ite
2230 2491 2251 2509 01
2268 2494 2312 2509 cor-

1199 2508 1266 2538 tum
1291 2505 1330 2538 ad
1354 2509 1454 2547 eaput
1477 2508 1508 2537 et
1532 2508 1685 2547 quantum
1711 2504 1748 2537 ad
1773 2514 1904 2547 corpus.
1931 2505 2087 2546 Quantum
2117 2505 2155 2537 ad
2172 2494 2183 2514 p
2211 2520 2270 2541 pore.

1198 2561 1301 2600 eaput
1323 2558 1444 2590 subdit:
1473 2559 1511 2590 Et
1530 2557 1615 2589 ‹tz’aez't
1638 2557 1699 2589 eis:
1723 2557 1888 2597 Quoniam
1916 2557 1964 2589 sic
1995 2557 2153 2598 scriplum

1198 2615 1263 2648 est,
1287 2616 1315 2643 et
1338 2611 1387 2643 sic·
1411 2610 1578 2652 oportebat
1603 2609 1772 2642 Christum
1792 2610 1868 2652 pati
1889 2614 1919 2642 et
1942 2619 2114 2651 reszcryere
2134 2619 2153 2640 11

1198 2664 1340 2696 mortuis
1365 2664 1462 2696 tertia
1486 2664 1555 2702 Δία
1571 2664 1630 2696 1100
1650 2663 1902 2705 frequentissime
1919 2663 2036 2695 dictum
2062 2666 2108 2695 est
2126 2662 2155 2693 in

1198 2717 1387 2759 Scripturis,
1411 2720 1442 2750 et
1467 2716 1604 2749 maxime
1627 2716 1659 2748 in
1683 2716 1763 2758 Leye
1780 2724 1835 2757 per
1859 2716 1991 2757 figuras,
2017 2715 2047 2746 in
2072 2715 2156 2746 Pro-

1195 2768 1302 2812 plzen's
1318 2779 1374 2812 per
1398 2770 1494 2802 verba
1510 2772 1541 2801 et
1565 2769 1595 2801 in
1613 2768 1760 2801 Psalmis
1780 2768 2064 2810 quamplurimum,
2082 2767 2153 2809 quia

1198 2826 1273 2855 sunt
1296 2822 1334 2855 de
1358 2822 1590 2855 resurrectione
1613 2825 1643 2854 et
1667 2821 1809 2863 passione
1823 2821 1859 2852 ¹³.
1879 2839 1919 2844 —
1937 2820 2094 2861 Quantum
2118 2819 2155 2851 ad

1270 2957 1281 2972 ⁸
1301 2958 1376 2984 vers.
1395 2958 1442 2982 22:
1462 2957 1490 2981 Et
1509 2954 1578 2980 daho
1604 2955 1716 2980 clm-einr
1732 2955 1827 2980 domus
1856 2954 1939 2978 David
1968 2960 2047 2984 super
2068 2954 2155 2977 hume-

1198 3009 1258 3028 rum
1271 3002 1341 3033 eius,
1354 3004 1379 3026 et
1398 3000 1497 3032 aperiet
1515 3002 1562 3025 010.
1582 2998 1664 3025 Codd.
1686 3000 1705 3023 A
1717 2998 1735 3024 C
1747 2999 1798 3023 ΠΗ
1818 2997 1930 3023 subinde
1950 2997 2038 3027 legunt
2059 2997 2083 3021 et
2096 3002 2154 3028 npe-

1198 3046 1262 3079 rz'et,
1285 3048 1310 3072 et
1326 3052 1404 3071 nemo
1424 3043 1544 3076 claudet‚·
1563 3042 1682 3074 claudet,
1703 3044 1728 3068 et
1746 3048 1822 3067 nemo
1842 3040 1951 3074 aperiet.

1269 3090 1281 3104 ⁹
1299 3091 1391 3116 Psalm.
1413 3089 1476 3120 118,
1498 3088 1543 3119 Ὶ18,
1565 3087 1607 3112 cui
1626 3086 1788 3112 subnectitur
1808 3086 1870 3110 Dan.
1891 3086 1921 3115 2,
1942 3085 1984 3109 22.

1271 3133 1294 3148 '⁰
1313 3135 1388 3160 Vers.
1408 3134 1433 3159 5.
1452 3140 1508 3165 seq.
1527 3135 1552 3157 et
1572 3132 1596 3156 8.
1616 3138 1670 3163 seq.

1270 3178 1290 3192 ¹¹
1311 3178 1394 3203 Codd.
1414 3177 1433 3203 C
1446 3177 1495 3202 DH
1515 3176 1615 3202 addunt
1630 3175 1729 3208 primo.

1270 3221 1291 3236 ¹⁹
1311 3222 1361 3248 Cfr.
1381 3228 1461 3253 supra
1481 3228 1506 3246 n.
1526 3220 1568 3245 34.
1588 3223 1613 3245 et
1625 3226 1647 3244 c.
1665 3219 1704 3243 18.
1719 3226 1742 3243 n.
1759 3218 1845 3243 5-5-55.
1858 3231 1892 3236 —
1906 3217 1994 3242 Glossa
2014 3215 2153 3242 ordinaria

1199 3267 1241 3300 <ex
1260 3266 1340 3298 Beda)
1362 3266 1387 3291 in
1407 3267 1468 3291 Luc.
1488 3264 1535 3295 24,
1556 3264 1600 3289 45:
1620 3264 1679 3288 Post
1699 3263 1738 3288 sui
1758 3261 1879 3296 [Christi]
1893 3261 2011 3293 corporis
2024 3267 2155 3285 0001111011-

1198 3312 1285 3337 datam
1304 3310 1441 3336 veritatem
1461 3308 1630 3335 commendat
1649 3307 1776 3333 Ecclesiae
1796 3306 1934 3332 unitatem:
1955 3305 1990 3331 Et
2001 3303 2157 3338 praedicuri

1198 3355 1226 3381 in
1245 3354 1353 3381 nomine
1371 3353 1436 3380 eius.

2013 3402 2046 3427 76
