2476 3921
173 585 302 608 Notandum.

175 849 303 870 Notandum.

175 2062 264 2089 Quando
279 2065 316 2084 se-'

178 2095 227 2110 men
244 2090 303 2110 verbi

176 2118 234 2137 recte
243 2117 310 2137 susci-

203 2142 280 2169 piatur.

325 280 385 311 198

324 366 406 408 quod
421 366 518 407 magis
530 365 710 406 acceptabat
721 364 947 406 discipulorum
964 363 1171 396 eruditionem
1184 371 1279 404 quam

323 422 488 460 parentum
512 418 719 456 affectionem,
744 421 775 449 et
799 416 882 459 quod
910 416 1007 458 magis
1031 416 1210 457 acceptabat
1233 415 1279 447 di-

323 471 458 513 scipulos
482 480 575 512 quam
601 470 811 512 propinquos,
836 472 867 502 et
889 469 973 511 quod
998 469 1095 510 magis
1115 471 1254 509 acceptat
1269 468 1279 486 ¹

322 525 466 557 affectum
490 524 654 556 doctorum
678 523 716 555 ad
739 523 908 564 discipulos
932 531 1026 564 quam
1051 524 1216 563 parentum
1241 520 1280 552 ad

323 577 411 609 filios.
441 595 483 599 -—
512 577 547 608 Et
571 580 659 615 nota,
684 576 769 618 quod
793 579 921 617 propter
946 578 1109 616 parentum
1134 574 1280 606 affectum

323 634 354 663 et
376 630 577 671 indigentiam
600 633 631 661 et
655 629 890 671 requisitionem
909 637 968 659 non
986 627 1077 659 debet
1101 627 1209 659 doctor
1233 626 1280 658 in-

324 683 497 715 termittere
521 682 728 714 eruditionem
752 682 929 719 doctrinae;
954 681 984 712 in
1008 689 1072 722 quo
1088 680 1186 721 magis
1202 679 1281 711 invi-

325 739 369 768 tat
391 736 486 774 facto,
511 744 605 777 quam
631 744 728 776 supra
752 734 929 770 invitaverit
953 734 1058 766 verbo.

414 788 465 821 32.
492 788 527 820 Et
550 791 637 826 nota,
669 787 752 829 quod
776 787 935 819 auditores
966 790 1056 818 vocat
1079 789 1220 823 matres,
1249 785 1280 816 in

325 845 478 883 quantum
503 850 558 882 per
581 840 804 873 documentum
820 840 896 871 alios
912 842 1079 880 generant,
1104 838 1279 870 secundum

326 894 402 926 illud
426 894 464 926 ad
480 894 602 925 Galatas
625 896 738 935 quarto
752 892 782 924 2:
805 906 820 921 «
836 893 951 930 Filioli,
976 901 1056 933 quos
1080 892 1195 924 iterum
1215 900 1282 932 par-

325 948 424 985 turio,
448 947 545 979 donec
569 946 722 978 formetur
746 946 890 977 Christus
914 945 943 976 in
968 945 1056 977 vobis
1072 958 1103 975 ».
1129 963 1171 967 —
1196 945 1281 976 Fra-

326 1004 391 1032 tres
415 999 573 1037 vocat,<in
605 1002 758 1040 quantum
783 1007 839 1039 per
867 997 999 1030 verbum
1029 1000 1220 1038 generantur
1252 1000 1283 1028 et

325 1052 379 1083 filii
404 1052 457 1084 Dei
484 1052 578 1089 fiunt,
596 1051 767 1083 secundum
793 1050 868 1082 illud
887 1050 1010 1082 Psalmi:
1040 1062 1054 1077 «
1073 1049 1211 1081 Narrabo
1227 1059 1282 1081 no-

326 1113 395 1137 men
420 1108 509 1136 tuum
527 1105 678 1136 fratribus
703 1104 780 1137 meis
794 1116 827 1142 n;
845 1107 876 1135 et
896 1103 934 1135 ad
951 1103 1104 1136 Hebraeos
1128 1102 1281 1135 secundo:

330 1170 345 1185 «
362 1158 428 1189 Non
461 1157 663 1189 confunditur
688 1166 740 1189 eos
774 1165 885 1189 vocare
916 1156 1030 1188 fratres
1054 1170 1083 1187 n.
1108 1156 1166 1197 Qui
1199 1156 1281 1188 enim

325 1210 456 1242 verbum
478 1210 532 1242 Dei
552 1211 741 1252 suscipiunt,
758 1210 801 1242 illi
818 1211 1002 1242 inseruntur
1020 1213 1169 1251 tanquam
1187 1208 1283 1250 stipiti

326 1262 470 1300 radicali;
493 1266 523 1294 et
547 1271 603 1304 per
634 1271 828 1304 consequens
861 1262 1003 1303 rigantur
1036 1270 1091 1302 per
1116 1261 1282 1292 humorem

326 1315 460 1356 Spiritus
484 1315 596 1353 sancti,
621 1319 651 1347 et
676 1315 744 1347 ideo
769 1315 951 1347 efficiuntur
976 1314 1030 1346 filii
1055 1314 1108 1346 Dei
1136 1313 1215 1352 viVi,
1240 1322 1284 1346 se-

326 1368 464 1400 cundum
489 1368 564 1400 illud
589 1368 626 1400 ad
651 1368 773 1400 Galatas
796 1368 953 1410 quart032
984 1381 999 1396 «
1023 1367 1176 1408 Quoniam
1210 1366 1284 1399 estis

326 1420 397 1459 filii,
425 1421 507 1453 misit
531 1421 785 1462 Deus.Spiritum
818 1421 883 1453 Filii
908 1421 954 1453 sui
980 1421 1012 1456 in
1044 1420 1138 1453 corda
1162 1424 1284 1459 vestra,

326 1474 508 1506 clamantem
526 1488 541 1503 »
570 1478 627 1507 etc.
654 1474 689 1506 Et
713 1474 798 1513 ideo,
823 1478 977 1516 quantum
1002 1477 1126 1515 praeest
1154 1473 1285 1515 spiritus

327 1528 430 1565 carni,
455 1531 485 1560 et
508 1528 608 1569 gratia
631 1531 777 1566 naturae,
802 1532 832 1560 et
855 1527 961 1559 divina
985 1527 1145 1565 humanm,
1175 1530 1206 1559 et
1233 1535 1284 1558 ae-

327 1584 416 1613 terna
439 1581 579 1619 caducis,
605 1584 727 1613 tantum
753 1581 930 1622 praefertur
954 1580 1113 1621 generatio
1138 1580 1285 1621 spiritua-

328 1633 382 1671 lis,
406 1642 487 1675 quae
503 1637 550 1665 est
570 1642 625 1674 per
642 1633 775 1665 verbum
799 1633 880 1665 vitae
892 1633 916 1670 4,
934 1632 1125 1673 generationi
1150 1631 1284 1670 carnali3

327 1689 359 1718 et
381 1686 547 1721 ideohuic
571 1686 775 1727 praeferenda
798 1689 854 1718 est.
880 1685 955 1717 Nam
980 1688 1108 1726 propter
1133 1684 1217 1716 illam
1234 1692 1287 1715 ve-

330 1748 385 1771 rus
409 1739 602 1780 praedicator
628 1739 698 1779 plus
721 1738 857 1770 afficitur
877 1738 915 1770 ad
940 1738 1020 1770 tilios
1043 1740 1206 1779 generatos
1230 1746 1286 1778 per

329 1791 589 1833 praedicationem
614 1800 707 1833 quam
726 1791 764 1823 ad
790 1794 935 1832 parentes
951 1790 1101 1822 carnales.
1127 1790 1215 1831 Quod
1233 1799 1286 1831 pa-

329 1847 390 1882 tet,
426 1844 500 1886 quia
522 1844 655 1885 Apostoli
693 1853 751 1886 pro
774 1844 819 1876 eis
850 1843 1073 1876 confirmandis
1107 1843 1288 1875 effuderunt

329 1897 511 1938 sanguinem
542 1897 724 1939 proprium,
749 1897 831 1929 sicut
862 1897 953 1929 etiam
978 1896 1122 1929 Christus
1153 1896 1285 1934 fecerat,

329 1950 382 1992 qui
407 1954 453 1983 est
477 1950 624 1992 magister
648 1950 883 1992 magistrorum.

418 2003 470 2036 33.
497 2003 531 2035 Et
554 2004 701 2045 quoniam
733 2003 775 2035 illi
800 2003 855 2036 soli
881 2012 986 2036 semen
1016 2003 1101 2036 verbi
1128 2008 1213 2036 recte
1237 2012 1287 2036 su-

329 2056 481 2098 scipiunt,
506 2057 559 2098 qui
583 2056 690 2089 audita
713 2061 951 2098 exsequuntur;
976 2056 1045 2089 ideo
1076 2060 1161 2089 recte
1183 2056 1284 2089 addit:

330 2110 396 2151 Qui
411 2109 546 2142 verbum
563 2110 623 2142 Dei
637 2110 783 2142 audiunt
798 2114 828 2141 et
850 2108 999 2152 faciunt;
1016 2109 1104 2151 quia,
1121 2109 1159 2141 ad
1177 2110 1287 2141 Roma-

327 2172 384 2195 nos
408 2163 545 2196 secundo
557 2162 581 2201 ⁶,
603 2176 619 2191 «
635 2172 696 2195 non
721 2163 880 2195 auditores
904 2163 991 2205 Legis
1014 2162 1087 2194 iusti
1113 2166 1187 2195 sunt
1202 2162 1283 2204 apud

328 2216 444 2254 Deum,
469 2215 522 2251 sed
545 2215 678 2248 factores
698 2215 954 2248 iustificabuntur
979 2215 1062 2257 apud
1086 2215 1185 2248 Deum
1203 2227 1237 2254 »;
1255 2218 1286 2247 et

327 2268 426 2301 Iacobi
451 2268 569 2310 primo:
600 2281 616 2297 «
632 2268 735 2301 Estote
759 2268 892 2302 factores
916 2268 1002 2301 verbi
1029 2271 1060 2301 et
1079 2278 1140 2301 non
1164 2268 1286 2300 audito—

327 2330 378 2354 res
401 2325 538 2360 tantum,
555 2321 696 2354 fatientes
720 2322 923 2363 vosmetipsos
936 2335 965 2354 ».
984 2322 1073 2354 Tales
1096 2321 1179 2354 enim
1195 2330 1286 2363 prae-

326 2375 388 2408 fert
411 2375 554 2414 Christus
578 2375 729 2417 parentali
761 2375 935 2417 cognationi
961 2384 1051 2414 suae,
1082 2375 1164 2407 infra
1187 2374 1285 2407 unde-

326 2428 446 2461 cimo⁶:
477 2428 619 2461 «Beatus
650 2432 773 2467 venter,
803 2428 857 2470 qui
883 2432 912 2460 te
937 2429 1119 2470 portavit».
1156 2441 1170 2456 α
1188 2427 1284 2469 Quin-

326 2481 421 2514 immo
444 2481 541 2520 beati,
569 2482 622 2523 qui
646 2482 778 2514 audiunt
809 2481 942 2514 verbum
971 2481 1024 2514 Dei
1050 2485 1081 2514 et
1104 2480 1286 2514 custodiunt

326 2532 403 2565 illud
416 2546 446 2565 ».
464 2533 525 2566 Hoc
544 2537 650 2566 autem
669 2533 757 2572 dicit,
775 2543 838 2566 non
855 2534 930 2576 quia
946 2534 1074 2566 Matrem
1092 2535 1284 2572 contemnat,

328 2595 400 2618 cum
425 2586 521 2628 ipsam
545 2595 620 2628 prae
643 2587 790 2619 omnibus
812 2587 977 2626 dilexerit,
1003 2587 1055 2619 sed
1080 2589 1116 2619 ut
1138 2586 1285 2628 exemplo

397 2764 404 2778 ¹
425 2764 507 2790 Codd.
522 2765 540 2790 C
552 2765 572 2790 D
583 2766 603 2790 Η
616 2765 779 2798 acceptabat.
788 2779 823 2784 ·—
835 2766 924 2790 Glossa
939 2765 1080 2791 ordinaria
1094 2765 1135 2797 (ex
1149 2765 1280 2797 Ambros.)

325 2809 395 2840 apud
416 2809 548 2840 Lyranum
563 2809 589 2834 in
602 2810 663 2834 Luc.
680 2810 694 2833 8
704 2829 710 2839 ,
724 2810 766 2834 20:
780 2809 900 2840 Magister
914 2813 1103 2840 praecepturus
1115 2810 1170 2835 aliis
1184 2809 1280 2842 [Mattb.

327 2854 368 2884 10,
387 2853 420 2878 37
430 2862 435 2885 ;
456 2854 516 2878 Luc.
539 2853 583 2885 ¹4,
604 2852 660 2886 26]
681 2852 728 2886 qni
745 2860 801 2878 non
819 2852 960 2886 reliquerit
975 2855 1082 2886 patrem
1101 2855 1127 2879 et
1147 2855 1278 2886 matrem,

325 2903 380 2922 mm
399 2898 437 2922 est
455 2903 496 2922 me
515 2896 626 2929 dianus,
649 2897 789 2921 sententiae
803 2903 866 2921 suae
880 2896 935 2927 ipse
954 2897 1056 2928 primus
1068 2904 1096 2922 se
1109 2897 1213 2922 subiicit
1232 2901 1280 2922 etc.

396 2939 406 2954 ²
428 2941 501 2965 Vers.
521 2941 561 2965 19.
582 2954 616 2959 -
636 2941 692 2965 Duo
711 2947 785 2973 seqq.
800 2940 847 2965 Ioci
866 2944 926 2966 sunt
945 2941 985 2966 Ps.
999 2942 1041 2971 21,
1061 2942 1102 2966 23.
1116 2944 1141 2966 et
1160 2941 1239 2966 Hebr.
1252 2942 1281 2973 2,

328 2985 367 3010 11.
387 2985 505 3016 Hieron,
525 2985 551 3010 11.
571 2984 717 3010 Comment.
737 2984 763 3009 in
782 2985 867 3010 Mauo.
884 2985 929 3020 12,
945 2985 986 3010 19.
1005 2992 1076 3018 seq.:
1094 2982 1136 3011 ls'ti
1155 2988 1214 3010 sunt
1228 2992 1281 3010 ma-

327 3032 364 3054 ter
383 3036 456 3059 mea,
475 3029 520 3062 qui
540 3036 582 3054 me
606 3029 723 3061 quotidie
742 3029 767 3053 in
788 3029 948 3054 credentium
968 3029 1063 3054 animis
1086 3032 1219 3061 generant.
1240 3030 1281 3054 Isti

325 3075 385 3097 sunt
404 3073 494 3097 tratres
513 3072 576 3103 mei,
595 3072 640 3105 qui
662 3072 758 3098 faciunt
776 3079 856 3104 opera
870 3072 951 3098 Patris
971 3073 1031 3098 mei.
1049 3072 1100 3099 Cl‘r.
1120 3074 1244 3105 Gregor.,
1264 3074 1281 3098 1.

325 3116 418 3141 Homil.
438 3116 463 3142 in
483 3117 581 3148 Evang.
600 3117 689 3142 homil.
708 3117 732 3142 3.
757 3124 781 3142 n.
807 3117 830 3142 2.
850 3131 884 3134 —
910 3107 1036 3148 Superius
1062 3120 1121 3149 post
1143 3116 1282 3143 documen-

325 3161 382 3186 tum
400 3161 422 3186 H
440 3162 607 3193 prosequitur
625 3168 707 3187 suum
725 3163 855 3195 yenerant
872 3160 1009 3187 Christum
1027 3161 1055 3187 in
1075 3160 1199 3188 cordibus
1218 3161 1282 3187 alio·

324 3211 397 3236 rum,
417 3204 459 3231 vel
476 3205 504 3231 in
523 3208 655 3238 quantum
668 3205 720 3238 ipsi
732 3207 863 3239 {fenerant
880 3205 948 3231 alios
967 3205 995 3231 in
1013 3205 1138 3232 cordibus
1157 3205 1214 3232 suis
1233 3212 1281 3238 per

322 3255 446 3275 amorem
471 3249 550 3276 iuxta
569 3248 637 3275 illud
657 3249 716 3276 Gal.
736 3248 764 3275 A.
783 3252 832 3276 etc.

395 3291 406 3306 ⁹
426 3293 498 3319 Vers.
518 3294 543 3319 6.

395 3335 406 3350 ⁴
424 3336 474 3362 Ctr.
494 3336 569 3362 Ioans
586 3337 609 3368 1,
629 3337 670 3362 12.
690 3344 759 3369 seq.;
779 3338 843 3368 pr.
864 3338 893 3368 5,
913 3338 955 3363 26.
975 3340 1000 3362 et
1018 3337 1081 3362 Phil.
1100 3338 1128 3367 2,
1150 3337 1191 3362 16.
1215 3337 1281 3362 Vide

323 3380 402 3406 etiam
423 3381 544 3412 August„
564 3381 600 3406 111.
620 3381 653 3406 de
673 3381 839 3406 peccatorum
858 3382 955 3407 meritis
967 3385 992 3407 et
1009 3381 1110 3406 remiss.
1131 3389 1153 3407 c.
1174 3383 1198 3406 2.
1217 3389 1241 3407 n.
1256 3382 1280 3406 2.

325 3438 362 3444 —
381 3425 437 3450 Mox
457 3430 504 3456 pro
523 3426 549 3450 et
566 3424 623 3450 ideo
642 3424 705 3451 huic
726 3425 907 3459 praeferenda
931 3427 970 3452 est
988 3425 1071 3451 DGII
1091 3427 1116 3452 et
1140 3424 1197 3452 ideo
1216 3425 1281 3452 haec

911 274 1102 307 COMMENT.
1128 275 1164 306 IN
1188 272 1425 306 EVANGELIUM
1449 271 1566 304 LUCAE
1590 271 1622 302 C.
1648 270 1720 303 VIII.

2470 241 2473 305 ἰ

1342 360 1484 392 ostendat
1506 359 1591 401 quod
1620 358 1770 400 praecipit
1802 357 1882 389 infra
1904 357 2024 390 decimo
2048 360 2178 399 quarto:
2208 371 2223 386 «ι
2240 357 2297 399 Qui
2470 307 2473 375 1

1343 422 1403 445 11011
1428 412 1592 454 reliquerit
1616 415 1735 453 patrem
1760 415 1791 443 et
1816 413 1946 443 matrem
1970 414 2001 443 et
2024 419 2176 448 uxorem,
2202 411 2298 449 tilios,
2451 377 2473 458 1

1342 466 1456 498 fratres
1479 469 1510 497 et
1533 473 1675 503 sorores,
1696 473 1757 496 non
1775 466 1876 503 potest
1893 472 1981 495 meus
2001 472 2068 496 esse
2084 463 2257 505 discipulus
2269 476 2298 495 n.
2451 459 2453 499 1
2470 465 2475 765 1

1432 579 1520 606 Tertio
1539 579 1645 614 ponitur
1664 577 1824 605 confirmatio
1843 577 1997 603 autheutIee
2018 577 2045 603 in
2064 577 2211 603 manifestis

1747 621 1891 648 miraculis.

1434 731 1485 764 34.
1524 732 1663 763 Factum
1698 734 1744 762 est
1761 730 1772 748 ⁷
1809 729 1844 761 in
1879 737 1950 760 una
1985 728 2135 765 dierum,
2172 732 2200 759 et
2235 728 2302 770 ipse

1345 785 1493 817 ascendit
1516 787 1573 817 etc.
1599 784 1668 817 Post
1692 782 1931 816 instructionem
1954 781 2163 823 parabolicam
2194 781 2224 813 in
2252 789 2302 813 oc-

1345 838 1438 870 cultis
1456 837 1614 879 mysteriis
1628 840 1658 869 et
1674 835 1924 868 informationem
1945 834 2145 876 apostolicam
2166 834 2195 865 in
2213 842 2302 875 aper-

1346 891 1385 923 tis
1415 890 1547 932 eloquiis
1578 890 1684 922 subdit
1715 889 1766 921 hic
1799 888 1992 930 Evangelista
2023 896 2109 919 more
2142 895 2199 919 suo
2228 896 2302 918 con-

1345 942 1567 982 firmationem
1598 941 1822 974 authenticam
1853 941 1888 973 in
1919 941 2084 982 expressis
2115 939 2302 972 miraculis.

1346 995 1592 1027 lntroducuntur
1625 998 1729 1027 autem
1762 994 1792 1026 in
1825 994 1884 1026 hac
1917 997 2005 1036 parte
2036 994 2096 1025 tria
2127 993 2215 1035 signa
2246 992 2304 1024 mi·

1346 1049 1545 1086 raculorum,
1576 1061 1591 1076 α
1607 1051 1644 1080 ut
1666 1048 1696 1079 in
1721 1056 1776 1080 ore
1792 1048 1888 1079 trium
1906 1047 2032 1080 testium
2050 1050 2110 1079 stet
2126 1055 2217 1079 omne
2234 1056 2304 1079 ver-

1347 1101 1422 1133 bum
1435 1101 1448 1120 3
1465 1114 1495 1139 »,
1512 1104 1543 1133 et
1559 1104 1594 1133 ut
1610 1101 1793 1133 ostendatur
1809 1100 1953 1133 Christus
1975 1100 2122 1133 dominus
2144 1100 2306 1133 universo-

1347 1163 1429 1186 rum.
1455 1154 1594 1185 Primum
1618 1157 1665 1186 est
1688 1154 1719 1185 in
1743 1154 1909 1185 sedatione
1937 1153 2152 1195 tempestatis,
2177 1162 2219 1186 ex
2243 1162 2306 1195 quo

1347 1206 1522 1239 ostenditur
1557 1206 1702 1239 dominus
1737 1215 1832 1247 super
1873 1210 2050 1239 creaturam
2087 1207 2304 1248 corporalem;

1348 1259 1520 1292 secundum
1544 1262 1592 1292 est
1618 1259 1649 1291 in
1678 1259 1867 1301 expulsione
1889 1259 2124 1291 daemoniacae
2152 1259 2304 1302 leyionis,

1348 1321 1389 1345 ex
1414 1322 1477 1354 quo
1500 1312 1676 1345 ostenditur
1699 1312 1844 1345 dominus
1865 1321 1960 1354 super
1985 1313 2194 1354 spiritualem,
2219 1313 2304 1345 ibi⁹:

1351 1366 1388 1397 Et
1415 1365 1661 1407 naviyaverunt
1684 1365 1730 1397 ad
1760 1365 1923 1408 reyionem
1953 1365 2197 1398 Gerasenorum
2229 1370 2305 1406 etc.;

1349 1418 1477 1451 tertium
1512 1422 1559 1451 est
1594 1419 1625 1451 in
1660 1418 1864 1451 restitutione
1897 1418 1984 1450 vitae
2015 1423 2044 1450 et
2066 1419 2241 1458 sanitatis,
2265 1429 2306 1452 ex

1349 1480 1412 1513 quo
1442 1471 1618 1503 ostenditur
1648 1471 1795 1503 dominus
1825 1479 1920 1513 super
1952 1471 2124 1513 composita
2155 1480 2196 1504 ex
2220 1475 2307 1504 utra-

1349 1533 1429 1566 que,
1453 1524 1510 1556 ibi:
1535 1525 1675 1557 Factum.
1700 1529 1747 1556 est
1769 1528 1894 1563 autem,
1920 1533 1996 1556 cum
2019 1524 2168 1556 rediisset
2192 1528 2250 1557 etc.

1438 1577 1527 1609 Circa
1551 1578 1687 1619 primum
1712 1578 1853 1610 miraculi
1879 1586 1995 1619 genus,
2021 1578 2104 1620 quod
2132 1582 2179 1611 est
2202 1578 2234 1611 in
2260 1581 2450 1628 se-Cgffirggiffi

1351 1631 1481 1662 datione
1498 1631 1711 1672 tempestatis,
1729 1635 1866 1672 quatuor
1882 1631 2129 1664 introducuntur
2152 1632 2192 1664 ab
2210 1632 2308 1664 Evan-
2322 1633 2446 1681 qussfflffifi

1350 1684 1459 1725 gelista
1481 1683 1520 1716 ad
1544 1684 1612 1716 eius
1635 1683 1876 1725 explicationem
1901 1683 2079 1724 perfectam.
2106 1684 2244 1716 Primum
2261 1689 2308 1717 est
2427 1675 2432 1681 ’

1351 1738 1478 1768 occasio
1499 1737 1718 1778 praecedens;
1735 1736 1906 1768 secundum
1918 1762 1925 1774 ‚
1950 1736 2182 1778 opportunitas
2198 1736 2307 1769 immi-

1349 1799 1449 1827 nens:
1474 1790 1619 1828 tertium,
1640 1794 1785 1831 potesta-s
1808 1789 1965 1832 effleiens;
1981 1793 2148 1831 quartum,
2181 1790 2308 1823 utilitas

1351 1852 1556 1886 consequens.
1584 1843 1719 1875 Occasio
1743 1845 1848 1875 autem
1873 1842 2061 1884 praecedens
2082 1842 2141 1875 fuit
2158 1843 2308 1876 transitus

1351 1896 1465 1934 maris;
1490 1896 1721 1938 opportunitas
1745 1896 1927 1934 imminens,
1944 1896 2081 1938 impetus
2097 1897 2307 1938 tempestatis3

1347 1953 1491 1992 potestas
1515 1949 1669 1987 efficiens,
1702 1949 1803 1981 virtus
1826 1949 2019 1988 Divinitatis;
2045 1948 2173 1981 utilitas
2200 1958 2307 1982 conse-

1350 2011 1450 2044 quens
1466 2005 1513 2034 est
1529 2001 1688 2043 profectus
1700 2004 1826 2033 nostrae
1842 2002 2045 2034 credulitatis.
2058 2021 2102 2026 —
2115 2002 2217 2034 Primo
2233 2012 2308 2045 ergo

1350 2055 1561 2088 introducitur
1574 2055 1613 2087 ab
1630 2054 1823 2096 Evangelista
1835 2055 2000 2086 transitus
2011 2055 2141 2094 maris;
2154 2056 2291 2089 secundo
2299 2083 2306 2096 ‚

2338 1156 2387 1178 Tria
2400 1155 2449 1178 mira

2325 1183 2372 1204 cula
2391 1186 2449 1205 osten

2325 1210 2378 1231 dunt
2391 1210 2439 1231 tria.
2460 1215 2461 1219 ¹

1333 2108 1491 2151 ,impetus
1515 2108 1724 2150 tempestatis,
1749 2107 1789 2140 ibi
1804 2107 1845 2139 l⁰:
1871 2106 2116 2150 Naviganttbus
2140 2113 2250 2141 autern
2269 2109 2306 2142 il-

1351 2161 1391 2194 lis
1407 2165 1483 2200 etc.;
1509 2161 1601 2194 tertio
1625 2170 1719 2200 vero,
1742 2161 1852 2193 virtus
1869 2160 2082 2199 Di'vz'nitatis,
2106 2161 2166 2193 ibi:
2191 2163 2234 2193 At
2256 2162 2307 2195 ille

1348 2224 1489 2257 suryens
1512 2214 1696 2257 increpavit
1718 2218 1796 2254 etc.;
1821 2218 1950 2256 quarto,
1976 2213 2148 2257 profectus
2174 2219 2308 2248 nostrae

1349 2268 1572 2307 credulitatis,
1597 2268 1657 2300 ibi:
1684 2268 1774 2300 Dixit
1798 2273 1909 2300 autem
1932 2268 2017 2300 illis:
2041 2267 2103 2300 Ubi
2124 2272 2171 2300 est
2191 2267 2295 2310 fides?

1438 2321 1527 2354 Circa
1549 2321 1687 2363 primum
1712 2321 1901 2359 notandum,
1929 2320 2012 2363 quod
2043 2320 2106 2353 duo
2137 2320 2308 2354 introducit
2348 2322 2456 2347 Prima*

2324 2351 2412 2371 transitu
2427 2355 2456 2370 rua

1350 2373 1557 2416 Evangelista:
1585 2374 1725 2416 primum
1753 2377 1800 2407 est
1827 2383 1983 2406 ascensus
2006 2374 2182 2407 naviculae
2198 2375 2239 2413 ¹¹;
2260 2383 2308 2408 se—
2323 2376 2351 2397 ’ὴ
2366 2376 2415 2397 ⁶1⁰⁰·

1349 2426 1487 2459 cundum
1511 2430 1558 2459 est
1582 2426 1748 2459 transitus
1771 2426 1893 2468 stayni.

1438 2479 1489 2511 35.
1514 2479 1616 2520 (Vers.
1646 2480 1723 2517 22).
1741 2479 1844 2511 Primo
1867 2487 1941 2520 ergo
1965 2482 2118 2520 quantum
2139 2479 2178 2512 ad
2195 2489 2306 2512 ascen—
2320 2485 2455 2503 mensum

2354 2508 2441 2529 vteulao.

1348 2541 1424 2564 sum
1448 2532 1624 2565 naviculae
1646 2532 1778 2565 dicitur:
1805 2533 1947 2564 Factum
1971 2535 2016 2563 est
2040 2536 2150 2564 autem
2175 2532 2210 2564 in
2234 2542 2304 2565 una

1348 2585 1498 2623 dierum,
1521 2589 1551 2617 et
1574 2585 1643 2627 ipse
1666 2585 1814 2618 aseendit
1836 2585 1870 2618 in
1894 2584 2087 2617 naviculam
2104 2588 2132 2617 et
2148 2585 2305 2627 discipuli

1344 2763 1583 2798 praetermittenda
1603 2765 1641 2790 est
1657 2764 1769 2797 propter
1788 2762 1872 2789 illam.
1896 2765 2003 2789 Interius
2028 2771 2076 2796 pro
2100 2765 2230 2798 magister
2249 2771 2305 2790 ma-

1345 2808 1496 2842 yistrorum
1517 2808 1572 2834 Vat.
1593 2807 1723 2841 71111ᾳί1161-
1743 2807 1875 2834 omnium.

1416 2851 1427 2866 ⁵
1447 2853 1521 2878 Vers.
1545 2853 1592 2883 13,
1612 2856 1671 2884 post
1689 2859 1769 2885 quem
1790 2852 1837 2877 luc.
1859 2852 1882 2884 t,
1902 2852 1944 2877 22.
1957 2865 1992 2871 —-
2011 2852 2137 2883 Superius
2156 2859 2204 2884 pro
2217 2859 2304 2878 semen

1345 2896 1419 2923 verbi
1436 2897 1457 2922 G
1476 2896 1587 2923 verbum
1606 2896 1683 2923 vitae.

1415 2939 1427 2954 ⁰
1446 2941 1520 2967 Vers.
1541 2941 1583 2966 27.
1602 2944 1628 2965 et
1647 2942 1695 2971 ‘235
1715 2940 1827 2967 subinde
1846 2941 1972 2972 allegatur
1993 2940 2038 2971 14,
2059 2940 2106 2972 26;
2126 2942 2171 2966 csr.
2198 2941 2239 2973 18,
2259 2941 2302 2966 29.

1347 2984 1414 3010 Vide
1432 2991 1511 3016 supra
1532 2988 1619 3009 notam
1641 2985 1664 3009 1.

1417 3026 1426 3041 ⁷
1448 3028 1557 3060 Vulgata
1577 3031 1603 3053 et
1623 3029 1679 3053 Vat.
1699 3035 1759 3053 cum
1780 3029 1799 3054 fl
1819 3028 1920 3054 addunt
1938 3029 2037 3054 autem.
2057 3027 2106 3053 Csr.
2127 3034 2206 3059 supra
2226 3035 2250 3053 n.
2276 3029 2296 3053 Ι.

1416 3070 1427 3085 ⁸
1446 3073 1533 3098 Mattn.
1554 3073 1598 3103 18,
1621 3072 1661 3098 16.

1416 3115 1427 3130 ⁹
1447 3117 1520 3142 Vers.
1541 3117 1588 3148 26,
1608 3116 1652 3142 ubi
1672 3116 1749 3142 Card.
1770 3117 1847 3149 llugo
1866 3120 1892 3142 et
1904 3117 1933 3142 B.
1952 3116 2065 3142 tilbert:
2086 3115 2305 3149 Enaviqaverunt

1345 3163 1434 3187 autem
1453 3161 1490 3187 ad
1507 3161 1644 3195 reqionem
1662 3164 1723 3193 etc.;
1744 3161 1777 3186 ita
1797 3162 1902 3186 interius
1922 3168 1946 3187 n.
1970 3160 2011 3186 46.
2027 3161 2086 3186 cod.
2105 3161 2126 3186 H
2145 3164 2303 3192 constanter,

1346 3206 1386 3230 cui
1416 3207 1502 3231 tavent
1528 3205 1594 3237 CD,
1622 3206 1667 3238 qui
1697 3206 1737 3230 nic
1763 3206 1853 3237 legunt
1872 3205 1905 3231 Et
1925 3204 2125 3238 naviqaverunt
2144 3207 2236 3232 autem
2254 3209 2303 3231 etc.

1346 3248 1431 3281 (idem
1451 3249 1562 3275 recurrit
1581 3250 1643 3275 infra
1664 3257 1689 3274 n.
1709 3249 1776 3282 46‚);
1797 3250 1901 3275 tertium
1922 3248 2032 3274 liabetur
2051 3257 2077 3275 v.
2098 3249 2140 3275 40.

1418 3291 1439 3306 ¹⁰
1460 3293 1531 3318 Vers.
1552 3294 1598 3325 23;
1618 3294 1652 3319 ita
1671 3294 1760 3325 legunt
1779 3300 1839 3319 cum
1858 3293 1944 3324 Beda,
1962 3292 2038 3319 Card.
2059 3294 2143 3325 Ilug.,
2157 3293 2184 3318 B.
2198 3293 2302 3319 Alberto

1345 3340 1370 3363 et
1389 3338 1414 3363 S.
1434 3338 1535 3363 Tlioma
1551 3337 1654 3370 (Calena
1676 3337 1765 3370 aurea)
1783 3338 1860 3363 codd.
1868 3347 1875 3368 ;
1896 3338 1972 3369 vulg.
1993 3340 2018 3362 et
2038 3338 2095 3363 Vat.
2115 3338 2149 3364 Et
2171 3337 2301 3371 naviqan-

1346 3381 1414 3408 tibus
1442 3381 1494 3408 illis
1521 3382 1601 3415 (idem
1630 3382 1739 3408 recurrit
1766 3382 1830 3407 intra
1848 3389 1873 3407 n.
1895 3381 1962 3414 37.);
1983 3382 2086 3408 tertium
2106 3385 2145 3408 est
2163 3389 2190 3407 ν.
2209 3382 2252 3407 24.
2277 3385 2302 3407 et

1345 3428 1467 3457 quartum
1487 3432 1513 3451 v.
1533 3426 1576 3451 25.
2033 3424 2054 3440 ¹¹
2077 3424 2159 3451 Codd.
2180 3424 2301 3452 vehiculi.
