2476 3921
13 353 143 392 iuuandum.

1 1696 94 1719 Edictum
101 1697 149 1718 uui-

30 1724 118 1753 vei-sale.

738 216 932 249 COMMENT.
957 217 994 249 IN
1018 216 1257 250 EVANGELIUM
1281 218 1398 251 LUCAE
1422 218 1454 250 C.
1479 220 1578 251 XVIII.

164 307 238 350 quia
254 306 442 340 Pharisaeus
464 305 624 339 descendit
640 305 829 338 iustificatos
846 304 1019 338 secundum
1036 313 1125 337 suam

163 360 357 403 opinionem,
382 360 434 393 sed
460 359 519 393 iste
550 359 725 392 secundum
750 358 925 392 veritatem.
956 358 1042 391 Unde
1066 358 1127 391 Do-

163 414 269 447 minus
300 413 373 456 plus
404 416 515 455 pensat
546 421 641 445 unam
675 411 827 444 humilem
864 411 1124 453 supplicationem

163 466 337 510 peccatoris
368 466 558 509 poenitentis
581 475 678 508 quam
710 464 959 498 innumerabiles
989 464 1127 497 actiones

162 521 296 554 alicuius
319 521 393 554 iusti
417 520 456 553 de
487 529 521 553 se
544 519 784 562 praesumentis.
810 519 952 561 Propter·
972 518 1057 561 quod
1080 518 1127 551 di-

163 575 205 608 cit
236 583 334 616 supra
365 573 486 607 decimo
510 573 668 616 quinto1:
698 585 714 601 α
737 571 892 605 Gaudium
925 574 972 604 est
1004 571 1127 614 Angelis

161 627 218 661 Dei
243 636 339 669 super
363 636 428 660 uno
451 628 615 669 peccatore
639 625 861 667 poenitentiam
886 627 998 666 agente
1029 632 1125 666 quam

159 689 259 723 super
275 680 445 722 nonaginta
468 688 580 712 novem
610 679 715 718 iustis,
740 678 874 720 quinon
896 677 1036 720 indigent
1052 686 1126 719 poe-

162 733 293 767 nitentia
309 747 340 772 »,
365 733 396 766 id
412 736 474 772 est,
498 732 553 775 qui
577 741 610 765 se
634 735 783 774 reputant
799 740 861 764 non
885 739 996 773 egere;
1014 730 1045 763 in
1061 740 1126 772 quo

161 786 243 819 miro
266 786 358 819 modo
382 785 568 828 reprimitur
592 784 742 827 superbia
766 785 919 823 humana,
944 787 980 817 ut
1004 793 1066 816 non
1087 783 1126 816 de

162 839 229 873 suis
252 839 374 873 meritis
398 841 590 881 praesumat.
616 839 746 880 Propter
770 838 830 871 1106
854 838 946 871 etiam
968 837 1052 870 Deus
1076 845 1126 870 re-

161 892 307 934 probavit
331 892 505 934 superbum
531 891 684 933 populum
706 890 866 924 Iudaicum
890 893 922 923 et
945 889 1038 932 elegit
1060 889 1126 931 ple-

161 946 233 979 bem
250 946 403 979 humilem
427 945 591 988 gentilium
611 945 816 988 populorum,
833 952 972 986 quorum
989 943 1125 985 figuram

161 1003 277 1042 gerunt
301 999 352 1032 hic
369 999 556 1032 Pharisaeus
579 1002 610 1032 et
634 999 692 1032 iste
708 999 906 1041 publicanus.
932 997 1018 1030 Unde
1038 996 1126 1029 Glos-

161 1053 235 1086 sa2:
266 1066 282 1082 α
299 1053 413 1095 Typice
446 1053 632 1086 Pharisaeus
657 1052 842 1085 ludaeorum
868 1051 1021 1093 populum
1045 1050 1126 1083 desi-

161 1110 248 1150 gnat,
282 1107 336 1149 qui
360 1116 401 1140 ex
433 1106 709 1139 iustificationibus
738 1105 825 1148 Legis
856 1105 981 1138 extollit
1013 1104 1126 1137 merita

161 1171 218 1195 sua
247 1164 278 1194 et
309 1160 521 1203 superbiendo
552 1159 687 1199 recedit;
721 1158 906 1192 humiliatus
937 1158 1126 1206 publicanus

160 1215 327 1258 gentilem,
351 1214 406 1257 qui
423 1214 514 1256 longe
537 1223 556 1246 a
580 1213 644 1246 Deo
668 1213 790 1255 positus
805 1215 933 1255 peccata
955 1212 1125 1245 confitetur

160 1272 191 1302 et
215 1267 413 1301 lamentando
429 1267 663 1309 appropinquat
686 1267 751 1299 Deo
767 1269 798 1299 et
821 1266 1029 1299 exaltatur».
1055 1265 1125 1297 ldeo

160 1321 276 1354 dicitur
300 1320 339 1354 ad
356 1321 509 1353 Romanos
532 1319 739 1353 undecimoss:
762 1319 856 1351 «Noli
873 1318 973 1351 altum
998 1325 1124 1359 sapere,

161 1375 215 1409 sed
239 1375 324 1407 time.
350 1374 380 1407 Si
409 1374 492 1407 enim
526 1374 610 1407 Deus
633 1373 832 1406 naturalibus
857 1372 953 1405 ramis
984 1381 1046 1404 non
1071 1380 1125 1413 pe-

161 1429 276 1472 percit,
300 1437 340 1462 ne
364 1428 445 1461 sorte
468 1421 605 1460 nectibi
631 1429 740 1469 parcat
757 1440 786 1459 ι).
813 1426 843 1459 Si
867 1435 943 1468 ergo
966 1426 1051 1458 Deus
1075 1434 1124 1457 re-

160 1483 248 1525 pellit
271 1482 371 1515 iustos
398 1484 530 1523 propter
560 1480 761 1523 superbiam,
785 1482 905 1522 quanto
937 1478 1036 1521 magis
1068 1478 1124 1510 im-

161 1536 229 1578 pios
252 1539 283 1569 et
307 1535 479 1577 superb0s;
512 1534 634 1577 primae
658 1533 739 1567 Petri
763 1536 899 1576 quarto:
929 1545 945 1561 «
967 1532 996 1565 Si
1021 1532 1125 1565 iustus

161 1590 217 1622 vix
242 1589 434 1628 salvabitur,
459 1588 576 1630 impius
599 1591 630 1621 et
653 1590 799 1630 peccator
823 1587 877 1620 ubi
902 1586 1061 1629 parebunt
1082 1588 1124 1618 n?

251 1643 304 1674 25.
330 1641 473 1674 Secundo
504 1643 660 1683 quantum
691 1639 729 1672 ad
761 1639 904 1672 edictum
936 1637 1126 1685 uniuersale

160 1694 283 1728 subdit:
310 1694 399 1736 Quia
415 1694 542 1733 omnis,
566 1694 626 1737 qui
640 1703 674 1726 se
697 1692 842 1732 emaltat,
867 1691 1125 1730 humiliabitur,-

160 1751 189 1781 οι
212 1748 272 1792 qui
291 1757 327 1780 se
350 1746 506 1780 humiliat
530 1746 743 1780 exaltabitur.
768 1746 822 1779 Hic
852 1746 947 1778 datur
970 1745 1126 1788 generalis

161 1801 315 1835 sententia
338 1801 376 1834 de
408 1800 583 1834 humilibus
607 1804 638 1833 et
669 1799 833 1842 superbis;
857 1799 943 1832 unde
969 1799 1078 1832 Glossa
1094 1799 1124 1831 ⁴:

165 1867 181 1884 «
198 1854 300 1887 Posita
323 1854 480 1887 Pharisaei
504 1857 536 1887 et
559 1853 718 1896 publicani
742 1852 971 1891 controversia,
996 1851 1126 1894 ponitur

159 1907 273 1941 iudicIS
288 1907 456 1947 sententia,
481 1911 518 1940 ut
533 1910 683 1940 caveatur
707 1906 856 1949 superbia
872 1919 903 1938 n.
921 1906 953 1938 In
975 1914 1039 1948 qua
1055 1914 1126 1938 sen-

2081 222 2144 254 [137

1190 306 1310 348 primae
1327 306 1407 339 Petri
1425 307 1552 340 ultimo:
1579 321 1594 336 α
1612 309 1820 341 Humiliamini
1839 310 1898 342 sub
1916 310 2031 351 potenti
2051 319 2145 343 manu

1192 359 1263 398 Dei,
1287 362 1324 392 ut
1347 369 1402 392 vos
1425 361 1544 393 exaltet
1561 361 1591 393 in
1616 364 1755 403 tempore
1780 362 1963 395 visitationis
1981 376 2010 394 ».
2036 363 2080 395 De
2099 363 2147 395 liis

1189 412 1315 445 duobus
1338 413 1432 445 simul
1457 414 1697 447 proverbiorum
1722 415 1841 448 decimo
1865 420 1974 448 octavo
1991 416 2017 448 ⁷:
2048 429 2063 444 α
2089 417 2147 448 Α11-

1191 468 1317 508 tequam
1343 469 1536 505 conteratur,
1561 468 1720 500 exaltatur
1745 477 1798 500 cor
1832 469 1983 507 hominis,
2007 473 2038 501 et
2061 472 2147 502 ante-

1190 528 1285 560 quam
1311 519 1520 561 glorificetur,
1553 520 1739 552 humiliatur
1756 533 1786 559 »;
1811 522 1899 563 quia,
1924 522 2005 554 sicut
2033 522 2148 554 (licitur

1191 572 1435 605 Proverbiorum
1460 573 1610 615 vigesimo
1643 583 1738 612 nono,
1769 587 1783 603 ιι
1807 576 1979 616 superbum
2005 576 2149 617 sequitur

1191 626 1367 665 humilitas,
1391 629 1423 659 et
1448 620 1600 659 ‘humilem
1626 627 1740 668 spiritu
1763 628 1912 669 suscipiet
1935 628 2033 670 gloria
2051 643 2079 660 n.
2115 629 2150 661 Et

1190 678 1250 711 hoc
1273 681 1321 711 est
1352 679 1435 721 quod
1460 679 1576 712 dicitur
1609 680 1811 713 Ecclesiastici
1842 681 1990 723 vigesimo
2006 681 2036 713 8;
2066 694 2081 709 «
2101 682 2151 715 Est

1191 734 1321 774 propter
1345 732 1476 774 gloriam
1501 733 1687 772 minoratio,
1711 736 1742 766 et
1766 737 1813 766 est
1836 734 1889 775 qui
1911 734 1950 766 ab
1975 735 2150 767 humilitate

1190 785 1326 818 elevabit
1350 789 1445 828 caput
1461 795 1555 819 suum
1573 800 1603 819 n.
1629 806 1673 810 ——
1697 787 1782 820 Unde
1799 788 1980 829 exemplum
1999 788 2151 821 habemus

1192 839 1242 872 hic
1267 840 1297 872 in
1324 840 1489 873 Pharisaeo
1513 843 1545 873 et
1567 840 1749 882 publicano,
1774 842 1955 883 exemplum
1981 841 2010 873 in
2036 842 2151 883 populo

1191 892 1315 926 Iudaico
1339 896 1370 926 et
1392 893 1518 935 gentili,
1535 894 1718 936 exemplum
1735 894 1766 926 in
1784 894 1876 927 Saule
1894 894 2028 936 reprobo
2045 898 2076 927 et
2092 895 2151 926 Da-

1191 946 1242 979 vid
1266 946 1380 985 electo,
1404 946 1588 988 exemplum
1612 956 1772 980 summum
1798 947 1828 979 in
1858 947 1989 980 lucifero
2020 951 2051 980 et
2083 948 2151 980 Iesu

1190 1000 1325 1033 Christo.
1351 1000 1437 1033 Unde
1468 1000 1641 1033 secundum
1663 1001 1758 1033 *hanc
1790 1001 1974 1034 sententiam
2010 1001 2152 1034 decurrit

1190 1053 1287 1086 totius
1311 1053 1452 1095 regimen
1475 1053 1626 1086 universi.

1279 1108 1332 1140 26.
1360 1107 1394 1140 Et
1418 1111 1505 1145 nota,
1529 1107 1613 1149 quod
1644 1108 1721 1140 haec
1744 1107 1852 1140 eadem
1878 1107 2031 1140 sententia
2054 1116 2150 1149 supra

1189 1161 1310 1194 decimo
1333 1160 1473 1203 quarto⁰
1490 1160 1549 1193 fuit
1573 1161 1674 1203 posita
1690 1161 1774 1194 circa
1798 1160 1943 1193 invitatos
1963 1160 2000 1193 ad
2025 1160 2150 1202 nuptias

1189 1218 1220 1247 et
1244 1223 1328 1247 nunc
1352 1214 1487 1247 iteratur
1511 1214 1576 1253 bic;
1602 1214 1656 1247 sed
1680 1224 1742 1247 non
1766 1214 1833 1247 siue
1857 1223 1968 1252 causa,
1993 1214 2067 1255 quia
2090 1213 2149 1245 du-

1190 1268 1264 1310 plex
1289 1272 1336 1301 est
1359 1268 1540 1300 humilitas:
1565 1277 1630 1301 una
1653 1271 1700 1300 est
1723 1267 1898 1306 caritatis,
1922 1276 1985 1309 qua
2007 1267 2149 1299 volunta-

1190 1321 1236 1354 rie
1252 1321 1324 1363 quis
1348 1330 1382 1354 se
1398 1321 1561 1358 humiliat;
1578 1320 1639 1353 alia
1661 1323 1709 1353 est
1725 1320 1887 1353 humilitas
1902 1320 2068 1357 veritatis,
2086 1329 2149 1362 qua

1189 1374 1261 1416 quis
1284 1383 1388 1416 parvav
1404 1373 1443 1406 de
1467 1382 1500 1407 se
1524 1373 1663 1406 sentit¹⁰.
1686 1374 1787 1415 Supra
1809 1382 1885 1415 ergo
1909 1373 1968 1405 hoc
1991 1372 2089 1411 dixit,
2114 1375 2150 1404 ut

1189 1427 1334 1460 incitaret
1368 1427 1406 1459 ad
1446 1427 1656 1460 humilitatem
1691 1426 1872 1464 caritatis,-
1903 1426 1954 1458 hic
1988 1426 2081 1458 iterat
2120 1425 2149 1457 id

1188 1480 1310 1522 ipsum,
1335 1483 1372 1512 ut
1395 1479 1502 1513 incitet
1517 1479 1556 1512 ad
1581 1479 1790 1512 humilitatem
1806 1479 1977 1517 veritati&
2000 1479 2081 1511 sicut
2097 1487 2151 1520 ap-

1189 1537 1297 1576 paret,
1333 1533 1409 1575 quia
1439 1533 1628 1575 publicanus
1659 1536 1788 1574 propter
1824 1532 2044 1565 conscientiam
2078 1531 2150 1564 mali

1189 1587 1293 1620 meriti
1318 1587 1357 1620 de
1380 1595 1414 1620 se
1437 1586 1684 1628 compellebatur
1708 1585 1815 1618 infima
1838 1585 1964 1618 sentire.
1994 1585 2072 1617 Haec
2095 1593 2151 1617 au-

1190 1644 1252 1674 tem
1276 1632 1439 1673 humilitas
1472 1639 1593 1682 duplex
1616 1643 1663 1673 est
1686 1639 1777 1672 nobis
1811 1639 2007 1677 necessaria,
2035 1638 2153 1671 scilicet

1189 1694 1341 1728 veritatis
1364 1694 1396 1727 in
1420 1694 1581 1727 intellectu
1605 1696 1637 1727 et
1653 1693 1807 1726 caritatis
1830 1693 1861 1725 in
1887 1692 2019 1731 affectu,
2043 1695 2079 1725 ut
2095 1701 2151 1725 ex-

1189 1749 1337 1783 cludatur
1360 1757 1379 1780 a
1402 1747 1493 1781 nobis
1516 1747 1666 1789 superbia
1689 1746 1932 1789 praesumtionis
1955 1749 1986 1778 et
2009 1745 2152 1778 ambitio-

1189 1803 1256 1842 nis;
1280 1805 1312 1836 et
1335 1801 1404 1835 ideo
1427 1801 1466 1834 ad
1493 1801 1571 1834 haec
1595 1800 1783 1833 insinuanda
1812 1800 1888 1832 haec
1912 1799 2066 1832 sententIa
2090 1808 2150 1831 non

1190 1854 1448 1888 irrationabiliter
1472 1853 1616 1887 iteratur.

1279 1909 1332 1940 27.
1357 1907 1459 1947 (Vers.
1480 1907 1555 1947 15.).
1581 1904 1771 1949 Afferebant
1785 1909 1897 1938 autem
1917 1905 1963 1937 ad
1985 1905 2076 1937 illam
2104 1905 2152 1936 in-

2169 791 2277 817 Exempla.

2172 1109 2291 1130 Notandum

2174 1136 2200 1157 de
2215 1136 2294 1162 duplici

2170 1163 2296 1184 humililate.

2173 1906 2203 1927 De
2221 1905 2318 1932 exemplo

2172 1938 2271 1959 expresso
2290 1932 2318 1952 ad

161 1962 260 1995 tentia
275 1961 497 1995 universaliter
520 1960 700 2003 praefertur
717 1959 848 1993 humilis
869 1959 1026 2002 superbo,
1051 1959 1127 2002 quia

161 2015 320 2058 superbus
342 2014 435 2048 debet
453 2014 560 2060 deiici,
576 2013 751 2047 secundum
772 2013 861 2056 ‚quod
876 2013 994 2046 dicitur
1017 2013 1049 2046 in
1066 2012 1125 2046 Ab·

160 2068 254 2102 dia5:
284 2081 300 2098 «
316 2068 346 2101 Si
371 2068 530 2101 exaltatus
553 2067 652 2100 fueris
675 2070 712 2100 ut
735 2067 842 2109 aquila
864 2070 896 2100 et
919 2067 945 2100 si
976 2066 1060 2100 iuter
1084 2066 1126 2099 si-

1189 1960 1338 2005 fantesss
1363 1964 1421 1993 etc.
1448 1960 1615 2002 Postquam
1640 1958 1787 2001 exemplo
1818 1958 1996 2000 parabolico
2025 1957 2151 1990 induxit
2173 1959 2319 2001 ,humififfl‘fflff

2172 1992 2193 2007 In
2208 1990 2308 2007 OOBVOI’OE

1190 2013 1229 2046 ad
1254 2013 1464 2046 humilitatem
1488 2012 1520 2045 in
1543 2012 1699 2050 oratione,
1723 2011 1774 2044 hic
1791 2013 2019 2053 consequenter
2043 2019 2151 2043 exem-
2175 2013 2232 2033 ⁰⁰⁰⁶
2261 2017 2317 2032 00⁰³·

2176 2038 2318 2060 mendaudam

1190 2067 1242 2110 plo
1264 2075 1418 2109 expresso
1441 2065 1534 2099 etiam
1559 2065 1680 2101 inducit
1702 2064 1742 2097 ad
1765 2063 1984 2097 humilitatem
2017 2063 2052 2096 in
2075 2073 2151 2096 con·
2166 2065 2330 2119 {gfflssffmr

160 2122 238 2156 dera
260 2122 405 2164 posueris
428 2122 536 2155 nidum
562 2124 653 2154 tuum
670 2133 686 2149 ι»
707 2123 784 2159 etc.;
809 2123 841 2153 et
872 2120 925 2152 lob
952 2119 1125 2161 vigesimo:

166 2188 183 2205 «
200 2176 231 2209 Si
253 2175 430 2209 ascenderit
452 2183 556 2217 usque
586 2174 626 2207 ad
649 2173 771 2206 caelum
803 2172 954 2215 superbia
976 2172 1063 2212 eius,
1095 2175 1127 2205 et

162 2230 258 2270 caput
285 2227 355 2261 eius
384 2227 487 2260 nubes
518 2226 673 2269 tetigerit;
705 2224 795 2268 quasi
828 2224 1062 2267 sterquilinium
1094 2225 1126 2258 in

162 2280 225 2314 fine
248 2280 401 2323 perdetur
418 2293 449 2313 ».
476 2280 605 2323 Propter
630 2279 713 2322 quod
739 2278 983 2311 Proverbiorum
1006 2277 1127 2311 decimo

163 2333 297 2367 sextoss:
328 2346 344 2363 α
360 2333 586 2367 Contritionem
622 2332 782 2375 praecedit
816 2331 966 2374 superbia
986 2344 1022 2370 n,
1046 2333 1079 2363 et
1109 2339 1127 2363 e

163 2387 323 2421 contrario
347 2387 478 2420 humilis
501 2387 605 2420 iustus
627 2386 803 2424 exaltatum
829 2385 881 2418 Iob
904 2384 1055 2426 vigesimo
1079 2392 1127 2416 se-

163 2433 284 2474 cundo':
314 2453 330 2469 α
346 2440 406 2482 Qui
431 2440 617 2473 humiliatus
639 2439 737 2472 fuerit
752 2439 814 2472 erit
837 2438 868 2471 in
893 2437 1008 2480 gloria,
1024 2436 1126 2479 etqui

164 2493 361 2527 inclinaverit
392 2487 501 2526 ocul'os
532 2502 621 2532 suos,
652 2492 705 2525 ille
735 2491 909 2525 salvabitur
933 2504 965 2523 n.
991 2490 1027 2523 Et
1058 2489 1127 2523 ideo

165 2732 319 2763 Pharisaeo‚
344 2731 369 2757 id
394 2734 434 2757 est
458 2731 518 2763 plus
542 2737 622 2764 quam
649 2731 690 2757 ille
709 2740 734 2756 υ.
758 2731 864 2762 llaym.,
890 2730 985 2756 IIomil.
1010 2731 1070 2756 123.
1095 2730 1129 2756 de

165 2776 296 2808 Tempore
316 2776 357 2808 (in
370 2775 506 2801 Dominica
527 2775 569 2801 12.
589 2778 649 2807 post
661 2775 761 2808 Pent.):
781 2774 821 2801 Ab
839 2774 902 2807 illo,
923 2776 973 2801 hoc
985 2778 1024 2801 est
1043 2774 1129 2807 magis

165 2826 247 2853 quam
267 2819 430 2845 Pharisaeus.
449 2820 498 2845 Iste
516 2819 586 2845 enim
611 2826 640 2845 se
665 2819 816 2845 accusando
840 2819 996 2845 iustificatus
1014 2821 1068 2849 est,
1087 2818 1128 2844 ille

166 2871 194 2890 se
213 2864 363 2890 excusando
382 2863 549 2896 reprobatur.

240 2908 247 2922 ¹
270 2908 345 2934 Vors.
363 2908 379 2934 7
386 2918 393 2939 ;
413 2909 460 2934 cfr.
477 2915 503 2933 v.
523 2908 565 2933 -10,

239 2951 249 2967 ²
268 2952 370 2979 Scilicet
388 2951 532 2978 ordinaria
555 2951 595 2985 (ex
618 2951 700 2985 Beda)
722 2951 746 2978 in
772 2947 839 2978 Luc?
855 2952 902 2983 18,
932 2952 972 2978 11.
990 2951 1063 2984 apud
1083 2952 1129 2984 Ly·

167 3004 271 3023 ranum.

239 3040 250 3056 ³
269 3041 344 3067 Vers.
364 3042 408 3068 20.
426 3044 452 3067 et
470 3041 499 3067 2l
511 3060 518 3072 ‚
538 3040 636 3074 quibus
653 3040 823 3073 subiungitur
841 3041 859 3066 1.
878 3041 946 3066 Petr.
966 3040 996 3071 4,
1016 3041 1059 3066 18.

239 3085 250 3100 ¹
269 3086 369 3118 Nempe
387 3085 530 3113 ordinaria
550 3085 707 3119 (secundum
726 3085 851 3118 August,
877 3085 961 3111 Serm.
987 3085 1048 3111 115.
1066 3084 1130 3110 alias

168 3130 212 3156 36.
230 3130 265 3156 de
284 3129 378 3156 Verbis
397 3129 518 3161 Domini,
536 3137 560 3156 c.
579 3131 604 3155 2.
623 3137 650 3155 n.
669 3129 716 3163 2.).

240 3173 251 3188 ⁵
271 3174 345 3199 vers.
366 3173 394 3207 4,
413 3177 473 3206 post
497 3180 578 3207 quem
603 3173 648 3200 lob
668 3174 715 3205 20,
739 3174 764 3199 6.
784 3176 810 3199 et
834 3173 860 3199 7.
878 3187 914 3193 -
933 3173 1062 3206 Superius
1080 3180 1129 3205 pro

170 3217 234 3252 quia
252 3217 385 3252 superbus
404 3219 425 3244 Α
436 3217 455 3244 C
466 3218 488 3244 D
506 3225 561 3252 qua
579 3217 723 3252 superbus.

241 3261 252 3277 ⁶
271 3262 347 3288 Vers.
373 3262 414 3288 18.
439 3276 475 3282 -
502 3263 558 3289 Duo
583 3270 659 3296 seqq.
682 3263 730 3288 loci
755 3264 816 3289 sunt
840 3261 886 3288 lob
911 3263 960 3293 22,
985 3262 1028 3288 29.
1052 3265 1078 3288 et
1112 3262 1129 3288 1.

169 3306 237 3332 Petr.
257 3306 289 3337 5,
308 3306 333 3331 6.

241 3349 251 3364 ⁷
271 3349 345 3376 vers.
367 3350 408 3376 42.
432 3352 459 3376 et
476 3350 577 3378 deinde.
590 3351 639 3382 29,
659 3351 702 3378 23.

242 3392 252 3408 ⁸
272 3394 346 3420 Vers.
366 3394 408 3420 ’11.
427 3408 463 3414 -·
481 3394 519 3421 De
538 3395 615 3421 Saule
630 3398 656 3421 et
671 3395 756 3422 David
774 3396 821 3421 cl'r.
840 3395 859 3421 1.
880 3395 946 3427 neg.
970 3394 1013 3426 16,
1033 3394 1057 3420 «l.

278 3446 307 3474 S.
325 3447 431 3474 Bonae).
442 3445 478 3467 -4-
492 3447 571 3474 Tom.
589 3448 643 3475 Vll.

1190 2120 1425 2158 versationeffl,
1438 2122 1469 2152 et
1492 2120 1551 2152 1106
1575 2118 1721 2160 exemplo
1745 2118 1926 2156 infantium,
1947 2117 2001 2159 qui
2026 2117 2151 2150 Christo

1190 2173 1322 2206 fuerunt
1352 2172 1446 2206 oblati
1476 2176 1508 2205 et
1538 2171 1690 2214 acceptati
1722 2171 1761 2203 ab
1786 2170 1853 2212 ipso
1884 2170 1915 2203 in
1948 2170 2073 2212 signum
2096 2179 2152 2212 ap-

1190 2225 1385 2268 probationis
1408 2224 1604 2258 humilitatis.
1630 2224 1661 2256 In
1686 2223 1783 2257 huius
1810 2226 1917 2256 autem
1933 2223 2069 2264 exempli
2095 2231 2152 2255 ex-

1191 2277 1357 2320 plicatione
1396 2277 1538 2319 quinque
1573 2275 1821 2308 introducuntur
1857 2275 1896 2308 ab
1936 2275 2150 2317 Evangelista:

1190 2330 1293 2373 primo
1317 2329 1436 2363 oblatio
1461 2330 1656 2371 importuna
1679 2328 1866 2367 infantium;
1891 2328 2046 2366 secundo,
2075 2337 2151 2360 ear-

1190 2382 1280 2416 nalis
1303 2382 1487 2424 increpatio
1503 2382 1720 2420 offerentium;
1746 2381 1853 2420 tertio,
1879 2380 2019 2423 beniyna
2042 2390 2150 2413 susce-

1188 2436 1258 2479 ptio
1281 2436 1476 2474 oblatorum;
1508 2438 1641 2478 quarto,
1665 2434 1837 2467 iudicialis
1868 2434 2066 2477 approbatio
2091 2434 2151 2467 hu-

1191 2488 1334 2527 milium;
1359 2488 1487 2530 quinto,
1510 2497 1626 2520 severa
1651 2486 1837 2529 reprobatio
1861 2487 2083 2529 superborum.

1264 2727 1275 2743 9
1296 2728 1371 2753 Vers.
1391 2728 1433 2753 11.
1452 2741 1487 2744 -
1505 2726 1614 2751 Inferius
1633 2732 1682 2758 pro
1701 2724 1775 2752 circa
1795 2723 1920 2751 invitatos
1940 2724 1984 2757 (ita
2006 2724 2027 2749 1)
2040 2724 2069 2756 F)
2090 2724 2149 2749 vat.

1193 2779 1253 2798 cum
1274 2772 1330 2798 aliis
1347 2771 1426 2797 codd.
1445 2771 1541 2797 contra
1561 2768 1695 2796 invitatos.

1265 2815 1287 2831 ¹⁰
1306 2816 1444 2847 Bernard.,
1465 2816 1547 2841 Serm.
1568 2815 1610 2840 42.
1630 2814 1655 2839 in
1674 2813 1748 2840 Cant.
1761 2820 1784 2838 n.
1799 2814 1831 2838 6:
1850 2814 1894 2839 Est
1912 2813 2056 2842 humilitas,
2070 2819 2151 2844 quam

1193 2862 1270 2889 nobis
1294 2861 1401 2895 veritus(
1419 2860 1487 2893 parit
1510 2863 1535 2885 et
1559 2866 1610 2885 non
1640 2858 1719 2884 habet
1742 2859 1872 2889 calorem,
1897 2860 1924 2883 et
1947 2861 1985 2883 est
2005 2857 2150 2887 humilitas,

1192 2913 1274 2940 quam
1293 2905 1395 2932 caritas
1415 2906 1508 2930 format
1526 2906 1552 2929 et
1571 2903 1723 2928 inflammat.
1742 2902 1827 2935 Atque
1847 2903 1910 2927 haec
1929 2901 2038 2934 quidem
2064 2900 2087 2925 in
2114 2901 2150 2925 as-

1194 2952 1276 2981 10610,
1295 2950 1335 2975 illa
1356 2950 1380 2975 in
1401 2943 1551 2981 cognitione
1570 2947 1695 2973 consistit.
1714 2936 1815 2972 Etenim
1835 2950 1876 2978 tu,
1895 2946 1915 2972 si
1936 2945 2103 2977 temetipsum
2117 2944 2153 2969 in-

1193 2998 1235 3021 tus
1254 2995 1287 3020 ad
1307 2995 1394 3027 lumen
1420 2992 1537 3019 veritatis
1555 2995 1580 3018 et
1604 2992 1660 3017 siue
1681 2991 1889 3017 dissimulatione
1914 2989 2037 3021 inspicias
2055 2992 2081 3014 et
2096 2989 2153 3014 sine

1194 3037 1504 3071 palpatione-‘diludiceS,
1523 3043 1575 3062 non
1595 3035 1703 3066 dubito,
1722 3035 1786 3068 quin
1805 3034 1948 3060 humiIIer-is
1968 3037 1993 3059 et
2007 3037 2033 3058 tu
2048 3033 2071 3058 in
2092 3039 2156 3059 ocu-

1193 3083 1224 3109 lis
1242 3083 1307 3113 tuis,
1328 3084 1410 3108 sactus
1428 3081 1504 3107 vilior
1523 3079 1570 3106 tibi
1584 3087 1613 3106 ex
1634 3081 1682 3105 hac
1701 3086 1764 3105 vera
1789 3078 1937 3110 cognitione
1957 3077 2007 3108 tui,
2028 3077 2152 3110 quamvis

1194 3127 1307 3154 necdum
1327 3128 1435 3152 sortasse
1453 3125 1481 3151 id
1505 3131 1563 3151 esse
1582 3124 1687 3156 patiaris
1705 3124 1732 3149 in
1757 3123 1839 3149 oculis
1857 3122 1977 3148 aliorum.
1997 3121 2052 3147 Elis
2071 3121 2151 3153 igitur

1194 3171 1315 3202 humilis,
1333 3170 1380 3197 sed
1399 3170 1433 3196 de
1451 3176 1532 3201 opere
1557 3168 1658 3194 interim
1687 3166 1803 3193 veritatis
1827 3171 1853 3192 et
1878 3166 1984 3191 minime
2003 3165 2091 3191 adhuc
2116 3165 2151 3190 de

1193 3216 1292 3242 amoris
1310 3215 1439 3241 infusione
1458 3216 1508 3240 etc.
1527 3212 1578 3240 Csr.
1598 3214 1682 3240 Serui.
1705 3212 1729 3237 4.
1747 3211 1782 3237 de
1803 3211 1925 3237 Adventu
1944 3210 2063 3241 Domini,
2086 3217 2110 3235 n.
2127 3209 2150 3235 5.

1194 3263 1220 3287 et
1238 3260 1322 3286 Serm.
1341 3259 1383 3285 20.
1402 3259 1436 3285 de
1455 3257 1584 3288 Diversis,
1605 3264 1629 3282 n.
1649 3256 1674 3282 5.
1692 3270 1727 3275 —
1744 3255 1851 3281 inferius
1873 3261 1922 3287 pro
1946 3253 2039 3288 infima
2059 3254 2079 3279 ll
2105 3253 2151 3279 hu-
2175 3262 2178 3264 ·

1194 3304 1283 3336 milia,
1303 3304 1363 3330 Vat.
1383 3302 1468 3329 mala.

1266 3348 1287 3363 ¹¹
1306 3347 1358 3374 Csr.
1378 3354 1458 3380 supi-u
1478 3353 1539 3379 pag.
1560 3345 1624 3378 452,
1644 3347 1704 3370 nota
1723 3344 1747 3369 9.

1266 3391 1288 3407 ¹⁹
1307 3392 1376 3418 Vide
1393 3397 1474 3425 supra
1493 3398 1520 3416 11.
1541 3391 1581 3416 13.

2010 3439 2042 3464 58
