2476 3921
775 222 968 256 COMMENT.
995 223 1030 255 ΙΝ
1056 223 1294 257 EVANGEMUM
1320 225 1437 257 LUCAE
1461 226 1492 258 C.
1519 226 1565 258 lx.

268 313 320 345 46.
345 312 450 345 Tertio
474 321 550 345 vero
577 314 731 354 quantum
763 312 800 344 ad
833 312 1045 344 eminentiam
1076 311 1139 344 tom·

1 372 110 425 ,3333ss
115 372 172 420 effi·
180 365 358 408 subiungit:
385 366 424 398 Et
447 365 596 398 ascendit
618 365 654 397 in
679 369 835 403 montem,
852 369 890 397 ut
905 369 1026 397 oraret.
1046 364 1138 397 Mons

0 464 2 479 l

0 493 1 501 l

1 546 2 556 l

1 559 2 571 l

1 573 2 580 l

1 620 2 629 l

0 635 2 643 l

29 1328 155 1351 Notandum.

35 2077 142 2105 Expositio

32 2105 154 2132 spiritualis.

179 428 262 452 enim
286 422 333 452 est
364 419 451 452 locus
482 418 623 451 eminens
645 421 677 450 et
707 428 725 451 a
757 418 892 451 terrenis
920 418 958 450 ad
993 417 1138 450 caelestia

178 474 361 513 porrectus,
384 474 415 504 et
438 470 506 504 ideo
531 470 783 512 contemplationi
799 473 831 503 et
846 470 978 503 orationi
996 469 1136 502 idoneus.

179 525 260 558 Talis
283 528 350 557 erat
375 525 426 558 hic
457 534 565 564 mons;
595 525 679 557 unde
707 524 824 557 dicitur
847 523 991 556 Matthaei
1016 523 1137 556 decimo

178 577 309 619 septimo
323 578 345 617 ¹,
357 577 442 620 quod
464 591 479 606 <x
491 577 585 610 duxit
601 586 654 610 eos
669 578 701 610 in
718 580 854 610 montem
872 576 1034 609 excelsum
1051 584 1137 608 seor-

178 640 247 663 sum
265 644 295 669 »,
322 634 356 663 ut
379 631 497 664 scilicet
528 631 715 673 sequestrati
744 634 848 664 essent
871 639 889 662 a
925 629 1020 662 turba
1054 632 1086 661 et
1119 638 1137 661 a

178 684 321 717 terrenis.
357 684 390 716 Et
426 684 503 717 tales
533 688 608 717 sunt
638 684 751 716 divinis
786 682 1031 716 revelationibus
1053 681 1136 723 apti;

178 737 260 770 unde
284 737 380 770 Exodi
413 737 531 770 tertio2
554 737 670 770 dicitur
703 737 741 769 de
773 738 893 778 Moyse,
917 736 1000 778 quod
1032 749 1047 764 «
1064 744 1136 768 cum

176 790 324 823 minasset
347 799 473 833 gregem
505 790 544 823 ad
575 790 726 823 interiora
760 790 894 829 deserti,
919 790 1004 823 venit
1035 797 1137 831 usque

176 843 214 876 ad
238 847 375 877 montem
399 844 454 877 Dei
479 844 581 877 Horeb
597 858 628 883 ι),
645 844 699 877 ubi
721 844 838 877 scilicet
861 843 1008 886 apparuit
1032 842 1137 875 Domi-

176 906 236 930 nus
253 897 283 929 in
300 897 370 939 igne
388 897 470 930 rubi.
488 897 635 930 Similiter
652 897 683 929 in
701 897 788 939 Legis
805 897 1020 938 susceptione;
1040 895 1136 928 Exodi

176 950 326 992 vigesimo
341 954 470 992 quarto:
493 964 508 979 «
521 950 608 983 Dixit
624 951 777 983 Dominus
792 950 831 983 ad
848 951 987 992 Moysen:
1001 949 1137 982 Ascende

176 1003 214 1036 ad
237 1013 287 1037 me
312 1004 343 1036 in
368 1008 504 1037 montem
529 1008 559 1037 et
576 1007 643 1037 esto
666 1004 727 1043 ibi,
748 1004 893 1046 daboque
917 1004 972 1037 tibi
989 1003 1067 1036 duas
1093 1007 1137 1035 ta-

177 1057 267 1090 bulas
283 1057 419 1099 lapideas
431 1071 460 1090 ».
480 1058 627 1090 Similiter
644 1058 676 1090 in
693 1061 797 1090 terrae
815 1058 985 1099 promissae
1002 1057 1136 1090 circum-

176 1110 368 1152 scriptione,
404 1111 577 1144 secundum
612 1111 689 1144 illud
726 1111 959 1144 Deuteronomii
996 1111 1107 1143 ultimo
1129 1122 1135 1142 :

181 1175 197 1191 «
212 1163 355 1196 Ascendit
379 1164 499 1205 Moyses
521 1163 559 1196 de
576 1164 806 1205 campestribus
830 1164 919 1196 Moab
943 1164 974 1196 in
998 1166 1136 1196 montem

176 1216 277 1256 Neho‚
301 1217 332 1249 in
359 1217 506 1250 verticem
531 1217 667 1259 Phasga,
693 1221 802 1250 contra
826 1217 963 1256 Iericho,
987 1216 1137 1249 ostendit-

175 1279 237 1312 que
260 1271 288 1303 ei
312 1271 464 1303 Dominus
487 1280 612 1303 omnem
637 1275 753 1303 terram
772 1271 884 1303 Galaad
904 1279 1004 1312 usque
1025 1271 1091 1302 Dan
1105 1283 1134 1301 ».

175 1341 217 1348 —
235 1324 282 1356 Ex
299 1324 348 1358 his
365 1324 461 1366 igitur
478 1324 654 1366 colligitur,
672 1324 756 1366 quod
773 1333 863 1357 mons
887 1328 934 1357 est
950 1324 1082 1357 idoneus
1098 1323 1136 1356 ad

174 1377 295 1410 divinas
319 1378 544 1419 apparitiones,
561 1377 785 1410 instructiones
800 1382 832 1410 et
848 1378 1134 1419 contemplationes.

174 1431 260 1464 Unde
284 1431 363 1464 Beda
379 1432 410 1464 in
427 1431 576 1464 Glossa3:
606 1432 667 1463 «ln
685 1435 790 1464 monte
815 1436 966 1464 oraturus
982 1431 1135 1469 ascendit,

175 1487 211 1517 ut
233 1485 362 1523 innuat,
380 1485 454 1526 quia
471 1485 524 1526 qui
549 1484 815 1517 resurrectionem
840 1488 1025 1526 exspectant
1049 1492 1135 1516 men-

176 1541 237 1571 tem
262 1538 292 1570 in
317 1538 450 1571 excelsis
474 1538 597 1571 elevare
621 1542 652 1571 et
676 1538 833 1571 continuis
850 1538 998 1580 precibus
1021 1537 1135 1570 debent

175 1592 319 1625 insistere
335 1605 366 1631 »,
392 1595 422 1624 et
447 1592 506 1624 hoc
530 1592 560 1624 in
587 1596 691 1625 monte
709 1595 839 1634 propter
855 1591 903 1624 sui
921 1591 1135 1630 eminentiam,

175 1644 348 1677 secundum
373 1644 449 1677 illud
466 1645 700 1678 Deuteronomii
719 1645 879 1687 trigesimo
902 1644 1012 1677 tertio:
1044 1658 1058 1672 «
1076 1644 1135 1676 Do-

175 1698 279 1731 minus
302 1698 340 1731 de
364 1698 446 1731 Sinai
471 1699 557 1731 venit
579 1702 611 1731 et
633 1699 672 1731 de
696 1699 762 1731 Seir
786 1703 877 1731 ortus
893 1702 940 1731 est
964 1698 1063 1736 nobis,
1080 1707 1135 1739 ap-

176 1752 280 1793 paruit
303 1752 341 1785 de
367 1755 471 1785 monte
496 1753 616 1784 Pharan
642 1757 672 1785 et
696 1761 768 1785 cum
793 1761 830 1785 eo
858 1753 1044 1785 Sanctorum
1065 1752 1134 1784 mil-

176 1805 224 1837 lia.
252 1806 283 1837 ln
306 1805 438 1838 dextera
462 1805 530 1838 eius
554 1806 644 1847 ignea
668 1806 763 1838 lex».
795 1819 810 1834 «ι
828 1806 863 1838 Et
886 1806 940 1847 qui
964 1806 1134 1847 appropin-

174 1861 273 1900 quant
308 1858 440 1900 pedibus
471 1859 539 1891 eius
566 1858 719 1900 accipient
753 1858 791 1891 de
822 1858 966 1891 doctrina
1001 1859 1133 1897 illius»;

174 1911 282 1954 sicque
298 1915 450 1954 apparent
465 1912 527 1944 tria
542 1912 738 1954 disponentia
754 1912 793 1944 ad
810 1911 948 1944 divinam
966 1912 1134 1954 transfigu-

175 1965 326 1998 rationem
352 1966 445 1998 etiam
469 1965 641 1999 secundum
667 1965 903 2008 intelligentiam
930 1965 1110 1998 litteralem.

263 2019 315 2051 47.
343 2018 571 2061 Spirituatiter
594 2023 699 2052 autem
725 2019 756 2051 in
775 2019 823 2051 his
840 2019 943 2052 tribus
959 2028 1072 2061 magna
1087 2023 1134 2052 est

175 2072 264 2105 valde
288 2072 466 2105 informatio
499 2073 670 2105 volentium
703 2073 882 2115 pertingere
906 2073 943 2105 ad
969 2073 1133 2106 videndam

175 2125 296 2158 Domini
322 2126 629 2168 transfigurationem
656 2135 712 2168 per
736 2126 1006 2168 contemplationis
1029 2135 1135 2159 exces-

174 2188 254 2212 sum.
281 2179 312 2211 ln
336 2189 476 2212 numero
500 2180 584 2213 enim
608 2180 739 2212 dierum
764 2180 893 2222 intelligi
918 2180 1035 2213 dantur
1057 2189 1134 2222 yra-

174 2232 237 2265 dus
261 2233 559 2274 contemplationum
588 2233 825 2266 succedentium
850 2233 926 2271 sibi,
960 2233 1042 2266 sicut
1068 2232 1135 2265 dies

173 2286 311 2319 succedit
327 2286 397 2318 diei.
416 2286 451 2318 Et
482 2287 656 2319 secundum
682 2287 872 2319 Matthaeum
887 2288 901 2305 4
923 2289 1134 2318 numerantur

26 2343 70 2391 δέξει
79 2343 133 2397 {1¹23
136 2345 161 2392 δὲ
173 2348 230 2371 sex
254 2339 323 2371 dies
345 2339 384 2371 ad
408 2339 630 2372 insinuandum
653 2349 711 2372 sex
744 2340 876 2382 yradus
899 2339 1135 2381 contemplatio-

35 2398 160 2427 cs’n‘empla-
175 2401 240 2431 ms,
265 2401 345 2434 quos
368 2393 519 2434 exprimit
547 2393 722 2426 Richardus
746 2394 776 2425 in
802 2393 882 2426 libro
905 2394 944 2426 de
969 2394 1046 2427 Arca
1070 2394 1135 2427 sive

36 2424 106 2446 tionis.

174 2445 212 2478 de
235 2445 500 2487 Contemplatione
513 2446 536 2485 ⁵,
554 2446 598 2479 sic
620 2446 766 2488 inquiens
791 2448 892 2489 primo
917 2447 1015 2486 libro,
1045 2451 1135 2480 sexto

175 2498 329 2540 capitulo:
359 2511 374 2527 α
392 2499 453 2531 Sex
478 2503 551 2531 sunt
568 2500 839 2541 contemplationis
862 2509 978 2542 genera
1006 2511 1024 2533 a
1048 2510 1081 2534 se
1105 2504 1136 2534 et

176 2550 257 2584 inter
282 2560 314 2584 se
338 2552 465 2584 omnino
488 2551 596 2584 divisa.
617 2552 755 2585 Primum
772 2558 820 2586 est
844 2554 879 2586 in
896 2554 1136 2597 imaginatione

246 2726 254 2740 ¹
277 2728 349 2753 vers.
372 2728 394 2753 «1.
414 2727 465 2754 Cfr.
485 2734 565 2759 supra
585 2735 645 2760 pag.
666 2728 731 2761 225,
750 2732 810 2754 nota
831 2729 860 2760 5,
880 2734 906 2755 et
934 2731 1057 2763 Anselm.,
1084 2733 1133 2758 loc.

175 2770 217 2796 cit.
236 2785 271 2790 —
291 2771 417 2803 Superius
437 2779 485 2804 pro
499 2774 645 2807 porrectus
664 2773 685 2798 G
704 2774 817 2799 erectus.

247 2815 258 2832 ²
278 2816 353 2842 Vers.
375 2817 397 2842 l.
419 2819 443 2842 et
463 2818 488 2842 2.
511 2832 542 2836 --
564 2817 622 2843 Duo
642 2825 715 2851 seqq.
736 2818 784 2843 loci
803 2822 864 2844 sunt
882 2819 961 2845 Exod.
983 2819 1030 2851 24,
1051 2821 1097 2852 112,
1110 2824 1136 2846 et

176 2859 251 2885 Deut.
270 2860 312 2891 34,
338 2862 357 2886 l.

246 2902 256 2917 ⁸
277 2904 379 2931 Scilicet
398 2905 540 2933 ordinaria
560 2907 633 2938 apud
651 2908 782 2939 Lyranum
804 2907 828 2933 in
848 2908 911 2934 Luc.
933 2908 964 2940 9,
985 2909 1026 2934 28.
1053 2909 1135 2942 (apud

176 2947 261 2974 Strab.
282 2949 306 2974 in
327 2950 404 2976 Marc.
424 2950 454 2983 9,
478 2950 520 2984 l.),
539 2954 599 2983 post
617 2958 698 2984 quam
724 2952 800 2978 Deut.
829 2952 878 2984 33,
896 2953 921 2978 2.
941 2955 966 2978 et
986 2953 1009 2978 3.
1029 2967 1065 2972 —
1090 2954 1136 2979 Su-

175 2993 265 3025 perius
284 3000 332 3025 pro
352 2993 541 3022 instructiones
560 2996 582 3021 G
601 2995 788 3023 institutiones.

246 3035 257 3050 ⁴
276 3036 340 3070 Cap.
361 3038 409 3072 Π,
430 3040 454 3064 ’1.
476 3038 527 3065 Clr.
547 3046 627 3071 supra
646 3047 672 3066 n.
691 3039 734 3066 tt.

246 3080 257 3095 ⁸
276 3082 338 3108 Sive
356 3082 498 3109 Beniamin
516 3083 621 3117 maior,
644 3085 708 3110 dum
722 3084 796 3116 liber,
808 3085 855 3118 qui
874 3085 928 3117 agit
946 3085 980 3111 de
998 3092 1136 3118 praepara-

176 3126 245 3152 tione
264 3126 345 3153 animi
363 3128 396 3153 ad
416 3128 679 3160 contemplationem,
699 3132 809 3155 vocatur
827 3129 967 3156 Beniamin
992 3129 1082 3156 minor
1111 3134 1136 3157 et

177 3171 279 3203 incipit:
299 3171 434 3198 Beniamin
454 3173 663 3199 adolescentulus
676 3173 701 3199 in
715 3174 810 3200 mentis
823 3181 930 3200 excessu
945 3173 999 3208 [Ps.
1013 3175 1056 3207 67,
1071 3175 1136 3209 28.].

176 3215 248 3241 Prior
267 3218 376 3254 vocatur
394 3217 428 3243 de
446 3224 526 3250 arca,
546 3218 607 3251 quia
627 3224 657 3243 ea
676 3225 745 3250 quae
763 3218 865 3250 Moyses
878 3219 1004 3245 deiarcae
1024 3219 1136 3246 foederis

177 3259 345 3286 fabricatione
363 3264 463 3293 narrat,
482 3262 591 3294 mystice
610 3264 776 3295 exponuntur
795 3262 828 3289 de
854 3263 1081 3296 contemplatione.
1101 3279 1132 3283 —

176 3305 284 3331 lnrerius
302 3312 351 3337 pro
370 3304 492 3339 inquiens
511 3307 531 3332 A
542 3305 592 3333 CD
603 3307 624 3332 H
642 3306 791 3341 inquirens.

248 3347 259 3363 ⁰
277 3350 308 3376 Ut
328 3350 442 3376 insinuat
461 3350 583 3377 Richard.
604 3357 618 3377 a
639 3351 663 3377 S.
685 3351 760 3383 Vict.‚
779 3351 827 3377 loc.
847 3352 891 3378 cit.
909 3359 931 3378 c.
950 3352 977 3378 7.
998 3360 1072 3386 seqq.

248 3391 257 3407 ⁷
280 3394 353 3420 Vers.
374 3394 416 3420 18.
435 3397 460 3420 et
482 3394 522 3420 ¹9.
540 3394 598 3421 Cir:
612 3395 744 3429 Breviloq.
763 3403 795 3428 p.·
810 3397 840 3421 V.
861 3403 884 3422 c.
903 3397 928 3422 6.
949 3397 1018 3423 circa
1040 3397 1135 3429 flnem;

2094 230 2153 263 ⁶23¹

1202 315 1233 344 et
1256 313 1429 345 secundum
1461 314 1566 347 solam
1592 315 1884 358 imaqinationerm
1916 318 2088 350 secundum
2113 321 2160 351 est

1202 364 1238 396 in
1255 365 1495 408 imayinatione
1511 368 1685 400 secundum
1710 370 1893 408 rationem,-
1917 371 2047 403 tertium
2063 374 2110 404 est
2126 371 2162 403 in

1201 418 1331 451 ratione
1354 419 1527 452 secundum
1552 420 1845 462 imayinationem;
1876 427 2025 465 quartum
2059 428 2106 456 est
2130 424 2160 456 in

1202 471 1333 504 ratione
1356 472 1529 505 secundum
1546 474 1730 511 rationem;
1753 475 1899 516 quintum
1917 480 1964 508 est
1979 486 2088 518 supra
2104 487 2161 509 ra-

1203 525 1337 563 tionem,
1355 525 1408 557 sed
1428 535 1494 558 non
1509 530 1642 567 praeter
1658 527 1830 566 rationem;
1848 532 1973 561 sextum
1991 534 2038 562 est
2053 539 2162 572 supra

1202 578 1365 610 rationem
1400 581 1432 610 et
1468 578 1592 611 videtur
1627 588 1695 612 esse
1729 585 1861 621 praeter
1893 582 2055 615 rationem.
2093 583 2161 615 Duo

1201 632 1307 673 itaque
1331 635 1406 664 sunt
1429 632 1460 664 in
1485 631 1723 673 imaginatione,
1746 633 1810 666 duo
1834 634 1864 666 in
1890 636 2027 674 ratione,
2051 636 2114 668 duo
2131 636 2161 668 in

1202 684 1407 726 intelligentia
1423 698 1453 716 1».
1480 704 1523 708 —
1548 686 1650 718 Prima
1672 686 1736 718 duo
1760 690 1835 718 sunt
1858 687 1941 719 circa
1957 689 2161 730 corporalia,

1201 738 1339 770 secunda
1361 738 1425 770 duo
1448 738 1532 771 circa
1554 739 1769 781 spiritualia,
1795 740 1887 772 tertia
1902 740 1965 773 duo
1982 742 2065 774 circa
2081 751 2163 774 sem—

1200 791 1382 833 piternalia
1399 795 1429 824 et
1446 791 1776 834 incomprehensibilia
1788 793 1810 824 ὅ.
1829 812 1871 815 -
1888 794 1965 827 llaec
1982 799 2087 828 autem
2104 804 2161 828 sex
2174 801 2327 823 convenientia

1201 853 1318 886 genera
1341 854 1397 887 per
1418 855 1475 878 sex
1498 845 1568 878 dies
1588 846 1807 888 intelliguntur
1823 850 1854 880 et
1871 856 1927 889 per
1943 857 2000 880 sex
2014 849 2161 891 gradus,

1201 898 1319 940 quibus
1342 899 1570 932 ascendebatur
1594 899 1632 932 ad
1657 900 1829 934 Salomonis
1853 902 2022 941 thronum,
2051 911 2162 935 secun-

1201 952 1277 984 dum
1294 952 1372 984 illud
1390 953 1472 985 tertii
1492 953 1608 995 Regum
1625 953 1746 986 decimo
1759 954 1781 993 ⁷,
1799 954 1883 996 quod
1901 955 2073 996 «Salomon
2091 955 2163 988 fecit

1201 1004 1259 1037 sibi
1284 1005 1434 1037 thronum
1452 1005 1490 1038 de
1507 1006 1601 1038 ebore
1625 1006 1777 1048 grandem
1800 1011 1831 1040 et
1855 1008 1978 1040 vestivit
1994 1017 2066 1041 eum
2084 1017 2163 1041 auro

1201 1056 1287 1089 fulvo
1310 1058 1421 1097 nimis,
1447 1059 1500 1101 qui
1527 1059 1662 1092 habebat
1685 1068 1742 1092 sex
1767 1060 1926 1102 gradus».
1945 1061 1981 1093 Et
2005 1061 2079 1093 huic
2104 1070 2162 1093 nu-

1200 1119 1309 1143 merus
1341 1111 1541 1153 perfectionis
1564 1113 1727 1155 congruit;
1752 1117 1799 1147 est
1823 1114 1905 1146 enim
1930 1115 2074 1147 senarius
2099 1115 2162 1156 pri-

1201 1173 1272 1197 mus
1296 1174 1450 1198 numerus
1475 1165 1696 1208 perfectorum.

1290 1219 1342 1251 48.
1369 1219 1547 1251 Secundum
1573 1223 1678 1252 autem
1705 1220 1817 1252 Lucam
1843 1225 2066 1262 computantur
2091 1226 2160 1254 octo

1200 1271 1278 1303 dies.
1305 1272 1403 1304 Lucas
1426 1272 1509 1304 enim
1533 1273 1596 1314 agit
1612 1273 1651 1305 de
1669 1273 1726 1306 hac
1749 1274 1960 1315 apparitione,
1986 1274 2160 1307 secundum

1200 1325 1282 1366 quod
1308 1325 1461 1367 exprimit
1494 1325 1638 1368 9torianz
1664 1330 1732 1368 post
1765 1328 2046 1366 resurrectionem;
2076 1328 2160 1370 quod

1200 1381 1298 1420 patet,
1323 1379 1399 1421 quia
1422 1379 1490 1411 ibi8
1522 1380 1620 1421 tangit
1650 1389 1802 1412 somnum
1837 1384 1867 1413 et
1899 1381 2160 1423 eutyttationerm

1200 1432 1269 1465 ideo
1293 1433 1431 1465 insinuat
1455 1437 1524 1465 octo
1546 1434 1697 1475 yrattus,
1722 1443 1860 1475 quorum
1889 1438 2007 1476 septem
2032 1438 2106 1467 sunt
2130 1435 2161 1467 in

1202 1486 1266 1525 via,
1291 1490 1422 1519 octavus
1446 1490 1629 1519 reservatur
1653 1487 1684 1519 in
1703 1487 1813 1528 patria.
1833 1487 1875 1519 De
1900 1488 1948 1520 his
1972 1492 2091 1529 septem
2115 1488 2161 1521 di-

1199 1539 1241 1571 cit
1265 1540 1458 1581 Augustinus
1475 1540 1504 1572 in
1524 1540 1604 1572 libro
1619 1539 1657 1572 de
1674 1540 1854 1581 Quantitate
1869 1541 1991 1574 animae
2008 1542 2038 1574 in
2056 1542 2117 1574 fine
2131 1541 2160 1572 ⁹:

1205 1605 1221 1620 «
1237 1592 1503 1631 Ascendentibus,
1524 1592 1644 1635 inquit,
1669 1602 1913 1626 sursumversus
1944 1594 2067 1635 primus
2090 1604 2161 1636 gra-

1199 1645 1259 1678 dus
1289 1646 1418 1679 docendi
1456 1655 1551 1679 causa
1585 1646 1711 1680 dicatur
1755 1647 1946 1684 animatio,·
1981 1647 2161 1686 secundus,

1198 1709 1332 1737 sensus‚·
1350 1700 1477 1738 tertius,
1495 1709 1575 1738 ars;
1591 1704 1744 1742 quartus,
1761 1700 1886 1738 virtus;
1902 1701 2051 1742 quintus,
2069 1706 2161 1733 tran-

1199 1753 1367 1796 quillitas,·
1391 1758 1517 1792 sextus,
1549 1754 1733 1795 inmas-sim
1765 1754 1935 1796 septimus,
1965 1754 2162 1797 contempta-

1199 1807 1243 1838 tio
1260 1818 1293 1843 »,·
1317 1811 1387 1848 post
1412 1815 1473 1839 non
1506 1810 1604 1839 restat
1636 1807 1693 1839 nisi
1720 1807 1815 1839 beata
1847 1807 1948 1845 visio‚·
1965 1811 1996 1840 et
2019 1808 2063 1841 sic
2087 1812 2161 1841 sunt

1198 1859 1264 1892 sere
1287 1863 1358 1892 octo
1373 1860 1449 1892 dies.
1469 1860 1503 1892 Et
1520 1864 1555 1893 ut
1571 1860 1647 1893 dicit
1660 1860 1696 1898 ¹⁰,
1719 1873 1733 1889 «
1751 1860 1875 1902 primus
1892 1865 1939 1893 est
1956 1861 1994 1893 de
2011 1870 2142 1903 corpore
2153 1888 2160 1900 ,

1199 1913 1357 1946 secundus
1377 1923 1438 1955 per
1465 1922 1596 1955 corpus,
1622 1913 1734 1946 tertius
1759 1913 1852 1946 circa
1875 1923 2009 1956 corpus,
2027 1919 2161 1956 quartus

1199 1966 1244 1999 ad
1265 1977 1298 1999 se
1315 1967 1446 2009 ipsam,
1470 1967 1603 2008 quintus
1627 1966 1662 1999 in
1678 1976 1711 1999 se
1727 1966 1822 2009 ipsa,
1840 1970 1952 2000 sextus
1968 1968 2014 2000 ad
2040 1968 2162 2007 Deum,

1199 2021 1351 2062 septimus
1375 2020 1468 2062 apud
1501 2020 1604 2052 Deum
1622 2033 1651 2051 ».
1679 2020 1713 2052 Et
1738 2020 1768 2052 hi
1793 2019 1911 2061 gradus
1942 2030 2004 2053 non
2037 2024 2159 2053 tantum

1197 2075 1306 2107 dicunt
1342 2074 1459 2116 gradus
1493 2073 1782 2115 contemplationis,
1807 2073 1861 2106 sed
1893 2073 2009 2115 quibus
2033 2074 2160 2107 venitur

1198 2127 1237 2160 ad
1261 2127 1565 2169 contemplationem.

1287 2181 1419 2222 Quidam
1443 2184 1566 2219 autem,
1592 2181 1664 2214 licet
1687 2180 1819 2222 simplici
1843 2189 2002 2219 sermone,
2027 2180 2080 2213 sed
2097 2189 2158 2213 non

1198 2235 1345 2273 scientia,
1377 2235 1475 2267 frater
1499 2234 1661 2276 Aegidius,
1686 2243 1781 2276 quem
1806 2233 2059 2276 frequentissime
2090 2234 2159 2276 rapi

1199 2288 1368 2330 probatum
1385 2292 1450 2326 est,
1468 2288 1513 2320 sic
1536 2288 1700 2330 distinguit
1717 2287 1834 2330 gradus
1849 2287 1956 2320 dicens
1971 2289 2010 2319 ¹¹:
2033 2288 2159 2330 Septem

1199 2345 1273 2374 sunt
1297 2341 1414 2383 gradus
1438 2341 1726 2382 contemplationis:
1752 2341 1874 2383 primus
1902 2345 1950 2374 est
1977 2342 2084 2384 iynis;
2112 2350 2159 2374 se-

1199 2394 1322 2427 cundus
1358 2398 1404 2427 est
1440 2394 1573 2431 unctio,-
1600 2394 1715 2426 tertius
1753 2398 1800 2426 est
1827 2394 1984 2432 ecstasis;
2008 2398 2159 2436 quartus,

1199 2448 1445 2490 contemptatio;
1461 2447 1611 2490 quintus,
1626 2452 1764 2490 qustum
1788 2451 1918 2486 sextus,
1943 2448 2091 2491 7·equt‘es,·
2113 2457 2160 2481 se-

1200 2502 1335 2544 ptimus,
1358 2501 1490 2544 9torta;
1523 2504 1592 2543 post
1613 2510 1693 2543 quos
1724 2510 1786 2533 non
1815 2505 1913 2534 restat
1936 2501 1995 2534 nisi
2018 2500 2161 2544 felicitas

1199 2556 1412 2598 sempiterna.
1437 2572 1482 2577 —
1506 2554 1677 2596 llisigitur
1702 2558 1820 2596 septem
1837 2554 1948 2587 diebus
1976 2555 2160 2596 pervenitur

1200 2733 1284 2758 Itiner.
1306 2731 1400 2757 mentis
1414 2731 1439 2757 in
1454 2722 1551 2762 Deum,
1571 2737 1593 2756 c.
1615 2730 1639 2755 l.
1658 2738 1683 2756 n.
1703 2730 1727 2756 5.
1747 2733 1773 2755 et
1792 2736 1815 2755 c.
1834 2729 1860 2755 7.
1873 2737 1898 2755 n.
1918 2731 1939 2755 l.
1951 2743 1986 2748 —-
1999 2729 2036 2755 De
2049 2736 2161 2755 numero

1200 2776 1302 2802 senario
1322 2777 1368 2801 cir.
1388 2782 1468 2807 supra
1488 2781 1512 2800 c.
1537 2787 1555 2800 ι.
1577 2782 1601 2800 n.
1622 2774 1663 2800 ti.
1684 2777 1709 2800 et
1728 2777 1793 2800 tom.
1812 2773 1845 2799 V.
1864 2780 1927 2805 pag.
1947 2774 2007 2805 351,
2026 2777 2086 2799 nota
2105 2773 2130 2798 7.

1271 2819 1282 2834 ³
1302 2821 1377 2846 Vers.
1397 2821 1438 2846 32.

1272 2863 1283 2878 ⁹
1301 2865 1365 2897 Cap.
1386 2865 1427 2890 35.
1449 2871 1473 2890 n.
1491 2863 1541 2894 79,
1561 2863 1606 2889 uhi
1626 2870 1674 2895 pro
1689 2863 1800 2897 primus
1819 2861 1924 2897 gradus
1944 2866 2028 2888 textus
2047 2852 2171 2894 migma?

1201 2910 1231 2935 lis
1251 2912 1277 2935 et
1296 2910 1355 2935 Vat.
1370 2908 1479 2943 prim-us
1499 2910 1591 2940 actus,
1611 2908 1665 2934 scil.
1686 2908 1798 2933 animae.

1272 2951 1295 2967 ¹⁰
1315 2954 1376 2979 Loc.
1397 2954 1439 2979 cit.
1459 2960 1507 2986 pro
1527 2952 1563 2979 ad
1581 2960 1609 2979 se
1628 2952 1715 2986 ipsam
1735 2955 1760 2978 et
1774 2952 1802 2978 in
1815 2959 1843 2979 se
1856 2952 1929 2987 ipsa,
1947 2952 2001 2978 scil.
2015 2952 2102 2977 anima
2117 2952 2162 2984 (ita

1201 3002 1284 3024 textus
1303 2998 1462 3032 originalis),
1483 2998 1562 3025 codd.
1581 2997 1618 3024 ad
1635 3005 1664 3024 se
1682 2997 1772 3032 ipsum
1791 3001 1816 3023 et
1835 2996 1863 3024 in
1876 3005 1904 3024 se
1916 2997 1989 3032 ipso,
2011 2998 2068 3023 vat.
2088 2996 2115 3023 in
2135 3003 2163 3023 se

1200 3042 1303 3077 ipsam,
1323 3050 1392 3076 quae
1412 3043 1490 3069 etiam
1511 3043 1620 3068 inferius
1640 3049 1688 3074 pro
1707 3041 1800 3069 dicunt
1818 3041 1952 3068 substituit
1971 3041 2108 3068 dicuntur.

1272 3086 1292 3101 ¹¹
1313 3087 1456 3119 Wadding.
1476 3088 1503 3113 ll.
1523 3088 1612 3113 Annal.
1632 3087 1722 3112 Minor.
1742 3085 1774 3112 ad
1795 3093 1892 3111 annum
1913 3086 1991 3111 ⁴262.
2005 3092 2031 3111 n.
2045 3086 2093 3111 23:
2107 3086 2162 3116 Ego

1200 3139 1264 3158 vero
1284 3131 1380 3165 (inquit
1398 3132 1450 3158 Leo
1469 3132 1495 3157 in
1515 3138 1563 3157 sua
1591 3130 1724 3163 Legenda)
1746 3131 1855 3162 timens,
1875 3130 2008 3156 hominem
2034 3128 2101 3163 [scil.
2121 3129 2162 3154 Fr.

1200 3176 1365 3209 Aegidiuml,
1379 3183 1439 3202 cum
1454 3183 1508 3209 quo
1527 3183 1631 3202 summe
1644 3174 1828 3201 desiderabam
1843 3175 1947 3206 longius
1959 3174 2043 3206 loqui,
2056 3176 2161 3205 raptum

1201 3220 1245 3254 iri,
1264 3221 1285 3246 si
1304 3221 1436 3254 quidquid
1456 3221 1490 3247 de
1509 3218 1787 3253 contemplationibus,
1807 3223 1852 3245 aut
1871 3218 1951 3244 rebus
1970 3218 2067 3244 divinis
2086 3217 2161 3243 dixis·

1200 3272 1271 3296 sem,
1284 3265 1358 3296 flnxi,
1374 3272 1415 3290 me
1434 3265 1539 3296 longius
1557 3265 1609 3297 ire,
1628 3267 1654 3290 et
1667 3263 1782 3289 breviter
1794 3263 1861 3289 dixi:
1880 3263 1951 3288 Multi
1963 3262 2043 3288 multa
2056 3262 2160 3292 dicunt3

1200 3312 1226 3336 et
1244 3309 1350 3342 rogavi,
1366 3312 1393 3335 ut
1406 3309 1468 3342 quid
1490 3309 1547 3341 ipse
1566 3308 1684 3339 sentiret,
1704 3308 1767 3333 mihi
1786 3307 1906 3340 aperiret.
1920 3306 2085 3339 Compendio
2096 3305 2162 3331 dixit

1200 3354 1303 3386 vulgari
1326 3357 1352 3380 et
1379 3353 1491 3386 simplici
1515 3353 1633 3386 loquela:
1662 3353 1744 3385 ignis,
1773 3352 1875 3382 unctio,
1901 3351 2021 3382 ecstasis,
2044 3353 2162 3376 contem-

1200 3397 1293 3430 platio,
1312 3400 1417 3430 gustus,
1437 3397 1557 3430 requies,
1576 3396 1667 3428 gloria.

2195 828 2257 849 huius
2270 834 2310 859 nu—

2222 861 2283 877 meri.

2194 1227 2225 1249 Do
2238 1234 2326 1249 nurnero

2179 1257 2226 1276 octo
2243 1255 2325 1276 dierum

2179 1283 2200 1302 et
2215 1281 2325 1308 graduum.

2178 2186 2252 2207 Frater
2267 2187 2309 2207 Ae-

2194 2212 2272 2239 gidius.
