2476 3921
137 534 206 554 Causa
213 533 291 559 triplex

177 559 250 580 nendi.

303 277 367 309 574

301 366 362 399 mei
386 365 516 408 perditi,
542 364 690 407 quoniam
714 362 846 396 invaluit
870 362 1059 395 inimicus».
1084 362 1181 394 Secus
1204 370 1261 393 au-

303 423 365 452 tem
389 422 436 452 est
459 419 497 451 de
520 418 590 451 aliis
613 417 751 456 Sanctis,
775 421 811 449 111
834 416 873 449 (10
898 416 989 449 Petro
1012 419 1043 448 et
1067 415 1180 454 Paulo,
1205 413 1260 456 qui

302 472 419 505 mortui
443 475 518 505 sunt
540 471 578 504 ad
602 470 779 513 profectum
804 469 931 502 virtutis
962 472 993 502 et
1017 469 1153 511 palmam
1178 476 1261 500 mar-

304 526 376 567 tyrii
393 524 603 558 obtinendam.
617 524 704 556 Flere
721 533 796 565 ergo
812 523 921 555 omnis
939 521 1154 555 Christianus
1169 520 1262 553 debet

303 587 399 620 super
423 587 456 610 se
479 580 511 610 et
535 578 673 609 humano
696 585 826 618 genere,
850 575 925 618 quia
949 584 1056 609 causa
1071 573 1139 617 fuit
1162 573 1262 606 inter-

302 630 455 674 fectionis
480 630 614 663 Domini
635 630 700 662 sui.
727 629 796 662 Ideo
822 628 969 661 Ieremiae
1001 628 1126 660 n0n0¹:
1157 625 1263 667 «Quis

303 685 389 717 dabit
412 684 505 726 capiti
530 692 600 716 meo
624 691 739 725 aquam
771 685 802 715 et
825 681 926 714 oculis
957 681 1035 713 meis
1066 680 1183 712 fontem
1219 679 1263 710 la-

303 740 503 780 crymarum?
528 737 564 769 Et
586 736 716 778 plorabo
740 734 919 767 interfectos
936 733 1017 766 filiae
1034 732 1141 775 populi
1158 731 1218 764 mei
1230 744 1261 763 n.

305 791 349 823 Ex
375 791 471 823 huius
493 790 604 822 mortis
619 788 792 831 spiritualis
809 786 1033 820 memoratione
1049 785 1188 818 flendum
1205 788 1263 823 est,

304 843 456 886 quamdiu
480 851 591 876 sumus
607 842 638 874 in
662 841 816 883 Babylone
841 843 989 881 tanquam
1007 839 1038 871 in
1059 838 1139 871 valle
1163 838 1263 879 lacry-

303 906 428 929 marum
454 899 485 929 et
508 896 658 934 ssetuum;
676 894 760 927 unde
775 893 917 926 Psalmus
930 893 959 924 2;
983 905 998 921 ιε
1015 893 1116 933 Super
1132 890 1264 923 flumina

304 950 468 991 Babylonis
491 949 554 981 11110
578 948 716 981 sedimus
740 950 771 979 et
794 946 956 984 flevimus,
981 945 1056 977 dum
1081 944 1263 977 recordare-

303 1013 376 1035 mur
394 1003 455 1041 tui,
472 1003 543 1034 Sion
561 1015 591 1033 ».
617 1001 704 1033 Flere
727 1000 821 1033 etiam
845 999 936 1032 debet
961 998 1087 1036 omnis,
1105 998 1179 1040 quia
1196 1001 1264 1029 tan-

304 1060 367 1088 tam
391 1059 422 1088 et
448 1059 509 1087 tam
533 1054 668 1087 nobilem
691 1053 845 1095 pietatem
868 1062 934 1084 non
951 1054 1162 1093 recoynoscat
1179 1049 1264 1082 mut-

305 1108 409 1140 titudo
441 1107 635 1144 hominum
662 1106 863 1138 Threnorum
898 1104 1079 1137 secundo³z
1122 1102 1262 1136 «Deduc

304 1161 393 1203 quasi
419 1164 592 1192 torrentem
618 1160 772 1200 lacrymas
796 1167 852 1200 per
875 1157 957 1190 diem
981 1160 1013 1190 et
1037 1160 1178 1195 noctem,
1200 1165 1263 1188 non

303 1213 358 1246 des
382 1213 523 1254 requiem
548 1212 603 1244 tibi
621 1225 650 1243 n.
677 1211 763 1243 Flere
787 1210 881 1243 etiam
904 1210 1014 1248 debet,
1039 1209 1114 1251 quia
1137 1218 1179 1242 ex
1203 1209 1264 1241 hoc

302 1269 536 1309 praeparatur
570 1264 615 1297 ad
650 1267 821 1296 aeternam
855 1262 1100 1300 calamitatem;
1133 1265 1263 1304 propter

304 1320 387 1362 quod
413 1328 509 1361 super
533 1327 586 1350 005
610 1317 696 1350 flevit
728 1317 830 1355 Iesus;
855 1325 953 1358 supra
983 1316 1105 1349 decimo
1134 1315 1263 1348 1101104.-

310 1386 324 1401 «
340 1372 456 1405 Videns
479 1371 654 1410 civitatem,
678 1370 765 1403 flevit
788 1379 884 1412 super
908 1370 1011 1408 illam,
1035 1369 1160 1402 dicens:
1185 1369 1265 1410 Quia

304 1426 329 1459 si
353 1425 551 1468 cognovisses
574 1427 606 1457 et
630 1428 665 1456 tu
681 1436 712 1463 »;
730 1427 761 1456 et
777 1424 977 1456 Threnorum
994 1422 1151 1455 secundo:
1174 1435 1190 1451 «
1203 1422 1262 1454 De-

304 1479 447 1512 fecerant
471 1486 546 1520 prae
570 1477 717 1519 lacrymis
747 1477 830 1510 oculi
862 1476 942 1515 mei,
972 1476 1160 1509 conturbata
1190 1478 1266 1508 sunt

304 1532 425 1564 viscera
448 1539 534 1568 niea;
559 1530 694 1563 effusum
718 1529 813 1562 estin
838 1532 924 1562 terra
940 1528 1028 1561 iecur
1045 1537 1151 1561 meum
1168 1537 1265 1570 super

304 1584 492 1617 contritione
516 1583 598 1616 filiae
620 1582 727 1624 populi
753 1582 813 1615 mei
832 1596 861 1614 n.

394 1637 446 1670 34.
472 1637 573 1679 (Vers.
599 1637 676 1677 29).
701 1636 821 1677 Quarto
840 1638 996 1677 quantum
1011 1635 1049 1668 ad
1065 1634 1265 1677 praedictio-

141 1694 378 1724 Praefficfim-ncm
412 1690 656 1723 imminentium
691 1689 923 1722 calamitatum
960 1688 1140 1729 subiungit:
1179 1688 1265 1729 Quo-

156 1721 284 1742 101111101οω-

208 2170 284 2192 Aliter.

156 2594 187 2616 De
201 2595 285 2622 appari-

141 2621 198 2643 tione
206 2622 291 2643 iudicis.

304 1744 400 1777 niam
423 1753 509 1782 ecce,
533 1743 659 1775 venient
682 1742 772 1780 dies,
797 1742 832 1774 in
856 1741 977 1784 quibus
1001 1741 1107 1773 dicent
1121 1741 1153 1773 ⁵:
1180 1742 1264 1774 Bea-

306 1801 357 1829 tae
373 1796 499 1828 steriles
523 1800 550 1827 et
574 1799 715 1832 ventres,
733 1794 792 1837 qui
807 1804 873 1826 non
887 1797 1086 1836 yenuerunt,
1103 1797 1133 1825 et
1149 1793 1264 1832 ubera,

306 1859 390 1893 quae
413 1858 479 1880 non
504 1847 721 1880 lactaverunt.
748 1846 783 1878 Et
808 1847 867 1878 hoc
891 1849 994 1888 potest
1019 1846 1131 1879 referri
1156 1846 1195 1878 ad
1211 1846 1265 1878 de-

305 1902 519 1934 structionem
544 1899 744 1938 Ierusalem,
770 1899 891 1931 ratione
926 1899 1018 1931 cuius
1050 1898 1266 1940 praemittitur

306 1964 403 1997 supra
425 1953 575 1996 vigesimo
598 1952 739 1995 primo⁶:
771 1965 786 1981 α
803 1952 866 1984 Vae
888 1951 1136 1994 praegnantibus
1159 1955 1191 1984 et
1206 1961 1266 1984 nu-

306 2007 474 2040 trientibus
497 2007 529 2039 in
553 2006 614 2039 illis
637 2005 792 2038 diebus»!
818 2008 849 2038 et
872 2004 988 2037 iterum
1024 2004 1133 2037 eodem
1166 2004 1265 2037 infra:

311 2073 326 2089 «
344 2061 408 2093 Ε111
432 2068 581 2102 pressura
604 2062 635 2092 et
658 2059 705 2091 ira
729 2067 842 2100 magna
857 2058 974 2100 populo
990 2057 1082 2097 huic,
1100 2061 1131 2090 et
1155 2057 1266 2091 cadent

305 2114 336 2146 in
359 2122 414 2146 ore
437 2113 530 2155 gladii
554 2116 585 2145 et
609 2111 723 2154 captivi
747 2111 906 2145 ducentur
922 2111 955 2144 in
975 2120 1084 2144 omnes
1111 2115 1263 2153 gentes».

304 2186 349 2190 —-
365 2167 420 2199 Vel
437 2166 548 2199 melius
565 2165 704 2199 refertur
720 2165 759 2198 ad
776 2165 941 2198 iudicium
963 2164 1083 2207 finale,
1108 2173 1149 2198 ex
1173 2165 1265 2199 cuius

305 2220 552 2252 consideratione
582 2219 674 2252 debet
706 2219 801 2251 homo
832 2218 910 2251 flere
933 2227 1033 2263 super
1055 2226 1089 2252 se
1112 2221 1144 2251 et
1167 2227 1264 2260 super

304 2273 380 2306 alios
402 2277 596 2315 peccatores,
628 2282 667 2305 ne
702 2275 845 2314 oporteat
880 2272 1030 2314 plangere
1062 2271 1094 2304 in
1125 2271 1264 2305 adventu

304 2327 420 2369 ipsius,
445 2326 619 2359 secundum
642 2325 720 2358 illud
751 2325 896 2358 Matthaei
929 2325 1081 2367 vigesimo
1104 2325 1276 2367 quarto⁷:·

309 2392 324 2408 «
341 2378 508 2421 Apparebit
531 2378 656 2420 signum
681 2377 746 2410 Filii
772 2377 908 2410 hominis
936 2377 968 2410 in
1004 2378 1107 2417 caelo,
1132 2381 1163 2411 et
1187 2380 1263 2410 tunc

304 2433 451 2474 plangent
474 2440 582 2464 omnes
606 2431 709 2463 tribus
733 2434 838 2463 terrae
862 2434 893 2463 et
910 2430 1061 2464 videbunt
1077 2430 1188 2463 Filium
1206 2431 1263 2463 ho-

304 2485 397 2517 minis
421 2485 579 2517 sedentem
597 2497 612 2512 »
641 2487 699 2516 010.
1292 2487 1296 2539 Ι

394 2537 445 2570 35.
471 2537 571 2578 (Vers.
597 2536 674 2578 30.).
702 2536 737 2569 Et
760 2536 835 2569 huic
863 2536 1035 2569 intellectui
1066 2536 1166 2578 magis
1189 2545 1262 2570 con—

304 2593 393 2624 sonat
424 2589 508 2632 quod
531 2589 694 2631 sequitur:
727 2589 819 2621 Tunc
843 2589 1000 2631 incipient
1028 2589 1136 2622 dicere
1170 2599 1262 2622 mon-

305 2642 409 2675 tibus:
437 2643 550 2675 Cadite
572 2650 675 2684 super
698 2651 778 2679 nos;
801 2645 830 2673 et
854 2641 1008 2674 collibus:
1037 2642 1167 2684 Operite
1190 2652 1260 2675 nos.

304 2696 366 2729 Hoc
389 2696 450 2728 erit
473 2696 504 2728 in
529 2695 722 2737 apparitione
746 2694 875 2733 iudicis,
900 2694 1073 2727 secundum
1090 2695 1167 2727 illud
1184 2695 1262 2737 Apo-

377 2860 384 2874 ¹
402 2860 475 2885 Vers.
498 2861 517 2884 1.
535 2873 569 2878 -
589 2859 716 2891 Superius
736 2866 784 2890 pro
803 2858 882 2885 Flere
907 2865 971 2892 erqo
997 2858 1077 2885 ACD
1096 2859 1174 2885 Flere
1192 2858 1263 2885 simi-

304 2904 364 2931 liter
384 2903 475 2937 igitur.

376 2948 385 2962 ²
407 2949 500 2973 l‘salm.
525 2948 570 2973 136
583 2967 589 2979 ,
610 2948 634 2973 i.
653 2961 687 2967 —
701 2947 829 2979 Superius
843 2955 891 2979 pro
905 2946 1057 2981 spiritualis
1072 2948 1129 2973 Vat.
1143 2947 1261 2981 speciali.

375 2990 385 3006 ³
405 2993 480 3018 Vers.
500 2993 541 3018 18.
555 3006 590 3011 —-
603 2994 687 3024 Supra
707 2993 727 3018 Α
739 2992 790 3018 CD
809 2992 931 3018 omittunt
949 2991 1092 3018 multitudo
1112 2991 1261 3018 hominum.

374 3036 385 3051 ⁴
406 3038 488 3063 Vcrs:
501 3036 541 3062 ΔΙ,
562 3044 618 3070 seq.
637 3040 662 3062 et
681 3037 776 3062 deinde
796 3037 893 3062 Thren.
914 3038 944 3067 2,
960 3037 1000 3062 11.
1014 3050 1049 3055 -
1063 3037 1190 3068 Superius
1203 3040 1262 3069 post

304 3081 383 3108 Flere
402 3081 482 3107 etiam
501 3081 519 3107 C
533 3082 582 3106 DG
602 3081 725 3107 omittunt
743 3080 823 3108 debet.

377 3125 386 3140 ⁶
405 3125 489 3152 Codd.
507 3125 526 3151 C
538 3126 558 3151 D
578 3125 690 3152 dicetur.

374 3168 385 3184 ⁰
405 3170 479 3195 Vers.
500 3171 542 3195 23.
569 3170 593 3195 in
613 3170 756 3202 principio,
772 3170 890 3203 sequitur
902 3169 1015 3195 subinde
1028 3170 1107 3195 altera
1121 3176 1183 3201 psrs
1195 3169 1262 3195 eius-

303 3214 363 3240 dem
384 3221 409 3239 V.
431 3214 472 3239 23.
492 3217 518 3239 et
536 3221 562 3239 V.
583 3213 624 3239 24.
644 3227 679 3233 -
698 3214 788 3239 Glossn
807 3212 950 3239 ordinaria
970 3213 1010 3246 (ex
1024 3213 1120 3246 Beda):
1135 3213 1202 3239 Ecce
1221 3219 1260 3239 ve-

303 3257 377 3284 nient
394 3257 465 3289 dies,·
484 3258 541 3283 dies
561 3258 693 3283 Romanae
712 3257 857 3283 obsidionis
876 3260 901 3283 et
919 3257 1077 3289 captivitatis
1096 3260 1145 3283 etc.

375 3301 384 3316 ⁷
407 3303 478 3328 Vers.
499 3302 541 3327 30.
779 3300 790 3316 ⁸
810 3302 886 3327 Vers.
909 3301 993 3327 15-17.
1012 3300 1062 3327 Csr.
1082 3300 1149 3327 Osee
1169 3301 1214 3333 40,
1235 3302 1260 3326 8.

374 3345 385 3359 ⁹
406 3346 479 3371 Vers.
499 3346 548 3371 21:
568 3346 602 3372 Et
620 3345 786 3379 inm-edietur
807 3344 912 3379 [homo]
930 3345 1066 3372 scissuras
1085 3348 1134 3371 etc.

375 3389 397 3403 ¹0
415 3390 479 3416 Cod.
498 3390 519 3415 H
539 3389 569 3422 (C
588 3397 603 3415 a
621 3390 736 3416 secunda
756 3390 862 3423 munu):
883 3389 948 3423 quid
965 3389 1009 3424 fiet
1027 3388 1059 3416 de
1077 3390 1200 3421 mortua,
1220 3388 1260 3416 in-

303 3434 445 3467 fructuosa
464 3435 489 3460 et
507 3434 636 3467 spinosa?

870 273 1063 306 COMMENT.
1089 273 1126 305 IN
1152 271 1388 305 EVANGELIUM
1412 270 1529 304 LUCAE
1552 270 1584 302 C.
1609 269 1708 302 XXIII.

1325 359 1459 401 calypsis
1482 358 1613 392 sextoss:
1645 371 1660 387 «
1676 357 1913 391 Absconderunt
1944 366 1978 390 se
2013 356 2044 389 in
2073 356 2230 399 speluncis
2253 360 2284 390 et

1326 413 1357 445 in
1381 412 1479 454 petris
1502 411 1655 445 montium
1680 414 1712 444 et
1734 410 1843 443 dicunt
1866 410 2026 443 montibus
2050 413 2081 443 et
2096 410 2212 452 petris:
2228 410 2284 442 Ca-

1325 465 1388 498 dite
1412 474 1508 507 super
1542 474 1599 497 nos
1630 467 1661 497 et
1692 463 1873 497 abscondite
1907 472 1965 496 nos
1996 472 2014 495 a
2045 462 2122 495 facie
2150 462 2286 495 sedentis

1326 527 1422 560 super
1447 518 1598 550 thronum
1621 520 1653 549 et
1675 516 1715 549 ab
1738 516 1786 548 ira
1809 515 1903 558 Agni,
1927 515 2075 557 quoniam
2111 516 2197 548 venit
2219 515 2286 548 dies

1325 580 1459 613 magnus
1483 571 1548 603 irae
1572 570 1713 612 ipsorum
1728 583 1759 601 n.
1779 569 1814 601 Et
1830 569 1975 602 similiter
1993 568 2087 602 Isaiae
2103 568 2241 602 secundo
2254 568 2285 600 ⁹:

1332 624 1578 666 «Ingredientur
1602 623 1756 656 scissuras
1780 625 1945 664 petrarum
1969 625 2000 655 et
2024 630 2176 655 cavernas
2192 630 2286 654 saxo-

1328 686 1400 710 rum
1423 686 1442 710 a
1465 677 1543 710 facie
1565 676 1741 709 formidinis
1765 675 1887 708 Domini
1904 678 1936 708 et
1959 684 1977 708 a
2000 675 2100 717 gloria
2115 675 2286 708 maiestatis

1327 731 1413 770 01115,
1437 739 1510 763 011111
1534 730 1713 763 surrexerit
1736 732 1905 772 percutere
1929 732 2046 761 terram
2064 742 2080 757 n
2108 732 2167 761 010.

1417 784 1470 816 36.
1495 784 1595 825 (Vers.
1622 784 1698 824 31.).
1724 783 1813 825 Quod
1836 786 1943 815 autem
1967 782 2045 815 tales
2068 782 2134 815 dies
2150 782 2287 815 horribi-

1328 837 1373 869 les
1395 836 1598 878 exspectandi
1629 837 1691 869 sint
1726 835 1941 868 indubitanter
1973 838 2005 868 et
2034 834 2222 868 formidandi
2257 838 2288 868 et

1327 898 1384 931 per
1408 889 1518 922 fletum
1542 889 1781 932 praeveniendi,
1805 888 1941 922 ostendit
1975 897 2016 921 ex
2041 888 2288 922 consideratione

1327 952 1403 975 suae
1427 943 1597 985 passionis,
1614 952 1687 976 cum
1704 942 1828 975 subdit:
1855 942 1955 983 Quia,
1979 941 2012 974 si
2026 941 2062 974 in
2078 941 2184 974 viridi
2199 941 2288 984 liyno

1327 994 1407 1028 liaeo
1430 994 1581 1037 faciunt,
1605 996 1641 1028 in
1676 995 1775 1028 arido
1804 995 1886 1039 quid
1920 994 1998 1037 fiet?
2022 994 2112 1037 quasi
2136 994 2236 1027 dicat:
2262 995 2287 1028 si

1328 1049 1501 1081 succiditur
1524 1049 1620 1082 arbor
1645 1049 1714 1082 viva
1737 1052 1768 1081 et
1791 1048 1954 1081 fructuosa
1977 1051 2008 1081 et
2033 1048 2188 1090 speciosa,
2211 1048 2288 1091 qnid

1327 1110 1403 1143 ergo
1427 1101 1480 1134 fiet
1503 1101 1541 1134 de
1564 1101 1652 1134 arida
1668 1105 1699 1134 et
1716 1101 1911 1135 infructuosa
1925 1102 1975 1133 ¹⁰?
2000 1101 2052 1134 Est
2075 1104 2181 1141 autem
2197 1094 2288 1134 Chri-

1328 1160 1397 1187 stus
1421 1154 1548 1197 tiynum
1573 1154 1698 1193 viride,
1724 1155 1799 1197 qnia
1822 1155 1956 1193 vivum‚·
1988 1154 2073 1187 unde
2104 1154 2288 1188 Proverbio-

1329 1217 1401 1240 rum
1428 1207 1520 1240 tertio
1534 1209 1577 1240 1¹:
1608 1221 1623 1236 «
1640 1208 1770 1250 Lignum
1796 1208 1878 1241 vitae
1901 1211 1948 1241 est
1969 1208 2019 1240 his
2040 1207 2094 1250 qui
2111 1208 2288 1250 apprehen-

1327 1260 1445 1293 derunt
1468 1269 1535 1293 eam
1554 1274 1585 1300 n,
1609 1261 1725 1294 dicitur
1748 1261 1787 1294 de
1804 1261 1974 1303 Sapientia3
1992 1264 2023 1294 et
2050 1261 2120 1294 ideo
2146 1261 2289 1303 designa-

1329 1316 1382 1346 tur
1418 1323 1474 1356 per
1506 1314 1635 1356 tignum
1663 1315 1768 1353 vitae,
1800 1314 1839 1347 de
1871 1323 1935 1356 quo
1969 1313 2098 1347 Genesis
2132 1314 2287 1347 secundo:

1333 1367 1519 1399 «Produxit
1542 1368 1627 1400 Deus
1661 1367 1700 1400 de
1731 1367 1830 1400 humo
1864 1376 1957 1400 omne
1988 1367 2109 1409 lignum
2140 1367 2289 1409 pulcrum

1328 1420 1399 1453 visu
1422 1424 1453 1453 01
1476 1420 1516 1453 ad
1539 1420 1728 1453 vescendum
1746 1429 1843 1454 suave
1867 1424 1898 1453 et
1921 1420 2040 1462 lignum
2065 1420 2147 1453 vitae
2168 1421 2200 1453 in
2223 1429 2289 1453 me-

1327 1473 1379 1506 dio
1402 1473 1585 1515 paradisi».
1610 1473 1690 1514 Quia
1713 1473 1807 1506 etiam
1829 1471 2065 1515 fructuosum;
2089 1473 2289 1516 Apocalypsis

1328 1527 1479 1569 vigesimo
1498 1526 1636 1559 secundo
1649 1527 1694 1559 ¹2:
1725 1540 1741 1555 «
1756 1526 1803 1558 Ex
1826 1530 1963 1568 utraque
1986 1529 2076 1568 parte
2092 1526 2232 1560 fluminis
2253 1527 2290 1560 li-

1328 1589 1425 1622 gnum
1449 1580 1532 1613 vitae
1555 1580 1689 1613 afferens
1720 1580 1844 1613 fructus
1875 1580 2059 1619 duodecim,
2084 1589 2141 1622 per
2165 1589 2290 1614 menses

1328 1633 1469 1675 singulos
1492 1632 1626 1666 reddens
1650 1633 1792 1666 fructum
1816 1642 1911 1666 suurn
1928 1646 1958 1665 ».
1984 1633 2065 1675 Quia
2080 1633 2290 1671 virtuosum,-

1328 1686 1528 1728 Apocalypsis
1552 1685 1701 1728 vigesimo
1725 1685 1863 1718 secundo
1878 1686 1921 1718 ¹³:
1951 1698 1967 1714 «
1984 1686 2067 1719 Folia
2090 1686 2165 1729 ligni
2186 1686 2225 1719 ad
2241 1695 2290 1719 sa-

2313 785 2435 810 ostenditur

2315 813 2429 836 considera·

2307 840 2365 862 tione
2386 846 2429 862 suat

2319 866 2429 895 passionis.

2306 1113 2402 1135 Christus
2412 1113 2427 1135 li

2312 1146 2376 1167 gnum
2389 1140 2427 1161 viri

2313 1168 2363 1188 dum
2378 1166 2405 1188 oh
2418 1167 2427 1188 3

2323 1193 2423 1215 rationes.

1329 1739 1459 1772 nitatem
1483 1739 1625 1781 gentium
1641 1752 1656 1767 n
1679 1742 1737 1771 etc.
1755 1756 1797 1762 —
1815 1739 1948 1771 Econtra
1965 1739 2059 1771 homo
2080 1743 2225 1781 peccator
2242 1742 2289 1772 est
2303 1750 2423 1772 Peccator}

1330 1791 1459 1834 lignum
1483 1792 1637 1830 aridum,
1662 1792 1737 1834 quia
1772 1795 1859 1824 caret
1892 1792 1964 1824 vita
1994 1792 2147 1835 gratiae,
2171 1783 2311 1835 fructu⁸

1329 1844 1478 1877 iustitiae
1500 1847 1532 1877 et
1553 1844 1675 1877 virtute
1699 1844 1904 1877 constantiae
1911 1856 1923 1883 ‚·
1940 1848 2070 1887 propter
2086 1845 2170 1887 quod
2187 1845 2291 1879 Eccle-

1330 1898 1444 1931 siastici
1475 1901 1566 1930 sexto
1580 1898 1608 1917 ¹4
1629 1898 1745 1930 dicitur
1768 1897 1944 1939 peccatori:
1974 1911 1989 1926 α
2006 1898 2072 1931 Νο11
2104 1901 2135 1931 10
2158 1899 2291 1933 extollas

1330 1951 1362 1983 in
1385 1950 1571 1992 cogitatione
1594 1950 1716 1983 animae
1740 1954 1830 1990 tuae,
1854 1960 1894 1983 ne
1925 1951 2006 1984 forte
2029 1951 2165 1984 elidatur
2188 1952 2290 1985 virtus

1330 2008 1385 2038 tua
1409 2013 1464 2046 per
1488 2003 1674 2042 stultitiam,
1700 2007 1731 2037 et
1753 2004 1826 2036 solia
1859 2007 1913 2036 tua
1947 2004 2088 2037 comedat
2112 2008 2143 2038 et
2166 2005 2291 2039 fructus

1330 2061 1402 2091 tuos
1426 2057 1551 2100 perdat,
1576 2061 1607 2090 et
1630 2057 1821 2100 relinquaris
1845 2057 1931 2090 velut
1956 2057 2076 2099 lignum
2104 2058 2229 2091 aridum
2257 2059 2290 2092 in

1329 2120 1435 2145 eremo
1452 2125 1482 2143 ι).
1508 2111 1538 2143 81
1562 2120 1638 2153 ergo
1668 2119 1812 2143 summus
1835 2111 1991 2153 plantator
2015 2110 2173 2153 lignorum
2197 2121 2289 2154 para-

1328 2165 1387 2198 disi
1410 2168 1540 2207 propter
1565 2167 1728 2206 peccatum
1753 2163 1802 2205 sic,
1813 2163 1976 2197 crudelem
1992 2167 2126 2197 mortem
2144 2165 2288 2207 permisit

1329 2218 1392 2261 pati
1416 2218 1537 2260 lignum
1560 2218 1642 2250 vitae
1665 2220 1696 2250 et
1719 2217 1904 2260 voluptatis,
1929 2217 2006 2260 quid
2035 2226 2111 2260 ergo
2134 2218 2226 2251 faciet
2249 2218 2287 2252 de

1328 2272 1420 2314 lignis
1443 2271 1539 2304 aridis
1570 2274 1602 2304 et
1636 2270 1795 2313 spinosis?
1818 2270 1905 2304 Unde
1928 2270 2094 2304 Glossa¹⁶:
2124 2284 2140 2299 «
2157 2271 2188 2304 Si
2212 2280 2287 2314 ego,

1327 2326 1383 2368 qui
1406 2328 1571 2368 peccatum
1595 2333 1656 2357 non
1681 2324 1758 2363 feci,
1783 2324 1837 2366 qui
1867 2324 1996 2366 tionum
2024 2324 2112 2357 vitae
2145 2324 2287 2367 appellor

1327 2378 1457 2418 merito,
1482 2378 1643 2411 duodenos
1664 2377 1790 2411 fructus
1812 2378 1931 2420 gratiae
1954 2387 2011 2420 per
2035 2378 2176 2420 singulos
2199 2387 2288 2419 men-

1327 2441 1377 2466 ses
1399 2432 1514 2471 affero,
1539 2431 1606 2464 sine
1630 2431 1701 2473 igne
1726 2430 1878 2473 passionis
1901 2431 1940 2464 de
1965 2431 2083 2464 mundo
2107 2441 2170 2464 non
2194 2440 2286 2470 exe0,

1326 2494 1408 2528 quae
1431 2488 1588 2517 tormenta
1611 2487 1740 2516 manent
1759 2484 1829 2517 illos
1844 2484 1898 2526 qui
1915 2484 2073 2518 fructibus
2089 2487 2164 2518 sunt
2180 2484 2286 2524 vacui,

1326 2537 1456 2579 insuper
1480 2540 1510 2570 et
1534 2536 1663 2579 tignum
1686 2536 1773 2569 vitae
1796 2536 1933 2570 flammis
1947 2537 2024 2570 dare
2040 2547 2103 2570 non
2124 2537 2236 2570 timent
2251 2539 2286 2569 »2

1327 2590 1363 2622 Ε1
1389 2589 1458 2622 ideo
1484 2588 1729 2622 Proverbiorum
1757 2589 1923 2622 undecimo
1937 2589 1985 2622 1⁶:
2020 2603 2036 2619 «ι
2057 2590 2087 2623 81
2119 2590 2223 2623 iustus
2253 2589 2284 2621 in

1326 2646 1412 2689 terra
1443 2642 1572 2684 recipit,
1601 2644 1719 2684 quanto
1749 2642 1849 2684 magis
1879 2643 1996 2685 impius
2027 2647 2058 2676 et
2089 2646 2234 2685 peccator
2253 2644 2284 2674 n!

1325 2698 1356 2728 et
1387 2695 1507 2737 primae
1531 2695 1612 2727 Petri
1648 2698 1781 2737 quarto:
1811 2708 1826 2725 «
1843 2696 1981 2738 Tempus
2003 2699 2069 2736 est,
2100 2698 2138 2729 ut
2159 2694 2286 2737 incipiat

1399 2859 1419 2874 ¹¹
1441 2860 1516 2885 Vers.
1539 2860 1581 2885 18.
1601 2863 1626 2885 01
1644 2859 1742 2886 deinde
1760 2861 1824 2886 Gen.
1847 2861 1877 2891 2,
1896 2861 1922 2886 9.

1398 2903 1420 2918 ¹²
1440 2904 1516 2929 Vers.
1535 2905 1560 2929 2.
1573 2917 1608 2923 —-
1621 2904 1707 2936 Cyrill.
1727 2905 1875 2935 Alexandr„
1895 2905 1919 2930 in
1940 2905 2002 2929 Luc.
2022 2903 2068 2934 23,
2089 2903 2136 2928 27:
2157 2903 2286 2930 Virideli-

1326 2954 1409 2979 gnum
1428 2954 1457 2972 sc
1476 2947 1562 2979 ipsum
1583 2948 1714 2979 nominat,
1733 2948 1759 2974 id
1780 2951 1818 2974 est
1837 2948 1971 2979 vividum,
1990 2948 2153 2972 [ructuosum
2173 2950 2199 2973 et
2218 2947 2285 2973 flori·

1326 2991 1400 3017 dum.
1421 2992 1531 3017 Fructus
1550 2999 1613 3017 vero
1632 2992 1689 3017 eius
1708 2995 1780 3018 erant
1799 2992 1921 3024 religiosa
1934 2991 2064 3023 doctrina,
2078 2991 2285 3023 adhortationes,

1326 3042 1458 3067 congruae
1468 3036 1522 3061 Deo
1536 3037 1666 3068 potentiae
1685 3037 1921 3062 demonstrationes
1941 3042 1988 3068 per
2001 3035 2140 3061 ineffabilia
2154 3036 2283 3068 prodigia.

1397 3080 1419 3094 ¹⁵
1439 3080 1515 3106 Vers.
1534 3081 1559 3106 2.
1577 3094 1612 3100 —-
1631 3081 1682 3107 Cir.
1702 3083 1728 3107 S.
1750 3081 1858 3111 Bonav„
1878 3080 1904 3105 in
1929 3079 2051 3105 1101οϋ111.
2071 3080 2154 3106 001101.
2175 3080 2217 3107 18.
2236 3087 2284 3113 per

1326 3127 1406 3150 totum
1426 3127 1452 3150 et
1470 3132 1549 3157 supra
1569 3132 1591 3151 c.
1612 3126 1655 3151 13.
1677 3132 1702 3151 11.
1723 3125 1812 3150 18-20.

1397 3167 1418 3182 ¹⁴
1438 3169 1513 3195 Vers.
1532 3170 1558 3194 2.
1576 3173 1602 3195 et
1621 3170 1646 3194 3.

1397 3211 1419 3226 ¹⁶
1437 3213 1540 3239 Scilicet
1559 3213 1701 3239 ordinaria
1721 3213 1762 3246 (ex
1782 3213 1862 3246 Beda)
1883 3213 1908 3238 111
1927 3213 1990 3239 Luc.
2009 3214 2057 3246 23,
2077 3213 2166 3244 31,111
2179 3220 2231 3246 qua
2245 3220 2282 3239 re·

1325 3256 1433 3288 spicitur
1452 3257 1533 3289 Apoc.
1554 3258 1602 3288 22,
1624 3258 1648 3283 2.
1678 3257 1756 3289 paulo
1781 3257 1903 3288 superius
1928 3257 2062 3289 allegatus.
2090 3258 2139 3283 Pro
2158 3256 2282 3291 appellor

1324 3300 1420 3328 merito
1440 3301 1492 3327 Dll
1511 3300 1664 3335 appellams
1682 3301 1778 3327 merito
1799 3301 1899 3334 (Glossa
1914 3307 1974 3326 cum
1994 3301 2063 3327 Beda
2077 3300 2173 3328 merito
2192 3300 2280 3335 appel-

1325 3344 1417 3378 latus),
1439 3346 1495 3371 Vnt.
1514 3344 1646 3379 appellor,
1666 3344 1776 3371 mundo.

1395 3388 1417 3403 ¹⁶
1437 3389 1512 3415 Vers.
1531 3387 1559 3414 3¹4
1572 3409 1578 3420 ,
1592 3389 1633 3415 cui
1653 3387 1822 3420 subiungitur
1842 3389 1859 3414 Ι.
1877 3389 1944 3415 Ρο11.
1965 3388 1993 3420 4,
2016 3388 2055 3415 17.

2313 1783 2362 1798 unm
2370 1777 2424 1798 aridi

2330 1804 2357 1826 ob
2371 1803 2418 1825 tria.
