2476 3921
16 487 112 514 exemplo

0 515 98 545 {cogitato

21 543 68 562 tria.

7 915 110 938 Primum.

0 1925 106 1948 ecundum.

0 2085 40 2106 Tres
53 2085 110 2107 anni.

0 2297 69 2319 Cultor
81 2298 111 2319 vi-

23 2330 83 2346 neae.

713 231 905 264 COMMENT.
930 231 967 264 IN
993 230 1230 264 EVANGELIUM
1254 232 1371 265 LUCAE
1395 233 1427 266 C.
1451 234 1523 266 xlll.

128 320 275 354 detestari
307 320 494 358 scissuram,
523 319 685 353 simoniam
717 322 748 352 et
778 319 985 361 apostasiam;
1021 318 1090 351 ideo

129 374 234 407 statim
257 373 301 406 sic
324 373 426 415 puniti
449 372 588 405 fuerunt.

223 428 273 459 11.
298 426 399 469 (Vers.
426 427 480 467 6.).
507 425 642 458 Dicebat
663 426 799 459 autem¹
824 423 911 458 Itane
933 425 1090 458 similitu-

131 475 264 512 dinemi
286 479 449 512 Arborem
471 478 529 521 sici
550 477 689 511 habebat
711 481 769 511 etc.
795 478 848 511 Hic
872 478 966 511 tertio
981 477 1089 511 subdi-

131 536 184 565 tur
207 533 390 574 exemplum
414 532 635 574 exeoyitatam
659 531 724 564 sive
747 531 951 564 adinventum
976 531 1015 563 de
1042 531 1090 563 in-

129 586 292 618 fructuosa
314 585 449 618 ficulnea
472 584 665 623 excidenda;
690 584 750 617 sub
781 584 873 617 cuius
904 583 1090 625 metaphora

129 638 348 681 intelliguntur
381 638 440 670 tria
473 638 557 670 circa
579 637 732 675 animam,
757 645 838 679 quae
865 636 993 686 negligit
1016 645 1089 678 poe-

130 691 312 731 nitentiam,
336 691 454 724 scilicet
477 690 622 734 defectas
641 689 856 733 neytiqentiae
880 689 910 722 in
934 698 997 722 non
1022 689 1089 722 sru-

130 744 311 783 ctificando,
334 744 430 787 riyor
453 743 629 776 sententiae
652 743 684 776 in
713 742 930 776 comminando
961 746 992 775 et
1025 742 1089 775 uti-

129 797 232 830 titas-2
250 797 468 839 poenitentiae
492 797 523 829 in
547 796 750 829 rimediando.

220 851 324 883 Primo
347 859 423 892 ergo
447 855 602 893 quantum
627 849 666 882 ad
689 848 850 892 defectum
874 849 1090 892 neyliyentiae

129 904 166 937 in
187 903 427 947 fructificando
450 904 545 937 dicit:
570 902 734 936 Arborem
756 902 814 945 fici
847 901 987 935 habebat
1016 902 1090 946 qui-

129 957 209 989 dam
237 956 428 998 plantatam
460 957 496 990 in
519 957 616 989 vinea
638 966 722 996 sua,
746 956 864 989 scilicet
887 955 926 988 ad
949 955 1090 989 fructum

132 1009 364 1051 suscipiendum
397 1018 438 1043 ex
463 1018 517 1049 ea,
541 1018 636 1051 quem
661 1012 763 1042 tamen
788 1009 868 1042 tollit
890 1009 1088 1051 negligentia.

131 1082 171 1086 —
196 1062 282 1095 Unde
312 1062 439 1096 subdit:
472 1064 512 1095 Et
542 1063 647 1102 venit,
679 1072 842 1106 quaerens
870 1061 1020 1105 fructum
1054 1062 1091 1096 in

130 1115 208 1154 illa,
233 1122 261 1148 et
283 1125 350 1148 non
374 1116 505 1149 invenit.
532 1116 589 1149 Per
609 1116 741 1149 vineam
758 1116 943 1158 intelligitur
960 1124 1090 1158 congre-

130 1169 213 1211 gatio
243 1169 473 1209 ecclesiastica;
499 1169 593 1202 Isaiae
617 1169 775 1212 quinto³:
806 1182 822 1198 «
838 1170 935 1202 Vinea
966 1169 1089 1202 Domini

129 1222 329 1255 exercituum
361 1222 474 1255 domus
506 1222 600 1255 Israel
632 1225 726 1255 est».
759 1223 816 1255 Per
847 1222 949 1264 ficu-m
977 1221 1090 1265 infru—

130 1278 301 1318 ctuosam,
325 1274 379 1308 sed
403 1275 485 1308 foliis
509 1276 651 1317 plenam,
668 1275 853 1317 intelligitur
870 1275 990 1314 anima,
1008 1284 1090 1317 quae

129 1332 256 1361 recusat
278 1328 501 1370 poenitentiam
519 1323 648 1370 pro'pter
665 1328 902 1370 negligentiam;
922 1328 1009 1361 Ioelis
1025 1328 1090 1370 pri-

129 1381 227 1413 mo4:
257 1394 272 1409 «ι
290 1381 395 1414 Posuit
418 1381 541 1413 vineam
566 1390 666 1414 meam
691 1381 723 1413 in
746 1381 906 1413 desertum
931 1384 962 1413 et
993 1381 1089 1414 ficum

128 1442 230 1467 meam
254 1433 471 1473 decorticavit,
496 1434 619 1466 nudans
642 1434 785 1476 spoliavit
808 1443 876 1466 eam
893 1437 924 1467 et
940 1434 1088 1476 proiecit,

129 1487 191 1520 albi
207 1486 279 1520 facti
295 1490 370 1520 sunt
386 1487 465 1519 rami
482 1487 551 1520 eius
567 1501 597 1519 ».
615 1487 694 1519 Haec
711 1487 790 1520 ficus
806 1490 854 1520 est
868 1485 961 1529 foliis
977 1488 1085 1529 plena,

129 1539 254 1582 quando
278 1539 383 1573 verbis
406 1540 545 1572 abundat
567 1539 606 1572 ad
629 1539 865 1572 excusationem
898 1548 1006 1579 suam;
1031 1539 1089 1573 Ge-

130 1592 377 1626 nesistert105:
408 1607 423 1623 «
440 1593 641 1627 Consuerunt
671 1593 744 1626 folia
775 1593 855 1626 ficus
885 1596 917 1626 et
947 1593 1090 1626 fecerunt

129 1646 188 1679 sibi
211 1647 402 1689 perizomata
418 1660 449 1679 ».
482 1647 518 1679 Et
549 1647 626 1680 haec
654 1649 702 1679 est
725 1646 847 1679 Domini
873 1646 1090 1680 maledictione

130 1699 243 1742 digna3
268 1700 413 1734 Matthaei
438 1700 588 1743 vigesimo
612 1700 736 1742 primo:
759 1713 774 1728 α
791 1700 907 1733 Videns
923 1700 972 1733 fici
997 1700 1090 1733 arho-

129 1762 214 1793 rem,
238 1753 316 1786 nihil
340 1754 460 1787 invenit
482 1754 514 1786 in
538 1763 574 1787 ea
597 1754 656 1787 nisi
674 1753 746 1786 folia
762 1756 884 1786 tantum
909 1757 940 1787 et
963 1754 1006 1786 ait
1026 1753 1088 1786 illi:

129 1806 296 1849 Nunquam
319 1816 361 1840 ex
385 1811 416 1840 te
440 1811 588 1840 nascatur
612 1807 736 1840 fructus
752 1821 782 1839 n.

221 1861 271 1892 12.
296 1860 396 1901 (Vers.
427 1861 481 1897 7.).
513 1860 655 1893 Secundo
687 1864 839 1906 quantum
872 1860 911 1893 ad
943 1860 1090 1903 riyorem

129 1912 306 1945 sententiae
330 1912 366 1946 in
390 1913 623 1946 comminando
638 1909 767 1946 subdit:
792 1913 887 1946 Dixit
909 1917 1020 1946 autem
1044 1913 1091 1946 ad

130 1965 288 1998 cultorem
312 1966 444 1998 vineae:
472 1967 570 2005 Eece,
596 1965 680 1998 anni
703 1969 768 1997 tres
788 1969 885 2004 sunt,
903 1975 943 1997 ea:
959 1975 1023 2009 qno
1039 1975 1090 1998 ve-

129 2018 205 2058 nio,
221 2028 383 2061 quaerens
398 2018 552 2062 fructum
567 2019 604 2052 in
618 2018 760 2061 ficulnea
777 2017 858 2058 hac,
875 2023 905 2051 et
919 2029 986 2051 non
1002 2019 1090 2052 inve-

132 2072 196 2105 nio.
221 2072 279 2105 Per
303 2076 368 2105 tres
388 2082 495 2105 annos
510 2072 695 2115 intelligitur
710 2072 865 2115 pueritia,
882 2072 1091 2106 adolescentia

129 2128 160 2159 et
190 2124 355 2165 iuventus,
390 2125 422 2158 in
458 2125 574 2168 quibus
605 2126 733 2168 negligit
763 2126 835 2168 quis
867 2125 1089 2168 poenitentiam

130 2187 240 2220 agere,
265 2179 438 2212 secundum
462 2178 541 2212 illud
565 2179 618 2212 lob
641 2179 792 2222 vigesimo
815 2179 974 2221 quarto⁶:
997 2191 1013 2208 α
1029 2179 1089 2212 De-

130 2230 175 2264 dit
198 2231 226 2264 ei
250 2232 334 2265 Deus
357 2233 462 2266 locum
485 2232 712 2275 poenitentiae,
736 2235 767 2265 et
790 2232 857 2274 ipse
880 2232 1024 2265 abutitur
1053 2241 1090 2265 eo

129 2284 162 2317 in
185 2285 366 2327 superbiam
381 2299 412 2318 ι).
440 2285 554 2319 Cultor
570 2286 669 2319 istius
684 2285 798 2319 vineae
821 2288 868 2319 est
891 2286 1088 2328 praedicator

129 2340 161 2370 et
183 2338 322 2371 maxime
345 2339 523 2381 praelatus,
555 2339 593 2371 de
616 2348 680 2381 quo
703 2338 824 2381 primae
847 2338 886 2371 ad
911 2338 1089 2372 Corinthios

131 2391 244 2425 tertio:
274 2405 290 2421 «ι
307 2392 369 2435 Ego
392 2393 547 2435 plantavi,
565 2392 670 2434 Apollo
692 2392 850 2434 rigavit».
875 2392 962 2425 Unde
985 2392 1089 2434 Augu-

201 2596 211 2612 ²
230 2597 281 2624 Cir.
299 2604 379 2630 supra
397 2605 459 2630 pag.
480 2598 544 2629 336,
563 2601 625 2624 nota
643 2598 668 2624 3.

201 2642 212 2657 ²
232 2643 290 2669 Vat.
302 2642 459 2675 necessitas,
473 2642 546 2675 quod
559 2635 636 2668 etiam
650 2643 728 2669 codd.
744 2643 850 2669 inferius
864 2650 888 2669 n.
903 2643 944 2669 ⁴3.
958 2643 1087 2669 exhibent.

201 2685 212 2701 ⁸
232 2687 305 2713 Vers.
324 2687 350 2712 7.
369 2686 420 2713 Csr.
440 2686 575 2720 Anibi-os„
595 2687 647 2713 Vll.
666 2688 693 2712 in
711 2688 773 2713 Luc.
799 2688 841 2714 13.
866 2695 890 2714 n.
912 2688 957 2713 tel
971 2708 977 2720 ,
997 2695 1088 2721 seqq.;

130 2734 156 2758 et
173 2732 258 2763 Beda,
278 2732 319 2758 lV.
338 2731 365 2757 in
383 2732 444 2758 Luc.
472 2732 520 2763 113,
548 2732 577 2763 6,
605 2732 751 2758 secundum
779 2740 846 2766 quos
874 2732 1020 2765 specialiter
1049 2733 1089 2765 (ex

129 2776 204 2810 isaia)
223 2776 309 2809 vinea,
331 2777 427 2802 domus
446 2776 522 2802 lsrael
540 2779 592 2807 est;
611 2776 678 2811 ficus
697 2780 800 2808 autem,
819 2783 970 2809 synagoga,
984 2784 1090 2809 genera-

130 2821 187 2847 liter
206 2825 293 2847 autem
312 2825 404 2847 natura
430 2820 533 2853 generis
556 2821 671 2846 humani.
690 2820 742 2847 Csr.
761 2821 885 2853 Gregor.,
904 2822 932 2847 11.
951 2822 1045 2847 Homil.
1065 2822 1091 2847 in

131 2865 231 2897 Evang.
249 2866 339 2891 homil.
358 2865 401 2891 3-1.
419 2872 445 2891 n.
467 2866 492 2891 2.

203 2908 214 2923 ¹
233 2910 308 2936 Vers.
326 2909 353 2935 7.
545 2939 548 2941 ,

202 2952 214 2967 ⁶
234 2954 308 2980 vers.
327 2954 359 2985 7,
377 2957 438 2986 post
457 2961 537 2987 quem
557 2954 644 2981 Matth.
664 2955 692 2980 21
705 2974 713 2986 ,
733 2955 775 2980 19.
787 2968 824 2974 -
839 2955 929 2981 Glossa
949 2954 1092 2982 ordinaria

133 2997 174 3031 (ex
193 2997 329 3031 Ambros.,
348 2999 400 3025 Vll.
421 2999 446 3024 iu
465 2999 528 3024 Luc.
549 2999 591 3025 ⁴3.
609 3006 637 3024 n.
656 2999 717 3025 ⁴64.
735 2998 801 3032 seq.)
816 2999 842 3025 in
859 3000 922 3026 Luc.
945 2999 1046 3032 43,.6:
1065 3001 1092 3026 ln

132 3042 233 3075 origine
252 3043 359 3069 humani
379 3043 482 3075 generis
501 3043 585 3070 Adam
604 3046 631 3070 et
648 3045 701 3070 Eva
720 3051 781 3070 cum
801 3047 966 3076 peccassent,
980 3045 1013 3071 de
1027 3044 1093 3070 soliis

133 3087 258 3114 ficulneae
284 3087 465 3115 succinctoria
487 3087 539 3115 sibi
563 3088 692 3122 fecerunt.
717 3089 766 3114 Per
790 3089 849 3115 folia
875 3096 939 3121 ergo
966 3089 1094 3115 ficulneae

135 3131 311 3163 intelliguntur
329 3135 445 3164 peccata.
463 3132 541 3158 Erant
559 3135 648 3158 autem
666 3132 716 3159 sub
735 3133 829 3159 arbore
848 3133 891 3159 fici
905 3136 1029 3166 tanquam
1043 3132 1093 3160 sub

134 3174 230 3201 umbra
248 3176 353 3209 mortis,
372 3176 407 3202 de
431 3175 529 3209 quibus
555 3176 655 3203 dictum
680 3180 719 3203 est
738 3177 806 3211 [lsai.
825 3178 855 3211 9,
876 3177 933 3211 2.]:
952 3178 1002 3211 Qui
1021 3178 1093 3204 sede·

132 3218 196 3245 bant
214 3219 265 3245 sub
282 3219 377 3245 umbra
395 3220 502 3252 moras,
519 3221 608 3246 lumen
626 3227 714 3247 ortum
732 3225 772 3248 est
789 3223 836 3248 eis.

206 3260 218 3277 ⁶
236 3263 312 3289 vers.
331 3263 375 3289 23.
393 3277 428 3284 —
448 3264 572 3297 Sequitur
589 3264 606 3289 1.
625 3264 685 3291 Cor.
707 3265 738 3297 3,
757 3266 783 3292 6.

204 3304 214 3321 ”
235 3306 299 3340 Cap.
318 3307 343 3333 6.
361 3315 387 3334 n.
403 3308 427 3334 Β.
442 3307 614 3340 (opusculum
628 3308 698 3335 istud
709 3313 749 3336 est
761 3309 827 3336 inter
839 3309 924 3342 opem
940 3309 1094 3342 Augustini,

134 3351 223 3378 Bedae
239 3351 291 3378 iam
308 3352 422 3387 notum).
441 3353 492 3379 Pro
511 3354 576 3387 quot
592 3353 673 3381 matis
693 3353 738 3388 (ita
758 3357 840 3381 textus
858 3354 1002 3388 originalis)
1014 3353 1094 3381 CDF

142 3394 214 3429 quod
230 3395 325 3429 malis,
343 3397 365 3422 H
384 3395 480 3431 quibus
498 3396 593 3431 malis,
613 3398 670 3424 Vat.
690 3405 744 3432 quo
762 3398 844 3426 malo.

2045 237 2108 270 339

1154 318 1255 352 stinus
1279 319 1395 353 Contra
1411 321 1552 363 quinque
1574 322 1722 356 Haereses
1734 323 1767 355 ⁷:
1791 336 1806 351 α
1824 323 1879 357 Ubi
1895 325 1987 364 este,
2003 334 2022 357 0
2038 324 2110 358 boni

1153 372 1324 413 agricolae,
1342 373 1417 415 quid
1435 374 1542 415 agitis,
1567 383 1666 416 quare
1683 377 1799 409 vacatis
1815 380 1826 408 7
1842 380 1873 410 et
1890 377 2018 416 videtis,
2034 382 2112 419 quot

1153 424 1243 457 malis
1266 425 1358 466 plena
1381 425 1422 458 sit
1445 430 1547 459 terra:
1572 427 1645 460 hinc
1662 428 1786 469 spinae,
1805 428 1877 461 hinc
1894 429 2021 467 tribuli,
2038 430 2110 462 hinc

1153 476 1279 510 foenum
1311 479 1422 520 surgit.
1449 479 1558 520 Spinas
1582 480 1754 519 incendite,
1780 481 1914 514 tribulos
1938 482 2110 520 eradicate,

1153 529 1279 563 foenum
1304 534 1407 564 secate
1429 534 1461 564 et
1484 532 1604 564 semina
1626 532 1708 565 bona
1731 534 1877 575 spargite.
1906 534 1972 566 Non
1997 539 2113 567 terreat

1154 582 1275 622 hiems;
1300 584 1356 616 etsi
1382 584 1521 617 abundet
1544 585 1711 627 iniquitas,
1737 590 1840 619 tamen
1865 586 1983 620 ferveat
2009 591 2113 619 vestra

1153 636 1276 669 caritas.
1302 637 1402 670 Serite
1425 637 1528 670 hieme
1551 638 1636 679 quod
1659 639 1784 671 metatis
1808 642 1925 672 aestate
1943 654 1957 668 n
1988 643 2045 672 etc.
2070 659 2114 664 —-

1153 688 1217 721 Tali
1242 689 1397 731 agricolae
1421 690 1588 732 negligenti
1613 691 1762 733 competit
1785 692 1968 733 comminari
1998 693 2113 725 severi-
2129 700 2274 723 Comminatio.

1154 744 1248 775 tatem
1273 742 1369 775 divini
1394 743 1522 783 iudicii;
1548 748 1678 786 propter
1710 745 1794 787 quod
1827 745 1952 778 subdit:
1978 746 2114 779 Saceide

1152 805 1230 838 erqo
1255 795 1368 835 illam,
1393 801 1430 829 ut
1454 797 1535 840 quid
1558 798 1658 830 etiam
1676 801 1803 831 terram
1820 799 1983 841 occupat?
2001 800 2030 832 id
2047 804 2110 839 est,

1152 847 1303 881 denuntia
1327 857 1394 882 eam
1419 850 1658 890 succidendam,
1685 851 1858 884 secundum
1883 852 1966 894 quod
1990 853 2111 886 dicebat

1153 901 1282 934 Ioannes
1306 902 1442 944 Baptista
1472 903 1618 936 Matthaei
1640 904 1780 937 tertio⁸:
1811 918 1826 933 «ι
1843 905 1943 938 Facite
1975 906 2112 940 fructum

1153 955 1282 997 dignum
1308 957 1516 998 poenitentiae
1532 970 1563 989 ι».
1595 971 1610 986 «
1628 957 1688 990 lam
1714 959 1796 991 enim
1826 959 1946 993 securis
1969 960 2007 993 ad
2032 960 2113 993 radi-

1154 1017 1220 1041 cem
1245 1009 1345 1051 posita
1368 1012 1424 1043 est.
1450 1009 1558 1043 Omnis
1579 1011 1692 1050 arbor,
1710 1019 1791 1054 quae
1808 1021 1869 1044 non
1886 1012 1958 1046 facit
1974 1013 2112 1046 fructum

1153 1062 1289 1102 bonum,
1314 1063 1480 1096 excidetur
1502 1067 1534 1097 et
1557 1060 1716 1107 inignem
1739 1065 1882 1099 mittetur
1898 1079 1929 1105 »;
1953 1070 1983 1099 et
2000 1067 2113 1099 Paulus

1153 1115 1191 1147 ad
1215 1116 1369 1149 Romanos
1393 1116 1530 1149 secundo
1543 1117 1573 1149 ⁹:
1595 1130 1611 1146 nr
1627 1118 1670 1150 An
1688 1118 1830 1159 ignoras,
1847 1119 1921 1160 quia
1938 1119 2111 1161 benignitas

1153 1167 1208 1200 Dei
1232 1168 1270 1201 ad
1295 1169 1515 1210 poenitentiam
1542 1173 1572 1203 te
1607 1170 1765 1204 adducat?
1793 1171 1839 1205 Tu
1867 1175 1972 1205 autem
1998 1181 2109 1205 secun-

1154 1221 1230 1254 dum
1265 1222 1416 1255 duritiam
1453 1226 1538 1255 tuam
1573 1227 1604 1256 et
1639 1224 1845 1266 impoenitens
1873 1235 1927 1259 cor
1956 1226 2111 1260 thesauri-

1153 1283 1205 1307 zas
1229 1275 1282 1308 tibi
1308 1275 1386 1308 iram
1411 1276 1442 1308 in
1466 1276 1515 1309 die
1539 1277 1604 1309 irae
1629 1280 1660 1310 et
1676 1278 1875 1311 revelationis
1907 1279 1980 1312 iusti
2004 1279 2109 1313 iudicii

1152 1327 1207 1360 Dei
1225 1340 1255 1366 1»;
1272 1331 1304 1360 et
1320 1327 1417 1361 David
1441 1329 1472 1361 in
1497 1329 1634 1362 Psalmo:
1657 1343 1672 1358 «
1686 1330 1853 1372 Propterea
1869 1331 1953 1364 Deus
1968 1332 2110 1366 destruet

1125 1420 1128 1424 Ι
1153 1383 1183 1413 te
1206 1380 1237 1412 in
1262 1380 1356 1413 finem
1380 1384 1411 1414 et
1435 1382 1547 1416 evellet
1571 1386 1600 1415 te
1624 1387 1654 1416 et
1670 1384 1836 1425 emigrabit
1860 1389 1889 1418 te
1906 1385 1944 1418 de
1968 1386 2111 1418 taberna-

1152 1433 1224 1465 culo
1248 1437 1303 1465 tuo
1326 1437 1357 1467 et
1381 1434 1516 1467 radicem
1542 1438 1627 1468 tuam
1652 1435 1690 1469 de
1714 1439 1800 1469 terra
1825 1437 1996 1470 viventium
2013 1452 2043 1471 ».

1244 1486 1294 1519 13.
1320 1487 1421 1529 (Vers.
1446 1488 1501 1525 8.).
1526 1488 1631 1521 Tertio
1655 1494 1807 1531 quantum
1827 1490 1865 1522 ad
1889 1492 2112 1524 necessitatem

1147 1540 1367 1581 poenitentiae
1398 1540 1434 1573 in
1463 1541 1676 1574 remediando
1709 1542 1887 1585 subiungit:
1917 1544 1962 1576 At
1985 1544 2036 1576 itte
2059 1554 2110 1577 re-

1151 1593 1314 1634 spondens
1337 1593 1423 1626 dimit
1438 1594 1463 1613 1⁰
1487 1594 1550 1627 illi:
1578 1595 1732 1634 Domine,
1757 1595 1883 1628 dimitte
1899 1596 1991 1629 illam
2008 1602 2038 1629 et
2053 1597 2112 1630 hoc

1153 1655 1260 1685 anno,
1284 1646 1314 1679 id
1339 1650 1386 1680 est
1410 1647 1442 1679 in
1467 1651 1608 1690 tempore
1633 1649 1821 1688 senectutis,
1845 1650 2030 1693 usquedum
2061 1650 2112 1694 fo-

1153 1699 1246 1732 diam
1269 1700 1363 1732 eirea
1387 1700 1481 1733 ittam
1497 1705 1526 1733 et
1541 1701 1672 1734 mittam
1695 1705 1863 1741 stercora,
1888 1703 1918 1735 id
1935 1707 1996 1742 est,
2014 1703 2112 1737 donec

1153 1752 1302 1786 reducam
1326 1753 1366 1786 ad
1389 1754 1574 1787 memoriam
1599 1754 1627 1788 ei
1651 1763 1740 1788 suam
1765 1755 1964 1798 fragilitatem
1992 1761 2023 1790 et
2046 1758 2114 1790 eius

1153 1805 1360 1847 iniquitatem.
1386 1807 1483 1840 Fodit
1514 1807 1596 1840 enim
1624 1808 1679 1850 qui
1709 1817 1741 1841 se
1766 1809 1927 1849 humiliat;
1952 1810 2047 1844 Isaiae
2067 1819 2115 1844 se-

1154 1859 1257 1891 cundo
1273 1860 1317 1891 ²²:
1347 1859 1545 1902 «Ingredere
1569 1860 1600 1893 in
1624 1864 1757 1902 petram,
1778 1861 1968 1896 abscondere
1984 1863 2016 1896 in
2032 1863 2114 1897 fossa

1153 1911 1252 1944 humo
1275 1921 1294 1944 a
1313 1912 1391 1945 facie
1415 1913 1536 1946 timoris
1560 1913 1682 1946 Domini
1715 1917 1746 1947 et
1769 1923 1787 1946 a
1810 1915 1909 1956 gloria
1943 1916 2113 1949 maiestatis

1153 1965 1222 1999 eius
1238 1977 1269 2005 »ς
1293 1968 1324 1998 et
1348 1965 1453 2007 quarti
1478 1966 1596 2008 Regum
1620 1966 1728 1999 tertio:
1758 1980 1774 1996 α
1790 1967 1890 2000 Facite
1906 1968 2030 2001 alveum
2047 1973 2112 2003 tor-

1153 2019 1253 2052 rentis
1270 2019 1367 2052 huius
1383 2018 1480 2052 fossas
1492 2022 1523 2052 et
1536 2019 1632 2052 fossas
1644 2033 1675 2052 ιο.
1689 2020 1774 2053 Unde
1791 2021 1898 2054 Glossa
1912 2022 1938 2041 ¹2
1948 2034 1956 2054 :
1978 2035 1994 2051 <x
2009 2023 2113 2056 Fossa

1153 2072 1270 2114 quippe
1294 2072 1325 2105 in
1349 2073 1412 2105 imo
1434 2076 1499 2111 est,
1523 2076 1555 2106 et
1577 2073 1759 2116 increpatio,
1783 2074 1860 2107 dum
1884 2079 2022 2108 mentem
2050 2076 2109 2108 sibi

1152 2125 1363 2165 demonstrat,
1389 2126 1578 2159 humiliat».
1606 2127 1759 2160 Stercora
1788 2127 1886 2160 mittit
1916 2128 1969 2170 qui
2002 2137 2111 2170 pecca-

1154 2182 1221 2211 tum
1258 2178 1297 2211 ad
1328 2179 1512 2212 memoriam
1543 2179 1686 2219 reducit;
1712 2180 1795 2213 unde
1823 2180 1930 2214 Glossa
1953 2181 2108 2215 Bedae¹⁸z

1159 2245 1175 2261 α
1191 2231 1319 2265 Mittam
1341 2237 1509 2272 stercora,
1534 2233 1565 2265 id
1588 2237 1650 2272 est,
1675 2234 1830 2266 malorum
1848 2243 1929 2276 quae
1952 2235 2024 2268 fecit
2039 2235 2112 2268 abo-

1152 2285 1354 2319 minationem
1383 2285 1421 2318 ad
1444 2286 1584 2319 animum
1616 2286 1779 2326 reducam,
1804 2291 1835 2320 et
1864 2288 2112 2329 compunctionis

1153 2339 1286 2380 gratiam
1310 2347 1382 2371 cum
1407 2338 1562 2372 fructibus
1585 2339 1658 2372 boni
1682 2340 1786 2382 operis
1810 2340 1899 2382 quasi
1916 2340 1954 2373 de
1980 2341 2111 2383 pingue-

1154 2391 1226 2425 dine
1238 2392 1387 2425 stercoris
1400 2392 1591 2426 exsuscitem
1603 2406 1633 2425 ».
1653 2406 1668 2421 <t
1682 2393 1809 2425 Peccata
1825 2393 1908 2426 enim
1922 2394 1948 2412 ¹⁴
1964 2397 2111 2426 stercora

1223 2597 1234 2612 ⁸
1255 2599 1329 2625 Vers.
1349 2600 1374 2625 8.
1393 2602 1418 2625 et
1439 2600 1480 2624 lo.
1499 2613 1535 2619 —
1552 2600 1642 2625 Glossa
1661 2598 1859 2625 interlinearis:
1872 2598 1998 2631 succide,
2015 2606 2111 2625 annun-

1152 2642 1201 2674 tia,
1220 2643 1292 2676 quod
1313 2644 1440 2675 perdituri
1459 2644 1510 2669 sint
1535 2644 1621 2669 locum
1647 2646 1673 2669 et
1697 2647 1816 2676 gentem,
1835 2650 1884 2675 pro
1908 2650 1961 2676 quo
1980 2644 2109 2669 servando

1152 2687 1284 2714 Christum
1303 2688 1454 2720 occidenunt
1472 2691 1497 2713 et
1515 2695 1577 2714 suos
1596 2687 1754 2721 [secundum
1774 2686 1895 2721 Bedam}

1223 2730 1235 2746 ⁹
1254 2732 1329 2758 Vers.
1353 2732 1379 2758 4.
1397 2735 1423 2758 et
1441 2733 1465 2758 5.
1484 2746 1519 2752 —
1536 2732 1657 2765 Sequitur
1676 2732 1717 2757 Ps.
1736 2732 1764 2757 51
1776 2751 1782 2762 ,
1802 2732 1826 2757 7.

1225 2774 1248 2791 ²⁰
1267 2777 1302 2802 lta
1321 2776 1399 2802 etiam
1412 2777 1495 2808 Beda,
1509 2776 1585 2803 Card.
1605 2776 1696 2808 Hugo,
1709 2777 1736 2801 B.
1756 2775 1867 2806 Albert„
1887 2776 1911 2801 S.
1932 2776 2026 2801 Thom.
2046 2775 2110 2808 (Cat.

1155 2828 1234 2847 aurea
1254 2821 1281 2847 in
1299 2822 1360 2847 Luc.
1382 2822 1422 2846 ⁴3.
1442 2828 1468 2847 n.
1487 2821 1535 2853 2.),
1555 2821 1687 2846 Gorranus
1705 2823 1731 2846 et
1754 2821 1882 2852 Lyrnnus3
1905 2820 2016 2851 Vulgata
2036 2819 2106 2846 dicit.

1155 2867 1204 2893 Pro
1223 2865 1277 2898 illi,
1296 2866 1369 2899 quod
1388 2865 1439 2892 CD
1457 2866 1593 2896 omittunt,
1613 2866 1634 2891 Η
1653 2872 1714 2890 cum
1734 2865 1834 2896 Lyrano
1854 2864 1886 2890 ei.

1227 2909 1247 2925 ¹¹
1269 2911 1341 2936 Vers.
1363 2911 1403 2935 ⁴0.
1425 2909 1484 2942 (pro
1503 2900 1704 2936 timoris⁰codd.
1722 2908 1890 2942 formidinis,
1910 2908 1982 2941 quod
1995 2909 2109 2934 occurrit

1156 2962 1182 2981 v.
1203 2953 1269 2987 ⁴9),
1289 2958 1349 2987 post
1367 2961 1446 2987 quem
1466 2954 1507 2979 lV.
1527 2954 1592 2985 Reg.
1610 2954 1640 2984 3,
1660 2953 1703 2978 46.

1227 2997 1249 3013 ¹²
1270 2999 1372 3024 Scilicet
1390 2997 1546 3029 ordinaria,
1565 3005 1595 3024 ex
1615 2998 1738 3029 Gregor.,
1757 2996 1784 3022 il.
1804 2996 1897 3022 Homil.
1912 2996 1936 3022 iu
1950 2997 2049 3028 Evang.
2067 2998 2110 3023 ho-

1155 3044 1208 3069 mil.
1228 3043 1272 3068 31.
1290 3050 1316 3068 n.
1336 3042 1365 3073 5,
1385 3049 1465 3074 quem
1483 3042 1600 3075 sequitur
1619 3041 1702 3073 Beda,
1722 3040 1764 3066 lV.
1783 3040 1809 3066 in
1828 3040 1890 3065 Luc.
1912 3040 1957 3071 13,
1983 3041 2008 3066 8.
2027 3040 2109 3066 Codd.

1156 3088 1215 3114 voci
1234 3086 1372 3118 humiliat,
1395 3090 1464 3112 textu
1483 3085 1602 3118 originali
1620 3087 1797 3117 repugnante,
1823 3084 1971 3116 praefigunt
1993 3085 2031 3116 et,
2051 3084 2109 3110 vat.

1156 3133 1219 3164 legit
1238 3128 1346 3165 quando
1365 3129 1510 3164 increpatio
1530 3131 1644 3155 mentem
1662 3128 1714 3155 sibi
1730 3127 1896 3155 demonstrat
1915 3130 1940 3154 et
1958 3127 2092 3154 humiliat.

1228 3174 1250 3190 ¹²³
1268 3175 1370 3201 Scilicet
1383 3173 1534 3201 ordinaria.
1549 3174 1597 3199 Pro
1607 3171 1769 3207 pinguedine
1782 3173 1830 3206 (ita
1844 3172 1921 3198 codd.
1935 3179 1996 3198 cum
2009 3172 2108 3203 Glossa)

1156 3221 1216 3247 Vat.
1234 3227 1295 3246 cum
1315 3219 1385 3245 Beda
1400 3217 1550 3252 putredine.

1228 3262 1251 3280 ¹⁴
1269 3264 1302 3290 Ut
1319 3263 1356 3289 ait
1373 3263 1494 3295 Gregor.‚
1513 3262 1563 3288 loc.
1580 3262 1637 3288 cit:
1656 3262 1763 3287 Peccata
1781 3261 1876 3286 etenim
1894 3260 1979 3286 carnis
1997 3266 2110 3286 stercora

1154 3311 1293 3339 vocantur3
1313 3307 1383 3333 unde
1401 3310 1427 3332 et
1444 3313 1492 3339 per
1504 3307 1659 3338 prophetam
1678 3304 1743 3339 [loel
1763 3306 1786 3336 4,
1807 3303 1860 3338 47]
1874 3304 1982 3330 dicitur:
1997 3304 2111 3338 compu-

1158 3353 1286 3380 truerunt
1295 3354 1344 3377 etc.
1363 3350 1428 3377 lbid.
1440 3350 1547 3377 dicitur:
1567 3350 1635 3383 Quid
1648 3353 1688 3376 est
1709 3350 1837 3381 cophinus
1857 3348 1978 3375 stercoris
1997 3348 2045 3374 nisi
2059 3354 2110 3373 me

1158 3397 1241 3423 moria
1260 3396 1446 3429 peccatorum?
1463 3408 1500 3415 —
1518 3394 1636 3421 Subinde
1654 3394 1780 3425 allegatur
1800 3393 1897 3419 Thi-en.
1917 3392 1948 3424 4,
1967 3392 1992 3418 5.

2133 1497 2235 1519 Tertium.
