2476 3921
157 735 243 765 Triplex
257 740 293 756 ne-

174 763 270 783 cessitas.

147 2536 227 2561 Tertio,
233 2542 302 2558 exem-

166 2563 201 2591 plo
215 2563 287 2585 Elisei.

311 272 372 303 102

308 362 383 391 tuus
406 357 523 390 veritas
546 359 593 389 est
610 369 640 387 u.
673 356 712 387 In
736 354 871 386 veritate
894 353 1034 391 dicebat,
1058 353 1109 385 cui
1137 353 1267 386 creden—

307 411 401 449 dum,
436 412 467 442 et
501 412 606 441 tamen
642 417 704 440 non
736 407 905 440 credebant
914 417 923 448 3
959 406 1043 438 unde
1074 406 1152 438 illud
1180 406 1267 438 Ioan-

307 464 356 496 nis
386 467 512 495 octavo:
550 474 566 490 ‹vc
590 461 620 493 Si
646 460 810 493 veritatem
841 459 925 498 dico,
957 468 1057 501 quare
1080 468 1141 491 non
1167 459 1266 491 credi-

308 517 348 549 tis
370 516 447 548 mihi
468 518 505 547 »7
535 518 566 547 61
597 514 675 547 illud
706 513 758 546 lob
782 516 890 546 sexto:
920 513 1056 554 «Quare
1084 512 1267 545 detraxistis

308 568 507 602 sermonibus
536 567 677 600 veritatis
689 570 725 599 »1
758 566 793 599 Et
827 567 905 599 haec
940 569 987 598 est
1017 566 1133 598 veritas
1163 568 1265 605 certa,

309 622 383 664 quia
405 621 542 654 sumitur
565 620 604 653 de
628 620 800 661 Scriptura.
818 637 861 642 —
877 619 963 652 Unde
986 619 1128 651 additur:
1146 618 1268 651 Multae

308 674 430 707 viduae
451 677 547 706 erant
571 674 607 705 tn
622 673 736 705 diebus
754 672 845 705 Eliae
861 672 897 705 in
914 671 1034 710 Israel,
1052 680 1134 713 quae
1149 671 1268 704 scilicet

309 731 399 760 erant
421 727 453 759 in
470 727 653 759 necessitate
669 726 856 759 constitutae
873 729 1002 767 propter
1018 723 1180 767 defectum
1195 733 1267 756 ma-

309 780 511 812 trimoniatts
548 779 730 817 societatis,-
769 779 916 812 Ieremiae
954 778 1076 810 decimo
1115 778 1266 819 quinto¹:

314 845 330 861 «
346 833 566 874 Multiplicatae
588 836 662 865 sunt
685 831 798 864 viduae
821 832 889 864 eius
920 840 1016 872 super
1050 839 1177 863 arenam
1202 839 1268 862 ma-

309 886 354 919 ris
368 900 399 918 ».
418 905 461 910 -
477 886 572 918 Erant
588 886 619 918 in
636 885 819 918 necessitate
835 885 1022 918 constitutae
1038 887 1167 926 propter
1182 882 1268 925 defe-

309 943 398 972 ctam
418 939 554 985 pluviae
577 939 740 977 caelest&
763 938 847 971 unde
870 938 972 972 addit:
1004 938 1144 978 Quando
1174 937 1268 970 clau—

309 1002 386 1025 sum
409 996 456 1024 est
487 992 634 1030 caelum,
664 997 694 1024 et
726 1001 793 1024 non
821 991 933 1034 pluit2
966 992 1066 1024 annis
1102 990 1210 1023 tribus
1240 995 1270 1023 et

309 1045 476 1077 mensibus
498 1055 573 1083 seam
597 1045 678 1077 sicut
702 1045 854 1077 Dominus
870 1044 1078 1077 comminatus
1094 1044 1269 1077 1116131116-

310 1098 394 1130 vitici
418 1098 568 1139 vigesimo
591 1101 697 1130 sexto:
727 1110 742 1126 (ε
756 1097 808 1129 Sin
832 1100 937 1130 autem
954 1106 1011 1129 nec
1028 1097 1072 1129 sic
1088 1096 1269 1129 obedieritis

308 1151 404 1188 mihi,
428 1151 508 1183 dabo
531 1151 652 1183 caelum
676 1151 812 1192 desuper
835 1150 917 1183 sicut
940 1150 1122 1188 ferreum»;
1139 1153 1170 1182 et
1186 1150 1269 1182 Deu-

309 1204 472 1236 teronomii
498 1204 648 1245 vigesimo
670 1207 797 1236 octavo:
820 1216 835 1232 «
848 1203 892 1235 Sit
908 1203 1048 1241 caelum,
1065 1202 1149 1244 quod
1173 1211 1270 1244 supra

309 1260 339 1290 te
362 1260 427 1296 est,
451 1266 626 1290 aeneum».
652 1257 688 1289 Et
711 1257 755 1290 sic
778 1257 895 1289 sactum
919 1259 967 1289 est
990 1260 1119 1298 propter
1143 1258 1270 1298 peccata

309 1319 437 1349 eorum3
461 1310 544 1343 unde
569 1310 715 1343 Ieremiae
739 1311 850 1342 tertio:
879 1323 894 1338 τι
915 1309 1051 1342 Polluisti
1084 1311 1201 1342 terram
1237 1309 1269 1341 in

307 1363 566 1396 fornicationibus
602 1363 673 1396 tuis.
710 1363 827 1395 idcirco
860 1362 1037 1404 prohibitae
1061 1365 1135 1394 sunt
1169 1362 1270 1394 stillae

308 1417 487 1459 pluviarum
500 1443 508 1455 ‚
525 1420 556 1449 et
572 1417 729 1449 serotinus
746 1416 846 1449 imber
862 1426 924 1449 non
941 1416 1000 1448 fuit
1017 1430 1047 1448 n.
1064 1435 1109 1439 —
1126 1416 1221 1448 Erant
1237 1416 1269 1448 in

308 1470 491 1503 necessitate
522 1470 709 1502 constitutae
740 1473 871 1512 propter
905 1468 1068 1512 defectum
1103 1469 1270 1501 terrestris

309 1524 505 1561 alimoniae;
529 1527 560 1556 et
583 1523 652 1556 ideo
675 1523 816 1556 additur:
843 1523 926 1555 Cum
949 1521 1044 1564 facta
1068 1522 1139 1555 est³
1162 1520 1270 1564 fames

308 1586 434 1619 magma
458 1577 493 1609 in
517 1577 609 1609 omni
632 1581 724 1608 terra
733 1588 744 1614 ;
776 1577 857 1609 sicut
891 1576 1007 1608 dicitur
1043 1576 1127 1608 tertii
1152 1576 1270 1617 Regum

308 1629 429 1662 decimo
451 1633 578 1662 octavo:
609 1643 624 1658 «
641 1630 713 1661 Erat
736 1629 835 1661 fames
858 1629 1055 1661 vehemens»
1085 1631 1162 1667 etc.;
1186 1628 1271 1660 unde

309 1683 505 1715 verificatum
530 1686 598 1715 erat
621 1682 660 1715 de
691 1682 764 1715 filiis
795 1682 890 1715 lsrael
921 1681 999 1714 illud
1024 1681 1152 1714 Psalmi:
1182 1694 1197 1709 <z
1215 1681 1269 1713 Fa-

309 1744 392 1768 mem
415 1735 575 1777 patientur
608 1739 642 1767 ut
674 1743 766 1767 canes
797 1737 827 1767 et
862 1734 1042 1767 circuibunt
1065 1734 1270 1772 civitatem»,

310 1789 384 1831 quia
408 1788 561 1821 circuibat
584 1797 643 1821 rex
668 1792 698 1821 et
721 1788 918 1830 dispensator
941 1787 1054 1820 domus
1070 1796 1145 1820 suae
1169 1787 1207 1819 ad
1223 1787 1270 1819 in-

310 1840 462 1873 venienda
484 1850 617 1882 pascua,
641 1841 725 1874 tertii
750 1841 866 1882 Regum
893 1840 1014 1873 decimo
1038 1845 1156 1873 octavo.

401 1893 452 1926 53.
478 1894 578 1933 (Vers.
604 1894 680 1935 26.).
707 1894 742 1926 Et
766 1894 837 1926 licet
860 1897 965 1927 essent
999 1894 1030 1926 in
1054 1897 1140 1926 tanta
1163 1902 1271 1926 neces-

310 1947 418 1986 sitate,
442 1947 659 1989 subiungitur:
686 1948 725 1979 Ec
748 1948 794 1980 ad
823 1947 952 1980 nullam
984 1947 1122 1979 illarum
1146 1947 1270 1979 missus

310 2004 357 2033 est
380 2000 488 2040 Elias,
512 2004 549 2033 ut
571 2010 623 2034 eas
647 2010 704 2043 per
728 2001 916 2034 miraculum
933 2001 1089 2034 relevaret
1104 2010 1122 2033 a
1138 2000 1272 2042 penuria

310 2054 416 2093 famis,
448 2058 484 2087 ut
516 2054 560 2087 sic
596 2055 815 2087 verificaretur
847 2054 879 2086 111
918 2054 963 2086 615
998 2054 1076 2086 illud
1112 2053 1268 2086 Psalini4:

316 2121 332 2136 «
347 2108 527 2141 Esurientes
550 2111 581 2141 et
611 2108 768 2146 sitientes,
787 2107 896 2140 anima
926 2116 1038 2140 eorum
1062 2107 1094 2139 in
1118 2107 1195 2148 ipsis
1217 2107 1271 2139 de-

310 2161 383 2194 fecit
397 2175 428 2193 ».
461 2161 519 2194 Sed
543 2165 738 2194 extraneam
761 2161 926 2200 relevavit,
958 2160 1041 2193 unde
1069 2160 1171 2193 addit:
1196 2159 1273 2192 Nisi

311 2216 348 2248 in
372 2216 514 2257 Sarepta
539 2215 696 2248 Sidoniae
719 2215 765 2248 ad
787 2214 958 2247 muliermn
981 2214 1141 2253 viduam,
1159 2222 1271 2247 secun-

311 2269 386 2302 dum
411 2269 495 2311 quod
519 2268 670 2301 scribitur
701 2269 785 2301 tertii
820 2269 938 2311 Regum
963 2268 1084 2301 decimo
1119 2268 1270 2310 septimo:

312 2321 436 2354 Dictum
460 2324 507 2354 est
531 2321 629 2354 Eliae:
660 2335 675 2350 «
692 2322 791 2364 Surge
823 2324 854 2354 et·
877 2322 954 2355 vade
977 2322 1009 2354 iu
1033 2322 1163 2363 Sarepta
1186 2320 1273 2353 Sido-

312 2375 438 2408 niorum
462 2378 494 2407 et
522 2375 664 2408 manebis
695 2375 752 2414 ibi;
788 2375 931 2417 praecepi
961 2375 1042 2408 enim
1067 2375 1110 2407 ibi
1145 2374 1272 2407 mulieri

313 2428 442 2467 viduae,
467 2431 503 2460 ut
526 2431 632 2470 pascat
656 2431 685 2460 te
702 2441 733 2466 »,
758 2428 854 2460 immo
878 2428 945 2469 ipsa
969 2436 1025 2469 per
1051 2431 1090 2460 te.

403 2482 453 2514 54.
476 2482 576 2521 (Vers.
591 2482 667 2522 27.).
694 2481 782 2514 Aliud
799 2481 981 2522 exemplum
998 2481 1036 2513 ad
1061 2480 1272 2513 confirmatio-

313 2544 384 2567 nem
394 2534 544 2576 praedicti
557 2534 595 2567 de
611 2534 713 2566 Eliseo
730 2534 953 2572 introducitur,
968 2543 1039 2566 cum
1053 2534 1109 2565 ait:
1126 2534 1165 2565 Et
1176 2533 1275 2566 multi

314 2588 435 2630 leprosi
457 2592 552 2620 erant
576 2588 611 2620 in
635 2587 742 2619 Israel
764 2586 825 2619 sub
855 2586 960 2619 Eliseo
981 2585 1165 2628 proplieta;
1189 2586 1274 2619 unde

313 2641 418 2683 quarti
443 2641 561 2683 Regum
585 2640 741 2682 septimo5
766 2640 891 2678 dicitur,
909 2640 994 2681 quod
1019 2642 1159 2681 tempore
1183 2639 1273 2671 Elisei

321 2707 335 2722 (ι
351 2696 488 2735 quatuor
512 2693 571 2725 viri
588 2693 703 2734 leprosi
719 2695 809 2725 erant
825 2692 916 2725 iuxta
932 2695 1055 2734 portam
1073 2691 1229 2724 Samariae
1242 2705 1273 2730 n,

315 2751 346 2780 et
368 2746 459 2779 multi
483 2746 534 2779 alii
558 2747 589 2779 in
613 2746 796 2779 necessitate
812 2745 975 2779 consimili.
994 2746 1033 2777 Et
1049 2755 1142 2777 nemo
1159 2754 1274 2777 eorum

299 2906 530 2945 ‘incredulitatem
558 2910 607 2932 etc.
637 2906 773 2940 [Vulgatm
801 2913 864 2933 cum
891 2913 905 2932 e
932 2906 1005 2932 vobis
1033 2905 1127 2933 nullas
1155 2905 1203 2938 sit,
1229 2905 1277 2939 qui

313 2951 400 2985 possit
417 2958 534 2984 arcuere
552 2950 613 2984 meJ.

389 2995 396 3009 ¹
418 2996 493 3021 Vere.
514 2996 538 3020 8.
557 3008 592 3014 —
612 2995 737 3027 Superius
757 2995 815 3020 Vat.
834 2994 929 3020 omittit
943 2996 1056 3028 propter
1069 2995 1200 3029 defectum
1220 3002 1275 3021 ma-

318 3038 481 3066 trimonialis
500 3038 648 3071 societattae
668 3046 716 3071 pro
735 3038 945 3065 matrimonialis
971 3040 991 3064 A
1004 3039 1023 3065 C
1035 3040 1056 3065 D
1074 3041 1200 3071 mutuae,
1220 3040 1242 3064 A
1261 3046 1275 3064 a

318 3083 431 3110 secunda
451 3090 531 3109 manu
550 3082 645 3109 viriles.

388 3126 399 3142 ²
419 3128 530 3159 Vulgata
549 3128 644 3153 omittit
661 3129 686 3154 et
704 3134 756 3154 non
772 3127 854 3161 pluit.
875 3127 926 3154 Csr.
945 3128 993 3153 Iac.
1014 3128 1043 3161 5,
1065 3128 1111 3161 17,
1132 3128 1177 3154 ubi
1196 3128 1275 3154 etiam

318 3173 477 3204 insinuatur⁷
497 3174 562 3198 hanc
576 3172 718 3198 siccitatem
731 3172 841 3198 durasse
856 3182 869 3195 α
880 3179 962 3198 annos
976 3175 1028 3198 tres
1041 3175 1066 3198 et
1079 3179 1182 3199 menses
1195 3179 1240 3198 sex
1251 3182 1276 3205 w,

318 3217 391 3250 quod
410 3217 446 3242 111.
466 3217 531 3247 Reg.
554 3217 601 3247 ⁴7,
622 3217 645 3242 1.
664 3217 784 3248 explicite
802 3224 854 3242 non
874 3217 976 3242 dicitur.
990 3230 1025 3236 —
1039 3216 1155 3243 Subinde
1167 3218 1277 3249 allegan-

319 3264 360 3286 tur
380 3262 440 3286 Lev.
461 3261 510 3291 26,
531 3261 572 3286 18.
591 3268 663 3293 seq.;
683 3261 758 3286 Deut.
777 3262 825 3292 28,
845 3261 887 3286 23.
907 3264 933 3286 61
952 3262 998 3287 161.
1019 3261 1049 3291 3,
1070 3262 1093 3286 2.
1113 3268 1169 3294 seq.

390 3303 401 3318 ³
420 3305 531 3336 Vulgata
550 3307 625 3331 esset.
644 3313 679 3324 -ι
697 3305 847 3337 Sequuntur
866 3305 903 3330 111.
923 3305 987 3336 Reg.
1009 3305 1054 3337 18,
1069 3306 1099 3336 2;
1119 3306 1158 3331 Ps.
1172 3305 1218 3337 58,
1234 3305 1276 3330 15.

320 3351 345 3373 61
364 3348 400 3373 111.
420 3349 483 3379 Reg.
504 3349 550 3380 18,
571 3348 602 3373 5:
622 3349 688 3374 Dixit
706 3356 770 3380 ergo
788 3348 878 3374 Achab
897 3349 931 3374 ad
950 3349 1078 3375 Abdiam:
1098 3349 1172 3375 Vade
1190 3350 1216 3375 in
1229 3352 1278 3375 ter-

320 3399 376 3417 ram
396 3392 429 3417 ad
449 3393 585 3418 universos
605 3393 689 3418 sontes
707 3400 836 3425 aquarum
856 3397 881 3419 et
899 3394 925 3418 in
945 3396 1052 3419 cunctas
1071 3394 1164 3425 valles,
1178 3394 1200 3419 si
1213 3394 1277 3419 sorte

321 3436 453 3468 possimus
472 3437 590 3462 invenire
609 3436 717 3462 herbam
738 3440 763 3462 et
781 3438 883 3463 salvare
902 3444 985 3470 equos
1003 3440 1052 3463 etc.

1304 2904 1309 3099 l

912 265 1104 297 COMMENT.
1131 265 1167 297 IN
1191 263 1429 298 EVANGELlUM
1453 263 1570 296 LUCAE
1594 263 1626 295 C.
1652 263 1699 295 lV.

1331 352 1516 384 mundatus
1536 355 1581 384 est
1605 351 1674 383 nisi
1690 350 1850 384 Naaman
1867 351 1976 394 Syrus
1991 369 2035 374 —
2051 351 2155 393 quarti
2172 352 2291 394 Regum

1331 405 1459 447 quinto,
1482 404 1538 437 ubi
1561 404 1695 442 dicitur,
1720 403 1804 446 quod
1827 404 1964 436 Naaman
1988 403 2028 436 ad
2050 404 2184 437 verbum
2201 405 2291 438 Elisei

1331 457 1406 490 lavit
1429 466 1463 490 se
1485 457 1600 499 septies
1623 457 1654 489 in
1679 456 1807 489 Iordane
1823 459 1854 489 et
1874 457 2041 490 restitutus
2064 461 2111 490 est
2134 458 2292 499 plenariae

1331 510 1455 543 sanitati
1480 528 1522 533 —
1538 513 1570 542 et
1592 510 1667 548 1106,
1691 509 1774 542 iusto
1798 509 1912 542 iudicio
1936 509 2008 548 Dei,
2033 510 2108 552 quia
2123 519 2185 542 non
2202 514 2292 543 erant

1331 563 1425 605 digni.
1453 563 1487 596 Et
1511 572 1534 595 a
1557 562 1661 595 simili
1684 566 1715 596 et
1738 562 1912 596 secundum
1935 562 2140 596 imitationem
2162 563 2292 605 praede-

1332 625 1493 649 cessorum
1516 616 1712 655 ostendebat,
1736 624 1789 649 eos
1813 624 1881 648 esse
1897 615 2039 657 indignos
2062 616 2100 648 ad
2126 616 2293 649 miraculo-

1331 678 1404 702 rum
1429 669 1667 711 susceptionem.
1693 669 1779 702 Unde
1802 669 1904 702 simile
1926 669 1957 701 in
1982 670 2126 702 Matthaei
2144 670 2293 712 vigesimo

1333 722 1468 755 tertio⁶:
1498 723 1633 755 «Testes
1657 722 1731 755 estis
1754 722 2003 764 vobismetipsis,
2027 722 2102 765 quia
2131 723 2205 756 estis
2236 723 2293 756 filii

1333 785 1443 809 eorum
1482 776 1537 818 qui
1573 775 1757 808 occiderunt
1793 775 1982 817 Prophetas;
2014 780 2045 808 et
2076 785 2132 809 vos
2166 776 2293 818 implete

1333 837 1514 861 mensuram
1538 832 1665 870 patrum
1690 832 1869 861 vestrorum
1885 840 1917 867 »;
1934 831 1966 861 et
1988 829 2121 861 Actuum
2146 829 2291 871 septimo:

1338 895 1353 910 «
1370 882 1457 914 Dura
1481 882 1603 915 cervice
1626 885 1657 915 et
1680 882 1891 915 incircumcisi
1916 882 2065 915 cordibus
2088 886 2119 915 et
2142 883 2292 922 auribus,

1333 943 1389 967 vos
1417 943 1541 977 semper
1576 935 1705 977 Spiritui
1741 938 1848 967 sancto
1883 935 2045 974 resistitis,
2075 935 2157 968 sicut
2187 940 2293 978 patres

1333 988 1448 1027 vestri,
1472 992 1503 1020 et
1526 997 1590 1021 vos.
1615 989 1716 1030 Quem
1747 989 1829 1020 enim
1861 989 2090 1030 Prophetarum
2122 998 2184 1021 non
2220 993 2294 1022 sunt

1333 1042 1491 1083 persecuti
1515 1045 1621 1083 patres
1644 1042 1767 1074 vestri»
1797 1045 1854 1074 etc.
1882 1042 1916 1074 Et
1952 1042 1996 1075 sic
2027 1042 2189 1075 manifeste
2221 1045 2295 1076 sunt

1334 1094 1485 1133 convicti,
1510 1095 1585 1136 quia
1608 1095 1748 1128 defectus
1772 1095 1998 1128 miraculorum
2022 1104 2084 1128 non
2101 1099 2169 1128 erat
2191 1096 2295 1138 impu-

1334 1146 1448 1179 tandus
1471 1147 1671 1189 impotentiae
1687 1148 1735 1180 vel
1752 1148 1956 1190 negligentiae
1972 1148 2103 1188 Christi,
2120 1149 2174 1182 sed
2191 1149 2295 1191 potius

1334 1208 1409 1232 suae
1432 1200 1566 1233 invidiae
1589 1205 1621 1233 et
1644 1201 1872 1240 incredulitati;
1897 1201 1980 1234 unde
2003 1202 2087 1244 digni
2120 1207 2211 1235 erant
2238 1203 2296 1235 mi-

1335 1252 1452 1285 raculis
1473 1253 1609 1295 privari,
1626 1254 1707 1286 sicut
1731 1254 1843 1296 privati
1861 1254 1954 1287 etiam
1971 1254 2097 1287 fuerant
2114 1258 2219 1297 patres
2235 1256 2294 1288 sui.

1425 1307 1476 1339 55.
1502 1307 1539 1339 Et
1561 1310 1635 1339 nota
1658 1307 1709 1340 hic
1724 1307 1965 1349 spirituata'ter,
1984 1308 2068 1350 quod
2085 1309 2115 1341 in
2141 1309 2191 1341 1115
2218 1309 2296 1342 duo-

1334 1359 1394 1392 bus
1417 1360 1571 1402 exemplis
1594 1360 1729 1393 ostendit
1752 1361 1966 1403 indignitatem
1983 1361 2170 1394 Iudaeorum
2191 1371 2296 1404 respe-

1335 1416 1388 1445 ctu
1424 1413 1587 1455 gentilium
1624 1417 1779 1456 quantum
1814 1414 1851 1446 ad
1888 1414 2100 1447 universalem
2135 1414 2296 1457 defectam

1335 1466 1543 1508 poenitentiae
1567 1471 1598 1500 et
1621 1467 1799 1500 universale
1822 1468 2014 1510 contagium
2033 1468 2187 1507 malitiae,
2212 1469 2297 1511 quod

1335 1519 1367 1551 in
1391 1519 1511 1552 ludaeis
1536 1520 1686 1553 remansit
1717 1530 1779 1553 non
1811 1523 1976 1560 curatum,
2001 1521 2056 1554 sed
2084 1521 2116 1554 in
2150 1522 2297 1563 gentibus

1335 1575 1382 1605 est
1406 1572 1612 1605 remediatum
1648 1581 1705 1614 per
1739 1573 1910 1606 Christum.
1938 1573 2073 1606 Clausz'o
2108 1574 2190 1607 enim
2215 1575 2299 1608 caeli

1335 1624 1476 1666 designat
1499 1624 1654 1657 defectum
1678 1626 1797 1667 gratiae
1820 1630 1851 1658 et
1867 1626 2044 1665 doctrinae;
2062 1627 2297 1660 Deuteronomii

1336 1677 1503 1710 undecimo
1517 1677 1547 1709 ⁷:
1584 1691 1600 1706 α
1617 1677 1746 1717 Cavete,
1777 1688 1817 1711 ne
1841 1679 1993 1712 recedatis
2016 1689 2034 1712 a
2057 1680 2189 1713 Domino
2206 1693 2241 1720 »;
2267 1684 2298 1714 et

1316 1729 1319 1731 ’
1335 1730 1495 1772 deinceps:
1525 1744 1540 1760 «
1554 1732 1590 1764 Et
1606 1732 1707 1765 iratus
1723 1732 1874 1765 Dominus
1890 1733 2014 1766 claudat
2031 1734 2163 1773 caelum,
2180 1738 2211 1767 et
2227 1734 2298 1776 plu-

1335 1784 1386 1817 via
1409 1794 1471 1817 non
1495 1784 1676 1825 descendat,
1701 1789 1732 1818 et
1756 1788 1842 1818 terra
1858 1796 1919 1819 non
1944 1787 1996 1820 det
2012 1796 2140 1829 germen
2158 1796 2296 1820 suum».

1335 1838 1380 1870 De
1403 1848 1467 1880 qua
1490 1839 1597 1880 pluvia
1620 1839 1652 1872 in
1677 1840 1812 1872 Psalmo:
1835 1853 1851 1869 «
1867 1841 2006 1873 Pluviam
2023 1841 2232 1874 voluntariam
2250 1850 2298 1874 se-

1335 1891 1478 1933 gregabit
1502 1892 1586 1925 Deus
1603 1904 1634 1931 »;
1658 1896 1689 1925 et
1712 1902 1753 1925 ex
1790 1893 1849 1926 hoc
1880 1893 1916 1926 fit
1950 1893 2047 1927 sames
2071 1898 2101 1927 et
2129 1894 2298 1937 indigentia

1335 1944 1437 1977 omnis
1460 1945 1548 1984 boni;
1574 1945 1626 1977 lob
1648 1945 1770 1978 decimo
1804 1949 1928 1979 octavo:
1966 1960 1981 1975 α
1998 1948 2184 1980 Attenuetur
2216 1947 2298 1980 131116

1335 1997 1434 2030 robur
1458 1998 1543 2037 eius,
1563 2003 1599 2031 et
1630 1999 1732 2031 inedia
1763 1999 1888 2032 invadat
1918 2003 2019 2033 costas
2050 2001 2165 2034 eius».
2192 2020 2231 2024 ——
2262 2001 2298 2033 Et

1336 2054 1424 2090 nota,
1447 2051 1532 2093 quod
1555 2051 1671 2084 dicitur
1694 2052 1856 2085 subtracta
1878 2062 1946 2086 esse
1961 2054 2069 2095 pluvia
2085 2054 2174 2087 annis
2195 2054 2298 2087 tribus

1336 2108 1367 2137 et
1391 2105 1552 2137 mensibus
1568 2113 1625 2137 sex
1636 2131 1643 2144 ,
1662 2105 1736 2147 quia
1753 2106 1856 2139 tribus
1872 2106 1962 2139 annis
1978 2110 2008 2139 et
2025 2107 2164 2147 dimidio,
2180 2108 2297 2150 quibus

1336 2158 1488 2191 Dominus
1511 2158 1713 2200 praedicavit,
1730 2168 1791 2191 non
1809 2163 1997 2201 receperunt
2012 2160 2152 2202 pluviam
2168 2161 2297 2203 gratiae,

1337 2211 1537 2253 exigentibus
1553 2211 1688 2254 peccatis
1704 2212 1779 2245 suis.
1799 2212 1948 2253 Quamvis
1968 2213 2052 2245 enim
2068 2222 2164 2255 super
2188 2222 2221 2246 se
2244 2222 2298 2246 ve-

1336 2265 1419 2298 niret
1441 2265 1557 2305 imber,
1574 2265 1686 2298 ludaea
1701 2268 1805 2299 tamen
1828 2275 1891 2299 non
1916 2266 2034 2308 recepit
2050 2266 2089 2299 ad
2104 2266 2297 2300 fructifican-

1337 2318 1430 2357 dum;
1447 2318 1486 2351 ad
1503 2318 1658 2352 Hebraeos
1682 2322 1773 2352 sexto
1786 2318 1818 2351 ⁸:
1847 2332 1862 2347 «
1880 2320 1978 2352 Terra
2001 2328 2097 2362 super
2114 2329 2147 2353 se
2171 2320 2298 2353 venien-

1337 2375 1400 2404 tem
1416 2371 1527 2404 bibens
1539 2372 1672 2405 imbrem
1688 2376 1719 2405 et
1735 2372 1916 2414 germinans
1940 2373 2070 2406 herbam
2087 2377 2298 2416 opportunam

1337 2425 1413 2464 illis,
1438 2434 1456 2457 a
1479 2425 1596 2467 quibus
1620 2425 1745 2464 colitur,
1769 2425 1881 2467 accipit
1905 2425 2152 2460 benedictionem
2177 2436 2195 2460 a
2218 2428 2297 2467 De03

1338 2478 1502 2520 proferens
1525 2482 1630 2511 autem
1654 2479 1760 2520 spinas
1783 2482 1814 2511 et
1839 2479 1986 2519 tribulos,
2016 2480 2152 2522 reproba
2186 2484 2234 2514 est
2268 2484 2299 2514 et

1338 2531 1501 2563 maledicto
1518 2531 1664 2573 proxima
1681 2545 1710 2563 ».
1728 2551 1772 2555 —-
1788 2532 1821 2565 In
1845 2533 1904 2566 1106
1920 2528 2026 2566 3016111
2044 2537 2186 2575 tempore
2202 2534 2299 2567 mitti-

1339 2587 1392 2617 tur
1417 2593 1512 2617 verus
1536 2585 1616 2617 Elias
1643 2585 1841 2627 praedicator
1864 2586 1903 2618 ad
1939 2586 2065 2619 viduam
2101 2587 2133 2619 in
2169 2588 2298 2630 Sarepta

1338 2637 1490 2676 Sidoniae,
1508 2647 1589 2679 quae
1606 2642 1690 2671 recte
1706 2639 1847 2681 designat
1862 2639 2077 2681 gentilitatem,
2096 2640 2177 2673 sicut
2193 2644 2297 2674 osten-

1339 2690 1384 2723 dit
1407 2690 1487 2723 Beda
1511 2691 1551 2722 in-
1572 2700 1684 2733 magna
1707 2691 1854 2731 Glossa9,
1879 2696 1909 2725 ct
1934 2693 2051 2725 salvata
2082 2696 2147 2732 est,
2180 2694 2296 2736 populo

1339 2744 1487 2777 derelicto
1508 2744 1712 2784 ludaeorum,
1729 2745 1903 2778 secundum
1928 2745 2005 2778 illud
2028 2746 2160 2779 Actuum
2177 2746 2298 2780 decimo

1409 2903 1420 2918 ⁴
1440 2905 1533 2930 Psalm.
1554 2906 1618 2937 106,
1638 2905 1664 2931 5.
1677 2919 1712 2924 -
1725 2904 1843 2931 Subinde
1857 2906 1984 2937 allegatur
2002 2906 2039 2931 111.
2053 2906 2119 2938 Reg.
2142 2906 2188 2938 17,
2209 2907 2238 2938 8,
2252 2906 2297 2933 ubi

1339 2956 1387 2981 pro
1406 2948 1435 2975 in
1454 2948 1570 2983 Sarepta
1587 2950 1608 2975 A
1619 2950 1640 2974 D
1658 2949 1687 2976 in
1705 2948 1859 2983 Sareptam.

1410 2991 1421 3006 ⁶
1440 2994 1513 3019 Vers.
1535 2994 1558 3019 3.
1577 3007 1613 3013 —
1632 2994 1756 3026 Sequitur
1773 2994 1815 3020 lv.
1835 2994 1901 3025 Reg.
1920 2993 1950 3025 5,
1972 2993 2012 3019 14.

1412 3035 1423 3051 ‘⁵
1440 3038 1516 3064 Vers.
1538 3038 1580 3063 31.
1600 3045 1669 3071 seq.:
1689 3039 1782 3071 Itaque
1801 3037 1950 3064 testimonio
1969 3037 2030 3064 estes
2050 3041 2112 3071 etc.,
2141 3042 2200 3071 post
2218 3046 2298 3072 quem

1340 3083 1396 3108 Act.
1413 3082 1443 3113 7,
1463 3083 1505 3108 51.
1525 3089 1580 3115 seq.

1411 3125 1420 3140 ⁷
1441 3127 1515 3153 Vers.
1536 3128 1578 3152 16.
1598 3130 1623 3153 et
1643 3127 1684 3152 17.
1703 3140 1740 3145 -
1758 3126 1815 3152 Duo
1835 3133 1908 3160 seqq.
1927 3127 1977 3153 loci
2003 3131 2064 3154 sunt
2082 3128 2121 3153 Ps.
2142 3128 2191 3160 67,
2212 3128 2253 3152 10.
2273 3130 2298 3153 61

1340 3170 1385 3196 101)
1405 3172 1451 3202 18,
1473 3173 1515 3197 12.
1533 3171 1584 3198 Csr.
1604 3171 1735 3202 Ambros,
1755 3171 1797 3197 lV.
1817 3171 1841 3196 in
1860 3172 1921 3197 Luc.
1942 3179 1967 3197 n.
1982 3171 2024 3198 50.
2037 3179 2124 3205 seqq.‚
2137 3175 2163 3197 et
2178 3172 2257 3203 Beda,
2271 3172 2298 3197 ΙΙ.

1341 3215 1368 3240 111
1386 3216 1448 3241 Luc.
1470 3215 1498 3246 4,
1519 3216 1561 3241 25.
1581 3223 1637 3248 seq.
2073 3215 2083 3229 ⁸
2103 3216 2176 3241 Vers.
2196 3215 2222 3241 7.
2242 3223 2297 3249 seq.

1411 3258 1423 3273 ⁹
1442 3261 1543 3286 Scilicet
1561 3259 1703 3286 ordinaria
1722 3260 1747 3285 in
1766 3261 1828 3286 Luc.
1848 3260 1877 3291 4,
1897 3261 1945 3286 26:
1965 3261 2068 3292 Vidua,
2084 3260 2118 3286 ad
2132 3267 2212 3293 quam
2232 3260 2299 3286 Elias

1342 3305 1464 3337 mittitur,
1484 3305 1601 3337 gentium
1621 3305 1716 3336 figurat
1735 3305 1880 3337 ecclesiam,
1898 3311 1967 3338 quae
1986 3311 2001 3330 a
2019 3311 2067 3330 suo
2087 3303 2228 3330 Conditore
2241 3305 2299 3330 diu-

1342 3349 1392 3375 tius
1411 3349 1528 3382 deserta,
1555 3350 1683 3381 populum
1709 3352 1795 3375 rectae
1823 3349 1883 3374 ssdei
1907 3349 2029 3380 nescivit,
2057 3349 2132 3382 quasi
2152 3355 2298 3381 pauperem

1341 3393 1423 3419 tilium
1442 3400 1524 3427 egena
1543 3394 1610 3425 stipe
1627 3392 1771 3425 nutriebat,
1791 3393 1816 3418 id
1841 3395 1896 3425 est,
1916 3392 1999 3418 verbo
2019 3392 2157 3417 saecularis
2176 3392 2299 3417 scientiae

1342 3437 1443 3471 absque
1462 3437 1613 3463 humilitatis
1632 3438 1715 3463 fructu
1735 3436 1847 3463 docebat
1865 3440 1914 3463 etc.
1933 3450 1968 3456 —
1987 3436 2109 3469 Sequitur
2122 3436 2176 3461 Act.
2198 3436 2240 3468 13,
2254 3435 2298 3461 46.

2325 1311 2433 1338 Expositio

2317 1391 2438 1413 ludaeorum

2331 1576 2388 1604 Quid
2401 1577 2429 1598 sit

2309 1603 2389 1625 clausio
2399 1609 2440 1626 caet

2316 2002 2442 2030 applicatio.

2317 2534 2388 2556 Verus
2397 2533 2450 2555 Elias
