2427 3872
380 235 445 262 CER
466 235 504 268 (5)

159 282 174 307 5
192 294 228 300 -—
241 283 280 306 est
292 280 423 312 Sapientia
435 280 516 305 Patris
527 280 560 306 Vl
573 280 623 305 ⁴67
643 287 669 306 v.
684 282 709 306 2.
724 281 766 306 Vll

124 325 175 351 265
195 325 228 350 40
247 338 282 344 -
294 327 334 350 est
347 324 392 350 Dei
406 324 496 350 Virtus
508 326 534 350 et
546 324 680 356 Sapientia
694 324 722 350 4⁴
741 331 767 350 v,

124 370 166 396 ⁴5.
180 370 221 395 Vll
232 369 266 395 37
278 369 337 394 ⁴⁴6.
352 368 404 394 ⁴05
417 368 460 393 68.
476 368 526 394 422
540 368 584 394 34.
599 368 767 394 ⁴2443.⁴34

124 415 147 439 4.
162 414 212 440 276
226 413 260 439 77
273 426 309 432 -
321 415 361 439 εει
374 412 515 445 Sapientia,
533 419 603 445 quae
621 413 667 438 dat
685 412 767 438 vitam

124 458 156 484 Vl
170 458 221 484 327
241 457 274 483 56
287 471 323 476 —
336 457 432 482 dicitur
450 457 583 489 Sapientia
598 457 641 483 Vll
657 457 707 483 482
720 457 765 483 6⁴.

125 502 170 528 464
195 502 228 528 37
248 515 283 521 -
302 505 341 527 εει
366 502 422 534 ipsa
443 501 575 533 Sapientia
596 502 627 527 Vl
648 501 700 527 327
721 501 764 527 56.

123 545 174 573 538
195 547 220 572 3.
241 547 283 572 Vll
303 546 355 572 299
375 546 417 571 67.
438 546 490 571 500
509 545 544 571 75
557 549 646 572 -εει
662 545 767 578 Sapien-

123 591 158 616 tia
177 591 223 616 Dei
238 590 315 616 unita
334 590 421 622 carni,
441 593 469 616 ut
487 591 571 616 lutum
590 597 621 616 ex
640 590 721 615 saliva
741 593 767 615 et

123 639 205 668 terra,
223 635 258 661 ad
277 638 394 661 nostram
411 635 623 661 reformationem
637 635 670 660 Vl
684 635 736 660 373
750 634 765 659 8

123 694 158 698 --
176 681 216 705 est
233 679 364 712 Sapientia
383 679 514 705 incarnata
535 678 586 704 ⁴48
604 686 632 705 v.
651 679 694 704 ⁴6.
715 679 765 705 ⁴53

123 731 149 749 v.
170 724 198 749 ⁴⁴
223 737 259 743 —-
278 723 427 755 intelligitur
454 730 503 756 per
522 724 667 756 sapientem
687 723 721 749 85
740 730 767 750 v.

124 768 158 794 ⁴5
176 782 212 787 —
230 771 270 794 est
297 768 392 800 plenus
420 768 548 800 sapientia
567 768 619 794 538
639 769 654 794 3
673 782 710 790 —·
729 768 767 794 in-

122 813 193 839 venit
211 813 368 845 sapientiam
389 813 431 838 Vll
458 813 491 838 97
517 813 551 839 35
570 827 605 832 —
624 813 767 845 sapientior

124 858 263 883 Salomone
283 858 333 883 2⁴2
354 857 388 883 84
407 871 442 876 —
461 860 500 883 est
518 864 605 883 sermo
618 858 710 890 vivus,
723 857 765 883 cui

123 902 211 928 omnia
231 904 335 934 patent,
354 904 380 927 et
399 902 487 927 omnia
507 902 630 934 patefacit
651 904 680 928 ut
704 903 766 928 Ver·

123 946 188 972 bum
208 947 255 972 311
279 946 296 972 7
314 960 351 965 -
370 949 398 972 ut
423 946 468 972 Dei
496 946 623 978 sapientia
652 947 767 979 disponit

123 998 262 1024 suprema,
281 991 383 1024 media,
403 989 491 1016 infima
512 992 543 1017 Vl
565 992 615 1017 ⁴60
635 999 661 1017 v.
682 992 691 1017 ⁴

126 1036 128 1039 “
144 1035 146 1038 “
176 1050 210 1054 ——
224 1036 251 1062 ln
263 1035 366 1062 Christo
380 1039 441 1062 sunt
453 1043 546 1062 omnes
559 1036 672 1062 thesauri
686 1036 767 1062 scien-

124 1080 173 1106 tiae
193 1080 226 1106 Vl
248 1080 298 1105 430
318 1081 353 1106 32
372 1095 406 1099 -
426 1080 494 1106 vidit
521 1087 634 1112 superna
664 1083 692 1106 ut
720 1081 765 1106 Dei

123 1124 262 1157 sapientia,
290 1124 351 1158 quia
381 1131 410 1151 se
438 1125 495 1157 ipso
523 1125 589 1151 vidit
607 1125 659 1151 287
679 1125 713 1151 55
730 1139 767 1144 —-

123 1176 175 1195 non
194 1168 286 1195 habuit
313 1169 448 1195 scientiam
477 1176 524 1201 per
551 1169 765 1202 acquisitionem,

123 1214 170 1240 sed
189 1221 203 1239 a
223 1220 270 1240 sua
290 1214 393 1245 origine
411 1221 425 1239 a
445 1214 520 1240 Patre
535 1213 585 1240 342
606 1215 634 1240 21
661 1228 694 1232 -
714 1218 765 1240 tan-

123 1265 205 1291 quam
232 1259 305 1284 Deus
334 1258 422 1284 omnia
441 1258 516 1285 novit
535 1259 586 1284 ⁴22
605 1266 632 1285 v.
652 1259 693 1285 ⁴3.
714 1259 766 1285 465

124 1302 166 1329 44.
186 1302 237 1329 467
258 1304 301 1329 50.
320 1303 372 1329 525
392 1303 425 1329 35
446 1317 479 1321 -
498 1303 613 1337 loquitur
635 1304 766 1330 certitudi-

124 1348 215 1373 naliter
234 1348 277 1374 Vll
298 1348 344 1373 401
369 1347 398 1373 51

176 1405 212 1411 —-
231 1395 342 1424 apparet
361 1392 497 1424 ignorans,
512 1393 557 1419 sed
572 1391 651 1418 habet
664 1394 765 1419 thesau-

122 1443 166 1462 ros
194 1436 316 1462 scientiae
346 1437 387 1462 Vll
417 1437 446 1462 9⁴
475 1437 508 1463 ⁴2
521 1440 563 1455 ¹—
582 1437 620 1463 De
638 1437 765 1470 sapientia

89 1516 91 1518 ‚
123 1481 216 1507 Christi
236 1488 329 1508 omnes
348 1482 435 1508 mirati
454 1485 515 1508 sunt
534 1482 565 1508 Vl
588 1481 638 1517 ⁴64
659 1489 684 1507 v.
705 1482 733 1507 ⁴⁴

91 1517 96 1523 ⁵
174 1539 210 1545 —
224 1526 360 1558 cognoscit
369 1526 471 1552 occulta
483 1526 524 1552 Vll
540 1526 584 1552 ⁴84
602 1526 644 1551 69.
655 1527 707 1552 212
722 1526 764 1552 84.

122 1569 175 1596 344
190 1570 234 1596 30.
246 1570 297 1596 359
312 1570 402 1597 4:553
417 1570 451 1596 45
470 1585 504 1589 —-
524 1571 606 1597 oculis
619 1570 766 1597 Divinitatis

123 1614 267 1647 aspiciebat
294 1616 395 1641 occulta
425 1616 476 1641 415
499 1616 515 1641 9
534 1629 570 1635 —-—
589 1616 691 1642 occulta
716 1617 765 1642 scit

124 1660 181 1686 sine
198 1660 338 1692 relatione,
358 1660 405 1686 sed
424 1660 495 1692 apud
516 1667 545 1686 se
566 1661 596 1686 Vl
616 1661 668 1686 336
682 1661 716 1686 97
730 1675 765 1680 —

122 1703 254 1730 Christum
275 1704 338 1730 nihil
357 1705 418 1730 latet
437 1705 480 1730 Vll
501 1705 547 1730 224
568 1705 601 1730 46
614 1718 650 1724 -
663 1705 765 1737 sapien-

122 1749 156 1774 tia
176 1748 300 1775 infallibili
320 1749 495 1781 deprehendit
522 1749 659 1775 veritatem
681 1750 765 1775 occul-

122 1797 175 1819 tam
196 1794 242 1819 2⁴⁴
268 1794 301 1819 82
320 1807 356 1813 --
374 1801 423 1826 per
441 1794 595 1826 sapientiam
621 1794 766 1826 deprehen-

122 1838 161 1864 dit
179 1838 351 1871 cogitationes
378 1839 503 1866 occultas.
522 1838 556 1864 Vl
577 1838 628 1864 462
649 1839 692 1865 30.
712 1839 764 1865 525

122 1883 165 1916 32,
184 1883 228 1909 35.
250 1883 294 1909 Vll
313 1883 359 1908 100
380 1883 422 1909 49.
444 1883 494 1908 ⁴25
515 1882 558 1909 47.
578 1883 628 1908 ⁴26
649 1883 691 1909 50.
713 1884 763 1909 438

123 1927 165 1953 ⁴4.
185 1926 236 1953 484
256 1927 300 1953 68.
333 1928 385 1953 485
402 1926 446 1953 71.
467 1927 518 1952 243
542 1927 583 1953 87.
604 1927 656 1952 510
676 1928 710 1953 29
729 1943 764 1946 -

121 1972 235 2004 praescit
262 1972 349 1997 futura
378 1971 411 1997 Vl
441 1972 493 1997 322
523 1971 566 1998 25.
586 1971 629 1998 Vll
650 1971 701 1997 488
722 1972 765 1998 46.

122 2016 173 2042 489
195 2016 237 2042 48.
257 2016 309 2042 544
330 2016 362 2042 47

173 2075 210 2080 -
228 2060 406 2093 cognoscebat
434 2067 527 2087 omnes
554 2068 607 2087 non
638 2064 665 2086 ut
684 2062 765 2087 homo

121 2105 261 2138 relatione,
290 2105 339 2131 sed
358 2108 386 2131 ut
405 2105 475 2131 Deus
494 2105 592 2131 interna
611 2105 713 2131 visione
732 2106 764 2131 Vl

122 2150 174 2176 277
194 2150 237 2181 38,
256 2150 290 2176 39
308 2163 345 2169 -
364 2151 398 2176 Ex
417 2152 487 2176 certa
517 2150 626 2176 scientia
651 2149 763 2182 sciebat,

122 2195 168 2228 qui
186 2198 274 2221 essent
291 2194 416 2220 credituri
436 2195 487 2220 336
509 2195 558 2220 400
578 2208 613 2213 -
632 2194 764 2221 Christum

122 2246 174 2265 non
193 2239 291 2265 latebat
309 2239 458 2272 malignitas
477 2240 633 2266 ludaeorum
658 2239 766 2265 interro-

123 2284 241 2316 gantium
261 2284 305 2310 Vll
325 2283 377 2309 564
397 2284 431 2309 80
449 2297 486 2303 -
501 2284 693 2316 circumspecta
706 2291 765 2310 con-

122 2328 280 2355 sideratione
307 2328 451 2361 sapientiae
478 2328 588 2354 videbat
615 2329 707 2354 dolum
738 2328 764 2353 in

123 2373 212 2399 animo
230 2372 431 2399 Pharisaeorum
450 2373 503 2399 510
523 2374 557 2399 29

176 2431 211 2437 -
229 2417 325 2444 dicitur
352 2417 452 2450 aliquid
481 2418 569 2450 primo
589 2424 763 2450 cognoscere,

122 2462 184 2495 quia
198 2468 360 2494 cognoscere
372 2469 401 2487 se
414 2462 500 2494 primo
514 2462 642 2493 ostendit,
655 2465 680 2488 et
693 2462 765 2494 igno-

122 2513 196 2538 rare,
213 2507 276 2539 quia
296 2513 346 2532 non
368 2507 428 2533 facit
445 2514 495 2533 nos
519 2507 587 2533 scire
606 2507 639 2533 Vl
659 2507 705 2533 294
730 2507 758 2532 44

124 2565 157 2569 -
177 2558 228 2577 non
247 2550 339 2577 debuit
351 2551 453 2577 discere
466 2558 514 2577 nec
527 2554 635 2584 propter
649 2552 765 2584 indigen·

123 2595 186 2621 tiam
199 2602 249 2621 nec
261 2595 296 2621 ad
315 2595 433 2622 dandum
452 2596 603 2628 exemplum
623 2596 674 2622 344
688 2596 722 2622 25
736 2595 765 2622 2·

123 2653 158 2659 -
177 2639 269 2666 didicit
286 2640 445 2672 experiendo
464 2640 517 2666 iam
542 2640 677 2672 cognitum
702 2639 765 2666 ibid.

123 2699 158 2702 —
176 2684 324 2711 secundum
347 2685 491 2711 humanam
517 2687 638 2711 naturam
663 2688 765 2717 poterat

124 2729 223 2762 aliquid
247 2736 409 2761 cognoscere
436 2730 581 2763 relatione,
609 2730 683 2763 quod
712 2730 763 2755 iam

124 2772 223 2799 sciebat
241 2774 413 2806 praescientia
433 2774 479 2800 29⁴
505 2775 533 2799 44

177 2833 212 2836 -
231 2818 386 2851 proficiebat
398 2818 525 2851 sapientia
539 2826 590 2845 non
602 2818 765 2845 addiscendo

123 2862 158 2888 de
176 2869 262 2895 novo,
290 2863 338 2888 sed
356 2863 426 2889 dona
445 2870 491 2889 sua
511 2864 605 2889 ceteris
623 2863 765 2896 pandendo

124 2907 157 2932 ad
178 2907 386 2933 aedificationem
411 2908 522 2934 aliorum
543 2908 586 2934 Vll
606 2909 640 2934 69
662 2908 711 2933 ⁴⁴0
730 2922 766 2926 —

124 2951 279 2983 proficiebat
297 2952 445 2978 secundum
465 2952 624 2979 evidentiam
638 2952 764 2985 sapientia

123 2995 150 3021 in
169 2996 299 3022 intellectu
319 3001 345 3022 et
364 2996 448 3028 gratia
475 2997 501 3023 in
529 2998 622 3023 affectu
650 2996 712 3023 ibid.
731 3011 766 3015 -

124 3039 259 3066 Profectus
276 3041 303 3066 in
321 3044 405 3067 aetate
429 3048 461 3067 ex
479 3044 555 3074 parte
573 3042 692 3074 corporis
710 3044 766 3067 erat

125 3084 272 3111 secundum
297 3085 452 3118 essentiam,
478 3086 526 3112 sed
553 3087 687 3118 profectus
704 3086 767 3112 inte-

124 3128 178 3154 rior
196 3132 252 3155 erat
279 3130 426 3156 secundum
454 3130 614 3156 evidentiam
642 3129 705 3157 ibid.
729 3144 765 3150 —

124 3172 321 3199 confortabatur
339 3174 364 3199 in
384 3177 472 3200 mente
490 3177 619 3208 quantum
638 3174 672 3201 ad
692 3174 766 3206 vigo-

124 3223 181 3242 rem
209 3218 341 3249 potentiae
366 3218 504 3245 irascibilis
520 3219 556 3244 65
574 3219 608 3244 92
628 3233 662 3237 -
681 3221 765 3245 aetate

125 3260 260 3288 crescebat
279 3262 306 3288 in
325 3269 437 3295 corpore
449 3262 511 3290 ibid.
531 3263 564 3289 69
585 3263 636 3289 ⁴⁴0
654 3277 690 3282 —-
708 3266 765 3289 erat

125 3305 218 3336 plenus
235 3306 362 3338 sapientia
386 3307 412 3333 in
437 3307 569 3339 rationali,
591 3308 686 3340 plenus
704 3314 764 3339 gra-

125 3348 159 3374 tia
179 3349 205 3375 in
224 3351 421 3383 concupiscibili
441 3351 475 3378 65
494 3352 528 3377 92

794 192 830 225 ΙΝ
853 191 1149 225 COMMENTARIOS
1173 193 1202 225 S.
1227 193 1453 228 SCRIPTURAE

861 294 894 298 —
915 280 1054 306 humilians
1072 287 1101 306 se
1119 280 1145 306 in
1166 282 1249 306 forma
1269 281 1389 314 diScipuli
1402 290 1449 308 au-

805 324 895 350 diebat
912 327 938 350 et
962 324 1141 357 interrogabat
1168 325 1313 357 sapientes,
1342 333 1395 352 non
1421 330 1449 352 ut

805 368 960 399 doceretur,
980 369 1027 394 sed
1047 372 1075 394 ut
1093 369 1201 395 doceret
1225 369 1268 395 Vll
1288 370 1322 395 67
1344 371 1389 395 ⁴0⁴
1413 386 1447 389 -

805 419 872 444 puer
891 412 1055 438 admirabilis
1074 416 1129 438 erat
1150 413 1173 438 in
1187 413 1399 445 prudentissimis
1411 422 1449 441 re·

805 456 909 489 sponsis
927 456 960 483 ib.
982 457 1032 482 403
1052 472 1087 475 -
1106 457 1285 489 respondebat
1303 459 1376 491 quod
1395 466 1447 485 non

805 501 934 527 didicerat
953 501 986 526 68
1007 501 1058 527 404
1077 516 1113 520 —
1131 502 1164 527 ad
1178 502 1389 529 aedificationem
1402 511 1448 530 no-

805 549 886 571 stram
905 546 1062 578 sapientiam
1081 553 1157 572 suam
1172 546 1205 572 ad
1219 549 1324 579 tempus
1342 547 1449 574 abscon-

804 590 843 616 dit
861 590 895 615 69
921 590 972 616 410
990 604 1027 609 -
1046 597 1095 622 pro
1124 594 1242 623 tempore
1270 592 1304 617 ad
1333 595 1447 618 nostram

804 635 914 660 salutem
933 635 1049 660 ostendit
1066 635 1222 667 sapientiam
1242 635 1303 662 ibid.
1317 650 1352 655 —
1366 638 1449 663 voluit

804 678 917 704 inveniri
936 679 962 704 in
982 680 1071 705 medio
1090 680 1230 706 doctorum
1250 683 1276 706 et
1295 681 1320 706 in
1341 682 1448 715 templo,

803 724 960 750 insinuando
981 724 1178 756 Scripturarum-
1195 725 1333 751 lectionem
1352 729 1379 752 et
1390 733 1448 752 ora-

804 768 903 794 tionem
922 768 955 793 67
978 769 1028 794 402

857 826 894 832 -
913 820 966 838 11011
984 813 1128 845 interrogat
1146 816 1175 839 ut
1194 813 1320 845 ignorans
1333 815 1376 840 Vll
1396 815 1447 841 204

804 857 838 883 54
859 872 893 876 —
912 864 967 883 non
995 858 1113 890 quaerit,
1138 858 1201 891 quia
1219 858 1324 884 dubitet
1342 859 1374 884 Vl
1395 860 1447 885 337

805 902 864 927 403.
886 901 936 927 468
957 902 1001 928 62.
1020 902 1063 927 Vll
1084 902 1135 928 474
1155 902 1198 929 37.
1215 903 1266 928 262
1280 903 1325 929 75.
1339 903 1389 929 436
1404 905 1446 930 32.

804 946 855 972 452
878 947 910 972 42
929 960 964 965 -
983 953 1036 972 non
1056 947 1173 980 quaerit,
1193 950 1222 973 ut
1241 947 1337 979 discat,
1352 949 1399 974 sed
1420 952 1447 974 ut

803 991 868 1016 alios
883 991 977 1017 doceat
990 991 1063 1024 quod
1078 992 1200 1024 ignorant
1214 992 1256 1018 Vll
1270 993 1298 1018 2⁴
1311 993 1316 1017 1
1337 994 1380 1019 82.
1394 994 1447 1020 225

804 1036 832 1061 31
857 1050 892 1054 -
911 1036 1015 1069 quaerit
1042 1042 1096 1062 non
1126 1039 1154 1062 ut
1182 1035 1321 1070 dubitans,
1346 1037 1393 1063 sed
1419 1041 1447 1064 ut

803 1080 896 1106 excitet
914 1080 948 1106 ad
967 1080 1163 1113 intelligentiam
1189 1081 1241 1107 507
1262 1082 1290 1107 2⁴
1314 1095 1351 1101 —
1368 1089 1448 1115 quae-

803 1125 836 1150 rit
854 1132 868 1150 a
888 1125 1024 1157 discipulis
1051 1132 1105 1151 non
1129 1126 1191 1159 quia
1211 1125 1327 1159 dubitet⁷
1347 1127 1395 1152 sed
1419 1130 1448 1153 ut

804 1170 916 1195 formam
936 1169 1013 1195 nobis
1026 1169 1124 1196 tribuat
1143 1171 1168 1195 in
1189 1170 1392 1203 investigatione
1404 1178 1448 1197 ve-

803 1213 885 1239 ritatis
910 1216 938 1240 et
965 1214 1130 1240 occasionem
1159 1215 1271 1247 accipiat
1299 1216 1445 1242 instruendi

803 1258 855 1284 594
876 1258 909 1284 24
929 1273 964 1277 —
982 1266 1037 1285 non
1055 1259 1170 1292 quaerit,
1190 1260 1251 1293 quia
1271 1260 1386 1292 dubitet,
1400 1261 1447 1287 sed

803 1306 832 1329 ut
850 1306 977 1329 tentantes
995 1310 1026 1329 ex
1050 1301 1169 1336 ipserum
1194 1305 1367 1336 responsione
1386 1312 1447 1331 con-

803 1349 867 1373 futet
885 1347 931 1373 5⁴⁴
956 1348 990 1373 30

856 1406 892 1411 —
911 1391 1090 1424 respondebat
1113 1393 1147 1419 ad
1167 1393 1355 1425 cogitationes,
1379 1401 1447 1427 quas

803 1436 911 1462 videbat
928 1440 954 1463 et
972 1437 1097 1463 audiebat
1117 1438 1158 1463 Vll
1179 1437 1231 1463 ⁴85
1250 1438 1293 1464 7⁴.
1311 1438 1362 1464 359
1376 1439 1392 1464 5
1411 1453 1446 1458 -

803 1481 946 1513 respondet
959 1485 1018 1507 ante
1031 1482 1228 1515 inquisitionem
1242 1482 1275 1508 Vl
1296 1482 1346 1508 462
1362 1483 1395 1509 30
1408 1497 1444 1502 -

803 1526 946 1558 respondet
957 1525 1114 1552 dubitationi
1134 1527 1252 1552 occultae
1266 1530 1325 1553 ante
1336 1528 1446 1553 interro-

802 1571 936 1603 gationem
957 1571 1008 1596 467
1028 1570 1071 1596 50.
1091 1571 1133 1597 Vll
1155 1571 1205 1597 ⁴38
1227 1572 1259 1597 46
1278 1585 1314 1591 -
1333 1579 1386 1598 non
1400 1573 1446 1598 mi-

802 1618 874 1641 ratur
893 1615 968 1648 quasi
988 1616 1022 1641 de
1041 1615 1091 1641 sibi
1120 1616 1254 1648 incognito
1273 1617 1314 1642 vel
1333 1623 1445 1649 magno,

801 1660 849 1686 sed
859 1660 936 1692 signo
946 1660 1129 1686 admirationis
1141 1660 1263 1692 ostendit,
1275 1661 1374 1694 aliquid
1387 1668 1445 1687 esse

803 1711 929 1737 magnum
951 1704 992 1729 Vll
1014 1705 1064 1729 468
1085 1704 1118 1730 44

856 1763 890 1767 -
910 1749 1057 1781 Sapientiae
1070 1748 1164 1775 Christi
1178 1756 1229 1775 non
1243 1750 1379 1781 praevalet
1388 1756 1444 1775 ma-

801 1794 854 1820 litia
874 1797 900 1819 et
918 1794 1043 1819 dolositas
1062 1794 1105 1819 Vll
1125 1794 1177 1820 355
1197 1794 1231 1819 67
1244 1809 1279 1812 -
1294 1795 1376 1820 Nemo
1389 1797 1444 1827 pot-

801 1842 857 1864 erat
875 1838 996 1864 resistere
1015 1838 1159 1870 sapientiae
1177 1837 1272 1864 Christi
1288 1839 1339 1864 360
1353 1839 1378 1864 9.
1393 1839 1444 1865 528

802 1884 835 1909 22
854 1897 890 1902 -
908 1883 991 1909 Nemo
1019 1885 1123 1914 poterat
1149 1883 1313 1914 respondere
1341 1882 1445 1910 Christo

802 1927 848 1952 5⁴⁴
873 1928 907 1953 33
927 1941 962 1946 -
981 1927 1180 1959 interrogationi
1204 1927 1299 1953 Christi
1318 1934 1370 1953 non
1389 1933 1446 1960 pot-

801 1974 841 1997 est
858 1972 1011 2004 responderi
1032 1972 1083 1997 438
1104 1972 1136 1997 ⁴6
1150 1986 1185 1990 ——
1198 1971 1224 1997 in
1243 1978 1367 1998 sermone
1385 1972 1443 2004 capi

802 2023 854 2042 non
874 2017 960 2048 potuit
979 2016 1011 2042 Vl
1029 2016 1080 2042 462
1100 2023 1127 2042 ν.
1147 2016 1162 2041 8
1181 2030 1217 2035 -
1235 2015 1331 2042 Christi
1343 2017 1444 2048 sapien-

804 2060 838 2086 tia
858 2061 884 2086 in
904 2061 1041 2093 arguendo
1070 2060 1113 2086 Vll
1142 2060 1192 2086 ⁴87
1213 2061 1241 2085 8⁴
1265 2074 1302 2079 —
1320 2060 1444 2086 Mirabilis

802 2105 929 2138 sapientia
954 2105 1048 2131 Christi
1068 2105 1093 2130 in
1112 2104 1285 2137 dispositione
1303 2105 1444 2131 multitudi-

802 2150 843 2176 nis
861 2150 1056 2176 comedentium
1076 2150 1127 2175 223
1148 2149 1181 2175 24

855 2208 889 2212 ——
908 2197 948 2220 est
965 2193 1091 2227 magister
1110 2194 1144 2219 Vl
1169 2193 1217 2219 427
1238 2193 1270 2219 46
1283 2208 1319 2212 -
1332 2193 1443 2219 vocaba-

803 2242 844 2265 tur
863 2239 988 2271 magister
1009 2238 1060 2264 278
1080 2239 1104 2263 3.
1124 2238 1176 2263 509
1196 2238 1230 2263 24
1249 2253 1284 2256 -
1303 2241 1343 2264 εει
1362 2239 1442 2271 magi-

801 2286 854 2310 ster
873 2284 1060 2315 magistrorum
1080 2283 1123 2309 Vll
1144 2283 1195 2309 ⁴98
1215 2283 1249 2309 32
1268 2298 1303 2302 -
1322 2290 1385 2309 vere
1404 2287 1443 2310 est

803 2329 928 2361 magister
948 2328 998 2353 485
1016 2328 1060 2353 74.
1080 2327 1126 2353 464
1152 2327 1185 2353 36
1204 2342 1240 2346 -
1258 2330 1298 2353 εει
1316 2328 1443 2360 magister

802 2380 864 2399 vera
884 2373 982 2399 docens
1001 2372 1052 2398 540
1072 2372 1104 2397 27
1123 2385 1159 2391 ·—
1177 2375 1217 2398 est
1235 2372 1361 2404 magister
1380 2372 1442 2398 fldei

801 2417 853 2443 5⁴6
873 2417 906 2443 47
919 2431 954 2436 -
968 2420 1007 2443 εει
1022 2416 1147 2448 magister
1165 2416 1264 2442 docens
1282 2417 1442 2449 interrogan-

802 2465 840 2488 tes
859 2462 910 2487 266
937 2461 969 2487 44
994 2475 1030 2480 -
1054 2461 1201 2487 secundum
1220 2461 1293 2494 quod
1316 2461 1442 2493 magister

801 2506 887 2532 erudit
914 2512 962 2538 per
985 2505 1108 2537 mysteria
1127 2508 1152 2531 et
1180 2506 1298 2537 exempla
1328 2504 1378 2530 468
1407 2505 1440 2531 54

801 2549 836 2570 -”-
854 2554 898 2576 εει,
912 2550 1051 2582 magister,
1080 2550 1125 2583 qui
1144 2550 1220 2582 plura
1243 2553 1329 2582 potest
1354 2553 1379 2576 et
1393 2550 1441 2576 scit

801 2602 882 2628 quam
902 2595 1024 2626 discipuli
1044 2594 1095 2620 240
1113 2594 1148 2620 73

854 2654 889 2658 -
908 2639 1003 2665 dicitur
1021 2639 1113 2665 doctor
1131 2638 1167 2664 ob
1189 2638 1324 2664 scientiam
1345 2639 1378 2665 ad
1398 2639 1442 2665 do-

801 2685 916 2711 cendum
945 2684 987 2710 Vll
1017 2683 1068 2709 ⁴⁴5
1098 2683 1130 2709 40
1150 2698 1185 2701 -
1207 2683 1300 2709 doctor
1328 2683 1443 2709 debebat

801 2729 976 2759 manifestari,
990 2732 1018 2754 ut
1031 2728 1138 2754 doceret
1152 2728 1184 2753 Vl
1197 2728 1248 2759 339
1265 2728 1274 2753 4
1294 2743 1327 2746 -
1340 2731 1380 2754 εει
1398 2728 1442 2754 do·

802 2778 857 2800 ctor
867 2774 966 2799 docens
975 2772 1138 2805 plenitudine
1148 2772 1291 2804 sapientiae
1300 2775 1326 2798 et
1338 2773 1442 2806 affluen-

802 2819 836 2845 tia
855 2817 985 2844 sermonis
1003 2817 1048 2842 Vll
1069 2817 1078 2842 ⁴
1091 2816 1120 2842 ⁴4
1140 2817 1156 2842 6
1170 2831 1204 2835 —
1218 2820 1257 2842 est
1269 2817 1362 2843 doctor
1380 2824 1442 2843 con-

801 2869 940 2889 summans
953 2861 1036 2888 verba
1050 2861 1197 2887 eruditione
1207 2862 1322 2893 perfecta
1335 2865 1361 2887 et
1373 2869 1441 2888 com-

802 2908 870 2940 pleta
890 2907 941 2932 ⁴66
961 2908 976 2932 2
997 2921 1029 2924 —
1049 2909 1105 2932 erat
1123 2913 1203 2932 verus
1221 2906 1315 2932 doctor
1337 2906 1388 2932 499
1407 2906 1440 2931 73

802 2967 837 2971 —
857 2955 885 2977 ut
903 2958 1024 2977 summus
1049 2951 1143 2977 doctor
1167 2950 1345 2983 principaliter
1364 2950 1443 2976 habet

802 2997 903 3023 clavem
923 2995 1048 3021 scientiae
1067 2995 1118 3021 309
1138 2995 1171 3020 99
1191 3009 1226 3013 -
1245 2999 1301 3021 erat
1313 2995 1380 3021 iuste
1398 2995 1442 3021 do·

803 3047 879 3072 cens,
899 3040 961 3073 quia
980 3040 1088 3072 proprie
1112 3040 1169 3072 ipse
1188 3040 1260 3065 solus
1278 3039 1372 3065 doctor
1391 3039 1441 3064 500

802 3085 837 3111 73
855 3098 891 3104 -
910 3085 1063 3111 cathedram
1082 3083 1161 3110 habet
1180 3084 1205 3110 in
1225 3084 1311 3114 caelo,
1336 3087 1362 3109 et
1375 3083 1442 3109 intus

802 3130 880 3156 docet
897 3129 978 3155 corda
997 3128 1058 3155 ibid.

855 3187 890 3193 —
908 3173 986 3200 docet
1014 3176 1042 3199 ut
1067 3173 1192 3205 magister
1220 3173 1253 3198 Vl
1282 3172 1333 3198 427
1354 3172 1386 3197 ⁴6
1406 3186 1441 3190 —

801 3224 850 3250 per
868 3215 1073 3250 profunditatem
1093 3217 1237 3250 sapientiae
1255 3217 1383 3249 populum
1397 3215 1441 3242 do-

801 3262 878 3288 cebat
897 3263 939 3288 Vll
961 3263 1010 3288 ⁴⁴3
1032 3263 1042 3288 ⁴
1066 3276 1102 3282 —
1120 3265 1160 3288 est
1177 3261 1296 3288 eruditor
1309 3268 1356 3293 per
1369 3267 1441 3292 prae-

800 3307 939 3334 dicationis
958 3307 1140 3340 magisterium
1160 3306 1176 3332 5
1196 3306 1239 3332 ⁴7.
1261 3306 1294 3331 97
1311 3305 1345 3331 37
1357 3319 1392 3323 -
1405 3304 1441 3330 di-

800 3351 868 3378 citur
887 3351 1013 3383 magister
1032 3354 1061 3377 ut
1079 3351 1126 3377 Dei
1145 3350 1271 3384 sapientia
1291 3349 1326 3376 ob
1348 3348 1441 3375 doctri-

2057 205 2115 236 691

1739 243 1805 269 Clffl
1827 244 1865 276 (6)

1486 291 1546 309 nam
1577 285 1628 311 ⁴34
1653 287 1661 311 ⁴
1685 300 1721 306 -—
1740 288 1836 313 dicitur
1865 290 1988 320 magister
2017 296 2122 323 propter

1485 328 1643 355 documenta
1659 331 1690 355 Vl
1705 332 1756 356 395
1772 331 1786 356 4
1800 347 1834 350 —
1847 337 1902 358 erat
1915 334 2028 359 director
2042 336 2123 361 verbo

1485 373 1628 404 sapientiae
1647 377 1673 399 et
1692 376 1817 401 miraculo
1837 378 1967 408 potentiae
1987 379 2037 404 382
2061 381 2068 404 ⁴

1539 431 1573 436 -
1584 416 1698 450 loquitur
1709 426 1756 451 per
1763 421 1879 446 veritatis
1890 422 2069 453 magisterium
2083 425 2123 449 Vll

1487 461 1538 486 ⁴⁴5
1557 461 1573 485 9
1592 476 1626 480 -
1641 462 1677 487 De
1697 464 1857 494 plenitudine
1875 466 2017 497 sapientiae
2030 467 2124 493 Christi

1486 505 1635 536 zccepimus
1648 506 1793 532 doctrinam
1808 508 1986 535 instructionis
1998 512 2027 536 V⁴
2042 512 2093 537 539
2109 513 2123 537 6

1485 562 1520 567 -
1542 549 1567 574 111
1588 549 1689 576 Christo
1709 552 1814 576 auditur
1833 553 1902 578 Deus
1922 555 2045 587 loquens,
2072 564 2123 581 non

1486 599 1534 624 per
1553 597 1699 620 creaturam
1721 595 1880 628 subiectam,
1899 599 1943 623 sed
1968 599 1991 623 in
2019 601 2123 632 propria

1486 643 1597 668 persona
1616 641 1642 663 et
1661 643 1778 665 creatura
1800 641 1870 666 unita
1898 642 1939 667 Vll
1967 643 2017 668 265
2039 644 2071 669 42
2091 660 2124 662 -

1485 681 1601 714 loquitur
1629 684 1774 709 secundum
1804 686 1956 711 mandatum
1987 688 2067 713 Patris
2093 690 2124 714 Vl

1486 725 1537 751 423
1557 727 1601 757 68,
1614 727 1647 752 69
1662 742 1696 745 —
1710 731 1749 753 εει
1767 728 1868 761 doctor,
1887 730 1931 762 qui
1951 731 2065 764 loquitur
2082 740 2124 759 no-

1485 769 1588 796 biscum
1608 771 1655 797 36⁴
1681 773 1714 798 35
1731 774 1881 800 —locutus
1900 778 1938 801 est
1957 783 2003 807 per
2023 777 2125 803 mirabi-

1484 815 1535 840 lem
1555 815 1751 842 instructionem
1772 818 1818 842 384
1842 818 1874 843 48

1537 873 1573 878 ——
1591 860 1648 886 eius
1667 861 1785 886 doctrina
1806 869 1857 888 non
1877 867 1915 888 est
1935 871 1997 895 sua,
2016 866 2076 898 quia
2091 866 2124 892 ab

1483 904 1534 929 alio
1553 905 1668 936 accepit,
1687 906 1733 931 sed
1754 907 1811 938 ipse
1829 910 1868 932 est
1887 908 2011 940 sapientia
2027 917 2074 942 per
2087 917 2124 936 es-

1483 948 1593 974 sentiam
1614 949 1647 975 Vl
1667 950 1718 975 342
1749 952 1790 976 2⁴.
1821 952 1872 977 344
1897 953 1930 978 26
1949 968 1983 971 —
2004 954 2124 980 Doctrina

1483 992 1577 1019 Christi
1596 995 1742 1020 secundum
1763 996 1928 1022 Divinitatem
1948 1005 1999 1023 non
2020 1004 2058 1025 est
2077 1007 2123 1025 sua

1484 1038 1630 1069 secundum
1652 1040 1854 1071 humanitatem,
1874 1042 1934 1074 quia
1956 1050 2006 1068 non
2027 1047 2065 1069 est
2085 1051 2124 1069 ac-

1483 1082 1579 1115 quisita
1599 1082 1650 1108 344
1675 1084 1708 1109 26
1737 1098 1772 1103 -
1799 1085 1919 1111 Doctrina
1948 1086 2040 1113 Christi
2070 1095 2122 1114 non

1484 1129 1539 1152 erat
1567 1127 1623 1153 eius
1651 1128 1731 1154 solius
1750 1127 1812 1155 ibid.
1837 1144 1872 1149 —
1891 1137 1921 1156 ex
1941 1138 1968 1156 se
1988 1132 2045 1163 ipso
2072 1140 2122 1158 non

1484 1171 1614 1204 loquitur,
1633 1172 1680 1198 sed
1700 1180 1835 1199 sermones
1855 1175 1935 1200 Patris
1950 1175 1999 1201 442
2013 1177 2056 1202 33.
2071 1177 2120 1202 472

1485 1217 1518 1242 26
1538 1231 1572 1235 —
1597 1217 1670 1243 dedit
1697 1218 1833 1250 discipulis
1862 1219 1942 1245 verba
1971 1221 2052 1246 Patris
2078 1222 2124 1247 do-

1484 1262 1568 1288 cendo
1588 1262 1640 1288 539
1661 1263 1676 1288 6

1537 1321 1572 1324 —
1591 1311 1681 1339 aperte
1700 1308 1777 1334 docet
1796 1309 1933 1335 credentes
1956 1310 1998 1335 Vll
2019 1310 2070 1336 565
2091 1311 2122 1336 83

1483 1365 1518 1369 —
1537 1352 1610 1377 solus
1628 1352 1718 1378 docuit
1737 1353 1770 1378 de
1790 1353 1843 1378 Deo
1867 1354 2080 1380 certitudinaliter
2099 1360 2124 1380 et

1483 1399 1588 1428 aperte,
1607 1396 1654 1429 qui
1673 1396 1739 1422 vidit
1758 1397 1841 1422 Deum
1857 1401 1884 1423 ut
1896 1398 1953 1423 eius
1972 1399 2126 1430 Unigenitus

1484 1440 1517 1465 Vl
1543 1440 1594 1466 255
1615 1441 1657 1471 39,
1677 1441 1710 1466 40
1730 1456 1764 1459 —
1785 1442 1864 1467 modo
1893 1443 2065 1468 certitudinali
2086 1444 2122 1469 lo-

1482 1485 1572 1517 quitur
1600 1485 1634 1510 de
1662 1485 1761 1512 dixinis
1781 1486 1826 1511 241
1853 1487 1877 1512 6.
1904 1487 1954 1512 287
1975 1487 2017 1518 54,
2037 1488 2070 1513 55
2090 1502 2123 1506 —

1482 1529 1527 1561 qui
1553 1532 1593 1555 est
1621 1529 1654 1555 de
1683 1531 1769 1562 caelo,
1799 1531 1913 1563 loquitur
1941 1532 2060 1557 caelestia
2081 1532 2124 1557 Vll

1483 1574 1533 1599 222
1555 1574 1588 1598 49

1536 1632 1570 1637 -
1589 1619 1659 1644 solus
1679 1622 1718 1645 est
1737 1627 1815 1645 verus
1832 1620 1993 1646 consiliarius
2009 1621 2050 1646 Vll
2072 1621 2117 1646 46⁴

1482 1663 1515 1688 36
1535 1677 1571 1681 —
1590 1664 1716 1695 magister
1729 1664 1939 1695 sapientissimus
1959 1668 1983 1690 et
2002 1672 2122 1691 summus

1482 1707 1527 1732 dat
1547 1708 1684 1733 consilium
1710 1708 1801 1733 salutis
1829 1707 1890 1734 ibid.

1535 1766 1571 1769 —
1590 1758 1620 1776 ex
1640 1752 1789 1783 cognitione
1809 1756 1971 1778 secretorum
1991 1755 2125 1785 cognosci-

1482 1798 1524 1821 tur
1537 1802 1594 1821 esse
1606 1795 1735 1829 Propheta.
1749 1797 1781 1822 Vl
1802 1796 1853 1821 295
1873 1796 1906 1822 34
1919 1811 1956 1816 -
1967 1797 2123 1824 credebatur

1483 1840 1610 1871 Propheta
1629 1843 1740 1871 propter
1760 1841 1877 1865 notitiam
1897 1842 2013 1867 veritatis
2027 1846 2050 1867 et
2067 1849 2122 1867 sen-

1481 1890 1541 1909 sum
1561 1884 1726 1909 discretionis
1745 1884 1788 1910 vu
1802 1885 1853 1910 220
1875 1885 1915 1910 ⁴2.
1936 1886 1987 1910 226
2007 1886 2050 1911 32.
2070 1886 2121 1911 227

1481 1927 1515 1953 34
1534 1941 1570 1946 —
1588 1927 1683 1953 dicitur
1702 1928 1845 1960 Propheta,
1864 1929 1926 1961 quia
1946 1936 2038 1955 verum
2058 1930 2121 1955 dixit

1481 1972 1507 1997 in
1528 1971 1653 1998 omnibus
1674 1975 1699 1997 et
1722 1972 1884 1998 infallibiliter
1910 1973 1943 1998 Vl
1961 1973 2013 1999 324
2033 1974 2066 1999 33
2085 1988 2121 1993 —

1480 2018 1519 2041 est
1537 2016 1666 2048 Propheta
1684 2023 1733 2048 per
1753 2017 1944 2049 excellentiam,
1963 2018 2007 2050 qui
2027 2022 2120 2044 cuncta

1480 2060 1566 2086 futura
1585 2061 1734 2092 praenoscit
1753 2061 1796 2086 Vll
1817 2061 1868 2087 355
1888 2061 1920 2086 69
1934 2076 1969 2079 -
1988 2065 2027 2087 εει
2040 2070 2119 2088 verus

1480 2104 1608 2136 Propheta
1628 2104 1679 2130 563
1699 2105 1733 2130 76
1752 2119 1788 2124 -
1811 2112 1863 2131 non
1889 2106 1936 2131 fuit
1961 2114 2028 2132 unus
2053 2107 2120 2132 inter

1480 2148 1581 2180 priores
1608 2149 1763 2181 Prophetas,
1786 2152 1814 2175 ut
1840 2157 1922 2182 purus
1951 2152 2044 2181 homo,
2072 2151 2119 2177 sed

1481 2200 1564 2224 unus,
1581 2197 1689 2225 propter
1708 2201 1788 2226 quem
1807 2200 2007 2226 praecesserunt
2028 2202 2120 2221 omnes

1481 2237 1581 2269 priores
1601 2238 1651 2263 226
1671 2238 1705 2263 32
1725 2251 1760 2256 —-
1776 2238 1825 2264 fuit
1845 2239 1972 2264 Dominus
2000 2240 2119 2265 omnium

1480 2281 1671 2313 Prophetarum
1692 2283 1707 2307 6
1730 2283 1761 2307 ⁴9

1516 2326 1531 2351 6
1552 2340 1584 2344 —
1598 2330 1637 2352 est
1650 2327 1777 2358 Propheta
1792 2327 1941 2358 praedictus
1955 2334 1967 2352 a
1983 2328 2070 2359 Moyse
2086 2328 2117 2353 Vl

1480 2371 1531 2396 3⁴6
1550 2370 1593 2396 78.
1622 2371 1674 2396 324
1694 2371 1726 2396 33
1746 2385 1782 2390 -
1801 2375 1840 2397 εει
1858 2372 1986 2403 Propheta
2007 2373 2120 2404 promis-

1479 2422 1524 2440 sus
1543 2415 1601 2440 filiis
1620 2416 1695 2441 lsrael
1715 2415 1758 2441 vu
1779 2416 1794 2441 5
1816 2416 1856 2441 ⁴9.
1875 2416 1922 2441 170
1942 2417 1984 2442 30.
2005 2417 2055 2442 226
2077 2418 2118 2442 32.

1480 2459 1531 2484 355
1551 2459 1584 2484 69
1604 2474 1639 2478 -
1658 2460 1756 2485 faciens
1785 2460 1908 2486 miracula
1928 2464 2036 2493 propter
2055 2462 2120 2486 emi-

1479 2504 1594 2530 nentiam
1614 2505 1748 2536 potestatis
1773 2508 1799 2530 et
1827 2505 1911 2530 zelum
1940 2506 2120 2531 aemulationis

1479 2547 1618 2574 videbatur
1637 2548 1704 2574 Elias
1723 2549 1775 2574 220
1796 2549 1839 2574 42.
1859 2550 1910 2574 226
1930 2550 1963 2575 32

1532 2607 1567 2611 -—
1585 2600 1665 2625 saepe
1683 2593 1797 2625 dixerat,
1810 2600 1838 2619 se
1852 2601 1909 2619 esse
1928 2593 2059 2620 Christum
2079 2595 2119 2620 x'll

1480 2637 1530 2663 564
1552 2638 1580 2662 8⁴
1604 2652 1639 2655 —
1658 2638 1781 2671 quamvis
1800 2638 1906 2670 dixerat,
1926 2645 1954 2664 se
1973 2645 2031 2664 esse
2050 2638 2121 2664 Chri-

1479 2685 1562 2713 stum,
1575 2689 1663 2708 coram
1678 2682 1825 2714 discipulis,
1846 2686 1933 2708 tamen
1949 2684 1999 2708 hoc
2019 2683 2119 2708 tacebat

1479 2733 1568 2752 coram
1598 2727 1714 2757 ludaeis,
1744 2733 1777 2752 ne
1804 2727 1878 2752 daret
1897 2727 1934 2752 eis
1953 2728 2118 2753 occasionem

1480 2771 1638 2802 malignandi
1658 2771 1708 2796 566
1729 2771 1744 2796 3

1532 2829 1567 2833 -—
1587 2822 1699 2847 magnus
1712 2814 1920 2847 cognoscebatur
1933 2822 1947 2840 a
1962 2815 2059 2847 populo
2075 2815 2118 2840 vll

1478 2859 1512 2884 96
1532 2860 1566 2885 30
1591 2874 1626 2877 -
1655 2862 1762 2891 propter
1790 2860 1864 2891 signa
1893 2858 2049 2885 credebatur
2074 2866 2117 2884 rex

1480 2905 1626 2938 promissus
1645 2911 1658 2929 a
1679 2904 1748 2935 Lege
1764 2903 1813 2929 492
1834 2904 1876 2929 55.
1897 2904 1947 2928 506
1970 2903 2001 2928 19
2020 2917 2055 2921 -
2074 2910 2119 2928 co—

1479 2950 1568 2982 gnitus
1596 2956 1610 2974 a
1639 2949 1740 2974 ludaeis
1768 2955 1815 2980 per
1843 2949 1918 2979 signa
1942 2951 1969 2973 ut
1989 2949 2117 2980 Propheta

1479 2997 1606 3020 venturus
1625 2993 1656 3018 Vl
1680 2993 1731 3018 322
1760 2992 1803 3018 24.
1833 2992 1883 3017 377
1909 2993 1941 3017 23
1970 3007 2005 3010 -
2024 3000 2054 3018 ex
2080 3000 2117 3018 sa-

1479 3038 1575 3071 pientia
1593 3037 1729 3063 doctrinae
1743 3036 1909 3068 cognoscitur
1922 3036 2049 3067 Propheta
2065 3037 2116 3062 350

1479 3083 1512 3108 58
1530 3097 1565 3101 —
1585 3080 1690 3107 Turbae
1710 3081 1796 3112 ipsum
1816 3081 1882 3106 sicut
1895 3087 1989 3105 verum
2004 3080 2116 3112 Prophe—

1478 3130 1531 3153 tam
1551 3124 1682 3152 habebant
1700 3125 1742 3150 ΥΙΙ
1762 3124 1812 3150 542
1833 3124 1848 3149 7

1531 3185 1566 3188 -
1584 3169 1668 3202 Aliqui
1689 3169 1773 3200 magis
1797 3168 1934 3194 illuminati
1954 3172 2117 3200 cognoscunt

1477 3214 1608 3241 Christum
1638 3213 1670 3238 Vl
1700 3213 1745 3239 35⁴
1780 3212 1813 3238 59
1832 3226 1867 3231 —-
1887 3211 1976 3238 verbis
1999 3215 2025 3237 et
2045 3212 2118 3238 factis
2166 3218 2169 3219 ⁷

1478 3258 1645 3291 cognoscitur
1672 3264 1730 3283 esse
1758 3256 1876 3283 Christus
1896 3257 1939 3282 Vll
1960 3257 2009 3282 400
2030 3256 2063 3282 48
2083 3270 2117 3275 —

1478 3304 1505 3329 ln
1518 3302 1648 3329 Christum
1662 3301 1823 3327 credendum
1837 3301 1985 3327 testimonio
2005 3307 2117 3332 operum

1478 3347 1510 3373 Vl
1539 3346 1589 3372 454
1619 3346 1652 3372 36
1672 3359 1707 3365 -
1726 3344 1832 3371 Turbae
1859 3349 1967 3377 propter
1994 3345 2068 3377 signa
2091 3345 2116 3370 in
