2476 3921
231 479 301 500 113110.

180 689 296 716 Dissipatio

159 716 315 743 temporalium.

161 1582 220 1603 Bona
228 1582 313 1608 dispen-

168 1612 221 1630 satio
232 1614 312 1630 eorum.

175 2002 230 2030 Quid
248 2002 308 2033 diffa-

202 2031 275 2050 matio.

319 275 384 308 404

322 364 370 397 vel
395 363 473 396 male
496 362 630 401 relinet,
656 363 703 396 vel
728 363 809 395 male
825 362 964 404 accipit,
982 361 1032 394 vel
1049 361 1130 395 male
1145 361 1275 402 dispen-

320 420 383 449 sat.
416 416 501 449 Unde
534 415 686 448 Glossa1:
716 428 731 444 o:
748 414 913 456 Dissipatio
943 416 1008 452 est,
1040 413 1165 455 quando
1195 412 1275 445 male

322 472 569 512 congregantur,
594 469 643 502 vel
666 477 729 501 11011
753 468 831 501 11606
854 467 1079 509 expenduntur
1095 479 1126 497 n.
1144 466 1180 498 Et
1196 465 1276 498 ratio

321 523 417 555 huius
440 525 504 560 651,
536 521 610 564 quia
633 521 714 554 110113
739 520 921 562 temporalia
944 522 1035 558 sunt,
1059 522 1095 551 ut
1119 527 1175 560 per
1199 519 1275 550 11366

321 575 527 617 acquirantur
551 574 631 606 bona
654 577 790 606 aeterna.
815 573 891 605 Cum
916 581 990 614 ergo
1019 572 1096 604 11366
1120 574 1275 611 tempora-

323 629 362 661 lia
386 628 429 660 sic
453 628 628 666 habentur,
653 627 736 668 quod
760 630 889 668 propter
912 625 965 657 illa
987 628 1114 657 aeterna
1138 623 1275 665 perdun-

322 685 393 719 tur;
418 684 493 712 tunc
516 679 634 721 absque
658 679 754 711 dubio
777 678 997 719 dissipamur.
1023 677 1082 718 Qui
1107 685 1182 718 ergo
1199 676 1276 708 haec

324 733 504 775 temporalia
527 732 608 765 bona
631 732 675 764 sic
699 731 899 773 expendunt,
924 730 1007 772 quod
1032 739 1093 762 non
1118 731 1276 771 quaerunt

322 787 353 819 11]
378 786 422 818 615
445 785 593 818 meritum
617 784 743 823 salutis,
768 784 821 817 sed
845 783 989 816 solatium
1013 782 1133 821 carnis,
1158 786 1276 822 tempo-

323 840 399 872 ralia
430 848 492 871 non
524 838 714 880 dispensant
746 837 784 870 ad
816 836 943 869 modum
975 836 1045 868 boni
1079 835 1190 873 villici,
1222 833 1276 866 sed

323 892 487 934 dissipant
510 891 548 923 ad
574 891 698 923 modum
723 890 777 922 filii
803 889 942 932 prodigi,
965 889 1003 922 de
1027 898 1090 930 quo
1111 897 1208 930 supra
1223 887 1276 920 de-

323 944 404 976 cimo
428 944 563 985 quinto2
587 943 720 981 dicitur,
744 942 829 984 quod
857 955 872 970 α
889 942 1050 984 dissipavit
1071 940 1276 974 substantiam

324 1006 413 1029 suam
439 996 569 1029 vivendo
598 996 762 1028 luxuriose
779 1009 809 1027 ».
834 995 948 1027 Contra
972 1003 1051 1036 quos
1074 993 1148 1026 dicit
1171 992 1277 1025 Domi-

324 1058 384 1081 nus
415 1058 471 1090 per
503 1049 581 1081 Osee
606 1048 793 1089 Prophetam
825 1047 902 1080 Osee
927 1047 1084 1079 secundo:
1115 1045 1220 1078 «Dedi
1249 1044 1276 1077 ei

325 1101 518 1133 frumentum
549 1103 580 1132 et
603 1100 710 1132 vinum
743 1102 773 1131 et
808 1099 911 1132 oleum
944 1102 974 1131 et
1009 1101 1173 1140 argentum
1197 1097 1278 1130 mul-

326 1153 460 1195 tiplicavi
489 1153 516 1185 ei
549 1156 580 1185 et
614 1161 747 1191 aurum,
780 1160 860 1194 quae
891 1152 1033 1184 fecerunt
1057 1151 1136 1183 Baal.
1162 1150 1278 1183 Idcirco

325 1209 490 1238 convertar
525 1209 556 1237 et
591 1213 712 1237 sumam
747 1204 942 1237 frumentum
977 1213 1083 1236 meum
1112 1207 1143 1236 et
1171 1204 1278 1235 vinum

326 1267 429 1291 meum
454 1258 485 1289 in
511 1261 651 1299 tempore
682 1266 740 1290 suo
763 1260 793 1289 et
817 1257 955 1289 liberabo
987 1257 1087 1288 lanam
1119 1265 1220 1288 meam
1249 1258 1280 1287 et

327 1312 422 1343 linum
447 1320 570 1348 meum,
602 1319 683 1352 quae
713 1310 894 1352 operiebant
919 1309 1118 1351 ignominiam
1143 1308 1220 1341 6105.
1245 1309 1280 1340 Ε1

326 1362 470 1395 revelabo
495 1362 657 1395 stultitiam
682 1362 750 1394 eius
773 1363 804 1394 in
836 1362 934 1394 oculis
965 1366 1141 1394 amatorum
1165 1361 1232 1393 eius
1249 1374 1278 1392 ».

327 1415 410 1448 Unde
434 1415 508 1457 quia
532 1415 639 1457 plures
656 1418 736 1447 sunt
765 1415 965 1456 dissipatores
989 1417 1019 1447 et
1042 1414 1132 1456 pauci
1156 1414 1280 1455 dispen-

326 1472 460 1507 satores,
485 1468 600 1500 dicitur
617 1468 735 1510 primae
751 1467 789 1500 ad
805 1467 981 1500 Corinthios
1005 1471 1119 1509 quarto
1131 1467 1143 1486 3
1159 1479 1165 1499 ;
1195 1479 1210 1495 <t
1228 1466 1280 1499 Hic

325 1521 385 1554 iam
402 1520 566 1563 quaeritur
582 1521 663 1553 inter
678 1520 924 1562 dispensatores,
942 1523 977 1552 ut
993 1519 1092 1552 fidelis
1108 1519 1179 1561 quis
1194 1518 1280 1551 inve-

326 1574 430 1606 niatur
445 1588 473 1605 ».
492 1592 534 1597 -
550 1574 637 1606 Tunc
654 1577 758 1607 autem
775 1573 851 1605 haec
869 1572 1051 1614 temporalia
1067 1572 1145 1604 bene
1161 1571 1281 1613 dispen-

326 1631 453 1665 santur,
470 1626 594 1668 quando
610 1626 642 1658 in
658 1634 753 1667 opera
776 1625 1006 1658 misericordiae
1030 1624 1279 1662 distribuuntur,

326 1679 498 1713 secundum
531 1679 606 1711 illud
638 1687 735 1720 supra
765 1678 969 1711 duodecimo:
1007 1677 1133 1719 «Quis,
1170 1680 1279 1719 putas,

326 1737 371 1765 est
395 1733 588 1773 dispensator
613 1731 712 1764 fidelis
744 1734 775 1763 61
805 1731 961 1772 prudens,
993 1740 1087 1772 quem
1120 1730 1280 1763 constituit

326 1785 477 1817 Dominus
500 1794 595 1826 super
618 1784 764 1816 familiam
790 1792 878 1816 suam
896 1797 912 1812 »
940 1787 998 1816 etc.
1023 1783 1092 1816 Ideo
1108 1783 1199 1816 istius
1214 1783 1281 1815 dis-

326 1837 502 1879 sipationis
525 1837 618 1878 oriyo
635 1840 666 1869 et
681 1840 780 1869 mater
797 1840 844 1869 est
860 1836 1116 1869 immisericordia
1126 1848 1134 1874 ;
1151 1839 1280 1878 propter

327 1889 410 1931 quod
436 1889 675 1922 Proverbiorum
702 1889 852 1931 vigesimo
875 1889 1004 1921 n0n04:
1035 1901 1050 1917 α
1065 1889 1155 1921 Novit
1178 1888 1281 1921 iustus

326 1948 452 1974 63115301
469 1950 643 1983 pauperum
655 1967 662 1980 ,
679 1942 794 1983 impius
809 1942 931 1983 ignorat
947 1942 1122 1980 scientiam,
1140 1942 1281 1975 homines

326 1994 505 2036 pestilentes
528 1993 678 2035 dissipant
702 1994 858 2026 civitatem
876 2007 905 2025 ι).
931 2012 974 2017 -
997 1994 1084 2026 Tunc
1108 1996 1212 2025 autem
1230 1994 1281 2026 hic

327 2047 449 2079 villicus
472 2046 555 2088 apud
580 2046 748 2078 Dominum
772 2045 991 2088 diffamatur,
1016 2045 1141 2087 quando
1165 2046 1282 2077 clamor

320 2092 501 2141 ‘pauperum
526 2099 664 2132 ascendit
687 2099 726 2131 ad
750 2099 934 2137 Dominum;
952 2098 1035 2131 unde
1050 2098 1166 2131 dicitur
1183 2098 1282 2131 1360111

327 2152 483 2194 qnint05:
513 2164 528 2180 a
545 2152 631 2193 Agite
654 2160 756 2189 nunc,
780 2151 909 2189 divites,
934 2151 1053 2192 plorate
1077 2150 1236 2183 ululantes
1252 2150 1283 2182 in

327 2205 478 2243 miseriis,
510 2214 591 2246 quae
622 2204 786 2236 advenient
818 2203 906 2236 vobis
922 2215 952 2242 »;
982 2207 1013 2235 61
1036 2206 1126 2245 post:
1157 2203 1282 2242 «Ecce,

327 2266 448 2290 merces
479 2257 714 2299 operariorum,
745 2256 800 2298 qui
832 2259 1032 2289 messuerunt
1063 2256 1205 2298 regiones
1234 2265 1284 2289 ve-

329 2313 430 2348 stras,
455 2318 536 2351 quae
559 2309 703 2341 fraudata
725 2313 772 2342 est
795 2318 814 2341 a
838 2309 942 2347 vobis,
959 2309 1088 2347 clamat,
1112 2312 1144 2341 et
1166 2309 1283 2341 clamor

328 2371 438 2395 eorum
462 2362 494 2394 in
517 2370 611 2394 aures
635 2361 756 2394 Domini
781 2361 913 2394 Sabaoth
933 2361 1119 2394 introivit».
1145 2362 1181 2394 Ε1
1204 2370 1283 2403 quo-

329 2414 411 2446 niam
435 2413 571 2446 crudelis
595 2417 641 2446 est
662 2413 716 2454 qui
732 2413 847 2445 famam
864 2413 1007 2455 negligit,
1025 2416 1056 2446 et
1071 2413 1172 2446 omnis
1188 2414 1283 2446 homo

328 2466 467 2498 maxime
490 2466 599 2498 horret
623 2466 800 2504 infamiam
825 2465 893 2498 ideo
918 2466 986 2499 talis
1002 2466 1157 2499 bonorum
1173 2465 1283 2499 abusio

328 2522 376 2551 est
398 2518 552 2556 cavenda,
576 2527 614 2551 ne
637 2527 678 2551 ex
702 2518 901 2560 dissipatione
918 2519 1072 2551 bonorum
1088 2519 1282 2561 dispensatur

329 2571 418 2603 cadat
441 2571 471 2603 in
496 2571 700 2613 opprobrium
724 2574 755 2604 et
775 2571 960 2604 derisionem
978 2572 1154 2613 publicam,
1172 2580 1282 2604 56601]-

401 2747 409 2761 ¹
431 2748 531 2773 Scilicet
550 2747 747 2779 interlinearis,
768 2748 792 2773 in
811 2755 862 2780 qua
883 2749 902 2773 Il
923 2755 983 2774 cum
1004 2751 1072 2774 textu
1091 2749 1211 2781 originali
1225 2756 1283 2776 con-

330 2792 461 2824 ,qreqatur
481 2798 529 2822 pro
548 2793 762 2824 congregantur,
791 2794 816 2816 et
834 2790 995 2824 expe-ndum·
1014 2799 1062 2823 pro
1083 2792 1282 2825 eoependuntur.

332 2835 388 2860 Vat.
408 2838 467 2866 post
485 2834 591 2867 quando
611 2835 683 2860 addit
702 2834 760 2867 ipsa
779 2833 857 2860 bona.

401 2876 412 2892 ²
433 2879 504 2903 Vers.
526 2879 572 2908 13,
593 2882 651 2909 post
668 2885 747 2910 quem
767 2878 834 2903 Osee
853 2879 882 2910 2,
903 2879 973 2904 8-l0.

402 2920 412 2936 ⁸
433 2923 505 2948 Vers.
526 2923 549 2948 2.
570 2936 603 2940 —
623 2922 744 2955 Sequitur
764 2924 824 2948 Luc.
848 2924 892 2954 12,
913 2922 955 2948 42.

401 2965 413 2980 ⁴
433 2968 505 2992 Vers.
524 2966 549 2991 7.
569 2969 594 2991 et
614 2967 638 2992 8.
657 2980 692 2985 -
712 2967 837 2998 Superius
857 2974 904 2998 pro
918 2966 978 2993 Ideo
992 2966 1069 2994 istius
1085 2967 1142 2993 Vat.
1152 2967 1186 2994 Et
1198 2966 1283 2998 istius,

331 3013 357 3036 et
375 3011 434 3036 dein
454 3011 542 3042 plures
562 3011 640 3036 codd.
661 3011 747 3043 (etiam
762 3011 780 3037 C
792 3011 812 3036 D
826 3011 956 3044 primitus)
971 3014 1167 3044 prosequuntur
1180 3011 1284 3045 dispen-

330 3053 441 3081 sationis
461 3054 536 3087 111-190
556 3056 582 3080 et
598 3056 685 3081 mater
703 3057 742 3081 est
760 3054 788 3080 in
806 3054 1001 3082 misericordia.

401 3096 412 3111 ⁶
433 3098 505 3123 Vers.
526 3099 550 3123 1.
569 3101 594 3124 et
615 3098 637 3124 4.
657 3112 692 3117 —
709 3099 799 3125 Glossa
826 3098 1027 3125 interlinearis:
1057 3098 1104 3126 Hic
1126 3098 1283 3133 diffamatus

331 3143 369 3168 eat
387 3141 461 3174 apud
479 3141 571 3173 illum,
592 3143 655 3167 haec
673 3143 804 3168 accusatio
823 3143 864 3174 111,
883 3143 989 3175 quando
1008 3141 1094 3176 [quis]
1113 3150 1164 3168 non
1183 3147 1284 3179 exercet

331 3191 411 3216 opera
431 3184 533 3216 pietatis
551 3191 613 3217 erga
634 3185 688 3211 illos
707 3185 805 3217 quibus
824 3185 924 3211 debuit.
1238 3207 1240 3210 ,

401 3226 413 3242 ⁶
432 3228 506 3254 Vers.
527 3229 567 3254 17.
587 3232 612 3254 61
632 3230 672 3254 18.
693 3236 747 3262 seq.
766 3243 802 3249 —
821 3230 946 3261 Superius
971 3236 1020 3261 pro
1038 3229 1206 3264 dispensator
1228 3230 1283 3255 Vnt.

331 3271 554 3306 dispensatorum.

403 3314 412 3329 ⁷
433 3317 521 3342 Glossa
542 3316 733 3344 interlinearis.
751 3317 858 3349 Ilaym.,
877 3317 926 3343 loc.
945 3317 1004 3342 cit.:
1024 3317 1166 3349 Dupliciter
1178 3324 1225 3343 nos
1239 3324 1285 3342 vo-

333 3363 374 3386 cat
393 3361 475 3386 Deus:
494 3361 519 3386 in
540 3361 668 3392 praesenti
682 3361 717 3386 ad
730 3361 912 3393 poenitentiam
927 3365 952 3387 61
965 3362 990 3386 111
1004 3362 1090 3387 futuro
1103 3361 1138 3387 ad
1151 3361 1293 3387 iudiciuni.'

332 3418 367 3423 —
387 3405 509 3437 Sequitur
528 3405 618 3430 Ezech.
638 3405 669 3436 3,
690 3405 730 3431 12,

903 273 1095 306 COMMENT.
1121 272 1158 306 lN
1182 271 1418 305 EVANGELIUM
1443 270 1560 304 LUCAE
1584 270 1616 302 C.
1642 268 1716 302 XVI.

1341 360 1416 392 dum
1440 358 1518 391 illud
1546 357 1750 391 Ecclesiastici
1774 356 1971 399 vigesim0⁸:
2002 369 2018 386 α
2033 357 2129 389 Fatuo
2152 366 2214 390 non
2238 357 2299 390 erit

1341 411 1478 449 amicus,
1510 413 1541 442 61
1564 418 1626 442 non
1649 409 1710 442 erit
1732 408 1833 451 gratia
1856 408 1888 440 11]
1911 408 2002 441 bonis
2024 408 2109 442 illius
2124 421 2156 440 n.
2185 422 2201 438 α
2217 409 2300 450 Quo-

1341 464 1399 496 ties
1422 467 1453 496 et
1476 463 1585 505 quanti
1616 462 1804 494 deridebunt
1834 464 1934 494 eum?
1964 461 2071 503 Neque
2101 461 2183 494 enim
2215 462 2299 504 quod

1341 513 1519 548 habendum
1544 518 1611 547 erat
1634 514 1753 547 directo
1776 522 1871 546 seusu
1894 513 2072 552 distribuit,
2096 513 2239 547 similiter
2269 517 2301 547 et

1341 568 1426 610 quod
1449 577 1511 600 non
1535 570 1603 600 erat
1626 566 1803 600 habendum
1821 579 1851 598 n.

1430 621 1460 653 lt.
1498 621 1598 661 (Vers.
1635 620 1690 660 2.).
1727 619 1832 652 Τ61110
1862 621 2017 661 quantum
2049 619 2088 652 ad
2119 619 2298 653 districtio-

1341 683 1412 706 nem
1430 673 1608 717 aequitatis
1624 672 1758 705 diuinae
1777 671 1906 704 cuilibet
1920 671 2176 714 formidandam
2192 672 2299 706 subdi—

1341 730 1416 759 tur:
1442 727 1481 758 Et
1504 725 1633 758 vocavit
1657 725 1752 757 illum
1775 728 1805 757 et
1828 724 1878 757 ait
1900 724 1971 757 illi:
2003 724 2092 765 Qaid
2115 724 2173 758 hoc
2197 725 2300 758 audio

1341 779 1380 811 de
1403 778 1457 811 te?
1481 778 1634 811 Glossa⁷:
1666 790 1681 806 a
1704 778 1820 816 Vocat,
1853 777 1979 819 quando
2011 777 2124 810 incutit
2155 777 2299 810 timorem

1341 835 1487 864 aeternae
1510 831 1720 864 damnationis
1736 842 1766 869 »3
1784 830 1822 863 de
1839 839 1902 872 qua
1919 830 2080 863 vocatione
2094 830 2210 863 dicitur
2226 830 2300 863 Eze-

1342 885 1451 917 chielis
1475 884 1588 917 tertio:
1619 897 1634 912 α
1651 878 1813 916 Ε1“30111ν1
1846 886 1916 925 post
1945 892 1996 916 me
2028 892 2137 916 vocem
2165 892 2302 916 commo-

1342 937 1435 970 tionis
1458 946 1606 979 magnae:
1624 936 1788 969 Benedicta
1803 936 1902 978 gloria
1918 936 2041 968 Domini
2058 936 2097 969 de
2113 936 2181 969 1060
2196 945 2254 969 5110
2270 949 2301 968 n.

1342 991 1402 1023 Hac
1427 999 1502 1023 voce
1525 993 1656 1022 vocatur
1680 990 1735 1031 qui
1758 989 1797 1022 ad
1814 989 2076 1022 considerandum
2091 989 2237 1022 futurum
2253 989 2302 1022 iu-

1341 1043 1458 1075 dicium
1483 1042 1660 1081 excitatur,
1686 1042 1739 1074 ubi
1761 1046 1914 1083 arguetur
1930 1051 1992 1074 non
2009 1041 2110 1074 solum
2128 1041 2302 1074 secundum

1342 1095 1454 1128 famam
1465 1121 1473 1134 ,
1497 1095 1550 1127 5611
1567 1094 1742 1127 5660011011]
1759 1094 1991 1127 conscientiam.
2010 1112 2051 1118 —-
2069 1095 2200 1136 Propter
2216 1094 2302 1136 quod

1342 1148 1447 1181 addit:
1472 1148 1580 1181 Redde
1604 1148 1768 1180 rationem
1783 1147 1997 1180 villicationis
2014 1152 2100 1180 tuae.
2119 1147 2198 1180 Haec
2214 1156 2302 1180 nam-

1343 1211 1405 1244 que
1430 1211 1491 1234 vox
1521 1201 1553 1233 in
1584 1210 1662 1233 aure
1697 1201 1865 1234 cuiuslibet
1899 1201 1991 1233 dehet
2027 1209 2192 1239 resonare,
2228 1200 2303 1243 quia

1343 1254 1461 1296 absque
1484 1253 1580 1286 dubio
1603 1253 1708 1286 divina
1731 1253 1872 1295 aequitas
1895 1253 2049 1285 rationem
2073 1253 2179 1295 exiget
2194 1253 2232 1286 de
2249 1252 2302 1285 bo-

1343 1307 1396 1339 nis
1420 1306 1623 1344 commissis,
1648 1306 1729 1339 sicut
1753 1305 1896 1338 innuitur
1920 1305 2064 1338 Matthaei
2082 1305 2203 1339 decimo
2218 1309 2303 1339 octa-

1345 1359 1430 1392 vo⁸=
1460 1372 1475 1388 <t
1497 1359 1602 1392 Simile
1633 1362 1680 1392 est
1712 1367 1844 1400 regnum
1877 1359 2037 1391 caelorum
2070 1359 2188 1392 homini
2217 1359 2301 1402 regi,

1344 1412 1399 1454 qui
1423 1412 1521 1444 voluit
1553 1412 1705 1444 rationem
1737 1420 1854 1452 ponere
1885 1420 1957 1444 60111
1989 1411 2089 1444 561ν15
2112 1411 2178 1444 suis
2195 1425 2225 1444 ι».
2257 1412 2303 1445 De

1345 1465 1444 1498 malis
1467 1464 1638 1503 (timissis;
1662 1464 1807 1497 Matthaei
1832 1463 1952 1497 decimo
1975 1467 2106 1497 octavo:
2137 1477 2152 1493 «
2170 1464 2205 1497 Et
2229 1473 2302 1497 cum

1345 1517 1496 1559 coepisset
1521 1517 1672 1549 rationem
1697 1524 1831 1558 ponere,
1855 1515 1979 1549 oblatus
2003 1520 2050 1549 est
2073 1516 2100 1549 ei
2124 1525 2226 1556 unus,
2248 1516 2303 1559 qui

1344 1570 1476 1603 debebat
1499 1570 1526 1602 ei
1551 1570 1658 1602 decem
1683 1569 1779 1602 millia
1795 1569 1984 1602 talentorum
2002 1583 2032 1602 ».
2055 1583 2071 1598 «
2087 1570 2232 1603 Misertus
2247 1579 2304 1603 au-

1345 1627 1407 1656 tem
1431 1622 1576 1655 dominus
1599 1622 1681 1655 servi
1699 1621 1783 1654 illius
1794 1648 1801 1661 ‚
1818 1622 1935 1655 dimisit
1951 1631 2023 1655 eum
2039 1634 2071 1661 »;
2096 1626 2127 1656 et
2143 1626 2213 1665 post
2228 1623 2304 1656 5011-

1344 1676 1448 1715 ditur,
1473 1676 1557 1718 quod
1580 1675 1618 1708 de
1644 1676 1702 1708 hoc
1726 1676 1878 1708 rationem
1903 1676 2019 1718 exegit.
2036 1676 2080 1709 De
2098 1675 2190 1709 bonis
2206 1675 2300 1709 etiam

1345 1728 1499 1766 omissis‚·
1523 1728 1667 1760 Matthaei
1692 1728 1842 1770 vigesimo
1866 1728 2024 1770 quinto⁹:
2047 1741 2062 1757 «
2079 1728 2303 1761 postmultum

1345 1781 1495 1823 temporis
1519 1781 1603 1814 venit
1625 1781 1771 1814 dominus
1794 1790 1959 1814 servorum
1989 1781 2115 1814 illorum
2141 1784 2172 1814 et
2200 1781 2304 1823 posuit

1344 1834 1496 1867 rationem
1528 1843 1600 1866 cum
1624 1834 1724 1866 servis
1748 1834 1813 1866 suis
1829 1845 1861 1872 »3
1885 1830 2047 1866 et'subdit
2069 1833 2108 1866 de
2131 1842 2229 1872 servo
2255 1833 2305 1875 pi-

1345 1896 1418 1930 gro,
1443 1887 1526 1929 quod
1558 1887 1716 1928 proiectus
1744 1891 1792 1920 cst
1820 1900 1835 1915 «ι
1852 1887 1883 1919 10
1908 1887 2054 1919 tenebras
2078 1887 2255 1920 exteriores
2272 1900 2302 1918 „.

1345 1940 1389 1972 De
1410 1939 1510 1971 malis
1533 1939 1627 1972 etiam
1646 1939 1847 1981 perpetratis
1859 1951 1870 1977 ;
1895 1939 2015 1981 primae
2032 1939 2111 1972 Petri
2130 1942 2244 1981 quarto
2258 1939 2302 1971 ¹⁰:

1350 1991 1503 2024 «Sufficit
1531 1991 1613 2023 enim
1646 1991 1850 2032 praeteritum
1883 1995 2008 2033 tempus
2039 1991 2078 2024 ad
2109 1992 2303 2025 voluntatem

1346 2044 1484 2086 gentium
1510 2044 1788 2076 consummandam
1813 2044 1862 2076 his
1878 2044 1932 2086 qui
1949 2044 2192 2078 ambulaverunt
2207 2045 2239 2077 in
2256 2045 2304 2077 lu-

1347 2096 1467 2134 xuriis,
1502 2095 1682 2134 desideriis,
1718 2096 1913 2135 vinolentiis,
1949 2097 2228 2130 comessationibus
2255 2110 2271 2127 n
2293 2109 2301 2136 ;

1352 2148 1438 2190 «qui
1462 2148 1592 2181 reddent
1616 2149 1768 2181 rationem
1793 2149 1820 2182 ei
1845 2149 1900 2191 qui
1924 2152 2054 2191 paratus
2084 2153 2132 2183 est
2163 2150 2303 2183 iudicare

1348 2201 1434 2234 vivos
1457 2205 1488 2234 et
1512 2204 1654 2234 mortuos
1670 2215 1701 2233 „,
1726 2202 1786 2234 Nec
1810 2205 1932 2235 tantum
1965 2202 2004 2235 de
2035 2203 2169 2246 magnis
2195 2202 2303 2242 malis,

1347 2263 1458 2287 verum
1471 2254 1565 2287 etiam
1581 2254 1620 2287 de
1635 2254 1764 2296 parvis,
1782 2254 1955 2288 secundum
1972 2255 2049 2288 illud
2065 2255 2211 2289 Matthaei
2226 2255 2304 2289 duo-

1346 2307 1467 2340 decimo
1481 2308 1527 2339 1¹:
1558 2320 1573 2336 «
1590 2307 1634 2340 De
1657 2308 1739 2340 omni
1766 2308 1863 2341 verbo
1886 2308 2002 2348 otioso,
2024 2308 2108 2351 quod
2124 2308 2220 2342 locuti
2237 2308 2305 2342 sue-

1347 2360 1411 2392 rint
1434 2360 1593 2399 homines,
1625 2360 1756 2394 reddent
1779 2361 1931 2394 rationem
1955 2361 1989 2394 in
2010 2362 2060 2394 die
2083 2361 2237 2395 iudicii».
2261 2361 2306 2394 Ab

1348 2413 1406 2446 hoc
1429 2422 1504 2456 ergo
1528 2413 1631 2446 villico
1655 2413 1754 2456 exigit
1769 2414 1922 2447 rationem
1940 2414 2137 2448 villicationis
2149 2417 2304 2457 quantum

1346 2466 1384 2498 ad
1407 2467 1511 2499 omnia
1542 2470 1679 2508 quatuor
1711 2466 1887 2508 praedicta,
1919 2467 2011 2509 quia,
2041 2466 2304 2509 quemadmodum

1346 2519 1421 2551 dicit
1445 2519 1622 2552 Bernardus
1637 2520 1681 2558 ¹²,
1711 2532 1726 2548 α
1743 2520 1824 2552 sicut
1841 2528 1898 2552 nec
1914 2520 2046 2561 capillus
2062 2519 2100 2552 de
2116 2520 2216 2561 capite
2233 2528 2304 2561 per-

1346 2572 1420 2610 ibit,
1445 2572 1489 2604 516
1513 2580 1570 2604 nec
1594 2575 1788 2605 momentum
1811 2572 1850 2605 de
1868 2576 2008 2614 tempore
2025 2573 2154 2611 transit,
2178 2572 2216 2606 de
2240 2581 2304 2615 quo

1417 2747 1428 2762 Β
1449 2750 1521 2775 Vers.
1542 2750 1591 2780 23,
1619 2752 1678 2781 post
1704 2756 1784 2782 quem
1813 2757 1839 2775 v.
1868 2749 1911 2775 24.
1931 2750 1974 2775 27.
2000 2753 2026 2776 et
2045 2751 2087 2776 32.
2107 2757 2179 2783 seqq.
2199 2763 2236 2769 -
2254 2749 2305 2776 Csr.

1347 2794 1372 2819 S.
1392 2794 1506 2824 Bonav.,
1535 2794 1687 2819 lncendium
1716 2794 1828 2824 amoris,
1857 2801 1879 2819 6.
1908 2795 1935 2820 2.
1954 2808 1987 2812 —
2007 2794 2134 2826 Superius
2159 2797 2219 2826 post
2237 2800 2306 2820 com-

1335 2836 1436 2862 ‘missis
1457 2837 1514 2862 Vat.
1534 2837 1607 2862 addit
1626 2836 1662 2863 ad
1681 2836 1904 2870 dispensandum,
1925 2841 1950 2863 et
1968 2837 2082 2863 subinde
2101 2845 2149 2870 pro
2168 2838 2206 2864 De
2224 2836 2306 2864 maus

1346 2879 1463 2906 dimissis
1482 2880 1614 2906 substituit
1635 2881 1670 2907 De
1689 2880 1769 2907 malis
1789 2881 1952 2913 commissis,
1973 2882 2020 2907 sed
2039 2884 2130 2907 contra
2143 2884 2305 2912 contextum;

1347 2924 1407 2950 vide
1426 2925 1504 2956 paulo
1522 2925 1638 2950 interius.

1417 2967 1428 2982 ⁹
1448 2969 1522 2994 Vers.
1543 2970 1583 2994 19,
1604 2973 1629 2994 61
1647 2969 1744 2995 deinde
1762 2977 1787 2994 v.
1809 2970 1851 2995 30.

1418 3010 1440 3026 ¹⁰
1460 3013 1532 3038 Vers.
1553 3013 1578 3038 3.
1596 3016 1622 3038 et
1640 3013 1666 3038 5.
1683 3014 1741 3038 Post
1753 3012 1997 3040 consummandam
2016 3014 2094 3040 codd.
2111 3016 2306 3047 prosequuntur

1348 3056 1395 3090 qui
1412 3055 1553 3088 ambulant
1572 3056 1600 3082 in
1618 3056 1769 3089 desideriis,
1791 3057 1819 3083 in
1839 3057 1960 3084 luxuriis
1979 3061 2042 3089 etc.;
2062 3058 2110 3092 qui
2126 3057 2239 3085 reddent
2256 3061 2305 3083 etc.

1419 3099 1439 3114 ¹¹
1462 3101 1535 3126 Vers.
1555 3101 1596 3126 36.

1418 3143 1440 3158 ¹²
1460 3144 1647 3170 Declamation.
1667 3144 1723 3177 (cfr.
1736 3152 1814 3177 supra
1829 3152 1890 3177 pag.
1905 3146 1969 3176 228,
1983 3149 2044 3171 nota
2059 3145 2093 3179 8.)
2114 3146 2203 3172 xLlV.
2215 3153 2241 3171 n.
2256 3145 2303 3171 54:

1348 3188 1429 3218 Sede,
1455 3192 1593 3220 computa,
1612 3189 1677 3221 quid
1696 3188 1790 3214 diebus
1812 3189 1921 3221 singulis
1939 3190 2076 3222 acquirere
2094 3191 2197 3221 valeas,
2220 3192 2306 3215 certus

1345 3232 1486 3264 equidem,
1506 3233 1577 3263 apud
1596 3233 1679 3258 Deum
1703 3233 1802 3258 nullum
1831 3234 1940 3259 omnino
1964 3233 2065 3260 bonum
2085 3234 2304 3260 irremuneratum

1348 3276 1417 3306 sore,
1437 3278 1462 3300 et
1480 3276 1547 3301 sicut
1565 3277 1664 3302 nullum
1684 3276 1807 3308 capillum
1827 3277 1860 3302 de
1878 3284 1990 3309 corpore
2010 3278 2067 3310 [cfr.
2087 3279 2149 3304 Luc.
2170 3278 2212 3310 21,
2233 3276 2305 3311 l8.],

1349 3318 1386 3343 sic
1405 3325 1452 3343 nec
1472 3324 1635 3344 momentum
1654 3319 1687 3345 de
1707 3322 1825 3351 tempore
1845 3321 2000 3352 periturum.
2014 3335 2049 3341 —
2062 3322 2111 3348 Pro
2129 3321 2249 3355 eoeiyilur
2261 3328 2306 3347 ra·

1348 3361 1385 3388 tio
1405 3361 1517 3388 ACDll
1536 3362 1660 3396 eziqetur
1681 3363 1709 3397 [F
1728 3363 1866 3398 eaeiqatur]
1887 3364 1967 3391 ratio.

2318 628 2420 654 Tertium.
2434 636 2455 652 ac

2332 655 2444 678 formidan-

2359 681 2418 704 dum.

2327 1102 2392 1125 Ratio
2404 1103 2449 1126 red·

2341 1129 2411 1151 denda
2424 1130 2450 1152 de

2341 1158 2438 1183 quatuor.

2325 2371 2453 2394 Notandum.
