2427 3872
293 258 358 290 840

586 300 633 324 stu

295 345 421 377 corporali
433 344 493 370 ibid.
501 358 534 362 —
542 347 580 369 est
587 344 661 374 signu
667 350 691 367 m
700 342 861 367 innocentiae
872 340 931 365 ibid.

1152 248 1264 281 INDEX
1291 248 1419 280 RERUM

1024 339 1071 363 Sot.
1090 351 1125 357 —-
1143 337 1239 362 dicitur
1262 337 1336 369 quasi
1363 337 1434 361 solus
1462 336 1551 361 lucens
1576 336 1608 361 Vi

314 405 327 408 <
349 392 515 420 comparatur
536 394 604 419 agno
625 387 789 411 immaculato
815 388 839 409 et
859 383 934 408 albis-
975 383 1020 406 139
1042 389 1067 406 v.
1086 382 1101 406 6
1116 384 1202 406 —est
1221 381 1379 412 principium
1399 383 1425 405 et
1440 387 1518 405 causa
1539 380 1608 405 vitae

296 435 362 460 simo
391 432 451 458 ibid.
480 445 514 450 —
543 432 589 456 Per
617 430 753 455 sindonem
784 428 933 459 intelligitur

297 478 420 503 munditia
441 475 645 502 conversationis
667 474 697 498 Vl
718 474 768 498 649
790 473 804 497 3

349 522 463 546 Suus-rm
484 533 518 539 —
537 520 581 544 dat
593 518 736 549 intelligere
752 517 817 541 hona
833 520 934 546 tempo-

296 566 358 591 ralia
378 565 410 589 Vl
428 565 461 589 79
483 566 506 587 νζ
529 565 542 588 2

350 610 422 634 Sinus
443 623 475 625 —
495 608 590 633 dicitur
616 607 641 631 in
660 613 714 638 quo
739 612 780 630 res
800 603 934 629 abscondi-

297 657 346 683 tur,
368 655 468 678 fovetur
487 656 512 677 et
531 651 676 677 custoditur
689 650 763 682 quasi
784 649 809 674 in
829 650 885 673 loco
899 649 934 672 fa-

297 698 389 723 miliari
411 697 452 722 Vll
468 696 517 726 448
539 695 571 720 44
588 709 621 712 -
635 693 772 726 culpabilis
792 693 882 724 triplex
895 694 935 717 est

299 742 348 767 419
363 742 395 767 45
408 754 443 759 -
457 739 594 766 laudabilis
608 739 699 770 triplex
712 737 773 763 ibid.
786 750 821 756 -
834 737 947 762 deside-f

297 785 386 812 rabilis
394 788 432 811 est
442 784 546 817 requies
565 783 700 809 beatarum
712 782 858 807 animarum
872 779 934 806 ibid.

351 831 416 856 Srrts
434 843 470 848 —
488 828 628 860 spiritualis
654 830 692 852 est
716 834 768 852 non
792 825 884 855 habiti,
907 827 935 850 ut

298 874 439 904 habeatur,
458 874 500 899 vei
519 872 652 902 habiti‚ut
668 871 780 902 amplius
800 869 936 900 habeatur,

299 920 340 944 vel
360 920 473 950 perfecte
493 916 586 947 habiti,
605 919 633 942 ut
646 916 810 941 continuetur
829 914 862 939 Vl
882 914 933 939 293

299 963 331 989 27
345 977 380 982 -
393 962 491 994 gratiae
504 968 555 986 non
575 963 614 986 est
628 960 666 986 rei
680 967 732 985 non
751 958 855 984 habitae
874 956 934 984 ibid.

297 1020 332 1026 —
351 1010 390 1032 est
416 1009 537 1036 naturae,
565 1005 669 1036 culpae,
689 1010 800 1036 poenae,
820 1002 935 1034 gratiae,

299 1051 398 1083 gloriae
417 1051 468 1076 559
488 1057 513 1075 V.
536 1050 565 1074 43

351 1097 486 1121 Soaninns
498 1108 533 1112 -—
543 1094 615 1119 Utilis
628 1095 667 1119 est
679 1092 778 1118 reditus
791 1098 805 1117 a
817 1092 936 1123 volupta-

299 1142 323 1165 te
342 1139 375 1165 ad
395 1138 560 1165 sobrietatem
582 1138 613 1162 Vl
633 1138 666 1162 20
686 1145 712 1162 v.
732 1137 747 1161 3

352 1184 470 1209 Sacis-ms
487 1197 523 1201 ——
541 1185 580 1207 est
607 1182 647 1207 vel
667 1180 775 1207 turbans
802 1183 828 1206 et
856 1180 937 1212 impe-

299 1228 386 1258 diens,
406 1228 448 1252 vel
467 1226 585 1252 subsidio
603 1229 629 1251 et
640 1226 730 1251 solatio
748 1225 880 1257 indigens,
894 1225 936 1249 vel

298 1272 427 1298 adiuvans
445 1274 470 1297 et
488 1277 649 1302 promovens
664 1270 695 1295 Vl
719 1269 752 1294 40
771 1277 797 1302 q.
811 1283 846 1288 —
858 1269 936 1294 malo-

297 1323 357 1342 rum
376 1319 415 1342 est
433 1314 540 1341 turbans
558 1318 584 1340 et
603 1314 762 1346 impediens,
784 1320 894 1339 uxorum
910 1316 936 1339 et

299 1361 461 1386 intirmorum
475 1363 513 1385 est
525 1358 644 1385 subsidio
657 1362 682 1384 et
694 1358 784 1384 solatio
800 1358 935 1390 indigens,

298 1406 474 1437 perfectorum
502 1407 541 1429 est
568 1404 697 1429 adiuvans
725 1406 751 1428 et
776 1409 936 1434 promovens

298 1448 360 1475 ibid.
378 1463 413 1468 —
432 1448 565 1480 religionis
583 1455 635 1473 non
654 1450 785 1479 repugnat
803 1446 934 1472 solitudini

298 1493 524 1525 contemplationis
543 1491 604 1518 ibid.
618 1505 652 1511 —-
667 1492 692 1516 in
711 1491 837 1523 reiigione
849 1493 888 1516 est
897 1497 936 1516 so-

299 1538 378 1563 cietas
396 1537 525 1562 adiuvans
543 1539 568 1562 et
587 1542 748 1568 promovens
766 1534 829 1561 ibid.

351 1595 387 1601 -·
407 1581 491 1612 fulcit,
510 1582 591 1612 fovet,
611 1580 728 1606 defendit
750 1579 782 1605 Vl
804 1579 836 1604 40
856 1586 882 1612 q.
903 1592 936 1597 -—

299 1627 379 1652 aliena
394 1625 593 1651 commendatur
607 1625 633 1650 in
653 1624 804 1650 Ecclesiaste
818 1624 844 1649 in
868 1623 937 1649 dete-

298 1671 435 1696 stationem
449 1669 572 1695 avaritiae
591 1669 625 1694 39
643 1675 670 1693 v.
695 1667 720 1699 7,
740 1668 756 1693 9
776 1682 809 1686 —
828 1667 937 1699 praebet

299 1715 505 1741 emolumentum
535 1714 559 1739 in
587 1713 747 1743 relevando,
776 1712 800 1737 in
832 1718 937 1737 conser-

300 1759 400 1791 vando,
420 1758 445 1783 in
458 1757 623 1783 defendendo
642 1756 675 1783 ib.
696 1764 721 1781 v.
743 1757 775 1781 40
787 1770 823 1775 -
836 1757 884 1789 Qui
898 1760 937 1782 est

299 1803 327 1828 in
346 1803 467 1828 societate
486 1801 565 1827 debet
588 1808 617 1826 se
635 1801 798 1826 conformare
820 1800 936 1826 societati

301 1846 333 1872 40
352 1854 379 1879 q.

352 1904 387 1909 ——
406 1891 535 1921 Peccator,
554 1889 599 1922 qui
621 1891 707 1913 manet
726 1888 752 1913 in
771 1888 880 1920 collegio
893 1887 937 1913 bo-

299 1941 348 1960 nae
367 1934 509 1965 societatis,
529 1936 614 1965 potest
626 1939 735 1964 surgere
751 1932 783 1957 Vl
804 1932 855 1957 586
874 1939 888 1957 a
902 1946 936 1951 —

299 1979 367 2004 maia
386 1978 418 2003 ad
444 1978 547 2009 cuipam
573 1976 672 2002 inducit
696 1976 747 2001 613
768 1975 783 2001 4
802 1989 838 1994 -
857 1977 938 2001 maio-

299 2030 371 2053 rum,
386 2028 497 2047 uxorum
511 2024 536 2046 et
555 2021 719 2046 intirmorum
733 2023 773 2045 est
791 2020 937 2053 toleranda,

299 2067 474 2099 perfectorum
494 2068 533 2090 est
551 2065 697 2097 appetenda
718 2064 750 2089 40
770 2072 796 2096 q.

353 2124 388 2129 —
407 2110 499 2135 Socius
518 2109 611 2135 Christi
631 2112 670 2134 est
694 2109 740 2141 qui
768 2108 884 2134 camillo
903 2109 939 2134 in-

300 2154 368 2180 cedit
387 2161 433 2186 per
452 2153 533 2179 ardua
547 2153 676 2185 passionis
696 2153 727 2178 Vl
747 2153 798 2178 628
816 2153 831 2178 3

353 2199 499 2224 ΞοῠοΜιτΛΕ
508 2211 542 2217 -
553 2197 752 2223 innominabiles
761 2200 822 2222 sunt
831 2199 939 2229 propter

300 2244 435 2274 peccatum
450 2247 541 2266 eorum
553 2239 740 2265 innominabile
755 2240 848 2265 V1232
863 2247 889 2265 v.
906 2239 937 2264 46

299 2299 334 2304 -
347 2288 419 2311 erant
438 2286 552 2317 populus
572 2285 668 2316 impius
694 2284 744 2310 473
766 2292 790 2310 v.
810 2284 825 2309 6
845 2297 881 2303 -
900 2284 938 2309 ln-

300 2332 338 2355 ter
358 2329 505 2355 Sodotnitas
524 2329 585 2354 nulli
605 2332 678 2354 erant
700 2328 762 2354 boni
782 2328 834 2354 244
859 2335 883 2353 v.
905 2328 937 2353 48

299 2388 334 2393 -
355 2373 381 2399 lxi
400 2374 521 2399 Sodomis
540 2374 613 2399 multi
629 2376 702 2399 erant
721 2373 795 2404 mali,
815 2373 938 2405 paucissi-

299 2419 335 2444 mi
355 2418 417 2444 boni
443 2419 484 2444 Vll
512 2418 561 2443 443
582 2418 615 2443 52
634 2431 669 2437 -
688 2420 762 2443 erant
787 2418 823 2443 ira
849 2417 938 2443 divina

301 2463 372 2494 digni
393 2462 443 2488 442
464 2462 496 2488 49

354 2521 387 2525 -
407 2506 520 2532 edebant
538 2510 563 2532 et
581 2506 706 2532 bibebant
731 2509 758 2532 ut
779 2506 867 2532 lascivi
895 2506 937 2531 Vll

301 2551 351 2576 442
373 2551 405 2576 49
424 2566 458 2569 -
477 2558 529 2576 non
554 2550 698 2583 peccabant
723 2551 869 2577 secundum
896 2557 938 2576 na-

299 2598 397 2626 turam,
419 2595 466 2621 sed
488 2598 576 2621 contra
598 2598 717 2621 naturam
736 2594 796 2621 ibid.
816 2608 851 2614 —
871 2602 939 2620 eme-

300 2639 363 2665 bant
383 2643 408 2665 at
426 2639 576 2665 vendebant
595 2643 623 2665 ut
642 2639 714 2664 avari
734 2638 795 2665 ibid.
814 2653 849 2657 —
869 2640 938 2671 plan-

300 2683 388 2708 tabant
406 2687 431 2709 et
450 2683 623 2709 aedificabant
642 2683 708 2708 sicut
727 2683 811 2708 securi
832 2682 894 2709 ibid.

355 2741 389 2745 —
409 2728 522 2753 Sodoma
543 2728 618 2759 periit
631 2730 740 2753 exeunte
760 2727 807 2752 Lot
823 2727 865 2752 Vll
887 2727 937 2753 443

302 2771 336 2797 52
357 2785 389 2789 -
408 2772 524 2803 cooperti
544 2775 604 2796 sunt
616 2771 759 2797 subitaneis
778 2771 891 2797 tenebris
905 2771 938 2796 Vi

301 2816 352 2841 232
379 2823 404 2840 v.
434 2816 466 2840 46
485 2829 520 2834 -
539 2815 696 2841 abiiciebant
720 2816 888 2847 sapientiam,
913 2819 939 2842 et

302 2860 361 2885 ideo
381 2860 495 2885 infelices
513 2863 586 2885 erant
607 2860 656 2885 473
677 2867 702 2885 v.
723 2861 737 2884 8
751 2874 785 2879 -
799 2861 939 2885 noluerunt

301 2904 391 2935 latere,
411 2904 456 2929 sed
484 2903 588 2935 publice
616 2896 792 2936 peccaverunt
820 2903 882 2930 ibid.
903 2918 939 2923 —

302 2948 370 2973 Deus
402 2951 508 2980 peccata
539 2948 733 2974 Sodomitarum
750 2944 808 2974 'toti
838 2949 937 2974 mundo

300 2992 382 3018 voluit
407 2991 533 3023 publicari
553 2999 600 3024 per
622 2992 756 3024 pubiicum
778 2993 938 3024 supplicium

301 3035 362 3062 ibid.
376 3050 410 3054 —
425 3036 557 3068 perierunt
576 3037 599 3061 in
614 3037 789 3062 testimonium
808 3037 939 3069 nequitiae

302 3080 416 3106 ardentis
435 3083 460 3106 et
484 3081 602 3107 foetentis
627 3081 744 3106 luxuriae
762 3080 796 3106 ib.
822 3088 849 3107 v.
867 3080 884 3106 7
903 3095 938 3099 --

304 3124 429 3150 Dominus
442 3125 546 3156 punivit
557 3125 706 3151 Sodomitas
720 3132 767 3156 per
781 3125 869 3156 ignem
883 3125 938 3151 sine

302 3169 503 3194 mansuetudine
521 3169 572 3194 214
592 3176 618 3194 v.
638 3169 671 3194 48

353 3226 388 3230 —-
408 3212 557 3246 incendium
584 3213 761 3246 Sodomorum
788 3213 833 3238 suit
851 3219 939 3239 exem-

302 3256 375 3287 plum
394 3256 446 3282 diei
469 3256 557 3282 iudicii
577 3257 619 3283 Vll
640 3256 690 3282 443
710 3257 754 3282 51.
781 3256 831 3282 445
850 3257 884 3282 55
904 3270 938 3275 -

301 3298 375 3324 Circa
389 3300 474 3325 locum
489 3300 602 3326 Sodoma
616 3302 762 3326 reseruntur
772 3307 850 3332 poma
867 3301 939 3326 nasci

303 3343 414 3368 exterius
426 3344 559 3376 speciosa,
580 3345 648 3371 intus
663 3344 764 3370 cinerea
785 3347 810 3369 et
824 3345 938 3370 favillosa

300 3385 335 3411 Vl
357 3386 405 3412 473
427 3395 453 3413 ν.
472 3387 488 3413 7

970 426 1056 451 omnis
1076 425 1107 450 43
1128 432 1154 450 ν.
1173 425 1189 449 7
1210 439 1243 442 -
1263 424 1440 450 nobilissimus
1458 427 1483 449 et
1507 424 1610 449 lucidis-

970 471 1052 495 simus
1071 470 1138 495 inter
1161 476 1272 500 corpora
1298 468 1416 494 caelestia
1437 467 1471 494 ib.
1490 475 1517 500 q.
1539 468 1554 493 3
1573 482 1608 486 -

970 517 1009 539 est
1029 514 1199 545 praecipuum
1215 513 1344 538 luminare
1360 516 1385 538 et
1404 512 1550 538 secundum
1565 518 1608 543 ap-

971 558 1114 590 parentiam
1134 560 1160 582 et
1172 557 1317 582 secundum
1337 556 1479 581 efficaciam
1495 556 1536 581 Vll
1556 556 1606 581 533

972 602 999 627 41
1023 616 1058 621 -
1078 602 1104 627 in
1124 601 1252 633 principio
1267 601 1392 632 temporis
1411 600 1511 632 positus
1524 602 1563 625 est
1583 600 1608 624 in

971 647 1135 672 firmamento
1148 646 1173 671 in
1193 646 1299 677 signum
1313 652 1360 677 per
1379 645 1419 670 sui
1440 645 1524 669 lucem
1545 643 1608 669 ibid.

970 704 1005 710 —
1023 690 1049 716 in
1068 690 1119 716 flue
1138 693 1287 721 temporum
1310 690 1335 714 in
1361 689 1466 721 signum
1492 691 1532 714 est
1550 688 1609 713 finis

970 742 1017 767 per
1036 735 1101 760 lucis
1119 734 1318 760 occultationem
1338 732 1399 759 ibid.

1022 793 1057 798 —-
1078 782 1199 804 movetur
1222 777 1376 804 ab1oriente
1394 778 1420 803 in
1445 777 1608 803 occidentem

971 824 1002 850 Vl
1026 823 1056 849 44
1075 831 1102 856 q.
1122 824 1138 849 3
1158 822 1187 848 2·
1205 836 1240 842 —
1260 829 1366 854 semper
1390 824 1511 847 movetur
1535 824 1608 847 motu

972 868 1079 900 proprio
1097 868 1154 893 sive
1170 866 1336 893 ascendendo
1350 867 1406 892 sive
1424 865 1609 892 descendendo

971 911 1004 938 ib.
1024 911 1039 937 4
1058 919 1115 943 arg.
1134 912 1144 937 4
1167 924 1205 930 -
1219 918 1355 943 nunquam
1372 910 1482 943 quiescit
1501 912 1609 942 propter

973 955 1169 982 mutabilitatem
1189 956 1221 981 42
1235 962 1261 981 v.
1280 955 1296 980 5
1309 969 1344 974 —
1361 962 1412 981 non
1432 957 1482 980 stat
1500 961 1548 986 per
1566 961 1610 979 na-

972 1003 1071 1031 turam,
1089 1000 1136 1026 sed
1156 1007 1203 1032 per
1222 999 1378 1025 miraculum
1397 997 1461 1025 ibid.

1025 1058 1060 1064 -
1079 1047 1152 1070 motu
1165 1044 1259 1070 diurno
1269 1044 1351 1069 oritur
1369 1046 1395 1069 et
1407 1042 1516 1073 occidit,
1536 1045 1607 1068 motu

972 1096 1060 1115 annuo
1078 1089 1194 1115 ascendit
1206 1092 1232 1114 et
1249 1088 1384 1114 dfflcendit
1398 1088 1429 1113 Vl
1451 1088 1483 1113 42
1503 1094 1530 1112 v.
1547 1087 1563 1112 5
1575 1100 1610 1106 -

973 1137 1046 1159 motu
1064 1140 1152 1159 annuo
1171 1134 1261 1159 lustrat
1280 1133 1402 1158 universa
1421 1134 1447 1157 et
1471 1131 1611 1157 revertitur

973 1178 999 1204 in
1018 1178 1131 1204 circulos
1149 1177 1246 1204 zodiaci
1262 1177 1294 1202 43
1308 1184 1335 1202 ν.
1353 1177 1369 1201 7
1389 1191 1424 1195 —
1437 1179 1509 1202 motu
1523 1183 1611 1201 annuo

972 1223 1111 1248 revertitur
1134 1222 1158 1247 in
1185 1223 1285 1252 locum,
1305 1221 1377 1247 unde
1403 1221 1490 1253 coepit
1508 1220 1609 1246 moveri

974 1268 1007 1293 45
1025 1275 1052 1300 q.
1073 1267 1088 1292 4
1107 1281 1142 1285 ——
1162 1269 1234 1292 motu
1254 1266 1349 1291 diurno
1368 1272 1419 1291 non
1443 1265 1510 1291 redit
1532 1265 1559 1290 in
1577 1264 1611 1290 lo-

973 1318 1047 1344 cum,
1067 1319 1082 1337 a
1101 1318 1155 1344 quo
1168 1310 1254 1342 coepit
1273 1310 1389 1339 moveri,
1402 1309 1451 1335 nisi
1464 1308 1610 1334 secundum

972 1360 1087 1382 nostram
1107 1355 1316 1381 aestimationem
1335 1353 1397 1380 ibid.
1416 1367 1452 1373 —
1471 1356 1544 1379 motu
1569 1360 1612 1378 an·

972 1408 1026 1427 nuo
1045 1400 1191 1426 secundum
1205 1402 1318 1432 quatuor
1335 1395 1453 1430 tempora
1474 1398 1584 1423 flectitur
1597 1404 1611 1422 a

972 1445 1082 1471 meridie
1101 1444 1136 1470 ad
1153 1444 1305 1477 aquilonem
1324 1442 1358 1469 ib.
1377 1442 1406 1468 2*

1025 1503 1060 1508 --
1078 1489 1147 1514 stetit
1165 1493 1253 1514 contra
1273 1487 1381 1513 Gabaon
1402 1487 1427 1512 in
1452 1487 1612 1518 designatio·

973 1541 1033 1560 nem
1054 1532 1179 1559 mirabilis
1197 1532 1301 1558 virtutis
1325 1531 1418 1558 Christi
1438 1531 1481 1556 Vll
1506 1531 1556 1557 533
1578 1530 1610 1556 42

974 1592 1007 1596 -
1026 1578 1054 1603 in
1072 1577 1282 1608 designationem
1302 1575 1428 1601 mirabilis
1452 1575 1612 1607 dignationis

973 1622 1066 1648 decem
1086 1620 1215 1653 gradibus
1231 1613 1379 1646 ret‘rocessit
1397 1619 1460 1645 ibid.
1474 1633 1507 1637 —
1520 1619 1612 1645 obscu-

972 1669 1044 1692 ratus
1057 1669 1096 1691 est
1113 1665 1141 1690 in
1154 1665 1361 1696 designationem
1381 1663 1543 1689 admirabilis
1555 1670 1613 1695 pas-

973 1710 1052 1736 sionis
1078 1712 1131 1735 tam
1159 1709 1185 1734 in
1214 1708 1299 1740 capite
1323 1715 1403 1740 quam
1433 1708 1457 1733 in
1487 1706 1613 1733 membris

974 1754 1026 1780 534
1047 1754 1079 1779 42
1100 1767 1133 1772 ——
1155 1752 1324 1783 tenebrescit,
1350 1759 1410 1777 cum
1430 1759 1482 1777 non
1507 1751 1613 1777 videtur

974 1799 999 1824 in
1018 1805 1064 1824 sua
1084 1801 1140 1823 rota
1161 1798 1193 1823 Vl
1213 1798 1246 1822 92
1266 1804 1292 1822 v.
1313 1798 1327 1822 2

1026 1856 1062 1862 -
1080 1849 1133 1868 non
1154 1842 1281 1867 illuminat
1293 1847 1387 1866 caecos
1399 1840 1432 1866 Vl
1453 1840 1503 1865 253
1525 1840 1558 1865 30
1579 1854 1611 1858 —-

974 1887 1113 1912 materialis
1133 1886 1214 1917 oritur
1234 1885 1311 1911 bonis
1335 1888 1361 1910 et
1379 1885 1454 1910 maiis
1480 1884 1530 1909 439
1550 1892 1577 1909 v.
1596 1884 1612 1909 6

975 1946 1008 1950 —
1027 1931 1210 1962 intelligentiae
1229 1930 1290 1955 solis
1308 1929 1383 1955 bonis
1396 1929 1479 1954 oritur
1498 1927 1559 1954 ibid.

1026 1990 1061 1993 —
1086 1975 1120 2000 ab
1146 1974 1287 2000 idololatris
1315 1973 1408 1999 colitur
1432 1972 1482 1998 sub
1507 1973 1613 1998 nomine

975 2019 1072 2045 Phoebi
1091 2020 1124 2044 Vl
1145 2019 1195 2044 492
1215 2026 1242 2044 v.
1261 2020 1276 2044 2

1029 2078 1062 2082 -
1082 2057 1207 2090 Christus*
1228 2066 1337 2089 vocatur
1365 2063 1404 2088 sol
1434 2062 1466 2087 Vl
1492 2062 1525 2087 43
1545 2068 1559 2086 a
1578 2075 1614 2080 —

975 2107 1092 2134 Christus
1111 2108 1193 2133 oritur
1212 2111 1240 2133 ut
1258 2108 1297 2133 sol
1316 2107 1341 2133 in
1355 2106 1490 2132 nativitate
1508 2106 1542 2132 ad
1561 2106 1614 2131 iilu-

976 2152 1130 2177 minandum
1150 2151 1183 2177 ib.
1205 2151 1221 2177 b

1030 2210 1063 2214 —-
1082 2197 1108 2221 ln
1129 2198 1235 2228 aspectu
1255 2196 1317 2221 solis
1335 2195 1434 2221 aeterni
1453 2197 1492 2220 est
1509 2201 1613 2220 summa

976 2240 1089 2266 dulcedo
1115 2243 1140 2265 et
1169 2247 1264 2272 magna
1288 2239 1464 2265 remuneratio
1490 2239 1522 2264 Vl
1547 2238 1580 2263 90
1599 2245 1614 2263 a

976 2300 1011 2303 —
1031 2285 1117 2310 Solem
1147 2284 1259 2310 iustitiae
1287 2282 1440 2309 delectabile
1467 2285 1506 2308 est
1524 2282 1615 2308 videre

976 2329 1037 2356 ibid.
1056 2344 1091 2347 —
1111 2329 1222 2354 iustitiae
1235 2327 1440 2358 obtenebrescit,
1461 2334 1520 2352 cum
1535 2327 1615 2352 homo

976 2374 1046 2400 cadit
1064 2381 1078 2399 a
1099 2371 1151 2399 tide
1170 2373 1203 2398 93
1224 2380 1249 2398 v.
1270 2373 1285 2398 2
1298 2386 1333 2391 -
1347 2372 1403 2397 Non
1422 2371 1513 2397 videre
1532 2371 1614 2396 solem

976 2421 1015 2444 est
1032 2425 1086 2444 non
1107 2417 1204 2443 habere
1223 2417 1379 2449 cognitionis
1392 2417 1480 2442 iumen
1500 2416 1528 2441 51
1554 2423 1579 2440 ν.
1599 2415 1615 2440 5

975 2477 1010 2482 --
1025 2464 1052 2488 ln
1071 2463 1125 2488 soie
1139 2466 1177 2487 est
1190 2462 1325 2487 delectatio
1339 2464 1364 2487 et
1380 2460 1538 2492 experientia
1554 2459 1616 2485 boni

975 2506 1036 2532 ibid.
1055 2521 1090 2525 —-
1104 2507 1129 2532 ln
1149 2509 1256 2538 aspectu
1270 2506 1332 2532 solis
1350 2508 1390 2531 est
1409 2512 1504 2536 magna
1525 2504 1616 2530 iucun-

975 2551 1042 2576 ditas
1062 2552 1095 2576 92
1116 2558 1142 2576 ν.
1162 2552 1177 2575 2

1027 2609 1064 2614 -—
1081 2595 1210 2627 significat
1229 2597 1326 2619 rectam
1346 2593 1514 2624 intentionem
1536 2592 1614 2618 &⁷153

976 2647 1002 2664 ν.
1025 2640 1055 2665 12
1075 2653 1110 2658 -
1132 2640 1179 2677 Per
1203 2639 1284 2664 solem
1313 2638 1462 2669 intelligitur
1490 2644 1616 2669 praesens

976 2687 1059 2709 status
1078 2683 1215 2709 hominum
1236 2683 1265 2708 84
1291 2690 1315 2707 ν.
1336 2682 1352 2707 5
1371 2696 1406 2701 -
1424 2682 1490 2707 Solis
1504 2688 1616 2707 occasus

976 2728 1042 2761 quid
1061 2728 1227 2760 spiritualiter
1246 2727 1373 2760 significet
1393 2726 1435 2751 Vll
1457 2726 1505 2751 409
1527 2726 1560 2751 88
1580 2740 1615 2743 -

977 2773 1001 2798 in
1021 2772 1082 2798 solis
1094 2771 1277 2797 obscuratione
1297 2769 1446 2801 intelligitur
1464 2768 1615 2795 obcaecatio

976 2817 1132 2842 ludaeorum
1153 2816 1199 2841 581
1225 2814 1258 2840 55

1030 2861 1155 2886 Somnum
1173 2873 1208 2878 —
1236 2858 1353 2891 Quisque
1381 2857 1461 2884 debet
1488 2864 1545 2883 esse
1565 2864 1615 2882 me-

976 2912 1034 2931 mor
1046 2904 1197 2930 solatiorum
1218 2903 1263 2928 Dei
1281 2902 1315 2928 ad
1335 2902 1557 2933 congaudendum
1572 2901 1614 2926 Vll

976 2949 1008 2975 37
1031 2949 1081 2974 414

1029 3006 1065 3012 —-
1083 2992 1167 3018 Homo
1186 2993 1294 3023 propter
1314 2991 1411 3016 malum
1431 2996 1532 3022 poenae
1553 2989 1614 3015 indi-

976 3040 1020 3069 get
1037 3036 1129 3062 solatio
1149 3036 1181 3061 Vl
1202 3036 1253 3061 602
1278 3036 1285 3059 1

1030 3081 1177 3106 Sottumus
1196 3094 1230 3098 —-
1248 3081 1319 3104 caret
1335 3078 1462 3104 beneficio
1482 3077 1615 3103 relevatio-

976 3125 1017 3151 nis
1029 3127 1055 3150 et
1067 3123 1274 3150 conservationis
1293 3122 1326 3148 ab
1339 3123 1419 3148 altero
1439 3122 1471 3147 Vi
1485 3122 1519 3146 39
1536 3128 1570 3146 v..
1583 3122 1615 3146 40

975 3183 1010 3187 —-
1029 3169 1117 3194 Melior
1136 3170 1174 3194 est
1186 3167 1239 3193 vita
1258 3167 1283 3193 in
1306 3166 1511 3198 congregatione
1534 3172 1614 3198 quam

976 3213 1089 3238 solitaria
1109 3211 1141 3237 40
1169 3219 1197 3244 q.
1214 3225 1250 3230 —
1268 3217 1321 3236 non
1342 3210 1445 3236 fulcitur
1470 3216 1518 3235 nec
1544 3210 1615 3235 fove-

977 3260 1018 3282 tur
1036 3264 1085 3282 nec
1104 3255 1253 3282 defenditur
1272 3254 1306 3280 ab
1325 3254 1375 3279 alio
1395 3253 1456 3280 ibid.

1030 3300 1152 3326 Sottwno
1171 3314 1205 3318 —
1224 3301 1263 3324 est
1287 3299 1336 3325 vel.
1357 3305 1404 3330 per
1434 3298 1550 3329 inopiam
1579 3298 1616 3323 di-

976 3344 1105 3374 lectionis,
1125 3344 1167 3368 vel
1191 3350 1238 3374 per
1263 3342 1394 3369 defectum
1419 3341 1614 3372 consolationis,

976 3389 1018 3413 vel
1037 3395 1085 3420 per
1104 3388 1219 3420 quietem
1240 3386 1466 3418 contemplationis
1486 3386 1517 3411 Vl
1538 3385 1570 3411 40
1588 3393 1614 3418 q.

1941 292 1999 318 sot>

1648 351 1680 354 -
1701 343 1747 367 per
1779 336 1893 367 inopiam
1912 337 2058 362 dilectionis
2083 337 2189 362 omuino
2215 337 2281 362 mala

1646 383 1697 410 est,
1716 387 1763 411 per
1776 380 1907 405 defectum
1921 381 2105 406 consolationIS
2125 381 2218 413 misera
2232 384 2284 412 est,

1647 431 1694 456 per
1712 424 1827 457 quietem
1847 425 2075 456 contemplationis
2094 425 2232 451 laudabilis
2258 429 2284 451 et

1646 470 1754 494 honesta
1775 472 1814 494 est
1827 468 1890 495 ibid.

1699 527 1733 530 ——
1753 514 1823 538 valet
1834 513 1868 539 ad
1888 513 1978 539 mundi
1992 513 2167 539 turbationem
2187 514 2285 539 evitan-

1646 557 1721 588 dam,
1740 557 1773 583 ad
1798 557 1915 590 quietem
1939 558 2166 590 contemplationis
2190 558 2284 584 intran-

1646 601 1723 632 dam,
1742 602 1775 627 ad
1800 601 1918 627 divinam
1946 602 2148 628 consolationem
2168 601 2286 628 obtinen-

1646 646 1707 671 dam
1729 646 1760 671 Vl
1781 646 1832 671 569
1858 653 1884 671 v.
1905 646 1938 671 45
1957 659 1992 665 -
2010 646 2147 672 solitudini
2171 649 2285 672 contem-

1647 690 1767 721 plationis
1777 697 1829 716 non
1839 693 1970 722 repugnat
1983 690 2094 716 societas
2104 690 2238 722 religionis
2251 690 2284 716 40

1647 742 1672 767 q.
1686 748 1721 753 —
1734 733 1852 760 Christus
1871 735 1981 767 requirit
1999 735 2165 760 solitudinem
2181 734 2232 760 355
2252 735 2285 760 40

1701 779 1902 805 Sotucnuntmzs
1918 792 1955 798 --
1972 780 2093 805 auserunt
2117 779 2216 805 homini
2235 778 2286 811 spi·

1646 823 1950 850 ritualesdeiectationes
1969 823 2001 849 Vl
2022 823 2073 848 614
2095 823 2104 848 4
2122 837 2157 848 -,
2170 824 2285 849 humana

1648 868 1776 900 figuratur
1795 868 1878 899 spinis
1896 870 1922 893 et
1947 867 2073 899 vepribus
2098 868 2141 893 Vll
2172 868 2217 893 494
2243 867 2284 893 40.

1649 912 1698 938 494
1719 913 1752 938 20
1772 926 1805 930 -
1825 912 1942 938 carnales
1961 912 2021 944 plus
2039 912 2065 937 in
2085 911 2211 938 cordibus
2228 905 2286 944 pro-

1647 957 1737 982 ficiunt
1764 959 1790 982 et
1814 959 1937 982 crescunt
1959 963 2040 988 quam
2065 956 2214 989 spirituales
2234 955 2286 981 494

1649 1001 1681 1027 20
1701 1015 1736 1020 -
1755 1002 1886 1026 humanae
1902 1001 2029 1027 suffocant
2041 1007 2130 1026 semen
2150 999 2224 1027 verbi
2238 1000 2285 1026 Do-

1648 1045 1710 1071 mini
1730 1045 1757 1070 in
1776 1045 1856 1071 corde
1876 1044 1985 1070 ibid.—
1998 1045 2129 1070 humanae
2149 1044 2290 1070 destruunt

1647 1089 1729 1115 vitam
1749 1089 1901 1115 interiorem
1920 1091 1946 1114 et
1959 1095 2005 1120 per
2021 1095 2186 1121 consequens
2204 1089 2289 1114 effica-

1648 1134 1715 1159 ciam
1735 1133 1888 1159 exteriorem
1915 1131 1978 1159 ibid.
1996 1146 2032 1152 —-
2051 1134 2183 1158 humanae
2203 1132 2288 1158 consi-

1648 1181 1719 1204 stunt
1738 1178 1764 1203 in
1792 1178 1862 1203 curis
1882 1176 2045 1209 carnalibus,
2073 1176 2171 1202 divitiis
2198 1181 2223 1202 et
2242 1183 2286 1202 vo-

1649 1222 1793 1255 luptatibus
1811 1221 1930 1253 corporis
1948 1220 2009 1247 ibid.

1701 1281 1737 1285 —-
1756 1266 1835 1292 nimia
1854 1269 1893 1291 est
1920 1265 2028 1291 vitanda
2056 1265 2100 1290 Vll
2129 1264 2180 1290 274
2199 1264 2229 1290 71
2253 1278 2289 1284 -

1649 1311 1750 1337 inducit
1768 1310 1976 1343 inquietudinem
2003 1309 2055 1335 315
2076 1309 2107 1334 49
2127 1322 2162 1328 -
2180 1308 2289 1335 curiosi-

1650 1356 1708 1381 tatis
1727 1358 1766 1381 est
1779 1355 1890 1380 tollenda
1910 1353 1970 1380 ibid.
1988 1368 2024 1372 —
2037 1360 2106 1386 quae
2124 1353 2246 1385 provenit
2257 1360 2289 1379 ex

1650 1399 1815 1432 providentia
1833 1399 1928 1429 animi,
1948 1405 2001 1424 non
2020 1401 2059 1423 est
2081 1397 2228 1429 prohibita,
2241 1396 2289 1423 sed

1649 1451 1718 1477 quae
1737 1443 1809 1469 venit
1827 1449 1858 1468 ex
1877 1442 2020 1468 diffidentia
2042 1442 2087 1467 Dei
2107 1442 2158 1467 349
2179 1442 2212 1467 33

1703 1503 1738 1506 -
1756 1490 1844 1514 nostra
1862 1494 1915 1513 non
1941 1486 2022 1513 debet
2050 1493 2109 1512 esse
2133 1493 2182 1518 pro
2201 1486 2290 1519 acqui-

1649 1532 1732 1558 rendo
1745 1531 1818 1564 cibo,
1837 1531 1885 1557 sed
1898 1538 1946 1562 pro
1968 1530 2130 1563 acquirendo
2143 1536 2227 1561 regno
2248 1536 2288 1555 ae-

1650 1580 1724 1602 terno
1744 1567 1794 1602 vii
1813 1576 1864 1601 322
1891 1575 1923 1601 43
1942 1589 1977 1593 —
1996 1575 2052 1600 Non
2072 1574 2202 1600 debemus
2223 1574 2290 1600 soni-

1649 1621 1691 1647 citi
1711 1627 1768 1646 esse
1787 1620 1821 1646 de
1840 1619 2017 1650 naturalibus,
2034 1619 2192 1651 negligendo
2217 1618 2290 1650 spiri-

1649 1665 1726 1691 tualia
1747 1664 1799 1690 334
1819 1665 1846 1689 81
1871 1678 1907 1683 -
1925 1663 2083 1689 inordinatio
2096 1668 2135 1688 est
2154 1663 2179 1688 in
2198 1662 2291 1688 sollici-

1650 1709 1755 1739 tudine,
1768 1708 1875 1741 quando
1894 1707 2051 1733 absorbetur
2064 1714 2139 1733 mens
2158 1707 2227 1732 circa
2241 1709 2292 1732 ter-

1650 1760 1710 1778 rena
1731 1753 1764 1778 Vl
1785 1752 1835 1778 327
1855 1752 1884 1777 54

1703 1797 1818 1822 Sotveue
1831 1810 1866 1815 -
1878 1798 1918 1821 est
1936 1796 1978 1821 vel
1993 1795 2019 1821 in
2033 1796 2088 1821 foro
2102 1795 2291 1827 poenitentiali,

1649 1842 1691 1867 vel
1710 1841 1737 1866 in
1758 1842 1813 1867 foro
1832 1840 1946 1866 iudiciali
1966 1840 1999 1865 Vl
2013 1839 2065 1865 515
2079 1840 2113 1865 52
2125 1854 2160 1858 -
2174 1840 2291 1865 Mortuus

1649 1885 1792 1918 spiritualis
1818 1884 1928 1910 solvitur
1956 1884 1983 1909 in
2011 1884 2174 1909 consessione
2202 1883 2249 1909 591
2274 1884 2290 1909 3

1649 1944 1685 1949 -
1704 1930 1826 1956 Peccator
1845 1929 1954 1955 solvitur
1973 1935 1987 1953 a
2002 1928 2112 1954 vinculis
2128 1928 2228 1960 peccati
2243 1935 2291 1960 per

1650 1974 1853 2000 satisfactionem
1873 1973 2014 1998 iniunctam
2036 1972 2086 1998 406
2106 1973 2139 1997 63
2159 1987 2194 1990 -
2214 1972 2234 1997 Α
2254 1973 2290 1997 su-

1650 2018 1729 2044 nibus
1747 2020 1917 2050 peccatorum
1931 2024 1983 2042 non
2000 2016 2109 2042 solvitur
2128 2016 2225 2042 virtute
2243 2017 2290 2041 hu·

1651 2070 1742 2093 mana,
1763 2062 1810 2088 sed
1830 2061 1920 2087 divina
1947 2061 1989 2087 Vll
2010 2061 2059 2086 489
2088 2060 2120 2086 46
2141 2074 2174 2078 ——
2194 2061 2214 2085 A
2233 2067 2286 2092 pec⁴

1651 2110 1708 2134 cato
1727 2107 1828 2133 solutus
1846 2106 1986 2132 adducitur
2001 2105 2035 2131 ad
2055 2106 2139 2131 lesum
2159 2103 2221 2131 ibid.

1697 2165 1739 2180 .—
1768 2150 1940 2176 Absolventes
1970 2157 2022 2175 non
2051 2149 2148 2175 faciunt
2178 2150 2228 2174 hoc
2256 2148 2290 2174 ad

1651 2195 1736 2226 aliud,
1755 2195 1805 2220 nisi
1824 2198 1852 2220 ut
1879 2194 1913 2220 ad
1941 2193 2073 2220 Christum
2101 2194 2205 2219 trahant
2239 2195 2292 2218 tan-

1651 2246 1731 2271 quam
1751 2239 1784 2264 ad
1805 2245 1898 2263 verum
1915 2238 2055 2264 Dominum
2076 2238 2119 2263 Vll
2140 2237 2190 2263 489
2211 2236 2243 2262 47
2256 2251 2282 2255 —

1652 2283 1781 2309 Sacerdos
1794 2290 1845 2308 non
1860 2282 1967 2308 remittit
1981 2282 2094 2314 culpam,
2114 2282 2161 2308 sed
2181 2288 2293 2313 poenam

1652 2328 1686 2353 Vl
1706 2326 1757 2352 5l4
1778 2326 1811 2352 49
1830 2341 1865 2344 —
1885 2326 1939 2352 Non
1959 2329 2044 2358 potest
2064 2326 2129 2351 solvi
2149 2326 2197 2352 nisi
2212 2332 2292 2358 quem

1653 2372 1722 2397 Deus
1734 2370 1879 2397 vivificavit
1894 2369 1927 2396 ib.
1948 2369 1976 2395 3*Ι
1995 2369 2056 2396 Vide
2068 2377 2093 2396 v.
2109 2369 2238 2397 Potentia.

1707 2416 1821 2441 sommum
1841 2428 1876 2434 --
1895 2415 1996 2440 vanitas
2015 2418 2054 2440 est
2073 2415 2105 2440 Vt
2127 2414 2160 2440 44
2179 2421 2206 2439 v,
2225 2415 2240 2439 6
2257 2428 2291 2432 —

1652 2467 1700 2486 nos
1725 2466 1774 2485 nec
1799 2459 1910 2491 perdere
1934 2465 1982 2484 nec
1999 2459 2101 2484 salvare
2123 2461 2209 2490 potest
2230 2457 2291 2484 ibid.

1653 2519 1688 2523 ——-
1713 2505 1747 2530 Ex
1769 2503 1880 2530 somniIs
1904 2503 1967 2528 nihil
1992 2506 2092 2528 certum
2121 2506 2207 2535 potest
2231 2502 2293 2528 sciri

1652 2548 1713 2575 ibid.
1736 2562 1772 2567 —-
1801 2548 1837 2573 De
1864 2547 1973 2573 somniis
1997 2554 2050 2572 non
2079 2550 2118 2573 est
2145 2547 2292 2572 curandum

1653 2592 1714 2619 ibid.
1743 2607 1776 2611 —
1805 2592 1916 2617 Stultum
1949 2594 1989 2616 est
2018 2591 2126 2617 somniis
2157 2591 2292 2617 attendere

1654 2637 1686 2663 43
1705 2645 1730 2662 v.
1752 2637 1760 2661 4

1706 2681 1880 2706 sommium
1900 2693 1935 2698 —
1954 2682 2076 2705 causatur
2103 2686 2117 2705 a
2137 2680 2244 2711 crapula
2264 2681 2289 2704 et

1652 2725 1778 2751 ebrietate
1796 2727 1821 2749 et
1840 2723 1910 2749 curis
1936 2724 2013 2749 huius
2032 2724 2102 2749 vitae
2123 2724 2164 2750 Vll
2184 2724 2236 2749 538
2257 2723 2291 2748 55

1706 2770 1805 2795 Somnus
1823 2781 1857 2787 --
1876 2774 1929 2792 non
1950 2767 1978 2793 iit
1996 2768 2052 2793 sine
2066 2768 2222 2799 gravamine
2235 2774 2292 2792 sen-

1652 2820 1729 2839 suum
1753 2813 1796 2838 Vll
1817 2812 1868 2837 235
1888 2812 1921 2837 57
1941 2825 1976 2831 -
1994 2812 2078 2837 dulcis
2107 2815 2145 2837 est
2172 2811 2291 2843 operanti

1654 2858 1685 2882 Vl
1706 2857 1738 2882 47
1759 2864 1783 2882 v.
1809 2856 1833 2880 tt
1851 2869 1886 2874 —
1901 2855 2009 2881 Divitiae
2027 2857 2148 2882 auferunt
2167 2862 2292 2887 somnum

1652 2901 1747 2934 quietis
1765 2899 1827 2926 ibid.
1841 2914 1875 2918 —
1888 2902 1927 2925 est
1947 2899 2046 2925 bonum
2066 2900 2173 2931 signum
2193 2899 2218 2925 in
2231 2906 2291 2925 acu-

1653 2946 1684 2971 tis
1703 2943 1913 2976 aegritudinibus
1932 2944 1983 2969 398
2004 2945 2037 2969 22

1706 3002 1741 3008 -—
1760 2989 1898 3014 Peccatum
1917 2990 1943 3013 et
1959 2995 2030 3014 mors
2043 2991 2170 3014 vocantur
2183 2993 2292 3013 somnus

1655 3034 1685 3059 Vl
1707 3033 1753 3058 311
1779 3032 1811 3058 49
1832 3046 1866 3050 -
1885 3031 1967 3063 Culpa
1992 3032 2088 3058 dicitur
2111 3038 2221 3058 somnus
2239 3030 2291 3056 587

1653 3084 1680 3102 v.
1701 3077 1728 3102 41
1754 3090 1788 3095 -
1805 3076 1929 3101 naturalis
1948 3076 2045 3102 claudit
2072 3076 2171 3102 homini
2190 3075 2291 3105 visum,

1653 3121 1716 3152 ligat
1734 3122 1855 3151 sensum,
1876 3120 1941 3145 sistit
1960 3126 2080 3151 gressum
2100 3118 2162 3146 ibid.
2180 3133 2216 3138 —
2240 3119 2291 3144 cui-

1654 3172 1703 3197 pae
1722 3165 1819 3190 claudit
1846 3164 1932 3189 visum
1955 3163 2132 3196 discretionis,
2152 3164 2214 3195 ligat
2233 3169 2291 3188 sen-

1653 3216 1712 3235 sum
1731 3208 1893 3238 devotionis,
1912 3207 1978 3233 sistit
1996 3214 2118 3239 gressum
2131 3206 2218 3233 honae
2231 3213 2291 3238 ope·

1652 3253 1760 3278 rationis
1778 3251 1839 3278 ibid.

1706 3298 1829 3322 Soriusm
1849 3310 1884 3314 —
1904 3296 1929 3321 ln
1948 3295 2109 3327 sophismate
2131 3295 2158 3321 in
2177 3294 2292 3321 dictione

1653 3341 1812 3373 principium
1833 3339 1934 3365 fallendi
1954 3342 1993 3365 est
2012 3339 2037 3364 in
2057 3345 2137 3369 voce,
2158 3339 2182 3364 in
2202 3337 2291 3370 sophi-

1652 3388 1735 3411 smate
1754 3388 1824 3410 extra
1844 3383 1984 3409 dictionem
2003 3386 2042 3409 est
2061 3383 2086 3409 in
2105 3390 2134 3409 re
2154 3383 2186 3408 Vl
2207 3381 2257 3407 606
2274 3381 2290 3406 2
