2476 3921
135 413 264 436 secundum.

136 838 267 861 Notandum.

163 1528 266 1551 Tertium.

190 1794 267 1816 Aliter.

289 266 351 297 110

377 353 429 384 89.
455 350 597 383 Secundo
620 349 746 382 additur
762 347 913 391 facilitas
928 346 1157 384 curationum,
1174 354 1246 378 cum

286 406 426 439 additur:
454 406 494 437 At
511 404 578 442 ille,
594 402 737 446 singulis
752 410 876 441 manus
893 401 1079 442 imponens,
1104 398 1246 431 curabat

287 467 397 490 omnes
411 459 431 489 ¹.
456 456 596 489 Faciliter
620 454 765 492 curabat,
790 453 865 495 quia
889 453 955 485 sine
979 451 1246 493 interpellatione,

287 512 340 545 sed
376 511 440 544 sola
474 518 586 542 manus
617 508 814 550 impositione
846 506 983 539 sanabat.
1016 506 1077 538 Nec
1111 504 1246 543 mirum,

286 565 377 607 quia,
402 563 575 597 secundum
599 561 684 604 quod
707 561 823 594 dicitur
855 560 949 592 Isaiae
985 557 1248 601 quinquagesimo

286 627 385 657 0000,
415 630 431 646 α
444 626 504 650 non
522 620 569 649 est
584 615 766 648 abbreviata
790 622 902 646 manus
918 612 1056 650 Domini,
1073 614 1110 643 ut
1126 610 1247 643 salvare

285 673 466 713 nequeat».
495 669 529 702 Et
559 678 621 702 non
656 668 759 701 solum
790 670 913 709 poterat
944 666 1004 698 hoc
1036 673 1093 707 per
1117 673 1168 703 se,
1193 663 1247 696 sed

286 724 377 757 etiam
401 723 469 756 aliis
492 721 744 759 communicare,
769 719 942 753 secundum
979 718 1055 750 illud
1081 716 1175 749 Marci
1199 716 1248 749 ul-

287 778 379 810 timo:
410 790 425 805 «
441 777 542 818 Super
565 784 677 817 aegros
700 783 812 806 manus
836 773 1012 814 imponent,
1037 774 1068 804 et
1091 771 1170 803 bene
1192 771 1248 803 ha-

286 831 406 864 bebunt
424 843 452 861 ».
478 848 522 852 —
546 829 582 860 Et
605 831 692 866 nota,
717 826 801 869 quod
824 825 968 868 singulis
992 824 1178 866 imposuisse
1201 823 1247 856 di—

287 884 369 917 citur
394 883 460 916 sine
484 882 684 920 exclusione,
702 881 784 914 sicut
799 880 914 912 dicitur
932 879 1064 911 Actuum
1082 877 1203 910 decimo
1217 878 1247 909 ²:

292 950 307 965 «
324 937 390 969 Non
414 940 461 968 est
491 944 699 977 persorarum
735 936 881 975 acceptor
912 933 996 965 Deus
1012 944 1043 970 »;
1068 934 1100 964 et
1123 931 1192 964 ideo
1216 931 1248 963 in

287 990 421 1022 Psalmo:
444 1002 459 1017 «κ
472 988 579 1030 Aperi‘s
596 991 631 1020 tu
648 996 776 1019 manum
794 989 880 1018 tuam
899 989 929 1018 et
946 985 1057 1026 imples
1072 993 1165 1017 omne
1181 984 1248 1016 ani-

286 1042 349 1075 mal
373 1041 586 1074 benedictione
602 1054 632 1072 ».
661 1041 695 1072 Et
718 1040 777 1072 hoc
801 1043 849 1072 est
872 1038 956 1080 quod
981 1037 1096 1070 dicitur
1121 1037 1248 1078 Sapien—

287 1094 347 1126 tiae
371 1097 476 1126 sext0:
507 1093 690 1125 «Pusillum
714 1096 745 1125 et
769 1100 918 1133 magnum
942 1091 1008 1133 ipse
1032 1091 1123 1129 fecit,
1140 1094 1172 1123 et
1197 1099 1248 1122 ae-

286 1146 421 1188 qualiter
445 1155 524 1179 cura
547 1149 594 1178 est
617 1146 659 1178 illi
684 1145 723 1178 de
746 1145 894 1177 omnibus
912 1158 941 1176 n.
967 1144 1003 1176 Et
1020 1144 1088 1176 ideo
1112 1144 1247 1176 dicitur:

287 1198 437 1231 Curabat
460 1208 586 1237 omnes,
612 1198 730 1230 scilicet
752 1197 791 1229 ad
815 1206 848 1229 se
871 1197 1049 1235 venientes,
1074 1196 1150 1238 quia
1172 1196 1248 1228 dici-

285 1256 338 1284 tur
363 1252 484 1284 Ioannis
507 1255 616 1284 sexto:
647 1264 661 1279 «
678 1250 802 1289 Omnis,
827 1250 880 1292 qui
906 1250 1028 1283 venerit
1051 1249 1090 1282 ad
1106 1258 1167 1288 me,
1184 1258 1247 1281 non

284 1305 405 1338 eiiciam
434 1305 517 1338 for-as
533 1318 563 1336 ».
589 1305 649 1337 Nec
667 1305 822 1343 01111101,
847 1304 920 1346 quia
951 1303 1063 1336 «idem
1096 1303 1249 1335 Dominus

284 1359 425 1391 omnium
449 1358 536 1391 dives
553 1358 584 1390 in
601 1366 724 1396 omnes,
742 1357 796 1399 qui
814 1357 960 1389 invocant
982 1356 1071 1389 illum
1086 1369 1118 1395 »,
1135 1356 1174 1388 ad
1190 1357 1248 1388 Ro-

284 1421 393 1445 manos
416 1411 546 1445 decimo.

375 1467 427 1498 90.
453 1465 554 1507 (Vers.
580 1465 659 1506 lit).
685 1465 791 1497 Tertio
814 1464 962 1497 subditur
986 1462 1147 1507 confessio
1171 1464 1250 1496 dae-

285 1528 440 1557 monum,
465 1527 537 1551 cum
569 1513 734 1551 subditur:
762 1518 905 1550 Exibant
935 1521 1047 1549 autem
1071 1517 1249 1549 daemonia

286 1582 308 1604 a
331 1572 445 1604 multis
469 1571 672 1610 clamantia,
697 1571 815 1604 scilicet
839 1580 914 1612 prae
938 1570 1045 1603 dolore
1073 1574 1105 1603 et
1136 1571 1250 1602 timore

286 1628 317 1657 et
340 1624 563 1663 admiratione,
588 1624 683 1657 Isaiae
707 1624 904 1666 sexagesimo
920 1624 1030 1665 quinto
1044 1623 1074 1655 ³:
1098 1636 1113 1652 «
1130 1623 1250 1656 Clama-

286 1678 360 1711 bitis
384 1687 459 1720 prae
482 1677 590 1710 dolore
614 1677 718 1710 cordis
745 1681 776 1710 et
808 1686 883 1719 prae
907 1677 1095 1709 contritione
1119 1677 1250 1719 spiritus

287 1732 449 1765 ululabitis
464 1745 494 1763 ».
520 1731 579 1764 Sed
603 1739 711 1763 cassus
727 1733 796 1763 erat
811 1739 923 1762 eorum
939 1730 1072 1769 clamor;
1090 1730 1249 1763 Psalmus:

292 1799 307 1814 «
323 1785 563 1823 Clamaverunt,
587 1793 644 1817 nec
667 1787 735 1816 erat
758 1783 812 1826 qui
838 1783 941 1816 salvos
956 1783 1116 1816 faceret».
1134 1802 1178 1807 -—
1194 1783 1250 1816 Vel

287 1838 490 1876 clamantia,
515 1841 645 1880 propter
679 1837 837 1879 publicam
869 1836 1010 1869 veritatis
1037 1836 1250 1869 annuntiatio-

287 1901 368 1925 nem.
395 1892 430 1924 Et
454 1891 522 1924 ideo
546 1891 694 1924 subditur
725 1899 801 1923 vera
824 1890 994 1923 confessio:
1024 1891 1064 1922 Et
1087 1889 1249 1922 dicentia.-

289 1946 378 1987 Qaia
402 1950 437 1978 ta
460 1955 493 1977 cs
517 1945 626 1978 Filius
650 1945 718 1977 Dei.
744 1945 805 1977 Hoc
828 1947 935 1977 autem
959 1944 1104 1977 dicebaut
1120 1952 1182 1976 non
1207 1952 1249 1976 ex

287 1999 491 2038 certitudine,
517 1999 570 2032 sed
594 2008 635 2032 ex
660 1998 925 2031 coniecturatione
946 2001 1076 2040 propter
1092 1997 1250 2040 potentiae

287 2053 543 2095 magnitudinem.
561 2052 597 2085 Et
613 2052 684 2085 ideo
708 2052 824 2094 prius⁴
847 2051 928 2084 dixit
951 2051 1102 2084 daemon:
1132 2064 1147 2080 α
1165 2050 1249 2089 scio,

287 2106 371 2148 quod
388 2106 430 2139 sis
447 2106 590 2138 Sanctus
608 2105 668 2138 Dei
682 2117 715 2144 n,·
731 2113 816 2138 nunc
827 2131 834 2144 ‚
851 2104 936 2147 quod
954 2104 1062 2137 Filius
1079 2104 1157 2143 Dei,
1175 2104 1250 2146 quia

287 2168 344 2202 per
368 2159 488 2192 maiora
511 2159 729 2201 experimenta
744 2158 775 2191 in
793 2158 968 2201 cognitione
984 2157 1169 2200 profecerat.
1188 2157 1250 2190 Hoc

287 2215 408 2251 autem,
433 2211 517 2254 quod
541 2211 766 2250 coniiciebant,
799 2211 1031 2244 confitebantur
1062 2220 1130 2243 non
1153 2210 1251 2243 eorde

287 2265 435 2305 dicendo;
459 2265 498 2298 de
521 2275 586 2308 quo
608 2265 729 2307 primae
752 2265 791 2297 ad
819 2265 998 2298 Corinthios
1021 2264 1249 2297 duodecimo⁶:

294 2331 309 2347 α
325 2319 422 2352 Nemo
446 2321 548 2361 potest
570 2318 688 2351 dicere:
712 2318 866 2351 Dominus
890 2318 989 2357 lesus,
1006 2318 1065 2351 nisi
1083 2318 1114 2350 in
1131 2317 1250 2360 Spiritu

289 2376 396 2406 sancto
417 2384 447 2411 »;
476 2372 534 2405 »cui
569 2372 677 2404 dicere
708 2371 875 2413 respondet
910 2371 1062 2410 verbum,
1095 2371 1179 2413 quod
1203 2373 1251 2403 est

295 2438 310 2453 «
326 2434 398 2458 cum
415 2433 522 2457 amore
538 2425 647 2457 notitia
662 2436 694 2463 »;
710 2434 776 2458 non
793 2425 890 2457 corde
905 2428 935 2457 et
950 2433 1044 2466 opere
1060 2423 1250 2456 confiteban-

290 2481 361 2526 tur;
385 2478 424 2511 de
447 2487 511 2520 quo
545 2478 665 2520 primae
698 2477 819 2510 loannis
843 2480 973 2519 quarto:
1004 2489 1019 2506 «
1036 2476 1162 2515 Omnis,
1195 2476 1250 2519 qui

362 2644 370 2659 ¹
392 2645 504 2676 Vulgata
523 2650 575 2671 eos.
595 2657 631 2663 -—
650 2642 768 2670 Subinde
787 2644 933 2676 allegantur
952 2644 1007 2670 lsai.
1028 2644 1077 2677 59,
1098 2644 1121 2669 1.
1135 2646 1161 2669 01
1173 2644 1251 2669 Marc:

292 2690 339 2722 16,
360 2690 400 2715 18.
421 2704 454 2708 -
474 2689 581 2715 inferius
600 2696 648 2721 pro
677 2688 736 2715 sine
763 2687 991 2722 interpellatione,
1011 2688 1038 2715 id
1064 2691 1104 2714 est
1122 2688 1178 2714 sine
1196 2695 1253 2714 ora-

291 2734 373 2765 tione,
393 2734 472 2759 BDF
491 2733 548 2760 sine
566 2733 781 2767 interpolatione.
801 2733 951 2759 Secundum
971 2733 1011 2759 Du
1031 2733 1133 2766 Gange,
1153 2733 1252 2759 Glossa-

290 2778 359 2804 rium
379 2783 437 2809 etc,
456 2777 627 2811 interpellare
647 2777 717 2803 idem
737 2780 776 2803 est
804 2784 834 2803 ac
854 2777 1005 2810 deprecari,
1025 2784 1146 2809 exorare;
1172 2776 1251 2803 inter-

287 2821 384 2856 polare
402 2825 505 2854 praeter
524 2822 572 2847 alia
591 2822 721 2854 significat
739 2822 817 2847 etiam
836 2823 1037 2854 interrumpere.

362 2865 373 2881 ⁹
393 2866 467 2892 Vers.
487 2866 530 2892 34.
548 2880 583 2885 -
604 2866 677 2891 Tres.
697 2873 771 2899 seqq.
791 2866 841 2891 loci
860 2869 920 2892 sunt
939 2867 979 2892 Ps.
1000 2866 1066 2897 114,
1087 2867 1129 2892 16.
1147 2869 1172 2892 01
1190 2867 1253 2899 Sap.

292 2912 323 2942 6,
343 2912 373 2942 8;
392 2912 461 2937 ioan.
481 2911 510 2942 6,
531 2911 576 2936 371
596 2910 693 2940 Omne,
714 2910 786 2944 quod
802 2911 845 2936 dat
859 2911 923 2936 1111111
936 2911 1024 2942 Pater,
1043 2911 1077 2937 ad
1092 2918 1135 2937 me
1156 2911 1252 2942 100101,

293 2958 318 2981 01
336 2962 397 2981 eum
417 2955 462 2988 qui
483 2955 553 2980 venit
571 2954 604 2980 ad
625 2962 668 2980 me
687 2955 847 2989 etc.;,P.om.
869 2956 915 2986 10,
938 2956 978 2980 12.

364 2998 375 3014 ³
394 3000 469 3026 Vers.
490 3000 532 3025 14.
553 3014 587 3018 -
607 3000 730 3032 Sequitur
750 3000 789 3025 Ps.
811 2999 857 3032 17,
878 2999 920 3025 42.

361 3042 376 3067 f⁸
396 3045 479 3077 Supra
499 3051 525 3069 v.
545 3043 588 3070 34.
606 3043 659 3070 Csr.
678 3050 758 3075 supra
778 3050 841 3076 pag.
862 3043 927 3076 106,
947 3046 1006 3069 note
1026 3044 1050 3069 9.

346 3107 348 3109 .
365 3087 376 3102 ⁶
397 3089 469 3115 Vers.
489 3089 514 3114 3.
533 3102 569 3108 -
588 3087 706 3114 Subinde
718 3088 844 3120 allegatur
862 3087 978 3114 definitio
991 3087 1067 3114 verbi
1086 3087 1120 3114 ab
1132 3088 1253 3121 August„

293 3133 338 3160 tx.
356 3133 390 3160 de
409 3133 482 3159 Trin.
500 3140 522 3159 c.
550 3133 591 3159 10.
619 3140 645 3158 n.
675 3133 722 3164 15,
742 3132 891 3165 proposita:
923 3142 936 3155 «ι
951 3131 1068 3158 Verbum
1088 3136 1125 3159 est
1144 3133 1251 3165 Igitur...

294 3184 355 3204 cum
374 3184 464 3203 amore
482 3177 571 3203 notitia
584 3186 609 3210 η,
628 3180 688 3209 11051
715 3183 794 3210 quam
823 3178 971 3209 sequuntur
999 3177 1015 3201 l.
1040 3176 1106 3202 ioan.
1136 3176 1164 3208 4,
1184 3177 1208 3202 2.
1229 3179 1255 3203 et

296 3222 347 3248 Tit.
368 3222 397 3254 1,
418 3222 459 3247 16.
479 3235 514 3241 -
533 3222 659 3253 Superius
687 3228 736 3253 pro
764 3219 939 3248 coniiciebant
967 3220 1024 3246 Vat.
1043 3227 1079 3247 ea:
1097 3220 1254 3247 coniectura

295 3264 491 3300 confitebantur
515 3264 672 3297 daemones,
692 3272 761 3298 quae
789 3265 866 3291 etiam
886 3265 913 3290 in
942 3263 1092 3290 definitione
1111 3264 1184 3290 verbi
1206 3271 1254 3297 pro

296 3308 391 3336 notitia
409 3315 549 3341 perperam
560 3308 701 3341 ,substituit
719 3308 815 3336 dicere.

366 3351 378 3367 ⁰
397 3354 490 3379 Psalm.
505 3354 539 3385 ⁷6,
557 3354 585 3378 6.
605 3368 638 3371 —
658 3354 781 3386 Sequitur
794 3355 854 3385 Sap.
869 3354 897 3386 5,
911 3354 935 3379 3.
949 3353 1064 3385 Hieron„
1078 3353 1095 3378 l.
1108 3352 1254 3379 Comment.

298 3397 324 3423 in
343 3397 428 3423 Matth.
444 3397 474 3429 8,
488 3397 530 3423 30.
544 3404 615 3431 seq:
635 3396 706 3429 Quid
724 3396 800 3424 nobes
819 3398 843 3424 et
862 3396 922 3429 tibi,
937 3397 998 3423 lesa
1010 3395 1066 3423 Fili
1082 3396 1177 3423 Dei?...
1199 3397 1255 3423 Non

297 3441 438 3468 voluntatis
451 3442 498 3467 ista
512 3442 639 3468 confessio
649 3444 696 3473 est,
710 3448 790 3474 quam
804 3441 952 3474 praemium
966 3441 1084 3475 sequitur
1096 3441 1255 3475 confitentis,

889 258 1081 290 COMMENT.
1107 257 1144 289 IN
1167 256 1405 289 EVANGELIUM
1429 255 1547 288 LUCAE
1571 255 1602 287 C.
1629 255 1676 288 lV.

1312 344 1499 382 confitetur,
1524 343 1685 376 Christum
1710 343 1812 376 Iesum
1837 343 1959 376 venisse
1990 343 2022 375 in
2054 351 2196 381 carnem,
2231 352 2273 376 ex

1312 397 1376 429 Deo
1399 399 1446 429 est
1463 408 1493 435 »;
1524 396 1578 429 sed
1601 396 1710 428 solum
1734 405 1790 428 ore
1820 396 1965 429 dicebant
1996 399 2027 429 et
2058 396 2156 429 corde
2186 397 2273 429 odie-

1312 450 1390 482 bant
1414 453 1445 482 et
1468 458 1563 491 opere
1586 449 1771 491 neyabant,·
1795 449 1834 481 ad
1858 449 1963 481 Titum
1988 450 2108 491 primo:
2142 462 2157 478 <t
2172 449 2291 482 Confi-⁷

1306 506 1432 541 10111111,
1458 511 1491 534 50
1514 511 1605 535 nosse
1629 503 1744 541 Deum,
1769 502 1858 535 factis
1882 506 1988 535 autem
2019 506 2180 545 negant».
2213 504 2274 536 Νο0

1312 556 1447 597 mirum,
1471 556 1563 598 quia,
1588 555 1763 589 secundum
1799 555 1885 598 quod
1919 556 2035 589 dicitur
2059 556 2091 589 in
2116 556 2236 589 Psalmo
2248 557 2272 596 ⁶,

1317 622 1332 638 c<
1348 609 1381 642 in
1404 609 1527 642 inferno
1550 609 1623 651 quis
1647 609 1848 642 confitebitur
1872 609 1928 641 tibi
1945 612 1982 641 »ἵ
2006 609 2132 649 Nullus,
2157 610 2275 643 scilicet

1312 663 1505 696 confessione
1528 663 1706 701 meritoria,
1731 662 1785 695 sed
1809 671 1917 695 omnes
1940 662 2133 696 confessione
2149 667 2275 697 extorta

1312 720 1343 749 et
1366 716 1559 755 necessaria;
1584 716 1758 758 Sapientiae
1783 716 1911 758 quinto:
1933 729 1948 744 «
1966 716 2110 749 Dicentes
2132 716 2214 749 intra
2230 726 2274 756 se,

1312 769 1535 811 poenitentiam
1558 773 1685 812 agentes
1702 783 1717 799 n
1746 773 1804 802 etc.

1403 823 1454 855 91.
1480 823 1640 855 Postremo
1662 823 1789 855 additur
1820 822 1972 856 cohibitio
1994 824 2178 866 spirituum
2213 825 2275 858 im·
2293 826 2404 854 Quartum.

1312 875 1533 914 mandorum,
1565 884 1637 908 cum
1674 876 1896 918 subiungitur:
1928 877 1969 909 Et
1999 877 2178 920 increpans
2208 888 2275 911 non

1312 928 1441 961 sinebat
1463 938 1502 960 ea
1525 928 1630 972 loqui,
1655 932 1692 961 ut
1714 929 1896 962 verificetur
1913 929 1991 962 illud
2016 930 2126 963 Psalmi
2141 931 2170 963 ⁷:
2201 944 2216 960 «
2232 931 2276 964 Ab

1312 981 1526 1023 increpatione
1550 985 1604 1014 tua
1626 982 1762 1024 fugient,
1786 991 1804 1014 a
1839 991 1915 1015 voce
1938 983 2069 1016 tonitrui
2094 984 2140 1016 tui
2169 984 2276 1017 formi-

1312 1034 1479 1066 dabunt».
1505 1033 1579 1066 Non
1601 1034 1730 1067 sinebat
1753 1038 1823 1080 etc„
1857 1035 1932 1077 quia
1962 1035 2146 1078 frequenter
2170 1036 2275 1069 Domiss

1312 1096 1374 1120 nus
1407 1087 1528 1120 obicem
1565 1088 1694 1129 opponit
1728 1088 1990 1130 malignantibus3
2026 1089 2111 1122 unde
2145 1089 2273 1123 secundi

1312 1140 1573 1173 Machabaeorum
1591 1145 1699 1174 sexto:
1722 1154 1737 1169 «
1750 1141 1815 1173 Non
1833 1141 1935 1174 sinere
1952 1143 2170 1184 peccatoribus
2182 1151 2276 1185 agere

1313 1202 1354 1226 ex
1378 1193 1533 1226 sententia
1556 1194 1659 1235 magni
1684 1194 1826 1227 beneficii
1851 1198 1898 1227 est
1932 1195 2127 1228 indicium».
2152 1215 2197 1219 —
2220 1196 2276 1229 Vel

1313 1246 1382 1279 ideo
1412 1256 1480 1279 non
1507 1246 1650 1286 sinebat,
1683 1247 1758 1290 quia
1793 1257 1849 1289 per
1880 1248 2048 1282 daemones
2082 1249 2276 1282 manifestari

1313 1300 1452 1339 nolebat;
1470 1300 1554 1333 unde
1570 1303 1601 1333 et
1617 1300 1779 1333 subditur:
1799 1301 1888 1342 Quia
1902 1301 2063 1341 Sciebant,
2082 1303 2192 1344 ipsum
2209 1312 2276 1335 esse

1315 1353 1504 1393 Christum,
1541 1354 1572 1386 id
1607 1357 1672 1393 est,
1698 1354 1902 1396 probabiliter
1931 1355 2146 1388 coniiciebant.
2176 1369 2192 1385 a
2209 1357 2274 1389 Non

1313 1407 1395 1440 enim
1420 1407 1557 1440 innotuit
1579 1407 1803 1446 daemonibus,
1827 1411 1863 1440 ut
1886 1407 1960 1441 dicit
1984 1409 2217 1450 Augustinus³³‚
2241 1412 2278 1442 ut

1313 1461 1461 1502 splendor
1495 1464 1526 1494 et
1562 1461 1638 1499 lux,
1671 1460 1724 1493 sed
1757 1469 1813 1502 per
1845 1461 2002 1503 quandam
2039 1470 2114 1495 suae
2150 1462 2278 1495 virtutis

1313 1514 1483 1547 efficaciam
1498 1527 1526 1545 ¹³.
1552 1513 1682 1546 Nolehat
1704 1517 1809 1546 autem
1834 1513 1986 1547 Dominus
2010 1515 2058 1548 sui
2075 1515 2210 1548 nominis
2226 1524 2277 1548 co-

1313 1567 1484 1609 gnitionem
1508 1576 1566 1609 per
1597 1567 1766 1600 daemones
1796 1567 1971 1609 divulgari,
1997 1571 2064 1600 tum
2089 1569 2164 1611 quia
2187 1572 2278 1602 erant

1314 1620 1462 1663 indiyni,
1488 1624 1555 1653 tum
1579 1621 1654 1663 quia
1678 1621 1799 1659 odiosi,
1824 1624 1893 1653 tum
1916 1621 2009 1654 etiam
2031 1622 2106 1664 quia
2128 1621 2277 1665 fraudu-

1315 1673 1408 1712 lenti,;
1431 1678 1462 1707 et
1486 1674 1555 1707 ideo
1578 1669 1649 1707 talis
1673 1674 1825 1707 confessio
1841 1683 1899 1707 1100
1915 1675 2119 1708 conveniebat
2135 1675 2199 1708 Deo
2219 1684 2278 1709 nec

1314 1727 1507 1769 congruebat
1541 1727 1683 1760 daemoni
1716 1736 1773 1760 nec
1801 1727 1949 1769 proderat
1984 1728 2113 1760 homini.
2149 1728 2230 1761 Beda
2246 1728 2276 1760 ⁹:

1320 1780 1517 1822 «improbus
1540 1781 1689 1823 magister
1712 1781 1797 1814 veris
1820 1781 1897 1814 falsa
1921 1781 2107 1823 permiscet,
2141 1785 2176 1814 ut
2207 1790 2277 1824 spe-

1314 1834 1361 1867 cie
1392 1834 1534 1867 veritatis
1557 1834 1677 1868 fraudis
1702 1835 1916 1868 testimonium
1940 1835 2112 1877 obtegat».
2139 1835 2185 1867 Ex
2213 1844 2277 1878 quo

1314 1887 1404 1920 nobis
1426 1887 1521 1921 datur
1544 1887 1692 1930 intelligi,
1716 1888 1800 1930 quod
1825 1889 1878 1931 qui
1903 1889 1934 1921 in
1959 1889 2167 1931 praedicando
2187 1889 2277 1922 Chri-

1314 1944 1399 1974 stum
1423 1940 1506 1974 veris
1529 1940 1606 1973 falsa
1628 1941 1819 1982 permiscent
1842 1942 1972 1975 omnino
1995 1945 2070 1975 sunt
2101 1942 2276 1982 cohibendi,

1314 1994 1396 2028 sicut
1419 1994 1587 2032 haeretici;
1611 1994 1731 2036 primae
1746 1994 1785 2027 ad
1801 1995 1979 2029 Corinthios
1995 1996 2106 2038 quinto
2121 1996 2163 2028 ¹⁰:
2186 2009 2202 2024 «
2218 1997 2278 2029 Mo-

1314 2047 1419 2080 dicum
1445 2047 1589 2080 fermenti
1614 2050 1871 2087 totammassam
1901 2049 2125 2091 corrumpit».
2159 2049 2188 2082 Si
2221 2049 2276 2092 qui

1313 2105 1420 2134 autem
1445 2109 1520 2133 vera
1543 2100 1743 2142 praedicant,
1768 2109 1829 2133 non
1855 2105 1961 2134 tamen
1985 2102 2157 2135 intentione
2174 2106 2276 2142 recta,

1314 2153 1489 2188 sustinendi
1513 2157 1604 2192 sunt3
1629 2155 1660 2186 et
1683 2152 1722 2186 de
1746 2153 1862 2186 talibus
1889 2153 2005 2186 dicitur
2037 2154 2076 2187 ad
2100 2155 2278 2197 Philippen-

1314 2217 1364 2242 ses
1387 2208 1504 2250 primo:
1535 2220 1550 2236 «
1567 2206 1637 2239 Sive
1671 2215 1728 2248 per
1752 2207 1957 2246 occasionem,
1982 2207 2047 2240 sive
2076 2217 2132 2250 per
2164 2208 2278 2241 verita-

1315 2265 1378 2295 tem
1401 2261 1608 2294 annuntietur
1643 2260 1810 2300 Christus,
1835 2263 1866 2293 et
1896 2260 1928 2293 in
1961 2261 2021 2294 1100
2055 2261 2194 2304 gaudeo,
2223 2262 2277 2295 sed

1314 2318 1346 2349 et
1376 2315 1562 2358 gaudebo».
1587 2314 1616 2347 Si
1653 2317 1759 2347 autem
1791 2313 1974 2356 praedicant
2005 2323 2081 2347 vera
2114 2319 2145 2348 et
2176 2315 2277 2355 bona,

1315 2372 1347 2402 et
1369 2372 1472 2402 tamen
1504 2378 1567 2402 non
1602 2368 1738 2408 faciunt,
1771 2368 1976 2401 nihilominus
2012 2371 2086 2401 sunt
2113 2368 2276 2408 audiendi;

1315 2422 1462 2455 Matthaei
1486 2422 1637 2464 vigesimo
1660 2421 1753 2455 tertio
1767 2422 1810 2454 ¹¹:
1834 2435 1850 2450 (1
1866 2422 1967 2464 Super
1983 2421 2164 2455 cathedram
2181 2421 2277 2464 Moysi

1316 2475 1466 2508 sederunt
1501 2475 1622 2508 scribae
1657 2477 1688 2507 et
1718 2475 1923 2509 Pharisaei».
1957 2475 1993 2508 Et
2024 2475 2101 2508 tales
2124 2475 2276 2518 designati

1317 2642 1364 2668 sed
1383 2641 1544 2668 necessitatis
1562 2641 1688 2672 extorsio,
1707 2647 1776 2674 quae
1794 2641 1865 2673 cogit
1883 2641 1993 2674 invitos,
2022 2641 2094 2666 velut
2113 2640 2135 2666 si
2154 2640 2224 2666 servi
2243 2641 2279 2665 fu-

1317 2687 1391 2720 gitivi
1417 2689 1477 2719 post
1505 2686 1616 2711 multum
1641 2686 1768 2717 temporis
1795 2685 1935 2711 dominum
1961 2691 2039 2711 suum
2068 2685 2187 2717 videant,
2216 2683 2278 2709 nihil

1317 2732 1387 2758 aliud
1406 2731 1457 2757 nisi
1476 2730 1510 2756 de
1529 2729 1687 2756 verberibus
1705 2730 1890 2762 deprecantur.

1388 2774 1398 2790 ⁷
1419 2776 1512 2801 Psalm.
1533 2775 1599 2805 103,
1618 2774 1643 2799 7.
1663 2788 1697 2793 -—
1717 2774 1835 2800 Subinde
1853 2774 1981 2806 allegatur
2000 2774 2028 2799 ll.
2048 2774 2130 2799 Mach.
2149 2773 2180 2805 6,
2200 2772 2243 2798 13.

1389 2819 1399 2834 ⁸
1418 2819 1490 2846 Libr.
1509 2819 1552 2845 lX.
1572 2819 1606 2845 de
1624 2818 1680 2845 Civ,
1700 2819 1760 2852 Dei,
1779 2825 1802 2844 c.
1823 2819 1870 2844 2¹:
1889 2818 2002 2844 innotuit
2021 2824 2085 2849 ergo
2104 2817 2279 2844 daemonibus

1318 2872 1369 2891 non
1389 2871 1436 2897 per
1456 2864 1480 2889 id
1501 2863 1575 2896 quod
1594 2865 1633 2888 est
1646 2863 1697 2888 vita
1712 2866 1816 2888 aeterna
1830 2865 1855 2888 et
1868 2862 1956 2887 lumen
1969 2860 2192 2893 incommutabile,
2205 2855 2278 2894 quod

1316 2909 1444 2935 illuminat
1463 2907 1548 2940 pios...
1567 2907 1614 2933 sed
1633 2913 1681 2939 per
1699 2907 1834 2940 quaedam
1859 2905 2013 2938 temporalia
2033 2913 2096 2932 suae
2124 2898 2227 2931 uirtutis
2246 2906 2279 2931 es-

1318 2954 1383 2979 secta
1397 2956 1422 2978 et
1436 2951 1628 2982 occultissimae
1647 2951 1722 2983 signa
1741 2951 1919 2983 praesentiae,
1932 2956 2001 2983 quae
2014 2949 2140 2981 angelicis
2158 2948 2279 2975 sensibus

1318 2998 1396 3023 etiam
1416 2996 1592 3028 malignorum
1604 2995 1752 3027 ‘spirituum
1772 2995 1859 3028 potius
1878 3002 1959 3028 quam
1979 2994 2122 3020 infirmitati
2141 2994 2277 3020 homiuum

1318 3044 1425 3075 possent
1443 3047 1501 3067 esse
1520 3040 1671 3072 conspicua.

1389 3084 1400 3100 ⁹
1419 3085 1490 3112 Libr.
1508 3085 1537 3110 il.
1555 3084 1580 3110 in
1600 3085 1661 3110 Luc.
1682 3084 1710 3117 4,
1731 3085 1778 3117 41,
1798 3084 1843 3110 ubi
1864 3087 1947 3110 textus
1973 3084 2120 3117 originalis,
2139 3090 2218 3117 quem
2239 3090 2279 3109 50-

1318 3131 1407 3164 quitur
1427 3131 1493 3160 Vat.‚
1512 3128 1622 3156 obtexat
1649 3135 1697 3161 pro
1724 3128 1842 3163 obtegat,
1863 3128 1937 3161 quod
1965 3128 2072 3165 exhibQ
2097 3128 2177 3154 etiam
2200 3127 2276 3155 Card.

1317 3176 1407 3208 Ilugo.
1428 3175 1454 3200 in
1472 3175 1542 3200 hunc
1560 3173 1607 3199 loc.
1628 3172 1680 3200 Cfr.
1695 3180 1779 3211 supra
1799 3180 1861 3206 pag.
1883 3172 1947 3204 107,
1966 3175 2026 3198 nota
2048 3173 2071 3198 1.
2096 3174 2101 3176 ’

1390 3217 1412 3233 ¹⁰
1431 3219 1507 3245 Vers.
1525 3218 1550 3244 6.
1569 3231 1605 3237 —
1624 3217 1746 3251 Sequitur
1765 3217 1826 3244 Phil.
1849 3218 1876 3249 1,
1898 3217 1939 3242 18.

1389 3262 1410 3278 ¹¹
1432 3264 1507 3289 Vers.
1527 3263 1551 3288 2.
1569 3275 1605 3281 —
1624 3251 1741 3291 Subinide
1759 3262 1886 3294 allegatur
1904 3262 1967 3287 Luc.
1985 3261 2015 3293 9,
2030 3260 2072 3286 49.
2091 3260 2161 3293 seq.:
2176 3260 2279 3288 Praece-

1318 3311 1391 3341 ptor,
1411 3308 1527 3334 vidimus
1545 3306 1677 3340 quendam
1698 3307 1723 3334 in
1741 3306 1848 3332 nomine
1867 3309 1911 3332 tuo
1931 3304 2076 3335 elicientem
2096 3304 2234 3331 daemonia
2253 3307 2279 3330 et

1318 3352 1504 3385 prohibuimus
1523 3357 1598 3383 eum,
1618 3350 1681 3384 quia
1700 3352 1753 3377 non
1766 3350 1883 3383 sequitur
1896 3348 2043 3375 nobiscum.
2062 3349 2092 3374 Et
2104 3348 2140 3374 ait
2152 3348 2186 3374 ad
2205 3348 2277 3374 iilum

1319 3395 1466 3431 [loannem]
1488 3397 1571 3422 lesus:
1591 3395 1673 3421 Nolite
1692 3395 1849 3428 prohibere;
1862 3394 1908 3427 qui
1921 3393 1991 3419 enim
2004 3399 2058 3419 non
2077 3395 2115 3419 est
2134 3392 2277 3419 adversum

1319 3448 1368 3468 vos
1387 3448 1435 3474 pro
1446 3439 1524 3467 vobis
1537 3442 1584 3466 est.
1597 3453 1631 3460 —
1641 3439 1749 3465 Interius
1761 3445 1810 3472 pro
1829 3437 2002 3471 manifestata
2022 3438 2043 3463 Α
2053 3436 2072 3464 C
2085 3437 2106 3463 G
2125 3435 2278 3470 manifesta.

2295 1198 2371 1220 Aliter.

2297 1835 2428 1858 Notandum.
