2476 3921
157 776 287 798 Secundum.

158 1252 289 1274 Notandum.

308 257 372 289 ⁶262

305 347 391 387 patet
406 343 437 376 in
455 343 514 375 hoc
534 341 619 384 quod
641 341 747 374 aiunt:
767 340 950 373 Haemonia
973 339 1201 372 subiiciuntur
1216 348 1270 371 no·

307 397 357 430 bis
365 409 377 435 ;
409 399 519 429 contra
541 395 625 438 quod
659 393 863 427 Ecclesiastici
888 393 1096 426 undecim01:
1127 405 1143 421 «
1164 392 1195 424 In
1220 391 1270 424 die

308 450 437 483 honoris
454 449 497 481 tui
515 457 555 482 ne
571 447 749 486 extollaris,
773 447 921 489 quoniam
940 446 1094 479 mirabilia
1109 454 1206 487 opera
1222 445 1271 477 At-

307 503 418 536 tissimi
443 502 558 541 solius,
575 505 606 534 et
630 501 764 543 gloriosa
780 504 811 533 et
833 500 985 533 absconsa
1000 502 1031 532 et
1054 499 1155 531 invisa
1174 507 1271 540 opera

308 556 393 588 illius
410 569 439 587 ι».
466 555 500 587 Et
518 555 576 587 hoc
600 557 647 587 est
670 553 754 596 quod
770 553 845 586 dicit
869 552 963 585 Beda:
985 565 1001 581 «ι
1018 552 1099 585 Bene
1123 551 1271 584 confiten-

308 612 377 647 tur,
410 607 464 640 sed
496 606 571 649 quia
597 606 635 639 de
668 606 830 648 signorum
862 605 1042 647 operatione
1074 604 1270 643 efferuntur,

307 661 454 702 exemplo
477 663 640 692 terrentur
663 663 694 692 et
717 658 756 691 ad
780 658 987 691 humilitatem
1013 660 1246 690 revocantur».

398 714 450 746 31.
476 713 577 754 (Vers.
605 712 680 753 18).
705 712 847 744 Secundo
867 711 1008 753 adiungit
1031 720 1139 743 vanae
1162 709 1271 742 exsul-

309 767 444 799 tationis
467 766 724 808 repressionem,
750 774 822 798 cum
847 765 950 797 addit:
976 765 1017 797 Et
1039 764 1089 796 ait
1113 764 1195 796 illis.-
1220 764 1271 796 Vi-

308 820 426 852 debam
448 823 608 851 satanam
638 819 724 850 sicut
754 817 875 860 fulyur
905 818 944 849 (le
974 817 1062 850 caelo
1086 817 1270 855 cadentem,-

308 872 398 915 quasi
427 872 509 904 dicat
532 871 700 904 Dominus:
729 880 768 903 ne
792 870 985 903 extollamini
1016 869 1130 902 divinis
1153 869 1271 902 benefi-

308 926 382 964 ciis,
413 934 453 958 ne
477 933 549 957 cum
581 923 727 965 superbis
757 923 875 965 angelis
906 923 1083 962 corruatis;
1115 922 1271 955 secundae

308 978 390 1011 Petri
422 977 559 1010 secundo
576 977 606 1009 ²:
637 990 653 1005 «
677 976 706 1009 Si
732 977 816 1009 Deus
839 975 1041 1017 peccantibus
1063 976 1181 1017 angelis
1208 984 1270 1007 non

307 1031 465 1073 pepercit,
489 1030 543 1063 sed
575 1030 764 1062 rudentibus
789 1029 900 1061 inferni
932 1029 1088 1061 detractos
1112 1029 1144 1061 in
1175 1032 1271 1061 tarta-

307 1092 381 1115 rum
405 1083 533 1115 tradidit
557 1082 786 1120 cruciandos»;
811 1081 937 1123 supple:
958 1090 1020 1113 non
1045 1081 1133 1113 vobis
1150 1084 1271 1123 parcet,

307 1136 334 1168 si
358 1136 562 1178 peccaveritis
582 1135 803 1177 superbiendo.
830 1134 914 1167 Unde
934 1134 1112 1167 Bernardus
1125 1135 1153 1166 ³:
1182 1147 1198 1163 «
1215 1135 1273 1167 Su-

307 1189 415 1232 perbis
437 1189 555 1231 angelis
578 1198 641 1221 non
665 1188 806 1230 pepercit
827 1188 999 1226 Dominus3
1024 1191 1143 1229 quanto
1173 1188 1273 1229 magis

308 1252 366 1276 nec
384 1243 457 1282 tibi,
476 1242 611 1284 putredo
629 1245 659 1275 et
677 1242 794 1274 vermis
806 1244 836 1274 »t
854 1260 899 1264 --
918 1241 1038 1274 Cecidit
1057 1244 1163 1274 autem
1188 1241 1275 1273 sicut

307 1295 440 1338 sulpur,
464 1296 524 1328 hoc
548 1299 595 1328 est
618 1295 785 1333 velociter,
810 1294 981 1327 crudeliter
1006 1297 1038 1327 et
1060 1294 1273 1326 irrevocabili-

309 1353 367 1382 ter.
392 1348 478 1382 Unde
502 1349 649 1390 exemplo
672 1348 740 1381 eius
764 1348 860 1381 ceteri
884 1351 1031 1387 caveant,
1056 1356 1095 1380 ne
1119 1350 1274 1389 quaerant

308 1403 389 1441 alta,
412 1406 543 1444 propter
567 1411 648 1444 quae
672 1402 783 1435 lucifer
807 1398 918 1435 cecidit
942 1402 973 1434 in
997 1401 1074 1440 ima,
1099 1401 1273 1433 secundum

308 1456 386 1489 illud
424 1456 518 1489 Isaiae
548 1455 671 1488 decimo
702 1456 859 1498 quarto⁴x
889 1455 1085 1497 «Quomodo
1116 1454 1272 1493 cecidisti,

309 1509 435 1548 lucifer,
468 1509 522 1551 qui
552 1518 642 1542 mane
674 1509 851 1541 oriebaris?
875 1508 934 1550 Qui
966 1508 1091 1541 dicebas
1116 1508 1146 1540 in
1179 1508 1274 1541 corde

310 1568 382 1595 tuo:
408 1563 440 1595 ln
465 1562 586 1595 caelum
610 1562 835 1600 conscendam,
860 1570 957 1603 super
980 1565 1065 1594 astra
1089 1561 1165 1594 caeli
1186 1561 1274 1593 exal-

308 1617 382 1649 tabo
406 1616 518 1648 solium
543 1625 648 1648 meum
667 1628 701 1655 »ς
726 1619 757 1648 et
778 1619 865 1658 post:
895 1628 910 1645 «
928 1616 1150 1648 Verumtamen
1171 1614 1210 1647 ad
1226 1615 1273 1647 in-

308 1670 435 1702 fernum
459 1669 636 1702 detraheris
658 1669 690 1701 in
722 1669 914 1711 profundum
939 1669 996 1701 laci
1013 1682 1044 1701 ».
1071 1669 1106 1701 Et
1133 1668 1203 1701 ideo
1234 1667 1273 1700 ad

310 1724 464 1755 Romanos
487 1722 670 1755 undecimo:
701 1735 716 1751 α
733 1722 800 1755 Νο11
824 1722 923 1754 altum
948 1731 1076 1764 sapere,
1109 1722 1163 1755 sed
1187 1722 1271 1754 time.

309 1776 340 1809 Si
357 1776 440 1808 enim
458 1776 542 1808 Deus
557 1775 756 1808 naturalibus
772 1775 869 1808 ramis
884 1784 947 1807 non
964 1775 1120 1817 pepercit,
1137 1784 1177 1807 ne
1193 1774 1274 1807 forte

310 1838 368 1862 nec
393 1829 447 1861 tibi
472 1832 623 1870 parcat».
641 1847 684 1852 —
701 1829 748 1861 Ex
764 1829 825 1861 hoc
848 1829 994 1870 exemplo
1009 1828 1091 1861 miro
1115 1828 1207 1861 modo
1224 1837 1274 1861 re-

310 1882 425 1924 pressit
448 1882 601 1914 Dominus
624 1882 656 1914 in
679 1881 842 1923 discipulis
864 1881 1060 1923 superbiam,
1085 1881 1175 1923 quasi
1191 1881 1274 1914 dicat

311 1935 389 1967 illud
422 1935 664 1967 Proverbiorum
689 1934 810 1967 decimo
841 1935 1021 1976 septimo⁶:
1051 1947 1067 1963 «
1087 1935 1146 1976 Qui
1178 1935 1273 1967 altam

309 1988 383 2021 facit
406 1988 534 2020 domum
566 1997 657 2021 suam
683 2001 719 2027 »,
744 1988 863 2021 scilicet
894 1997 967 2021 cum
996 1988 1127 2021 lucifero
1162 1998 1274 2030 super-

310 2042 438 2081 biendo,
466 2055 481 2070 «
498 2042 623 2084 quaerit
647 2042 772 2074 ruinam
789 2055 825 2081 ι»,
851 2050 923 2074 cum
952 2042 1059 2075 eodem
1085 2042 1272 2075 corruendo.

310 2096 396 2129 Unde
419 2095 598 2128 Bernardus
610 2096 634 2135 ⁶,
659 2096 792 2138 loquens
819 2095 1001 2128 ambitioso:
1030 2108 1046 2124 α
1063 2096 1200 2138 Sequere
1215 2096 1274 2128 du-

310 2158 378 2182 cem
396 2152 486 2182 tuum
497 2175 505 2188 ,
525 2149 699 2191 multiplica
716 2148 925 2191 praebendas,
945 2148 1085 2181 accelera
1100 2149 1139 2181 ad
1156 2149 1274 2191 episco-

310 2206 437 2244 patum,
462 2202 500 2235 ad
523 2203 827 2245 archiepiscopatum
849 2202 967 2245 aspira;
992 2202 1143 2244 paulatim
1165 2211 1274 2235 ascen-

309 2255 377 2294 dis,
410 2256 464 2288 sed
495 2265 558 2289 non
589 2256 740 2298 paulatim
772 2255 950 2289 descendes.
995 2255 1149 2288 Videbam
1183 2259 1275 2288 sata-

309 2319 392 2342 nam
422 2310 523 2353 quasi
552 2309 673 2353 sulpur
704 2310 742 2343 dc
773 2309 862 2342 caelo
890 2309 1059 2342 cade-ntem
1084 2322 1113 2341 n.
1139 2309 1176 2341 Et
1206 2308 1276 2341 ideo

310 2367 439 2396 econtra
462 2364 536 2396 dicit
560 2364 720 2396 Seneca⁷z
751 2376 766 2393 «
784 2363 898 2406 Redige
921 2367 951 2396 te
975 2362 1013 2395 ad
1030 2372 1146 2405 parva,
1170 2372 1189 2395 a
1205 2362 1275 2405 qui-

383 2528 392 2543 ¹
414 2530 488 2555 Vers.
509 2529 537 2562 4,
557 2529 602 2555 ubi
622 2537 671 2562 pro
690 2529 822 2557 absconsa
841 2530 861 2556 Α
873 2530 923 2556 CD
941 2529 1107 2557 abscondita.
1121 2544 1156 2549 —
1170 2531 1275 2556 Senten-

310 2575 345 2600 tia
366 2575 451 2600 Bedae
472 2574 527 2607 (lli.
547 2574 572 2600 iu
594 2575 653 2600 Luc.
675 2575 720 2605 10,
742 2575 783 2600 17.
803 2575 868 2608 seq.)
895 2574 1032 2601 exhibetur
1051 2574 1140 2601 verbis
1168 2575 1274 2600 Glossae

311 2619 469 2645 ordinariae
488 2619 513 2644 in
533 2620 594 2644 Luc.
616 2620 663 2650 10,
688 2619 730 2645 17,
751 2620 847 2646 Textus
872 2620 1005 2652 originalis
1024 2624 1083 2652 post
1108 2620 1176 2646 Bene
1195 2619 1273 2653 confi-

311 2665 402 2690 tentur
427 2663 613 2696 prosequitur:
638 2664 785 2689 deserentes
811 2665 938 2690 honorem
965 2665 1066 2690 nomini
1092 2664 1200 2695 Christi;
1227 2664 1273 2690 sed

311 2708 373 2740 quia
393 2708 493 2733 infirma
522 2707 609 2733 adhuc
628 2708 680 2733 side
709 2709 835 2740 gaudent·
852 2708 878 2733 in
907 2708 1048 2734 virtutibus
1073 2712 1099 2734 et
1125 2709 1159 2734 de
1188 2708 1274 2740 signo-

311 2758 371 2776 rum
391 2754 439 2776 etc.
459 2752 508 2777 Pro
528 2752 664 2777 terrentur
684 2752 799 2777 nonnulli
819 2752 896 2777 codd.
912 2754 1055 2779 curantur.

384 2793 394 2808 ²
414 2796 487 2821 Vers.
509 2795 532 2820 4.
552 2795 602 2821 Csr.
622 2796 708 2826 Beda,
728 2797 765 2821 ΙΙΙ.
785 2796 811 2820 in
830 2797 891 2821 Luc.
913 2796 959 2827 10,
983 2797 1021 2821 18.
1037 2810 1071 2815 -
1084 2797 1211 2828 Superius
1230 2803 1275 2822 vo-

312 2840 388 2866 cibus
407 2839 503 2866 diuz'nis
523 2839 653 2874 beneficiis
674 2840 731 2865 Vnt.
751 2840 874 2872 praefigit
892 2840 931 2872 de,
951 2844 976 2866 et
995 2841 1101 2866 inferius
1116 2848 1164 2873 pro
1179 2841 1274 2875 supple

312 2884 447 2909 substituit
465 2883 539 2910 haud
557 2883 642 2910 dabie.

384 2926 395 2942 ⁸
414 2929 498 2954 Serui.
523 2928 547 2953 1.
567 2928 591 2953 10
616 2928 737 2954 Adventu
763 2929 880 2961 Domini,
904 2936 928 2954 n.
955 2930 984 2954 2:
1010 2930 1035 2954 Si
1060 2929 1274 2961 superbientibus

313 2974 412 3005 angelis
433 2974 500 2999 Deus
520 2980 570 2998 non
591 2974 720 3005 pepercit,
747 2976 844 3006 quanto
871 2974 956 3006 magis
975 2973 1020 2999 tibi
1046 2977 1095 2999 etc.
1114 2974 1197 3000 C'odd.
1217 2975 1274 3000 atle-

313 3022 376 3049 gant
394 3017 551 3044 Ber-nardus
570 3025 651 3051 svper
672 3017 797 3050 Cantica,
818 3018 876 3043 Vat.
895 3025 976 3051 super
996 3017 1095 3044 Missus
1115 3019 1160 3044 est.

383 3060 394 3075 ⁴
414 3062 488 3087 Vers.
509 3062 551 3087 12.
572 3063 613 3087 13.
633 3065 659 3087 et
679 3062 721 3087 15.
740 3076 776 3081 -
796 3062 919 3095 Sequitur
937 3062 1012 3087 Rom.
1033 3062 1074 3094 11,
1094 3062 1136 3087 20.
1159 3070 1214 3095 seq.

383 3104 395 3120 ⁶
414 3106 488 3132 Vers.
510 3106 552 3131 16.

384 3149 396 3164 ⁶
414 3151 599 3176 Declamation.
619 3150 677 3183 (cfr.
698 3158 778 3183 supra
799 3158 861 3183 pag.
880 3152 944 3183 228,
967 3154 1027 3177 nota
1049 3151 1084 3184 8.)
1100 3151 1167 3176 XXl.
1188 3158 1213 3176 n.
1227 3151 1274 3177 25:

312 3196 369 3227 Age
387 3202 478 3227 ergo...
498 3202 609 3228 sequere
627 3202 718 3227 regem
738 3198 821 3221 tuum.
844 3195 929 3222 Omne
952 3195 1066 3222 sublime
1090 3194 1197 3222 videant
1215 3195 1274 3229 [lob

314 3239 361 3270 41,
381 3239 437 3273 25.]
457 3240 525 3265 oculi
543 3240 589 3265 tui.
608 3240 709 3265 Festina
723 3240 894 3272 multiplicare
917 3240 1095 3272 praebendam
1111 3241 1170 3266 inde
1190 3240 1223 3266 ad
1237 3247 1275 3265 ar-

295 3284 508 3324 ¹chidiaconatus
533 3285 621 3316 evola,
647 3285 756 3310 demum
780 3285 865 3317 aspira
891 3285 923 3310 ad
950 3285 1151 3317 episcopatum,
1180 3292 1211 3310 ne
1238 3284 1274 3310 ibi

313 3328 421 3360 quidem
441 3328 559 3361 requiem
574 3328 725 3360 habiturus;
745 3329 868 3361 quoniam
889 3328 928 3355 sic
946 3328 1002 3355 itur
1015 3328 1052 3355 ad
1063 3331 1138 3356 astra
1153 3328 1272 3363 [Virgil.‚

313 3372 356 3397 ix.
377 3372 484 3397 Aeneid.
503 3380 529 3397 v.
549 3371 630 3406 61Ι.].
650 3373 707 3405 Quo
726 3373 895 3405 progrederis
915 3373 1012 3399 miser?
1032 3374 1071 3399 An
1091 3376 1118 3399 ut
1137 3373 1171 3399 ab
1190 3373 1273 3399 altiori

312 3416 398 3448 gradu
418 3417 451 3442 sit
468 3423 545 3442 casus
563 3417 687 3449 gravior?
702 3417 790 3451 Neque
804 3418 874 3443 enim
894 3418 931 3444 sic
945 3418 1069 3449 paulatim
1089 3418 1210 3449 decides,
1226 3418 1274 3444 sed

920 250 1114 283 COMMENT.
1139 251 1176 283 IN
1199 249 1439 283 EVANGELIUM
1464 250 1581 282 LUCAE
1605 250 1637 282 C.
1664 250 1699 283 X.

1334 339 1396 371 bus
1418 338 1530 371 cadere
1554 348 1616 371 non
1640 342 1729 380 potes
1744 352 1776 371 n.
1800 339 1887 372 Unde
1911 339 2154 373 Proverbiorum
2178 340 2298 374 decimo

1335 395 1459 425 octavo:
1489 405 1504 420 α
1522 393 1694 434 Antequam
1719 395 1912 431 conteratur,
1936 392 2095 426 exaltatur
2119 402 2174 426 cor
2197 393 2298 426 homi-

1335 445 1400 484 nis;
1433 448 1465 478 et
1498 448 1667 487 antequam
1702 445 1915 487 glorificetur,
1950 446 2188 486 humiliatur»;
2224 447 2299 489 quia

1335 498 1489 531 sententia
1512 502 1559 531 est
1582 498 1708 537 iudicis,
1734 499 1815 531 infra
1837 499 1958 531 decimo
1981 502 2107 532 octavo:
2138 512 2154 528 «ι
2170 499 2297 539 Omnis,

1335 552 1390 594 qui
1414 561 1447 585 se
1471 552 1605 591 exaltat,
1630 552 1860 591 humiliabitur,
1877 555 1908 585 et
1923 552 2040 591 omnis,
2064 553 2169 595 quise
2192 553 2298 585 humi-

1335 605 1407 645 liat,
1432 605 1625 638 exaltabitur
1642 619 1672 637 ιι.

1425 658 1477 691 32.
1510 658 1611 699 (Vers.
1644 658 1719 699 19.).
1747 658 1853 691 Tertio
1888 667 1964 691 vero
1999 658 2162 700 subiungit
2191 666 2299 691 vanae

1335 711 1567 744 exsultationis
1598 711 1822 750 occasionem,
1855 720 1927 744 cum
1958 711 2060 744 addit:
2094 712 2192 750 Ecce,
2224 711 2300 744 dedi

1335 764 1426 797 vobis
1446 768 1638 806 potestatem
1663 764 1820 797 calcandi
1840 773 1950 806 supra
1973 768 2136 806 serpentes
2155 768 2185 797 et
2207 773 2299 797 scor-

1332 818 1470 860 piones,
1506 817 1624 850 scilicet
1659 821 1812 860 quantum
1850 818 1889 850 ad
1924 810 2297 859 insidias'corporates‚

1336 871 1427 903 iuxta
1457 870 1542 913 quod
1569 871 1685 904 dicitur
1709 871 1846 913 serpenti
1879 871 2007 904 Genesis
2030 871 2167 904 tertio⁸:
2196 884 2212 899 α
2230 871 2296 912 ipsa

1335 927 1477 957 conteret
1512 927 1606 966 caput
1642 927 1755 963 tuum,
1787 927 1819 956 et
1850 927 1885 956 tu
1920 923 2118 956 insidiaberis
2153 923 2298 956 calcaneo

1336 977 1404 1009 eius
1424 989 1459 1015 »;
1484 980 1512 1009 et
1542 986 1643 1019 super
1674 987 1801 1009 omnem
1833 977 1989 1009 virtutem
2020 976 2167 1015 inimici,
2200 985 2299 1018 quan-

1336 1033 1404 1062 tum
1428 1030 1465 1062 ad
1487 1030 1614 1062 insidias
1639 1030 1845 1072 spirituales,
1869 1030 1908 1063 de
1935 1030 2052 1071 quibus
2079 1030 2118 1062 ad
2147 1030 2296 1072 Ephesios

1336 1083 1467 1116 sexto⁹z
1497 1096 1512 1111 «
1529 1083 1595 1115 Non
1619 1087 1666 1116 est
1689 1083 1780 1116 nobis
1804 1083 1981 1116 colluctatio
2004 1083 2157 1116 adversus
2173 1092 2299 1116 carnem

1336 1140 1367 1169 et
1391 1137 1591 1179 sanguinem,
1615 1136 1669 1170 sed
1692 1136 1845 1170 adversus
1870 1136 2027 1179 principes
2058 1139 2090 1170 et
2112 1139 2299 1179 potestates,

1337 1188 1489 1222 adversus
1513 1189 1622 1222 mundi
1648 1193 1788 1222 rectores
1809 1203 1824 1218 n
1853 1194 1930 1229 etc.;
1955 1198 2057 1232 usque
2074 1189 2116 1222 ibi
2144 1202 2160 1219 «π
2176 1189 2208 1222 in
2231 1198 2301 1222 cae-

1337 1242 1469 1275 lestibus
1486 1256 1515 1275 ».
1535 1261 1576 1266 -
1594 1243 1635 1275 Et
1656 1241 1741 1275 nihil
1763 1242 1854 1275 vobis
1875 1242 2016 1282 nocebit,
2034 1246 2163 1285 propter
2187 1251 2299 1285 super-

1338 1304 1394 1328 nas
1414 1296 1637 1337 protectiones,
1655 1296 1830 1329 secundum
1846 1296 1924 1329 illud
1940 1297 2034 1330 Marci
2050 1296 2163 1329 ultimo
2175 1295 2216 1328 ¹⁰:
2239 1310 2255 1325 ει
2267 1296 2300 1329 10

1338 1349 1463 1381 nomine
1486 1358 1556 1381 meo
1578 1349 1741 1382 daemonia
1755 1349 1894 1388 eiicient,
1919 1350 2033 1392 linguis
2057 1350 2228 1392 loquentur
2245 1359 2296 1382 no-

1338 1402 1402 1440 vis,
1427 1405 1588 1444 serpentes
1620 1403 1738 1435 tollent.
1764 1403 1800 1435 Et
1832 1403 1855 1436 si
1882 1403 2082 1436 mortiferum
2113 1402 2189 1445 quid
2213 1402 2300 1435 bibe-

1338 1455 1417 1493 rint,
1441 1464 1504 1487 non
1527 1455 1572 1488 eis
1596 1456 1766 1489 nocebit».
1794 1456 1828 1489 Et
1856 1457 1932 1489 haec
1956 1459 2093 1498 potestas
2117 1456 2162 1489 eis
2190 1456 2302 1489 collata

1337 1512 1461 1551 poterat
1483 1518 1551 1541 esse
1567 1509 1688 1542 occasio
1711 1509 1945 1551 praesumendi;
1971 1510 2062 1542 iuxta
2078 1509 2161 1552 quod
2185 1509 2302 1542 dicitur

1337 1563 1376 1595 de
1399 1562 1544 1601 Ezechia,
1561 1562 1600 1595 ad
1624 1563 1715 1595 cuius
1731 1572 1841 1604 preces
1864 1563 1948 1596 Deus
1968 1563 2041 1596 fecit
2063 1563 2232 1600 mirabilia,
2254 1571 2302 1596 se-

1338 1615 1431 1648 cundi
1457 1615 1713 1657 Paralipomenon
1737 1615 1898 1657 trigesimo
1922 1616 2060 1648 secundo
2077 1617 2120 1648 ¹¹:
2151 1628 2166 1644 «
2193 1615 2302 1648 Oravit

1338 1669 1485 1702 Ezechias
1516 1669 1704 1708 Dominum,
1735 1669 1961 1711 exaudivitque
1991 1678 2064 1702 eum
2097 1672 2128 1702 et
2157 1669 2243 1702 dedit
2273 1669 2300 1701 ei

1338 1723 1481 1765 signum;
1513 1722 1567 1755 sed
1591 1731 1654 1755 non
1685 1722 1777 1754 iuxta
1807 1721 1976 1760 beneficia,
2008 1730 2089 1764 quae
2120 1724 2301 1763 acceperat,

1338 1776 1504 1814 retribuit,
1522 1775 1593 1818 quia
1612 1775 1768 1808 elevatum
1785 1778 1832 1808 est
1849 1784 1903 1807 cor
1927 1775 2012 1814 eius,
2037 1779 2068 1808 et
2090 1774 2172 1807 facta
2191 1770 2303 1808 est'ira

1338 1834 1448 1863 contra
1464 1838 1536 1862 eum
1558 1832 1589 1862 et
1605 1832 1715 1862 contra
1738 1828 1844 1861 ludam
1862 1832 1893 1862 et
1913 1829 2081 1862 Ierusalem
2094 1842 2124 1861 ».
2150 1847 2193 1852 —
2217 1828 2302 1862 Unde

1337 1883 1518 1915 divinorum
1541 1883 1697 1915 donorum
1714 1882 1885 1915 multitudo
1908 1882 2016 1915 multis
2039 1882 2100 1915 suit
2123 1882 2234 1915 ruinae
2249 1890 2302 1915 oc-

1338 1935 1439 1974 casio,
1463 1935 1545 1968 sicut
1574 1935 1691 1968 dicitur
1717 1935 1756 1969 de
1788 1935 1918 1968 lucifero
1951 1935 2120 1968 Ezechielis
2151 1935 2302 1977 vigesimo

1336 1992 1449 2023 octavo
1462 1989 1506 2021 ¹2:
1537 2002 1553 2018 <r
1568 1990 1616 2022 Tu
1640 1989 1837 2031 signaculum
1862 1989 2093 2028 similitudinis,
2118 1988 2230 2031 plenus
2253 1997 2302 2021 sa-

1339 2042 1455 2085 pientia
1481 2044 1512 2075 et
1535 2042 1694 2084 perfectus
1716 2042 1829 2076 decore
1845 2055 1880 2082 »;
1904 2046 1936 2075 et
1959 2043 2053 2085 paulo
2077 2046 2164 2084 post:
2193 2054 2208 2071 α
2234 2041 2301 2075 Ele-

1339 2098 1447 2128 vatum
1471 2098 1518 2129 est
1542 2104 1596 2128 cor
1620 2098 1712 2128 tuum
1728 2107 1764 2133 »ς
1789 2099 1820 2128 et
1846 2099 2031 2138 propterea:
2062 2109 2078 2124 «
2094 2095 2247 2135 Peccasti,
2271 2098 2303 2128 et

1339 2148 1414 2181 eieci
1439 2152 1469 2181 te
1492 2148 1531 2181 de
1555 2151 1660 2181 monte
1684 2151 1792 2181 sancto
1808 2149 1862 2181 Dei
1886 2151 1917 2181 et
1940 2148 2061 2191 perdidi
2085 2151 2115 2181 te
2131 2161 2147 2177 2>
2174 2151 2233 2181 etc.
2266 2148 2302 2181 Et

1338 2202 1408 2235 ideo
1430 2202 1554 2235 dicebat
1569 2201 1697 2244 quidam
1718 2205 1845 2235 sanctus
1869 2202 1977 2241 homo,
1994 2202 2079 2244 quod
2103 2211 2215 2245 magna
2231 2211 2301 2244 gra-

1339 2256 1382 2288 tia
1412 2259 1460 2289 est
1482 2265 1546 2288 non
1578 2255 1696 2288 habere
1719 2255 1873 2297 gratiam;
1898 2256 1973 2297 quia
2003 2264 2112 2288 omnes
2131 2256 2208 2288 istae
2231 2264 2302 2297 gra-

1341 2309 1401 2341 tiae
1424 2309 1600 2342 exteriores
1624 2318 1685 2341 non
1708 2312 1782 2341 sunt
1805 2308 1864 2341 nisi
1889 2308 2089 2347 tentationes,
2114 2311 2145 2341 et
2172 2308 2303 2350 quilibet

1340 2362 1483 2395 exterius
1499 2362 1639 2395 elevatus
1659 2362 1753 2395 debet
1773 2362 1884 2395 timere
1900 2361 1977 2394 illud
2001 2361 2053 2394 Iob
2078 2361 2237 2404 trigesimo
2254 2361 2302 2394 ¹³:

1339 2532 1463 2562 tanquam
1484 2530 1572 2560 fulgur
1591 2529 1616 2554 in
1635 2529 1735 2560 impetu
1747 2528 1910 2559 vehementi,
1927 2527 2001 2560 quasi
2016 2527 2079 2553 alter
2093 2530 2196 2553 satanas
2214 2526 2302 2553 subito

1338 2573 1476 2599 deiicieris.
1496 2572 1547 2599 Csr.
1568 2574 1650 2598 Serin.
1672 2574 1697 2598 2.
1716 2573 1742 2598 in
1761 2573 1867 2598 Ascens.
1886 2572 2004 2604 Domini,
2024 2579 2048 2597 n.
2069 2572 2096 2597 6.
2117 2574 2143 2597 et
2163 2571 2185 2597 4.
2205 2578 2231 2596 n.
2252 2571 2279 2596 3.

1409 2615 1419 2631 ⁷
1439 2617 1491 2643 Csr.
1511 2617 1590 2649 Epist.
1604 2617 1649 2643 94.
1669 2618 1742 2650 (alias
1762 2617 1815 2650 95.)
1831 2618 1856 2643 in
1875 2617 1935 2643 sine.
1953 2618 1981 2642 lu
1995 2616 2144 2649 tragoedia,
2159 2616 2201 2642 cui
2214 2616 2303 2641 titulus

1339 2661 1466 2689 Hercules
1483 2661 1604 2695 furiens,
1623 2662 1678 2687 Act.
1701 2663 1724 2687 1.
1744 2670 1770 2688 ν.
1794 2663 1849 2687 199.
1870 2669 1957 2695 seqq:

1590 2750 1740 2784 Humilique
1759 2751 1828 2782 loco,
1848 2751 1895 2777 sed
1914 2754 1983 2777 certa
2002 2750 2076 2776 sedet

1589 2795 1699 2821 Sordida
1720 2802 1818 2827 parvae
1838 2797 1941 2821 fortuna
1961 2796 2057 2821 domus

1588 2840 1644 2864 Alte
1663 2839 1747 2865 virtus
1767 2840 1885 2865 animosa
1904 2840 1982 2866 cadIt.

1338 2943 1373 2948 —
1387 2929 1444 2954 Duo
1463 2936 1538 2961 seqq.
1557 2928 1606 2953 loci
1626 2930 1687 2953 sunt
1706 2928 1782 2953 l‘rov.
1807 2928 1852 2961 18,
1876 2929 1919 2959 12,
1940 2928 1986 2954 ubi
2009 2929 2087 2955 codd.
2104 2930 2172 2955 Ante
2190 2927 2302 2955 ruinam

1339 2973 1537 3006 [Septuagintaz
1559 2973 1626 2998 Ante
1644 2971 1846 3006 contritionem]
1864 2973 2006 2999 emaltatur
2017 2977 2068 2999 etc.
2082 2972 2141 3007 [cfr.
2162 2974 2238 2998 Prov.
2254 2973 2301 3004 16,

1339 3019 1386 3044 48:
1406 3019 1474 3044 Ante
1485 3017 1598 3044 ruinam
1617 3016 1759 3043 emaltatur
1772 3016 1916 3051 spiritus];
1936 3021 1961 3042 et
1974 3018 2036 3043 Luc.
2057 3018 2104 3049 18,
2121 3017 2166 3049 it,
2187 3018 2212 3043 in
2226 3017 2302 3043 cuius

1338 3063 1507 3095 explicatione
1526 3062 1605 3088 codd.
1623 3062 1726 3094 legunt:
1746 3062 1823 3087 Prov.
1846 3062 1893 3087 48:
1915 3062 2065 3096 Antequam
2082 3064 2247 3088 conteratur.

1411 3105 1421 3120 ⁸
1441 3107 1516 3132 Vers.
1536 3106 1577 3132 15.
1601 3105 1652 3132 Cir.
1674 3106 1760 3137 Beda,
1780 3106 1817 3132 ΙΙΙ.
1837 3105 1864 3130 in
1883 3106 1945 3131 Luc.
1966 3106 2012 3138 10,
2034 3106 2075 3131 19.

1410 3150 1421 3165 ⁹
1442 3152 1516 3177 Vers.
1537 3152 1583 3183 12,
1604 3151 1649 3177 ubi
1669 3157 1718 3183 pro
1735 3150 1872 3184 principes
1891 3149 1941 3176 AC
1954 3150 1973 3175 D
1990 3149 2169 3184 principatus.

1410 3195 1431 3211 ¹⁰
1454 3197 1529 3222 Vers.
1552 3196 1594 3222 17.
1614 3204 1669 3229 seq.
1689 3195 1741 3222 Cir.
1760 3196 1815 3221 Act.
1836 3196 1884 3227 28,
1905 3195 1928 3220 3.
1949 3202 2026 3227 seqq.

1410 3240 1431 3255 ¹²
1452 3241 1527 3266 Vers.
1548 3240 1590 3266 24.
1610 3245 1636 3266 et
1655 3241 1698 3267 25.
1711 3254 1747 3259 —
1760 3240 1886 3272 Superius
1900 3246 1948 3272 pro
1958 3238 2156 3273 praesumendi
2175 3239 2195 3264 D
2210 3245 2302 3273 super-

1339 3284 1434 3312 biendi.

1410 3328 1432 3343 ¹²
1452 3329 1527 3355 Vers.
1543 3330 1588 3363 12,
1602 3328 1716 3356 subinde
1729 3337 1755 3355 v.
1770 3329 1812 3355 17.
1826 3332 1851 3355 et
1871 3329 1902 3354 16
1912 3348 1918 3360 ,
1932 3328 1978 3354 ubi
1992 3329 2104 3361 Vulgata
2119 3331 2144 3354 et
2157 3328 2215 3355 Vat.
2228 3327 2302 3354 omit-

1339 3376 1395 3400 tunt
1411 3375 1515 3400 sancto.

1412 3416 1433 3435 ¹⁸
1454 3418 1527 3444 Vers.
1549 3419 1591 3444 22.

2317 666 2420 688 Tertium.

2319 1834 2433 1856 corollaria
