2427 3872
405 240 473 265 MAR

114 285 180 311 fides
199 283 295 310 meruit
308 283 396 309 Lazari
410 283 635 310 resuscitationem
650 282 701 308 400
715 283 759 308 31.

116 328 166 355 402
187 328 220 354 44

166 386 203 392 -
235 372 322 399 ludaei
353 371 557 399 consolabantur
595 371 701 397 Mariam
734 374 760 397 et

115 418 240 443 Martham
260 417 295 443 de
314 418 393 442 fratre
411 417 536 443 defuncto
550 416 583 442 Vl
603 416 656 442 399
676 416 710 441 29
723 430 759 434 —

115 462 189 495 quasi
208 461 300 487 dolore
319 463 401 492 tacta,
420 468 472 487 non
491 461 582 486 valens
611 460 656 486 diu
685 461 760 485 susti·

115 513 192 537 11010,
212 505 370 532 credebatur
394 505 428 531 ad
452 507 653 530 monumentum
674 503 758 530 fratris

116 550 153 577 ire
173 550 224 576 402
245 549 278 575 42

169 609 202 613 -
222 594 300 621 Μ3113
320 596 376 619 0131
403 593 491 626 quieta
516 593 549 618 Vl
581 592 632 618 400
661 592 690 618 31
723 605 758 611 -

115 639 202 672 quieta
222 646 273 665 non
293 639 365 664 venit
384 637 431 663 nisi
451 639 544 663 vocata
563 644 578 662 a
595 637 691 662 Martha
707 636 753 661 401

116 684 148 709 39
168 697 204 703 -
222 683 318 709 devote
338 682 409 708 venit
427 681 461 707 ad
475 680 607 707 Christum
621 679 656 706 ib.
676 680 709 705 40
723 694 759 700 -

115 728 212 754 devote
231 727 325 753 cecidit
343 726 377 752 ad
397 725 479 758 pedes
498 726 555 751 lesu
576 725 627 751 402
649 724 681 750 43

168 786 203 792 -
222 772 288 797 111113
307 770 448 797 devotione
468 770 540 796 unxit
553 769 635 801 pedes
654 769 710 795 lesu
724 768 758 794 Vl

116 816 168 843 394
187 817 202 842 3
221 830 258 836 -
286 816 358 842 unxit
381 814 513 841 Christum
542 820 586 839 sex
614 813 671 839 dies
699 815 758 839 ante

117 862 215 893 pascha
236 861 287 887 412
309 861 337 886 ’11
360 873 396 879 -
414 859 496 892 pedes
523 858 597 884 unxit
614 861 640 884 et
661 857 758 884 deinde

117 908 201 932 totum
220 908 386 937 unguentum
399 910 480 936 super
493 906 572 935 caput
590 903 682 929 effudit
695 901 757 928 ibid.

116 963 151 970 —
168 951 338 982 Unguentum
358 948 462 981 triginta
488 950 675 979 argenteorum
694 947 758 973 elfu-

117 994 154 1020 dit
172 1001 253 1027 super
271 997 351 1026 caput
369 992 462 1019 Christi
482 992 525 1018 Vll
540 991 586 1017 541
612 992 627 1016 6
641 1006 675 1009 -
689 991 757 1017 01103

116 1038 258 1065 Dominum
277 1037 427 1065 vehementi
455 1036 596 1063 devotione
615 1035 758 1067 flagrabat,

117 1090 186 1116 quae
215 1083 240 1109 in
270 1085 404 1115 unguento
429 1082 513 1107 011050
541 1080 697 1112 exprimitur
725 1080 758 1105 Vl

120 1127 170 1154 410
190 1129 205 1154 3
225 1141 261 1148 -
279 1130 417 1153 excusatur
435 1132 449 1151 a
470 1125 596 1156 Domino,
616 1124 687 1158 quod
709 1131 756 1150 un-

117 1175 243 1204 guentum
263 1171 385 1198 effuderit
404 1170 450 1200 411
477 1170 494 1195 7
515 1183 551 1187 -
570 1169 665 1195 Μ31130
682 1169 759 1194 ludas

117 1216 258 1243 insultabat
285 1216 361 1250 quasi
389 1215 423 1241 de
452 1215 520 1240 male
550 1215 617 1239 facto
642 1212 704 1240 ibid.
725 1227 759 1231 —

119 1261 212 1287 melius
233 1261 291 1287 fecit
316 1259 441 1292 ungendo
469 1257 616 1289 Christum,
635 1264 716 1291 quam
737 1257 759 1283 si

118 1305 235 1332 dedisset
259 1304 422 1338 pauperibus
447 1301 508 1329 ibid.
537 1316 573 1321 —
593 1305 758 1334 unguentum

119 1350 287 1376 conservavit
314 1349 339 1374 in
368 1348 438 1374 diem
466 1347 624 1379 sepulturae,
653 1353 760 1379 praeve-

117 1394 212 1421 niendo
232 1394 281 1420 413
307 1394 336 1419 13

170 1453 206 1457 -
224 1442 263 1464 ter
282 1437 355 1464 unxit
380 1436 522 1462 Dominum
546 1436 580 1461 Vl
599 1435 646 1461 411
673 1436 705 1461 10
725 1449 760 1454 —-

117 1485 155 1509 ter
173 1483 268 1516 legitur
296 1482 401 1508 venisse
424 1481 459 1507 ad
487 1481 629 1507 Dominum
658 1487 760 1512 ungen-

117 1527 182 1553 dum
208 1527 250 1553 Vll
276 1525 327 1552 184
352 1525 386 1550 70
412 1539 447 1543 -
472 1525 563 1557 triplex
593 1527 760 1557 unguentum

117 1572 230 1598 Domino
249 1570 341 1597 obtulit
360 1573 385 1596 et
408 1570 435 1596 in
454 1570 547 1602 triplici
566 1573 633 1596 statu
654 1570 687 1595 Vl
707 1569 759 1594 593

117 1622 143 1642 v.
164 1616 179 1642 3

169 1674 206 1680 —
223 1662 284 1686 ante
296 1659 445 1692 passionem
459 1659 591 1686 Christum
606 1659 689 1685 Deum
702 1664 760 1684 csse

116 1704 242 1731 credebat
269 1704 302 1730 Vl
331 1704 378 1730 511
413 1703 446 1730 34
475 1719 509 1723 -
529 1703 759 1730 vehementissime

115 1748 249 1776 Christum
268 1749 294 1775 in
314 1756 392 1775 carne
410 1748 517 1775 amabat
535 1747 596 1774 ibid.
616 1747 690 1773 —in
703 1753 760 1779 pas-

117 1794 190 1820 sione
209 1793 303 1820 Christi
322 1797 423 1820 tantum
442 1794 561 1819 dolorem
580 1792 710 1823 concepit,
731 1793 760 1817 ut

118 1845 171 1864 non
191 1839 239 1864 nisi
259 1839 292 1865 de
313 1838 472 1864 humanitate
490 1841 516 1864 et
534 1840 619 1863 morte
632 1836 760 1868 cogitaret

118 1885 144 1909 et
162 1890 216 1910 non
236 1884 362 1909 recoleret
380 1890 460 1915 opera
480 1881 619 1907 Maiestatis
637 1879 700 1906 ibid.

170 1942 206 1947 -
225 1928 310 1960 magis
321 1927 403 1953 doluit
416 1926 510 1953 Christi
523 1932 620 1957 corpus
633 1924 760 1957 ablatum,

117 1972 179 2005 quia
199 1979 260 1998 eum
280 1972 367 1998 adhuc
386 1971 522 1997 carnaliter
538 1969 716 2001 cognoscebat
735 1973 761 1995 et

118 2016 224 2042 amabat
243 2017 276 2042 Vl
297 2017 348 2042 505
369 2016 384 2041 3
402 2028 438 2034 —-
450 2014 536 2040 renuit
549 2014 679 2040 consolari
699 2021 760 2046 pro-

117 2063 176 2092 pter
194 2060 340 2086 absentiam
360 2059 478 2091 corporis
495 2058 599 2083 Domini
613 2058 663 2084 508
679 2059 707 2084 21
725 2073 761 2077 -

119 2105 206 2131 1111005
225 2105 259 2131 de
278 2103 470 2131 resurreetione
490 2102 628 2135 sperabat,
648 2103 708 2129 ideo
728 2104 761 2130 de

118 2149 221 2176 sublato
241 2156 353 2182 corpore
365 2147 471 2174 dolebat
483 2147 535 2173 510
549 2148 583 2173 29
596 2161 631 2167 -
644 2154 675 2173 ex
689 2155 761 2174 com-

118 2194 241 2225 passione
259 2200 348 2219 amare
367 2192 446 2217 flebat
464 2191 497 2217 ad
523 2191 673 2223 sepulcrum
698 2191 761 2218 ibid.

119 2251 154 2257 —
173 2238 318 2271 quaerebat
337 2237 468 2263 Christum
497 2235 564 2261 sicut
592 2243 689 2267 sponsa
709 2237 760 2262 508

119 2282 153 2308 23
173 2296 208 2302 -
227 2290 278 2309 000
307 2282 392 2308 solum
421 2280 526 2311 videre,
545 2280 592 2306 scd
612 2280 700 2306 tollere
719 2288 762 2306 vo-

120 2326 190 2352 lebat
208 2334 306 2359 corpus
325 2325 419 2352 Christi
445 2323 507 2350 ibid.

171 2384 208 2390 —
226 2377 332 2397 summo
352 2369 466 2395 diluculo
485 2368 557 2394 venit
576 2368 608 2394 ad
628 2368 762 2401 requiren-

119 2414 183 2441 dum
203 2422 302 2447 corpus
320 2413 429 2444 Christi,
448 2412 556 2438 sollicita
570 2412 657 2444 ipsum
670 2413 763 2438 videre

120 2459 153 2485 Vl
174 2459 226 2485 504
253 2461 268 2485 2
296 2473 331 2477 -
360 2458 471 2483 multum
495 2457 636 2482 ferventior
655 2461 711 2483 erat
728 2457 762 2484 ad

119 2503 308 2536 requirendum
336 2501 429 2529 Christi
457 2507 554 2532 corpus
584 2508 665 2533 quam
698 2502 763 2527 aliae

120 2547 243 2573 mulieres
262 2548 313 2573 506
334 2547 376 2572 11.
405 2545 456 2571 507
477 2545 509 2570 19
528 2558 564 2564 ·—
584 2545 671 2576 primo
690 2546 763 2572 venit.

120 2591 155 2617 ad
174 2593 390 2621 monumentum,
410 2596 471 2615 cum
490 2589 578 2615 adhuc
597 2592 684 2615 essent
696 2593 763 2616 tene-

121 2634 198 2667 brae,
217 2639 243 2661 et
262 2638 402 2668 postquam
423 2633 528 2659 vocavit
548 2633 700 2666 discipulos,
719 2634 763 2660 ite-

121 2686 179 2705 rum
209 2679 286 2706 rediit
314 2679 364 2705 506
391 2679 423 2704 13
451 2691 487 2697 -
514 2678 571 2703 viso
591 2682 763 2705 monumento

121 2727 222 2756 aperto,
241 2724 377 2755 diligenter
396 2723 475 2748 refert
488 2721 624 2754 discipulis
638 2722 689 2748 505
700 2724 715 2749 2
729 2737 764 2743 -

121 2768 305 2794 vehementius
331 2766 466 2798 discipulis
493 2765 603 2792 ardebat
621 2769 647 2792 et
666 2768 765 2793 ferven-

122 2812 172 2838 tior
191 2815 262 2844 erat,
291 2811 350 2838 ideo
374 2810 506 2836 sollicitior
531 2811 656 2836 remansit
674 2811 709 2837 ad
727 2818 764 2837 se-

123 2856 246 2888 pulcrum
265 2856 317 2881 510
338 2856 370 2881 29
390 2868 425 2874 -
444 2854 587 2880 ferventius
600 2855 657 2880 aliis
676 2856 766 2881 mulie-

122 2900 196 2927 ribus
227 2900 314 2927 dilexit
343 2903 368 2926 et
395 2899 468 2932 prior
496 2898 530 2924 ad
561 2902 764 2926 monumentum

123 2945 195 2971 venit
213 2949 239 2971 et
257 2952 321 2978 prae
348 2944 441 2970 ceteris
468 2943 567 2968 diutius
585 2944 766 2974 perseveravit

123 2989 167 3014 Vll
187 2989 238 3015 590
260 2990 292 3015 13
306 3004 341 3008 -
356 2989 505 3014 Vehemens
519 2987 644 3013 desolatio
658 2988 764 3014 Mariam

122 3032 267 3066 inquietam
286 3040 339 3059 non
358 3031 460 3058 sinebat
478 3031 602 3057 recedere
614 3038 629 3056 a
643 3033 765 3063 sepulcro

123 3077 157 3103 Vl
177 3077 228 3103 507
250 3078 282 3103 18
303 3092 335 3096 --
349 3078 549 3110 perseveranter
563 3074 693 3109 manebat,
707 3076 765 3103 ideo

124 3121 224 3148 invenit
241 3120 275 3148 ib.
297 3122 339 3147 19.
358 3121 409 3147 510
430 3121 462 3145 28

178 3179 214 3185 -
232 3173 262 3192 ex
281 3172 373 3191 amore
392 3165 485 3190 iterum
500 3164 613 3195 respexit
632 3164 658 3196 in
674 3172 766 3191 monu-

125 3212 243 3236 mentum
263 3209 296 3235 Vl
316 3210 368 3236 510
382 3209 415 3235 30
428 3222 463 3228 -
481 3208 625 3240 respiciens
637 3208 663 3234 in
677 3216 768 3236 monu-

126 3257 245 3279 mentum
255 3253 321 3280 vidit
331 3254 399 3280 duos
409 3253 521 3285 Angelos
534 3253 656 3279 sedentes
668 3253 716 3279 511
733 3255 765 3280 32

126 3311 160 3316 —
174 3297 225 3330 lpsi
238 3297 368 3324 desolatae
380 3297 488 3324 offertur
501 3297 642 3323 consolatio
653 3297 679 3323 in
692 3305 767 3330 aspe-

126 3344 169 3367 ctu
188 3344 213 3368 et
232 3343 310 3368 affatu
329 3341 489 3374 Angelorum
509 3340 561 3367 507
582 3342 623 3368 19.
643 3341 694 3368 508
720 3342 766 3375 20,

786 193 823 226 IN
846 192 1141 226 COMMENTARIOS
1165 194 1194 226 S.
1220 193 1446 227 SCRIPTURAE

797 283 826 308 21
850 296 886 302 -
905 282 971 308 vidit
989 282 1104 314 Angelos
1129 283 1161 308 ad
1188 285 1388 308 monumentum
1415 286 1440 309 et

796 327 885 358 ipsum
906 327 1046 352 Dominum
1068 326 1111 352 Vll
1132 327 1183 352 590
1205 327 1237 352 13

850 385 885 390 -
904 371 992 396 Ρ11100
1005 372 1128 403 30031011
1142 372 1165 397 01
1186 372 1313 397 Dominus
1332 372 1374 397 Vll
1389 372 1440 397 590

799 416 829 441 13
856 429 892 435 --
920 422 1047 441 conversa
1073 416 1105 440 ad
1130 415 1264 442 Christum
1289 416 1354 441 vidit
1379 424 1440 442 eum

797 461 913 493 primum
926 460 1009 485 oculis
1021 460 1154 492 corporis,
1174 467 1228 485 non
1242 460 1329 486 cordis
1343 461 1374 486 Vl
1389 461 1440 486 508

797 505 830 530 22
849 519 884 523 --
904 511 957 530 non
970 496 1137 536 recognoscit
1150 504 1282 530 Christum
1300 512 1347 536 per
1367 506 1441 530 collo-

795 550 889 582 quium
912 548 947 575 ib.
968 549 1001 574 23
1021 562 1057 567 -
1075 555 1127 574 000
1152 549 1238 574 statim
1264 549 1442 581 cognoscebat

795 594 942 625 Christum,
962 593 1024 626 quia
1045 592 1183 619 dubitabat
1201 593 1248 618 511
1274 594 1307 618 33
1321 608 1355 612 —
1379 600 1440 619 00111

795 638 914 664 Christus
932 638 956 663 ei
970 644 1022 663 non
1036 637 1123 663 statim
1137 644 1165 663 se
1179 637 1369 668 manifestavit,
1389 644 1441 663 ma-

797 682 838 714 gis
851 681 1044 707 accendebatur
1057 680 1120 707 ibid.
1134 695 1167 699 -
1181 681 1336 707 nominatim
1347 685 1439 707 vocata

796 726 931 758 cognoscit
940 725 1082 756 Christum,
1092 725 1154 758 quia
1168 726 1248 751 corde
1262 726 1295 752 ad
1309 733 1370 752 eum
1382 733 1441 752 con-

796 778 872 797 versa
892 778 939 802 per
952 770 1097 795 intellectus
1110 770 1314 802 captivationem
1334 770 1386 796 509
1407 771 1440 797 24

850 830 885 833 -
897 815 1112 846 reprehenditur,
1127 815 1188 848 quia
1203 816 1291 841 adhuc
1304 816 1441 842 carnaliter

797 860 821 885 in
841 859 973 886 Christum
994 859 1119 886 credebat
1145 860 1175 885 Vl
1196 860 1247 885 509
1267 861 1301 886 26
1330 875 1365 878 —
1395 862 1441 886 fer-

795 911 861 930 vens
889 903 995 930 volebat
1023 905 1049 929 in
1072 905 1162 930 oscula
1191 905 1290 936 pedum
1319 912 1397 931 ruere
1416 909 1441 931 et

795 947 927 974 Christum
941 955 993 974 non
1013 948 1157 978 dimittere,
1173 949 1220 975 sed
1234 956 1247 974 a
1268 948 1371 975 Christo
1385 950 1441 975 mit·

797 993 857 1019 titur
876 993 909 1018 ad
929 993 1138 1019 annuntiandum
1158 993 1221 1019 ibid.
1235 1009 1269 1012 -—
1283 994 1394 1020 mittitur
1407 994 1439 1019 ad

796 1037 1001 1063 annuntiandam
1016 1038 1236 1063 resurrectionem
1256 1038 1318 1065 ibid.
1338 1038 1389 1064 510
1406 1038 1439 1064 27

849 1096 884 1101 -
897 1083 945 1107 Per
965 1082 1071 1107 Mariam
1086 1082 1265 1114 intelliguntur
1284 1084 1441 1115 contempla-

796 1126 842 1152 tivi
864 1128 894 1153 Vl
915 1126 966 1152 592
983 1133 1010 1152 v.
1029 1126 1046 1152 5
1063 1141 1097 1145 -
1111 1128 1159 1153 Ρο1
1184 1128 1290 1153 Mariam
1311 1128 1383 1153 domi
1403 1135 1441 1153 se-

796 1171 902 1197 dentem
922 1171 1085 1203 significatur
1105 1172 1308 1204 contemplativa
1336 1171 1386 1197 400
1406 1172 1435 1197 31

850 1216 957 1242 Meum
978 1230 1012 1234 ——
1031 1216 1137 1242 videtur
1158 1217 1237 1243 fuisse
1268 1217 1363 1242 mulier
1383 1218 1442 1242 hae-

797 1260 956 1286 morrhoissa
976 1267 990 1286 a
1011 1260 1114 1287 Christo
1133 1264 1222 1287 sanata
1241 1261 1281 1287 Vll
1303 1262 1354 1286 210
1370 1260 1404 1286 78

850 1319 886 1324 -
905 1306 952 1331 Per
972 1305 1097 1331 Martham
1118 1305 1296 1338 intelliguntur
1316 1306 1393 1331 activi
1409 1306 1439 1331 Vl

799 1349 849 1375 400
870 1350 913 1375 31.
927 1349 978 1375 592
998 1357 1024 1375 ν.
1043 1350 1069 1376 5.
1083 1350 1124 1375 Vll
1146 1350 1196 1376 446
1217 1350 1250 1376 59
1264 1364 1300 1369 -
1313 1350 1361 1375 Ρο1
1379 1350 1442 1375 Mar·

798 1395 868 1419 tham
889 1393 1024 1419 sollicitam
1043 1394 1214 1426 intelligimus
1233 1395 1314 1420 vitam
1328 1394 1440 1420 activam

798 1438 830 1463 Vl
857 1438 908 1463 410
937 1439 952 1464 2
974 1452 1006 1456 -
1026 1438 1074 1464 Ρο1·
1100 1439 1226 1464 Martham
1251 1438 1440 1464 ministrantem

798 1482 979 1513 intelliguntur
997 1481 1151 1509 obedientes
1170 1483 1217 1508 601
1242 1490 1270 1508 v.
1288 1483 1321 1508 23

852 1539 885 1543 -
898 1526 1015 1557 suscepit
1027 1525 1161 1552 Christum
1174 1527 1201 1552 in
1215 1526 1329 1558 hospitio
1345 1527 1441 1551 domus

797 1569 932 1596 exteri0ris
960 1570 1003 1596 Vll
1033 1570 1084 1596 276
1109 1570 1144 1596 76
1163 1574 1343 1603 -tanquam
1372 1569 1441 1595 hona

797 1614 881 1641 activa
901 1614 1049 1640 declinabat
1067 1615 1152 1641 otium
1172 1615 1223 1641 273
1243 1615 1276 1641 68
1291 1629 1326 1634 -
1344 1615 1371 1640 ln
1385 1614 1441 1639 eius

797 1666 877 1691 opere
896 1662 952 1684 erat
965 1659 1090 1691 perfectio
1109 1662 1134 1686 et
1147 1659 1252 1686 debitus
1270 1659 1366 1685 modus
1379 1657 1441 1684 ibid.

798 1717 833 1723 -
858 1703 989 1729 laboriosa
1008 1705 1178 1738 conqueritur
1197 1705 1231 1730 de
1256 1704 1334 1729 Maria
1358 1703 1440 1729 otiosa

797 1747 832 1774 z‘b.
851 1748 884 1773 69
904 1762 939 1767 -
958 1752 1067 1780 propter
1085 1749 1172 1775 oneris
1185 1749 1343 1781 gravitatem
1363 1753 1440 1780 quae-

797 1792 871 1818 rebat
890 1793 1014 1819 auxilium
1039 1793 1133 1818 Mariae
1158 1792 1221 1819 ibid.
1239 1806 1274 1811 —
1292 1798 1384 1817 secure
1403 1798 1440 1816 re-

796 1837 919 1870 quirebat
932 1837 1026 1864 Christi
1040 1838 1180 1869 iudicium,
1200 1839 1228 1862 ut
1240 1836 1339 1862 sororis
1357 1835 1441 1867 impe-

798 1884 877 1907 traret
896 1882 1021 1908 auxilium
1035 1881 1097 1908 ibid.
1118 1895 1153 1900 —
1171 1880 1312 1913 aliquando
1325 1886 1440 1912 conque-

797 1926 874 1959 ritur,
894 1927 950 1952 aliis
969 1933 1047 1952 suum
1061 1926 1177 1951 officium
1198 1923 1399 1956 praeponendo,
1416 1926 1441 1949 et

798 1973 860 1996 tunc
879 1974 918 1997 est
939 1970 1151 2003 reprehensibilis
1172 1968 1207 1995 ib.
1228 1969 1262 1994 70
1276 1982 1311 1986 -
1323 1968 1441 2001 aliquan-

799 2015 833 2041 do
853 2016 1032 2049 conqueritur,
1051 2015 1134 2041 otium
1151 2013 1246 2039 Mariae
1259 2012 1440 2045 praeoptando

800 2060 852 2086 274
871 2059 906 2085 70

852 2118 887 2122 -
896 2104 1022 2130 excitatur
1032 2104 1066 2129 ad
1076 2101 1299 2129 considerandum
1310 2101 1441 2127 defectum

799 2149 937 2181 proprium
958 2148 1001 2174 Vll
1021 2146 1073 2173 274
1091 2143 1120 2172 71
1146 2160 1180 2164 —
1200 2146 1304 2177 Triplex
1323 2145 1381 2171 eius
1399 2145 1442 2171 de-

799 2194 881 2218 fectus
900 2192 961 2219 ibid.
981 2207 1016 2211 --
1036 2198 1133 2217 vacans
1146 2190 1219 2222 operi
1239 2189 1442 2222 reprehenditur

799 2244 814 2262 a
833 2237 935 2263 Christo
944 2257 951 2268 ,
964 2244 1033 2270 quae
1046 2235 1181 2262 debuisset
1193 2235 1286 2260 araire
1299 2234 1441 2260 Dominum

799 2282 996 2314 praedicantem
1017 2282 1049 2307 Vl
1070 2280 1121 2306 327
1141 2279 1168 2305 ’31

852 2340 888 2345 -
906 2326 1013 2351 sollicita
1037 2328 1093 2350 erat
1117 2324 1151 2349 de
1176 2323 1288 2349 Domino
1313 2326 1442 2356 quantum

799 2370 834 2396 ad
852 2370 983 2396 sensibilia
1007 2373 1033 2395 et
1056 2368 1201 2401 corporalia
1222 2368 1253 2394 Vl
1274 2367 1324 2393 403
1349 2368 1382 2394 52
1408 2381 1443 2387 -

800 2415 929 2441 ministrat
947 2417 972 2440 et
991 2413 1098 2440 sollicita
1123 2415 1162 2438 051
1180 2415 1305 2445 tanquam
1325 2412 1443 2444 prudens

801 2460 894 2485 mulier
914 2459 965 2484 410
986 2460 1001 2484 2
1020 2473 1055 2477 -
1074 2457 1182 2483 sollicite
1199 2456 1314 2482 venienti
1333 2456 1443 2482 Domino

800 2504 915 2530 occurrit
939 2503 989 2528 400
1020 2503 1048 2528 31
1072 2515 1107 2521 -
1126 2501 1237 2527 multum
1257 2504 1313 2526 erat
1336 2500 1443 2526 sollicita

800 2547 863 2574 ibid.
882 2561 918 2566 —
938 2547 1049 2572 Domino
1076 2545 1233 2571 ministravit
1251 2545 1373 2577 fideliter,
1399 2546 1444 2570 hu-

801 2592 894 2617 militer
913 2594 938 2617 et
956 2591 1064 2616 viriliter
1084 2590 1126 2615 Vll
1148 2589 1198 2615 276
1218 2589 1252 2614 78

854 2650 889 2654 -
909 2635 1015 2661 vocavit
1033 2634 1139 2660 Mariam
1160 2633 1271 2666 imperio
1291 2632 1396 2658 Domini
1412 2633 1443 2658 Vl

803 2680 848 2706 401
868 2680 901 2706 39
912 2693 947 2699 -
958 2687 1010 2706 000
1024 2679 1061 2705 510
1074 2679 1170 2704 devota
1183 2685 1232 2704 nec
1245 2678 1282 2703 5ἰο
1294 2677 1376 2704 calida
1390 2680 1445 2702 erat

802 2728 830 2750 ut
850 2724 927 2750 Maria
948 2724 999 2750 402
1018 2723 1051 2749 43
1070 2737 1106 2743 -
1124 2722 1159 2749 01)
1172 2722 1346 2748 reverentiam
1366 2721 1445 2747 tacuit

802 2772 827 2794 et
846 2768 881 2794 ob
901 2769 1071 2794 devotionem
1091 2768 1163 2793 flevit
1181 2766 1332 2799 etamplius
1357 2765 1445 2791 Domi-

802 2820 866 2838 num
895 2812 979 2838 movit
1001 2811 1063 2838 ibid.
1083 2826 1118 2829 —
1136 2811 1275 2837 confltetur
1303 2810 1444 2836 Dominum

802 2860 936 2889 potentem
956 2860 981 2882 01
994 2856 1139 2888 benignum
1153 2855 1187 2881 ad
1206 2854 1352 2881 curandum
1366 2856 1391 2878 et
1408 2859 1445 2877 re-

802 2901 983 2927 suscitandum
1005 2901 1055 2926 400
1076 2900 1124 2932 32,
1139 2900 1182 2925 33.
1202 2898 1248 2924 401
1267 2898 1313 2929 34,
1333 2898 1374 2923 38.
1394 2896 1444 2921 402

804 2944 836 2970 43
849 2959 882 2964 -
896 2952 949 2971 1100
963 2945 1009 2971 fuit
1027 2951 1089 2970 ausa
1104 2946 1193 2976 petere
1212 2941 1444 2970 resuscitationem,

803 2996 836 3015 ne
856 2992 988 3021 pateretur
1016 2989 1163 3021 repulsam;
1192 2987 1239 3013 sed
1260 2992 1335 3011 suam
1365 2984 1444 3010 fldem

803 3034 974 3066 exprimendo
994 3032 1134 3059 insinuavit
1158 3030 1318 3057 desiderium
1340 3028 1385 3053 401
1411 3027 1442 3052 33

803 3091 838 3096 -
857 3077 994 3107 credebat,
1020 3077 1092 3109 quod
1117 3075 1244 3101 Dominus
1268 3080 1301 3099 ex
1326 3077 1444 3103 compas-

803 3122 878 3148 sione
891 3122 968 3147 vellet
981 3121 1071 3147 videre
1084 3121 1210 3146 Lazarum
1224 3120 1371 3146 mortuum,
1391 3121 1444 3140 non

803 3173 834 3192 ex
853 3166 967 3198 potentia
986 3164 1111 3191 suscitare
1128 3163 1178 3189 403
1198 3162 1230 3187 52

859 3210 972 3236 Mau-rius
984 3223 1019 3227 —-
1033 3209 1059 3234 ln
1073 3209 1123 3234 hoc
1137 3212 1227 3232 mense
1240 3206 1320 3231 homo
1333 3207 1358 3229 et
1372 3210 1444 3229 mun-

804 3254 855 3280 dus
883 3254 930 3279 fult
957 3252 1080 3278 conditus
1110 3251 1151 3276 Vll
1180 3250 1213 3275 20
1243 3248 1270 3274 41
1294 3248 1374 3273 —ln
1394 3248 1445 3274 hoc

804 3304 895 3323 mense
913 3303 961 3329 per
983 3295 1077 3322 Christi
1102 3293 1306 3320 incarnationem
1332 3295 1388 3318 erat
1407 3299 1444 3318 re·

805 3341 943 3367 novandus
962 3341 1042 3366 homo
1059 3342 1085 3365 et
1102 3338 1219 3364 mundus
1237 3336 1301 3364 ibid.

2057 198 2116 229 791

1768 241 1836 266 ΜΑΤ

1532 284 1640 310 1111111111
1660 299 1694 304 -
1715 286 1864 318 Martyrium
1886 287 2062 312 testiinonium
2082 289 2122 312 est

1479 328 1594 354 veritatis
1614 330 1655 355 Vll
1676 330 1727 355 528
1748 331 1781 355 20
1801 344 1836 349 -
1855 331 1950 356 dicitur
1969 331 2039 356 testis
2058 330 2121 357 ibid.

1533 387 1566 391 —
1583 374 1708 400 dicuntur
1722 375 1868 406 specialiter
1881 375 1941 401 iusti
1957 376 1986 400 Vl
2004 375 2053 401 125
2067 383 2093 400 v.
2108 376 2117 400 1

1478 432 1511 435 -
1526 418 1580 443 Pati
1595 419 1748 449 martyrium
1764 422 1802 445 est
1815 420 2055 451 supererogationis
2069 419 2120 445 389

1479 462 1511 487 28
1541 469 1597 494 arg.
1626 477 1661 481 ——
1689 467 1836 496 sequuntur
1860 463 1992 489 Christum
2023 465 2048 489 in
2077 464 2119 490 via

1478 507 1742 538 supererogationum
1764 515 1810 539 per
1835 508 2003 534 imitationem
2025 509 2121 540 passio-

1478 551 1518 575 nis
1547 550 1598 575 584
1627 551 1642 576 4
1661 565 1697 570 -
1719 556 1875 583 aspexerunt
1905 552 1930 577 in
1959 552 2120 578 Salvatorem

1479 595 1530 619 630
1556 595 1583 619 11
1609 609 1644 613 -
1662 596 1744 621 500011
1764 600 1824 621 sunt
1847 596 1978 621 Christum
2004 603 2050 628 per
2073 600 2122 622 tor-

1479 642 1565 664 menta
1590 638 1652 665 ibid.
1672 653 1707 658 —
1731 640 1803 665 varia
1829 643 1854 665 et
1878 641 1967 672 gravia
1993 645 2119 666 tormenta

1478 684 1549 715 passi
1568 687 1628 709 sunt
1651 684 1698 708 126
1718 691 1743 709 v.
1764 684 1779 709 4

1531 742 1566 746 -
1585 728 1609 753 10
1629 728 1723 760 agonia
1744 728 1894 754 habuerunt
1916 736 2032 761 pugnam
2058 730 2122 756 inter

1478 775 1598 798 naturam
1613 775 1638 798 ct
1652 772 1777 804 gratiam,
1797 773 1863 798 inter
1876 774 2003 799 rationem
2024 778 2049 799 et
2067 781 2122 800 sen-

1478 817 1623 842 sualitatem
1645 817 1687 842 Vll
1707 816 1757 842 557
1780 817 1813 842 55
1832 832 1866 835 -
1887 824 1935 849 pro
1954 817 2056 844 Christo
2080 825 2122 844 ne-

1478 862 1581 893 gligunt
1600 861 1726 887 damnum
1747 868 1835 887 rerum
1855 865 1880 887 et
1902 863 2046 888 amicorum
2067 870 2121 888 car·

1478 907 1576 932 nalium
1595 910 1621 931 et
1639 906 1716 931 etiam
1734 906 1902 938 propriorum
1923 913 2065 938 corporum
2086 907 2118 932 Vl

1478 951 1528 976 125
1548 958 1573 976 v.
1598 951 1607 975 1
1632 964 1667 969 -—
1686 950 1796 976 moritur
1824 951 1971 982 voluntate,
2000 958 2061 976 cum
2087 951 2119 977 sit

1477 995 1541 1020 liber
1555 1002 1569 1020 a
1590 994 1725 1020 moriendo
1739 998 1767 1020 ut
1780 998 1855 1026 tunc,
1871 1002 1921 1020 non
1936 999 2022 1021 tamen
2036 1002 2049 1021 a
2066 1002 2119 1021 mo-

1477 1040 1567 1065 rlendo
1587 1039 1739 1070 simpliciter
1759 1039 1809 1064 389
1830 1040 1863 1064 30

1531 1098 1566 1102 -
1585 1084 1723 1115 martyrem
1753 1091 1803 1109 non
1835 1083 1893 1110 facit
1920 1084 2122 1117 qualiscumque

1478 1135 1570 1160 poena,
1590 1128 1638 1153 nisi
1658 1127 1727 1153 adsit
1745 1127 1833 1153 debita
1854 1135 1930 1154 causa
1952 1129 1993 1154 Vt!
2016 1128 2066 1154 149
2087 1129 2121 1154 54

1477 1187 1512 1192 -
1531 1179 1589 1198 0550
1609 1179 1750 1203 005500105
1770 1173 1826 1198 5100
1846 1174 1914 1198 10110
1934 1173 1984 1198 530
2005 1174 2038 1198 27

1530 1232 1565 1235 -
1584 1217 1729 1242 exaltantur
1751 1217 1827 1249 quasi
1853 1221 1961 1249 propter
1979 1224 2053 1243 suam
2075 1217 2120 1243 mi-

1477 1262 1556 1287 litiam
1578 1261 1609 1286 Vl
1630 1261 1681 1286 596
1702 1261 1717 1286 4

1531 1306 1690 1331 0115000000
1709 1319 1744 1323 -—
1763 1308 1813 1330 stat
1833 1312 1880 1337 pro
1900 1312 1976 1337 sexu,
2003 1306 2043 1331 vel
2071 1313 2119 1338 pro

1478 1353 1568 1376 natura
1590 1349 1623 1375 64
1643 1357 1670 1382 q.
1690 1350 1705 1374 2
1725 1363 1760 1368 -
1779 1356 1863 1381 genus
1883 1350 2030 1382 frequenter
2051 1356 2120 1375 00111-

1479 1394 1617 1426 prehendit
1648 1394 1801 1419 femininum
1839 1394 1986 1419 secundum
2017 1401 2119 1420 morem

1478 1439 1629 1470 scripturae
1648 1437 1710 1464 ibid.

1532 1483 1686 1508 111151101110
1705 1496 1740 1501 -
1758 1482 1878 1514 corporis
1897 1482 1989 1508 Christi
2016 1486 2054 1508 est
2079 1482 2121 1508 vel

1477 1527 1673 1552 sacramentalis
1691 1526 1803 1558 speciei,
1823 1527 1864 1552 vel
1884 1527 2039 1559 spiritualis,
2054 1533 2122 1559 quae

1478 1574 1517 1597 est
1536 1571 1677 1603 spiritualis
1700 1571 1829 1597 discussio
1849 1578 1896 1603 per
1915 1571 1995 1597 fldem
2016 1571 2048 1597 Vl
2069 1571 2120 1596 334

1479 1617 1527 1649 90,
1547 1616 1576 1641 91

1533 1663 1623 1688 MATER
1645 1677 1680 1681 —
1704 1663 1812 1695 speciali
1837 1663 1970 1688 affectione
1999 1666 2038 1688 est
2066 1662 2120 1688 dili-

1478 1707 1564 1739 genda
1585 1707 1628 1732 Vll
1649 1707 1699 1732 179
1720 1707 1753 1733 29
1767 1721 1802 1726 -
1816 1714 1912 1739 magna
1931 1707 2070 1733 dilectione
2085 1706 2121 1732 di-

1465 1752 1534 1784 >tigit
1552 1751 1634 1777 nuum
1657 1752 1687 1777 vt
1708 1751 1759 1778 450
1779 1752 1812 1777 20

1531 1810 1565 1815 —
1585 1796 1610 1821 in
1629 1798 1759 1828 quantum
1780 1797 1849 1821 fovet
1863 1796 1887 1821 in
1902 1795 2033 1826 moribus,
2053 1796 2122 1821 desi-

1478 1843 1573 1872 gnatur
1591 1847 1639 1872 per
1658 1840 1736 1872 Legis
1755 1840 1876 1866 doctores
1896 1841 1938 1866 Vll
1958 1841 2009 1866 214
2029 1841 2057 1865 91

1532 1885 1647 1910 Musula
1661 1899 1696 1902 —
1712 1885 1798 1916 prima
1818 1887 1857 1910 est
1870 1885 1968 1915 invisa,
1989 1885 2014 1910 id
2035 1889 2073 1910 est
2087 1885 2121 1910 in-

1478 1928 1589 1954 visibilis
1608 1929 1642 1954 Vl
1667 1929 1708 1954 181
1728 1936 1755 1954 v.
1778 1929 1806 1953 18
1828 1943 1862 1946 —
1882 1929 1967 1960 prima
1981 1929 2007 1953 in
2026 1930 2122 1954 forma-

1479 1973 1549 1999 tione
1568 1973 1661 1999 mundi
1685 1976 1741 1998 erat
1760 1972 1898 1998 invisibilis
1923 1980 1953 1998 ex
1973 1976 2046 2004 parte
2066 1973 2120 2003 sui,

1478 2017 1540 2050 quia
1561 2016 1667 2043 carebat
1691 2018 1775 2043 forma
1793 2017 1925 2047 distincta,
1947 2020 1972 2042 ct
1997 2023 2026 2042 ex
2046 2021 2119 2048 parte

1479 2062 1594 2094 agentis,
1614 2061 1676 2094 quia
1705 2062 1795 2087 deerat
1822 2062 1864 2087 lux
1893 2059 1955 2087 ibid.
1973 2074 2009 2079 —
2027 2060 2120 2086 Ortum

1479 2105 1603 2131 materiae
1616 2105 1718 2137 primae
1731 2112 1782 2131 non
1794 2105 1934 2138 praecessit
1947 2108 2060 2136 tempus,
2073 2104 2120 2130 sed

1479 2150 1507 2176 tlt
1526 2157 1586 2176 cum
1606 2153 1726 2182 tempore
1746 2149 1778 2175 14
1798 2157 1823 2183 q.
1845 2150 1854 2174 1

1532 2208 1568 2214 --
1587 2194 1726 2221 Creaturae
1745 2201 1796 2220 non
1816 2193 1913 2219 habent
1931 2193 2066 2218 materiam
2086 2193 2121 2218 in-

1480 2242 1608 2271 creatam,
1628 2239 1675 2265 sed
1688 2242 1801 2264 creatam
1822 2238 1854 2264 Vl
1875 2238 1908 2263 35
1929 2245 1954 2263 v.
1975 2238 2007 2262 20
2021 2244 2120 2262 -non

1479 2286 1518 2309 051
1538 2284 1600 2309 011111
1619 2282 1680 2309 ibid.
1693 2296 1729 2302 —
1742 2282 1835 2308 Omnia
1854 2285 1968 2314 pergunt
1987 2281 2021 2307 ad
2041 2284 2118 2306 mate-

1480 2327 1561 2358 riam,
1581 2334 1612 2353 ex
1631 2334 1683 2359 qua
1704 2328 1768 2352 tacta
1788 2329 1848 2351 sunt
1867 2324 1899 2351 ib.
1920 2326 1948 2350 21

1533 2372 1713 2397 mummoiuuu
1732 2384 1767 2389 —
1781 2369 1927 2395 seeundum
1941 2369 2025 2400 legem
2047 2372 2120 2395 natu-

1480 2423 1525 2441 rae
1543 2415 1669 2441 divinitus
1694 2415 1836 2440 institutam
1865 2417 1904 2438 est
1931 2413 2011 2438 maris
2039 2417 2064 2438 et
2090 2414 2122 2439 fe-

1481 2460 1567 2485 minae
1595 2459 1755 2490 coniunctio,
1782 2457 1946 2483 individuam
1972 2458 2040 2483 vitae
2064 2458 2121 2483 reti-

1480 2511 1545 2529 nens
1564 2502 1778 2529 consuetudinem
1801 2501 1841 2527 Vll
1856 2501 1907 2526 415
1921 2501 1954 2526 34
1967 2515 2002 2519 -—
2015 2506 2053 2527 cst
2067 2502 2122 2527 vin-

1480 2548 1568 2574 culum
1588 2545 1726 2572 insolubile
1745 2544 1807 2571 ibid.

1534 2605 1569 2611 --
1588 2591 1644 2617 eius
1657 2590 1716 2615 finis
1728 2589 1823 2621 duplex
1839 2589 1879 2614 vn
1894 2589 1946 2615 514
1961 2589 1993 2614 40
2007 2603 2042 2608 -
2055 2589 2123 2616 con-

1481 2635 1560 2662 nubia
1574 2638 1632 2661 sunt
1647 2636 1754 2666 propter
1773 2633 1839 2658 filios
1859 2633 1911 2658 515
1928 2633 1961 2658 42
1975 2648 2010 2652 -
2023 2635 2049 2659 111
2063 2641 2123 2660 con-

1482 2679 1569 2705 nubiis
1582 2678 1754 2704 successionis
1767 2677 1882 2703 subsidia
1897 2681 1958 2703 sunt
1970 2678 2054 2710 posita
2071 2678 2116 2703 441

1483 2724 1515 2750 47
1535 2737 1570 2741 -
1588 2722 1637 2748 Ubi
1657 2729 1708 2747 non
1727 2725 1766 2747 est
1784 2728 1870 2753 mors,
1890 2728 1976 2754 neque
1990 2726 2050 2747 sunt
2063 2729 2122 2748 con-

1482 2767 1562 2793 nubia
1580 2766 1632 2791 515
1653 2765 1685 2791 42
1708 2780 1743 2784 -
1765 2765 1843 2790 011310
1862 2765 1981 2791 virorum
2003 2766 2122 2798 spiritua-

1482 2811 1544 2837 lium
1564 2817 1614 2835 non
1637 2812 1723 2841 potest
1741 2816 1800 2836 esse
1819 2809 1868 2834 nisi
1889 2809 1913 2835 in
1932 2806 2012 2835 carne
2034 2810 2122 2836 111-00-

1482 2855 1546 2881 tium
1566 2853 1618 2879 514
1638 2853 1671 2878 40

1535 2911 1569 2917 -
1589 2897 1742 2923 Matrimonii
1762 2897 1801 2923 lox
1821 2898 1847 2922 in
1867 2898 2008 2929 Evangelio
2031 2898 2123 2924 confir-

1482 2945 1568 2968 matur
1586 2944 1710 2973 tanquam
1731 2941 1771 2967 ius
1791 2942 1901 2972 morale,
1921 2941 1947 2968 01
1965 2942 2066 2968 libellus
2085 2950 2123 2968 re-

1482 2986 1556 3017 pudii
1574 2984 1732 3017 reprobatur
1751 2986 1794 3011 Vll
1809 2985 1860 3011 415
1880 2986 1914 3012 34
1931 3000 1966 3005 -
1984 2985 2122 3012 Connubia

1482 3036 1535 3055 non
1553 3030 1712 3055 damnantur
1732 3029 1778 3055 441
1804 3030 1837 3055 47

1534 3088 1569 3093 -
1589 3074 1716 3100 Dominus
1732 3075 1879 3106 praesentia
1898 3081 1944 3100 sua
1964 3074 2068 3105 nuptias
2081 3074 2122 3099 nr-

1482 3118 1564 3144 mavit
1582 3121 1607 3144 01
1631 3117 1789 3150 approbavit
1811 3118 1937 3144 miraculo
1962 3118 1993 3143 Vl
2017 3118 2068 3143 272
2091 3118 2121 3142 16

1481 3177 1515 3181 -
1526 3162 1748 3188 Matrimoniorum
1759 3162 1934 3194 corporalium
1951 3162 2077 3187 sanctitati
2088 3165 2122 3187 at-

1482 3209 1603 3238 testatur,
1622 3206 1695 3240 quod
1709 3207 1777 3232 Deus
1794 3213 1824 3231 ea
1844 3205 1996 3231 auctoritate
2014 3206 2121 3237 propria

1482 3251 1509 3276 ln
1529 3250 1653 3283 paradiso
1672 3250 1780 3275 instituit
1793 3253 1818 3275 et
1837 3249 1929 3275 eadem
1949 3249 1976 3274 in
1995 3252 2062 3274 terra
2075 3256 2121 3275 sua

1483 3294 1629 3327 praesentia
1642 3293 1804 3320 consecravit
1819 3296 1845 3318 et
1863 3293 2049 3319 miraculorum
2064 3299 2123 3318 suo-

1483 3346 1542 3365 rum
1561 3338 1638 3365 initiis
1660 3337 1794 3370 insignivit
1813 3337 1864 3363 545
1884 3338 1899 3362 2
1919 3351 1954 3355 -
1973 3336 2121 3363 consensus
