2476 3921
2 710 129 734 notandum.

6 1508 58 1531 Secu
61 1507 103 1530 udo
108 1524 114 1533 ,

0 1535 62 1565 moad
75 1534 131 1557 iudi·

29 1567 93 1584 01010.

742 180 937 214 COMMENT.
963 181 1000 214 IN
1024 180 1264 215 EVANGELIUM
1288 182 1406 216 LUCAE
1430 183 1462 216 C.
1487 183 1547 216 XII.

150 272 257 306 rovere
287 272 386 306 verbo
416 274 449 305 et
471 270 628 313 exemplo.
655 270 785 313 Propter
816 269 902 312 quod
926 269 1022 303 Isaiae
1053 273 1116 303 ter-

150 325 194 358 tio
207 323 235 358 ¹:
265 338 281 354 α
296 325 402 367 Quare
417 323 553 358 atteritis
576 323 731 366 populum
752 331 858 356 meum
874 325 905 356 et
928 322 1023 356 facies
1038 332 1117 365 pau-

149 386 263 421 perum
280 377 469 411 commolitis
484 381 524 410 n?
541 376 577 409 Et
594 376 654 409 hoc
669 378 717 410 est
732 384 828 419 grave
852 378 1034 418 peccatum
1051 375 1117 418 pri-

148 440 219 465 mae
241 431 288 464 ad‘
307 430 487 464 Corinthios
507 433 635 464 octavo:
664 442 681 458 α
699 430 865 463 Ρο0000105
892 429 923 462 10
947 429 1063 462 fratres
1086 432 1117 462 et

149 484 363 528 percutientes
379 483 586 517 conscientias
601 492 713 517 eorum
730 483 888 522 infirmas,
906 483 938 515 in
954 482 1116 516 Christum

149 538 286 581 peccatis
302 550 337 578 u;
361 541 394 571 et
415 537 569 577 maxime,
593 536 721 580 quando
744 537 777 570 in
797 536 948 579 parvulos
971 538 1116 579 peccant;

117 597 121 602 ·
149 591 295 625 Matthaei
318 591 440 625 decimo
462 594 591 625 octavo:
620 603 636 620 α
653 590 714 633 Qui
738 589 996 623 scandalizaverit
1015 599 1116 623 unum

149 645 188 679 de
211 645 334 688 pusillis
357 644 440 684 istis,
457 644 513 687 qui
537 644 569 677 in
585 653 636 678 me
659 643 809 683 credunt,
829 643 959 693 expedit
973 643 1002 677 ei
1019 656 1035 673 n
1056 646 1114 677 etc.

149 717 192 724 —
209 699 246 732 Et
268 698 344 742 quia
366 698 517 741 perfidiae
541 701 642 732 mater
666 701 714 731 est
737 697 1024 740 eoncupiscentia,
1046 696 1116 731 ideo

148 752 251 786 addit:
278 753 317 785 Et
338 752 432 785 edere
454 755 485 785 et
507 751 615 785 bibere
637 755 667 784 et
690 750 875 790 inebriari,
899 750 1041 784 faciendo
1061 760 1116 784 vo-

147 805 301 839 luntatem
325 804 444 838 scilicet
466 804 589 845 carnis,
613 804 789 838 secundum
812 804 890 838 illud
912 804 1007 838 Isaiae
1030 804 1116 848 vige-

147 858 226 892 simo
257 861 368 892 octavo
384 858 419 891 ²:
458 871 474 888 α
495 857 646 891 Sacerdos
681 861 712 891 et
743 858 899 901 propheta
932 858 1115 891 nescierunt

146 920 223 955 prae
238 911 406 950 ebrietate;
430 911 571 954 absorpti
588 914 664 945 sunt
685 920 703 944 a
719 911 811 951 vino,
831 915 1022 945 erraverunt
1038 921 1115 954 prae

146 965 298 999 ebrietate
314 978 345 997 ι».
379 964 415 998 Et
438 964 498 998 hoc
528 964 668 1000 maxime
692 968 739 998 est
762 965 910 999 indecens
934 965 1115 1007 pastoribus

145 1022 178 1052 et
200 1018 365 1061 praelatis,
382 1018 415 1051 in
434 1017 553 1061 quibus
569 1027 703 1061 regnare
726 1018 819 1052 dehet
835 1018 968 1061 spiritus
991 1018 1114 1061 sapien-

146 1071 207 1105 tiae
230 1075 262 1105 et
284 1071 481 1110 intellectus;
506 1071 676 1105 Malachiae
700 1071 838 1105 secundo
854 1071 885 1104 ⁸:
915 1084 931 1101 α
948 1072 1043 1105 Labia
1066 1081 1114 1105 sa-

146 1125 282 1159 cerdotis
304 1124 482 1158 custodient
506 1124 686 1165 scientiam,
711 1128 743 1159 et
766 1126 866 1168 legem
891 1126 1057 1168 requirent
1072 1134 1114 1159 ex

145 1187 201 1212 ore
224 1178 294 1212 eius
308 1191 340 1211 n.
365 1178 425 1212 Sed
441 1181 584 1218 econtra,
609 1179 704 1212 Isaiae
728 1179 991 1222 quinquagesimo
1007 1183 1113 1212 sexto:

151 1245 167 1262 «
184 1232 403 1275 Speculatores
423 1231 492 1265 eius
509 1232 592 1266 caeci
612 1241 737 1272 omnes,
753 1233 936 1266 nescierunt
957 1232 1113 1272 universi,

146 1295 239 1320 canes
262 1286 357 1326 muti,
382 1295 445 1319 non
469 1286 609 1319 valentes
634 1286 768 1325 latrare,
801 1285 943 1319 videntes
971 1295 1052 1319 vana
1083 1289 1114 1320 et

145 1343 287 1373 amantes
310 1339 448 1379 somnia3
473 1342 505 1372 et
527 1348 621 1373 canes
644 1339 908 1382 impudentissimi
932 1340 1115 1373 nescierunt

145 1393 342 1426 saturitatem
355 1406 371 1421 1>
400 1385 459 1426 etc.

238 1447 290 1479 66.
315 1446 417 1486 (Vers.
450 1446 528 1487 lta).
558 1447 702 1480 Secundo
725 1450 881 1490 quantum
915 1446 954 1480 ad
979 1447 1114 1480 commi·

147 1499 315 1532 nationem
337 1499 522 1532 severitatis
546 1499 667 1533 iudicii
688 1499 847 1542 adiungit:
879 1500 987 1533 Veniet
1009 1500 1114 1533 domi-

146 1562 212 1586 nus
234 1553 325 1586 servi
347 1552 439 1586 illius
463 1552 499 1586 in
522 1553 593 1592 die,
618 1563 687 1597 qua
710 1563 777 1586 non
799 1557 932 1596 sperat,
956 1557 985 1586 et
1008 1552 1113 1594 liora,

146 1616 215 1651 qua.
230 1606 348 1645 neseit;
365 1606 601 1640 Deuteronomii
619 1607 780 1649 trigesimo
797 1606 973 1640 secund04:
992 1620 1008 1636 α
1021 1607 1115 1640 quta

146 1663 193 1693 est
209 1659 276 1693 dies
299 1659 499 1702 perditionis,
523 1663 555 1693 et
570 1659 680 1693 adesse
702 1660 851 1693 festinant
871 1663 1014 1703 tempora
1029 1673 1065 1700 »ς
1083 1664 1115 1694 01

140 1713 322 1756 15001100100
346 1713 467 1755 primo:
497 1726 514 1742 «
530 1713 622 1746 quta
646 1717 694 1747 est
716 1713 783 1747 dies
810 1714 935 1746 Domini
959 1724 1113 1757 magnus,

145 1767 238 1800 iuxta
260 1770 291 1800 et
307 1767 402 1800 velox
425 1767 520 1801 nimis
536 1781 567 1800 ι».
586 1768 622 1800 Et
645 1767 717 1801 licet
741 1767 782 1801 sit
798 1767 913 1807 iuxta,
939 1771 1044 1802 tamen
1061 1778 1114 1802 ve-

145 1820 192 1854 nit
206 1820 375 1854 mundanis
390 1829 434 1854 ex
456 1821 646 1864 improviso;
663 1821 748 1855 unde
769 1822 972 1855 Ecclesiastae
988 1832 1071 1855 nono
1084 1822 1113 1856 ⁶:

151 1887 168 1904 «
182 1874 286 1908 Nescit
309 1875 403 1908 homo
426 1875 521 1908 finem
546 1878 656 1915 suum,
681 1876 736 1909 sed
759 1876 842 1920 sicut
857 1876 959 1918 pisces
982 1876 1113 1919 capiun-

146 1931 199 1961 tur
230 1927 342 1966 hamo,
374 1931 405 1961 et
429 1927 512 1961 sicut
538 1938 613 1962 aves
641 1929 755 1972 laqueo
778 1929 1112 1972 comprehenduntur;

145 1980 190 2014 sic
206 1980 377 2022 capiuntur
397 1981 543 2015 homines
559 1984 701 2024 tempore
720 1982 818 2021 malo,
835 1991 908 2015 0010
929 1982 975 2015 015
991 1986 1114 2016 extem-

145 2034 198 2077 plo
221 2035 488 2077 supervenerit».
503 2054 546 2060 —
563 2035 598 2069 Et
614 2036 690 2079 quia
705 2036 978 2078 contemptoribus
1000 2036 1114 2069 iudicis

146 2096 243 2130 grave
272 2087 416 2121 imminet
446 2088 617 2128 iudicium,
650 2088 720 2122 ideo
750 2088 878 2122 subdit:
915 2089 955 2120 Et
989 2088 1114 2121 dividet

145 2149 240 2179 eam,
265 2140 383 2174 scilicet
405 2150 424 2173 a
447 2141 605 2174 consortio
628 2141 803 2180 bonorum,
828 2140 1001 2174 secundum
1035 2141 1113 2174 illud

145 2193 292 2226 Matthaei
308 2193 458 2236 vigesimo
482 2194 593 2237 quinto
606 2194 634 2227 ⁶:
665 2208 681 2223 (ι
697 2195 819 2227 Statuet
841 2203 939 2236 agnos
954 2203 973 2227 a
988 2193 1113 2235 dextris

145 2246 226 2286 suis,
258 2246 375 2280 haedos
405 2250 512 2280 autem
544 2257 563 2280 a
595 2247 731 2281 sinistris
747 2261 777 2280 n.
811 2248 1012 2291 Partemque
1039 2248 1112 2280 eius

145 2309 223 2332 cum
239 2299 427 2342 infidelibus
442 2304 557 2343 ponet,
579 2300 634 2343 qui
656 2300 774 2334 scilicet
790 2300 850 2333 iam
871 2300 997 2333 iudicati
1019 2303 1109 2340 sunt3

144 2353 267 2386 Ioannis
292 2353 385 2387 tertio
398 2353 425 2386 ⁷:
453 2367 468 2383 α
484 2353 544 2396 Qui
561 2363 623 2387 non
648 2354 749 2387 credit
764 2354 826 2387 iam
846 2354 1003 2387 iudicatus
1019 2357 1067 2387 est
1080 2367 1110 2394 »3

145 2409 177 2440 et
200 2406 260 2440 hoc
283 2410 387 2446 recte,
411 2407 487 2450 quia
503 2407 624 2450 primae
647 2407 687 2440 ad
710 2407 910 2441 Timotheum
934 2407 1046 2450 quinto
1069 2407 1112 2440 di-

146 2460 247 2494 citur:
277 2473 293 2490 α
317 2461 348 2494 Si
379 2461 452 2504 quis
476 2470 608 2495 suorum
632 2465 664 2495 et
695 2461 833 2494 maxime
864 2461 1110 2494 domesticorum

147 2523 258 2548 curam
281 2523 344 2548 non
368 2514 481 2555 habet,
516 2514 610 2548 fidem
634 2514 760 2558 negavit
790 2518 821 2548 et
845 2517 892 2548 est
915 2513 1033 2547 infideli
1056 2514 1112 2547 de-

217 2681 227 2696 ¹
247 2682 323 2709 11015.
338 2683 376 2708 15.
387 2696 423 2702 —
432 2682 491 2708 Duo
502 2690 576 2716 seqq.
586 2682 635 2708 loci
645 2686 706 2708 sunt
716 2683 733 2708 I.
743 2682 801 2709 Cor.
813 2684 838 2714 8,
851 2683 888 2708 12.
900 2685 925 2708 01
935 2683 1023 2708 Matth.
1037 2682 1076 2714 18,
1089 2682 1114 2707 6.

216 2725 226 2740 ²
247 2727 323 2753 Vcrs.
341 2727 368 2753 7.
387 2726 438 2753 Csr.
456 2727 547 2753 Glossa
567 2726 711 2754 ordinaria
730 2727 756 2753 10
776 2728 839 2753 Luc.
862 2728 906 2760 12,
927 2727 969 2753 45.

216 2769 227 2785 ³
246 2772 322 2798 Vers.
341 2771 371 2804 7,
392 2775 451 2804 post
469 2779 550 2805 quem
570 2771 626 2797 lsai.
646 2772 694 2804 56,
716 2773 757 2798 lo.
778 2779 834 2805 seq.

215 2814 227 2829 ⁴
246 2816 322 2842 Vers.
341 2816 390 2847 35,
410 2816 452 2842 001
472 2816 637 2842 subnectitur
656 2816 735 2848 Soph.
757 2816 786 2848 I,
807 2816 849 2842 1-1.

216 2858 227 2873 ⁶
248 2860 321 2885 vers.
343 2860 384 2885 12.
403 2873 440 2879 --
458 2860 549 2886 Glossa
569 2859 769 2886 interlinearis:
793 2859 882 2887 Veniet
901 2859 1027 2886 dominus
1040 2859 1116 2886 servi

145 2903 234 2937 illius,
256 2904 283 2930 in
302 2912 356 2937 quo
375 2911 468 2931 omncs
487 2905 548 2930 mali
567 2905 710 2937 praepositi
730 2905 918 2937 intelliguntur,
938 2904 964 2931 in
978 2904 1034 2937 die,
1048 2905 1113 2931 iudi-

145 2949 178 2975 cii
196 2949 239 2975 vel
254 2949 364 2980 mortis,
384 2956 439 2984 qua
457 2956 513 2976 mm
531 2951 624 2984 sperat
641 2953 692 2976 etc.

216 2992 228 3007 ⁶
247 2994 323 3020 Vers.
342 2994 386 3020 33.
402 3007 440 3013 -
458 2995 549 3020 Glossa
568 2993 751 3021 interlinearis
771 2994 811 3027 (cx
831 2994 916 3026 Beda;
930 2996 977 3020 csr.
991 2994 1112 3027 Hierou.,

146 3038 171 3063 in
190 3038 278 3064 Matth.
298 3038 347 3071 24,
366 3038 409 3064 50.
429 3039 511 3072 seq.)z
531 3038 566 3065 Et
584 3038 682 3066 dividet
699 3046 776 3071 eum,
796 3046 811 3064 a
836 3039 968 3065 consortio
994 3039 1112 3065 fidelium

145 3082 325 3114 segregando,
337 3086 363 3108 et
375 3082 413 3109 eis
431 3083 476 3116 qui
497 3090 545 3109 nec
558 3083 638 3109 fidem
652 3083 811 3116 habuerant,
831 3083 972 3114 sociando,
991 3083 1054 3117 quia
1066 3083 1113 3117 qui

145 3133 197 3152 non
216 3126 296 3153 habet
313 3133 405 3153 curam
424 3134 534 3153 suorum
554 3130 633 3160 negat
658 3128 739 3154 [Idem
763 3131 789 3154 et
807 3131 846 3154 est
864 3128 962 3154 infideli
988 3128 1110 3154 deterior.

145 3171 175 3204 [l.
193 3170 312 3202 Τ110..5,
331 3170 380 3205 8.].
399 3171 468 3197 Vide
486 3171 579 3203 Ililar.‚
597 3172 625 3197 in
644 3172 731 3198 Mattli.
751 3179 774 3198 c.
794 3173 837 3198 27.
856 3179 882 3198 n.
902 3173 927 3198 2.

215 3213 226 3229 ⁷
245 3215 321 3241 Vers.
340 3216 383 3241 18.
400 3229 437 3235 -
456 3216 579 3249 Sequitur
598 3217 617 3242 Ι.
636 3217 706 3243 Tim.
724 3216 756 3250 5,
775 3218 801 3242 8.

216 3258 227 3274 ⁸
246 3260 339 3286 Psalm.
355 3260 401 3293 10,
414 3259 440 3292 7,
453 3263 513 3293 post
525 3267 606 3294 quern
619 3261 701 3293 Apoc.
715 3262 758 3292 21,
772 3262 798 3287 8.
895 3259 906 3274 ⁹
920 3261 995 3287 Vers.
1009 3261 1033 3286 6.
1047 3264 1073 3287 01
1085 3260 1112 3286 7.

217 3302 240 3319 ¹⁰
258 3303 310 3331 Ctr.
336 3311 416 3337 supra
440 3312 468 3331 n.
492 3305 535 3331 60.
553 3319 589 3325 —
608 3305 718 3332 Inferius
736 3313 785 3339 pro
803 3305 1028 3340 aggravationem
1053 3305 1111 3331 Vat.

147 3348 395 3383 eoeayyerationem.

252 3401 284 3429 S.
302 3402 407 3429 Bonav.
418 3416 454 3423 —
468 3403 547 3430 Tom.
559 3404 614 3430 Vll.

2076 189 2139 225 329

1182 270 1279 303 terior
1295 284 1326 303 n.
1352 271 1431 305 11000
1451 282 1538 314 pars
1560 276 1608 306 est
1631 274 1720 307 valde
1744 275 1844 315 mala,
1868 277 2041 311 secuudum
2065 280 2142 313 illud

1183 322 1293 357 Psalmi
1307 323 1335 356 ⁸:
1357 337 1373 353 α
1390 325 1486 367 Ignis,
1507 325 1659 368 sulphur,
1676 327 1807 369 spiritus
1827 330 2052 370 procellarum,
2070 340 2143 373 pars

1181 376 1287 410 calicis
1302 385 1414 410 eorum
1430 390 1462 417 »3
1479 382 1510 411 et
1534 379 1732 422 Apocalypsis
1749 380 1898 423 vigesimo
1921 383 2042 425 primo:
2064 398 2081 413 c
2097 385 2143 417 Ti-

1182 429 1274 463 midis
1296 433 1328 463 et
1351 430 1523 464 incredulis
1546 435 1577 464 et
1600 433 1774 466 exsecratis
1797 438 1828 467 et
1845 435 2008 469 homicidis
2031 442 2062 470 et
2085 438 2144 471 sor-

1181 482 1377 517 nicatoribus
1411 488 1442 517 et
1477 485 1624 518 veneficis
1659 490 1690 518 et
1725 486 1896 521 idololatris
1931 493 1962 522 et
1996 491 2144 524 omnibus

1181 536 1386 571 mendacibus
1410 547 1484 580 pars
1507 539 1634 572 illorum
1655 540 1715 572 erit
1738 540 1769 573 in
1795 545 1904 584 stagno
1928 543 1999 585 igne
2022 544 2143 577 ardenti

1181 592 1213 622 et
1229 590 1385 632 sulphure
1400 604 1431 623 n.
1457 591 1503 624 Ex
1520 600 1585 634 quo
1607 596 1752 634 apparet,
1769 594 1853 636 quod
1873 595 1955 628 sicut
1970 599 2018 629 est
2033 606 2145 639 magna

1180 651 1302 676 merces
1333 643 1490 677 bonorum
1523 644 1756 687 praelatorum,
1790 646 1832 679 ita
1862 650 1893 680 et
1923 649 2062 681 maxima
2084 650 2146 683 erit

1181 705 1281 738 poena
1311 697 1540 740 reproborum;
1573 698 1748 741 Sapientiae
1778 701 1916 733 sexto⁹:
1953 714 1969 730 α
1992 702 2143 736 Iudicium

1179 749 1387 784 durissimum
1413 751 1444 784 in
1469 751 1518 785 1115
1542 752 1595 794 qui
1629 757 1794 795 praesunt,
1819 753 1882 787 fiet.
1908 755 2030 798 Exiguo
2061 757 2146 790 enim

1180 803 1364 837 conceditur
1380 805 1611 846 misericordia,
1635 810 1779 849 potentes
1794 812 1900 842 autem
1925 812 2068 851 potenter
2085 814 2145 843 tor-

1180 861 1286 890 menta
1310 858 1469 900 patientur
1485 873 1515 891 n.

1270 911 1322 943 67.
1359 912 1461 953 (Vers.
1489 913 1567 953 47).
1600 913 1655 947 lite
1689 919 1803 948 autem
1833 925 1951 948 servus
1974 919 2033 950 010.
2059 917 2144 950 Post·
2164 922 2295 949 Agat-antur

1179 972 1276 1006 quam
1307 964 1452 998 invitavit
1482 965 1521 998 ad
1553 966 1690 1009 vigiliam
1723 971 1754 1001 et
1784 968 1976 1011 vituperavit
2008 949 2301 1030 11150100-ῐΞιΞεΞΙἱιῖἷιέἓῗι111

1179 1017 1272 1057 tiam,
1290 1018 1342 1051 hic
1363 1018 1456 1052 tertio
1480 1025 1648 1062 ayyravat
1671 1021 1905 1064 neytiyentiam
1919 1023 1944 1042 ¹⁰
1956 1034 1968 1061 ;
1992 1023 2077 1065 quod
2099 1023 2145 1056 fa-

1179 1070 1222 1103 cit
1244 1071 1428 1113 dupliciter,
1451 1073 1569 1106 scilicet
1597 1074 1719 1107 ratione
1750 1075 1957 1108 maioritatis
1988 1077 2145 1110 scientiae

1179 1127 1211 1157 et
1234 1125 1356 1158 ratione
1380 1125 1593 1158 auctoritatis
1616 1127 1822 1161 commissae.

1271 1178 1373 1211 Primo
1396 1188 1472 1221 ergo
1495 1183 1651 1222 quantum
1675 1180 1713 1213 ad
1742 1183 2017 1225 aym-acationem
2045 1184 2145 1227 00911-
2165 1189 2196 1211 ⁰0
2212 1190 2288 1218 primo-

1177 1231 1308 1274 yeme-'ae
1332 1232 1453 1265 ratione
1479 1233 1685 1266 maioritatis·
1707 1235 1864 1268 scientiae
1886 1236 1978 1270 dicit:
2004 1238 2059 1270 ltle
2083 1248 2145 1271 au-

1179 1289 1240 1318 tem
1272 1295 1406 1325 servus,
1431 1286 1491 1330 qui
1512 1288 1664 1330 00900011
1693 1288 1895 1322 voluntatem
1918 1291 2046 1324 domini
2068 1293 2142 1331 sui,

1179 1347 1236 1381 per
1256 1339 1374 1372 donum
1398 1340 1560 1379 scientiae;
1585 1341 1706 1382 primae
1722 1341 1761 1374 ad
1777 1342 1955 1376 Corinthios
1976 1348 2086 1378 octavo
2100 1347 2142 1376 ¹¹:

1185 1405 1200 1420 «
1217 1391 1352 1425 Scientia
1375 1392 1478 1432 101101,
1502 1393 1617 1427 caritas
1640 1394 1792 1428 aedificat.
1810 1395 1840 1428 Si
1858 1396 1930 1438 quis
1946 1401 2052 1430 autem
2076 1399 2145 1431 exi-

1179 1444 1302 1484 stimat,
1319 1454 1352 1478 se
1368 1445 1449 1479 scire
1472 1446 1613 1488 aliquid;
1641 1447 1782 1481 nondum
1806 1450 1969 1491 coguovit,
1994 1452 2146 1493 quemad-

1179 1498 1307 1531 modum
1331 1503 1475 1541 oporteat
1494 1508 1566 1533 eum
1591 1500 1672 1534 scire
1689 1515 1719 1534 n.
1737 1520 1779 1526 —
1799 1503 1838 1535 Et
1860 1513 1928 1535 non
1951 1513 1985 1536 se
1999 1505 2024 1523 ¹2
2045 1514 2146 1547 prae-

1175 1552 1336 1594 paravit,
1368 1553 1407 1585 ad
1439 1553 1673 1596 suscipiendum
1705 1554 1823 1588 donum
1855 1557 1988 1599 gratiae;
2014 1558 2146 1592 Prover-

1179 1605 1306 1638 biorum
1333 1606 1454 1640 decimo
1478 1610 1588 1640 sexto:
1614 1621 1630 1636 «x
1647 1608 1785 1642 Hominis
1801 1613 1849 1642 est
1871 1619 2063 1653 praeparare
2079 1613 2146 1645 ani-

1180 1668 1264 1692 mam
1281 1672 1296 1688 »
1317 1663 1395 1699 010.;
1412 1660 1497 1693 unde
1513 1660 1606 1703 primi
1624 1661 1742 1704 Regum
1759 1662 1909 1705 septimo:
1932 1676 1946 1692 «
1961 1664 2146 1706 Praeparate

1179 1713 1274 1746 corda
1305 1716 1410 1746 vestra
1433 1714 1566 1747 Domino
1586 1728 1617 1747 n.
1642 1734 1686 1738 -—
1714 1716 1750 1747 Et
1773 1725 1840 1748 non
1862 1715 1940 1758 feeit
1962 1719 2146 1751 secundum

1178 1766 1380 1800 volantatem
1403 1767 1491 1807 eius,
1508 1768 1642 1810 supple:
1667 1777 1724 1811 per
1748 1769 1860 1802 vitium
1879 1771 2023 1813 propriae
2048 1772 2145 1814 negli-

1178 1820 1324 1862 gentiae;
1356 1820 1455 1854 lacobi
1488 1825 1603 1863 quarto
1617 1821 1665 1854 ¹³:
1693 1822 1839 1856 «Scienti
1872 1823 1989 1856 bonum
2023 1828 2054 1857 01
2081 1834 2144 1857 non

1177 1873 1302 1907 facienti
1330 1877 1494 1916 peccatum
1527 1878 1574 1908 est
1605 1875 1649 1908 illi
1672 1889 1702 1908 ».
1727 1895 1772 1900 —
1808 1876 1983 1918 Vaputabit
2009 1877 2143 1917 multis,

1178 1927 1296 1960 scilicet
1335 1937 1392 1969 per
1427 1928 1626 1961 severitatem
1661 1928 1784 1962 divinae
1823 1930 1994 1962 sententiae
2012 1942 2019 1968 ;
2060 1931 2145 1963 unde

1178 1980 1333 2014 secundae
1359 1981 1439 2013 Petri
1471 1981 1631 2014 secundo:
1657 1981 1799 2014 «Melius
1831 1986 1899 2015 erat
1923 1983 2004 2015 viam
2029 1984 2144 2016 verita-

1177 2034 1217 2067 tis
1248 2043 1312 2066 non
1344 2043 1564 2076 cognoscere»
1592 2038 1669 2074 etc.;
1699 2038 1730 2068 et
1760 2035 1799 2068 ad
1831 2035 1984 2069 Romanos
2015 2036 2142 2078 primo:

1182 2100 1198 2115 «
1215 2086 1290 2128 Qui,
1315 2096 1388 2120 cum
1411 2087 1513 2120 Deum
1529 2088 1764 2130 cognovissent,
1782 2098 1843 2122 non
1861 2089 1943 2122 sicut
1959 2089 2058 2122 Deum
2076 2090 2141 2132 glo-

1177 2140 1411 2174 11110ον01οη1»
1432 2144 1490 2174 010.
1519 2155 1534 2170 «
1552 2141 1681 2184 Propter
1705 2142 1790 2184 quod
1815 2143 1941 2176 tradidit
1965 2144 2035 2176 illos
2058 2144 2142 2177 Deus

1177 2193 1208 2225 in
1225 2193 1380 2227 desideria
1396 2194 1500 2227 cordis
1515 2203 1626 2227 eorum
1637 2221 1644 2233 ‚
1662 2195 1692 2227 in
1711 2195 1940 2229 immunditiam
1954 2222 1961 2235 ,
1978 2200 2016 2229 ut
2031 2201 2142 2230 contu-

1176 2246 1278 2280 meliis
1301 2247 1439 2280 afficiant
1461 2257 1594 2290 corpora
1618 2257 1676 2281 sua
1700 2249 1730 2281 in
1756 2249 1930 2291 semetipsis
1947 2263 1977 2282 n.
2005 2250 2040 2282 Et
2062 2250 2142 2282 ratio

1177 2300 1275 2333 huius
1290 2304 1352 2339 est,
1377 2301 1466 2343 quia,
1491 2304 1527 2334 ut
1543 2301 1618 2334 dicit
1633 2301 1804 2344 Gregorius
1818 2303 1854 2341 ¹⁴,
1876 2315 1891 2330 α
1905 2302 1959 2335 ubi
1977 2302 2080 2335 maius
2095 2306 2143 2335 est

1177 2353 1295 2386 donum
1312 2354 1475 2393 scientiae,
1492 2354 1535 2387 ibi
1557 2358 1772 2397 transgressor
1789 2355 1900 2388 maiori
1921 2355 2062 2389 subiacet
2078 2356 2142 2389 cul-

1178 2415 1235 2448 pae
1251 2418 1287 2445 »;
1314 2407 1397 2440 unde
1420 2410 1452 2440 et
1474 2408 1652 2450 ignorantia
1675 2412 1817 2441 excusat.

1267 2460 1318 2492 68.
1344 2460 1446 2500 (Vers.
1472 2461 1550 2501 48).
1576 2461 1707 2503 Propter
1731 2461 1815 2504 quod
1840 2462 1962 2495 subdit:
1989 2462 2056 2504 Qui
2078 2472 2141 2495 au·
2174 2470 2307 2491 cenuvium

1178 2516 1240 2545 tem
1263 2522 1330 2545 non
1352 2513 1553 2556 0090001115,
1577 2523 1635 2556 per
1658 2514 1815 2548 defectum
1841 2515 1986 2554 notitiae,
2011 2520 2041 2548 et
2063 2497 2308 2557 feenssffibffiilm

1253 2680 1274 2695 ¹¹
1296 2681 1370 2706 Vers.
1394 2681 1414 2705 1.
1435 2683 1460 2706 01
1479 2681 1504 2706 2.

1251 2723 1273 2739 ¹²
1293 2726 1326 2751 lta
1347 2725 1425 2751 etiam
1445 2724 1521 2751 Card.
1542 2725 1634 2757 Ilugo,
1653 2725 1681 2750 B.
1702 2724 1812 2756 Albert.‚
1827 2725 1852 2750 S.
1867 2725 1962 2751 Thom.
1977 2725 2044 2758 (Cat.
2063 2733 2141 2752 aurea

1180 2771 1205 2796 in
1223 2771 1287 2796 Luc.
1306 2777 1329 2795 c.
1353 2771 1391 2796 12.
1404 2778 1435 2805 70.
1459 2770 1509 2802 12.)
1530 2773 1555 2795 01
1574 2769 1709 2801 Lyranus3
1729 2769 1841 2801 Vulgata
1861 2769 1956 2795 omittit
1974 2777 2009 2796 se.
2030 2784 2065 2789 —
2084 2771 2142 2796 Duo

1179 2822 1254 2849 seqq.
1272 2815 1321 2841 loci
1341 2817 1402 2841 sunt
1421 2815 1498 2840 prov.
1518 2814 1564 2846 16,
1586 2815 1608 2839 l.
1629 2817 1654 2839 et
1673 2815 1691 2839 l.
1712 2814 1778 2846 Reg.
1797 2814 1827 2844 7,
1847 2814 1871 2839 3.

1250 2858 1273 2874 ¹³
1293 2860 1367 2886 Vers.
1389 2859 1435 2890 17,
1456 2861 1516 2891 post
1534 2866 1614 2891 quem
1628 2859 1655 2884 ll.
1669 2859 1736 2884 Petr.
1756 2859 1787 2889 2,
1801 2859 1849 2889 213
1864 2859 1940 2884 Rom.
1958 2859 1984 2890 1,
1999 2860 2040 2885 21.
2055 2862 2081 2885 et
2093 2860 2142 2890 24,

1179 2904 1223 2930 ubi
1244 2911 1292 2936 pro
1311 2904 1425 2937 Propter
1444 2902 1517 2937 quod
1534 2902 1616 2929 ACD
1635 2902 1782 2936 Propterea
1809 2903 1864 2935 (etr.
1891 2910 1916 2928 v.
1936 2903 2007 2934 26.),
2026 2904 2049 2929 H
2070 2903 2143 2935 Qua·

1165 2979 1168 2982 ,
1174 2950 1296 2983 propter.
1316 2962 1351 2967 —
1370 2947 1497 2980 Superius
1525 2954 1574 2979 pro
1599 2954 1650 2981 per
1679 2946 1774 2973 vilium
1798 2948 1820 2973 G
1846 2946 1955 2978 vitium,
1985 2948 2005 2973 H
2030 2949 2142 2981 propter

1178 2992 1287 3027 culpam
1307 2993 1338 3024 (A
1358 2991 1486 3024 innixus,
1506 2992 1548 3017 cui
1568 2991 1660 3017 similis
1678 2991 1783 3017 videtur
1802 2991 1877 3017 lectio
1897 2992 1918 3017 D
1938 2990 2110 3024 innirunff).

1250 3035 1272 3051 ¹⁴
1290 3036 1342 3063 Csr.
1361 3043 1442 3068 supra
1461 3043 1523 3068 pag.
1543 3035 1610 3067 259,
1629 3038 1691 3062 nota
1717 3037 1741 3061 8.
1762 3049 1797 3054 —-
1816 3035 1932 3061 Subinde
1951 3043 2000 3068 pro
2020 3035 2091 3062 unde
2115 3038 2140 3062 et

1178 3081 1335 3116 ignorantia
1353 3082 1467 3107 excusat
1485 3081 1506 3106 Η
1526 3079 1597 3106 unde
1610 3079 1675 3113 quia.
1689 3079 1844 3113 ignorantia
1857 3079 1950 3113 aliquo
1969 3079 2049 3106 modo
2062 3087 2141 3106 escu-

1176 3128 1234 3159 sat,
1253 3126 1312 3152 Vat.
1332 3132 1396 3151 nam
1410 3124 1566 3158 ignorantia
1575 3131 1630 3158 pro
1639 3126 1720 3158 parte
1732 3126 1856 3151 excusat.
1868 3124 1919 3150 cfr.
1932 3125 1959 3150 11.
1974 3124 2043 3149 Sem.
2057 3124 2084 3150 d.
2098 3125 2141 3150 22.

1177 3179 1200 3197 0.
1221 3172 1247 3197 2.
1266 3178 1293 3203 q.
1313 3170 1338 3196 3.

1249 3213 1271 3229 ¹⁶
1289 3214 1373 3241 Codd.
1393 3213 1412 3240 C
1423 3214 1475 3240 DG
1494 3212 1655 3247 coqnoverit.
1669 3226 1705 3232 -
1717 3213 1806 3239 Glossa
1826 3211 2007 3239 interlinearis
2027 3212 2067 3244 (ex
2081 3213 2140 3238 Gre-

1178 3267 1251 3292 gor.,
1271 3259 1328 3285 XV.
1348 3258 1435 3284 Mor-al.
1454 3265 1478 3284 c.
1498 3257 1540 3283 45.
1560 3265 1586 3283 0.
1606 3257 1635 3282 51
1651 3267 1658 3288 ;
1677 3258 1723 3283 cfr.
1743 3257 1827 3283 XXV.
1848 3264 1871 3283 c.
1894 3257 1932 3282 12.
1952 3264 1978 3282 n.
1997 3256 2066 3288 2⁹0:
2088 3256 2141 3288 Qui

1177 3305 1268 3331 autem
1286 3309 1342 3330 non
1361 3302 1498 3336 00900011,
1519 3306 1571 3328 non
1591 3308 1750 3334 cognoscere
1769 3301 1897 3328 dicendus
1916 3304 1955 3327 est
1979 3301 2025 3334 qui
2048 3307 2138 3333 appre-

1178 3348 1295 3374 hendere
1313 3348 1384 3378 vult,
1403 3347 1451 3382 scd
1468 3354 1522 3373 non
1541 3347 1617 3372 valet.

1993 3397 2025 3424 12
