2476 3921
2 747 71 779 Quoad
84 749 126 769 ter-

31 777 91 797 tium.

18 1922 120 1944 Hortatio.

742 173 936 207 COMMENT.
961 174 998 207 IN
1023 174 1262 209 EVANGELIUM
1285 177 1405 210 LUCAE
1429 178 1461 211 C.
1485 179 1546 212 xll.

147 264 180 295 et
201 262 269 304 ipsa
290 262 385 295 etiam
411 264 562 301 testatur,
586 262 670 304 quod
697 262 779 295 mala
802 266 911 295 nostra
927 272 989 295 non
1006 272 1110 296 rema-

147 315 267 348 nebunt
291 315 400 348 inulta.
427 315 463 348 Et
485 315 555 348 ideo
578 324 619 348 ex
644 315 711 357 ipsa
726 315 878 349 debemus
894 316 1053 349 sollicitari
1070 316 1109 348 ad

146 367 282 400 divinam
295 367 427 410 gratiam
441 368 699 410 promerendam;
712 368 752 401 ad
765 368 919 401 Romanos
931 368 1069 401 secundo
1079 370 1108 401 ²:

152 433 168 450 α
183 420 261 453 Cum
285 423 410 463 gentes,
435 429 517 463 quae
540 421 651 463 Legem
672 430 735 454 non
752 421 887 461 habent,
903 428 941 454 ea
956 429 1037 464 quae
1054 422 1109 454 Le-

145 466 289 515 gis'sunt
312 473 447 513 faciunt;
472 473 624 507 eiusmodi
649 474 760 516 Legem
784 483 847 506 non
863 474 1033 513 habentes,
1049 474 1107 516 ipsi

145 526 204 559 sibi
228 531 303 559 sunt
326 526 397 565 leit,
420 526 496 569 quia
526 526 696 559 ostendunt
726 536 807 569 opus
837 527 926 569 Legis
954 527 1108 569 scriptum

145 580 178 612 in
200 579 350 612 cordibus
374 579 458 619 suis,
475 579 688 612 testimonium
706 579 856 612 reddente
872 579 933 612 illis
949 579 1109 612 conscien-

147 632 190 665 tia
213 641 323 666 eorum
343 646 359 661 »
387 636 447 665 etc.

232 686 285 718 85.
311 685 412 728 (Vers.
438 686 515 726 58).
548 685 689 719 Tertium
721 689 875 729 quantum
904 686 943 719 ad
967 696 1108 719 commo-

144 738 301 772 nitionem
324 738 511 781 superioris
534 739 634 772 edicti
655 739 779 772 subdit:
806 739 890 772 Cum
914 743 1025 772 autem
1049 749 1108 772 va-

143 792 197 825 dis
228 802 303 825 cum
337 792 536 825 adversario
568 796 624 825 tuo
656 793 702 825 ad
729 792 918 835 principem
947 793 983 825 in
1013 793 1070 825 via
1084 793 1106 825 ².

144 845 246 879 Beda:
276 858 292 874 «
309 845 538 878 Adversarius
561 849 669 878 noster
692 845 725 878 in
756 845 806 878 via
837 849 885 878 est
915 854 1020 878 sermo
1052 846 1107 879 Dei

143 898 322 931 contrarius
352 898 469 931 nostris
500 898 680 931 carnalibus
707 897 870 931 desideriis
894 898 925 931 in
950 898 1107 940 praesenti

142 951 207 984 vita
223 963 254 991 »ς
275 950 434 994 princeps
457 954 564 984 noster
580 955 627 984 est
644 950 811 990 Christus;
836 951 931 984 Isaiae
948 951 1108 994 trigesimo

143 1004 302 1038 secundo:
333 1017 348 1033 α
364 1004 513 1046 Princeps
536 1013 573 1037 ea
589 1013 670 1047 quae
686 1004 780 1047 digna
796 1008 871 1037 sunt
886 1005 1043 1047 principe,
1061 1014 1108 1038 co-

143 1058 253 1100 gitabit
269 1071 300 1090 ».
326 1057 368 1090 Ad
393 1058 479 1091 huuc
511 1057 684 1100 principem
713 1066 818 1091 sermo
842 1058 896 1091 Dei
921 1057 1028 1100 dirigit
1051 1067 1108 1092 nos

143 1111 270 1154 triplici
290 1111 367 1150 via,
392 1111 511 1144 scilicet
534 1111 758 1150 innocentiae,
782 1111 822 1144 de
838 1120 902 1154 qua
919 1111 1059 1144 Psalmus
1072 1112 1106 1144 ³:

146 1179 162 1194 «ι
178 1165 349 1198 Ambulans
372 1165 404 1198 in
428 1165 479 1198 via
502 1165 723 1204 immaculata,
756 1165 808 1199 hic
839 1165 917 1198 mihi
948 1165 1108 1198 ministra-

136 1219 197 1252 'bat
213 1231 244 1258 »;
269 1219 320 1251 via
340 1218 578 1261 poenitentiae,·
603 1218 700 1252 Exodi
717 1222 847 1252 octavo:
869 1231 885 1247 α
901 1219 990 1251 Viam
1008 1219 1106 1252 trium

141 1271 266 1305 dierum
291 1271 407 1305 ibimus
430 1271 462 1304 111
486 1271 654 1305 solitudine
670 1283 702 1311 »3
727 1271 778 1304 via
799 1271 1009 1314 sapientiae‚-
1033 1272 1107 1304 Pro-

144 1324 326 1357 verbiorum
349 1328 486 1367 quarto:
508 1338 524 1354 «
542 1325 630 1358 Viam
648 1324 819 1366 sapientiae
835 1325 1018 1358 monstrabo
1035 1325 1106 1364 tibi,

141 1377 253 1410 ducam
278 1381 309 1411 te
332 1386 390 1420 per
421 1378 548 1411 semitas
571 1377 739 1420 aequitatis
755 1390 786 1409 n.
812 1396 853 1401 —
879 1378 938 1410 llas
962 1378 1029 1411 vias
1052 1387 1107 1420 pe-

141 1430 227 1463 tebat
243 1430 399 1472 Propheta
413 1430 625 1464 demonstrari
649 1430 724 1469 sibi,
741 1430 849 1464 dicens
860 1432 891 1463 ⁴¹:
914 1444 930 1460 α
946 1431 1018 1464 Vias
1035 1435 1106 1465 tuas

139 1483 321 1516 demonstra
356 1483 433 1516 mihi
457 1497 488 1516 ».
524 1484 583 1517 Has
618 1486 725 1517 autem
761 1483 897 1517 ostendit
931 1484 1105 1526 exempl0;

140 1535 262 1569 loannis
291 1536 413 1569 decimo
444 1540 580 1579 quarto:
612 1550 628 1565 «
645 1536 706 1579 Ego
738 1545 810 1569 sum
834 1537 901 1576 via,
926 1537 1044 1570 veritas
1074 1541 1106 1571 et

139 1590 249 1629 vita»;
282 1590 417 1623 ostendit
446 1590 569 1629 verbo;
600 1590 695 1624 Isaiae
727 1590 910 1633 trigesimo:
949 1603 965 1619 α
991 1591 1105 1624 Audies

139 1643 273 1676 verbum
297 1643 510 1686 praeceptoris
534 1644 590 1677 tui.
620 1644 700 1677 Haec
732 1644 782 1677 via
813 1644 913 1684 bona,
944 1644 1105 1678 ambulate

139 1698 170 1731 in
196 1707 233 1731 ea
248 1710 279 1738 »;
311 1698 447 1731 ostendit
478 1698 571 1731 etiam
602 1698 688 1731 dono
718 1698 882 1731 divinitu-s
914 1698 1104 1740 inspirato,-

140 1752 314 1794 Sapientiae
337 1751 506 1785 decimo⁵:
536 1765 552 1781 «
568 1752 688 1785 Iustum
712 1751 846 1785 deduxit
869 1752 1023 1785 Dominus
1047 1761 1104 1794 per

139 1805 206 1839 vias
229 1809 331 1839 rectas
356 1808 387 1838 et
409 1805 545 1838 ostendit
569 1805 612 1838 illi
637 1814 772 1848 reguum
795 1805 898 1838 Dei».

229 1860 281 1892 86.
307 1859 461 1901 Quoniam
493 1869 569 1902 ergo
601 1868 706 1892 sermo
736 1859 791 1892 Dei
822 1859 930 1901 dirigit
960 1868 1018 1892 nos
1047 1868 1104 1901 per

139 1913 222 1946 viam
246 1916 383 1952 rectam,
408 1922 465 1955 per
488 1922 584 1956 quam
612 1913 781 1946 carnalitas
812 1913 858 1946 ire
890 1916 1040 1952 recusat;
1073 1917 1104 1946 et

141 1966 221 1999 ratio
251 1966 351 2008 magis
381 1965 474 1999 debet
505 1966 635 2000 credere
667 1967 765 1999 verbo
790 1966 843 1999 Dei
869 1976 964 2009 quam
989 1975 1103 2009 sugge-

139 2019 231 2052 stioni
255 2019 391 2052 carnali:
416 2019 486 2052 ideo
509 2019 634 2053 subdit:
662 2020 713 2052 Da
738 2030 875 2063 operam
898 2020 1039 2053 liberari
1061 2020 1103 2052 ab

138 2072 209 2112 illo,
225 2072 384 2115 implendo
396 2077 594 2116 praecepta,
618 2073 803 2107 declinando
823 2072 1015 2116 prohibita,
1033 2082 1103 2116 spe-

137 2125 237 2159 rando
256 2125 496 2168 promissiones
519 2130 551 2159 et
574 2126 714 2160 timendo
732 2127 1013 2160 comminationes.
1041 2127 1101 2169 Qui

137 2179 214 2212 haec
245 2179 318 2212 facit
353 2188 486 2213 securus
518 2183 566 2213 est
596 2180 636 2213 ab
665 2181 868 2221 adversario;
898 2181 1102 2214 Ecclesiastici

139 2232 297 2275 trigesimo
329 2233 463 2265 sexto⁶:
497 2245 513 2261 α
535 2233 657 2266 Extolle
688 2233 908 2267 adversarium
939 2237 970 2267 et
1000 2234 1103 2276 afflige

208 2414 217 2429 ¹
237 2415 312 2441 Vers.
332 2414 373 2440 14.
393 2418 419 2441 et
439 2415 480 2441 15.

207 2457 218 2473 ²
240 2458 325 2485 verba
345 2458 374 2485 in
392 2459 437 2486 via
457 2461 569 2492 Vulgata
589 2463 615 2486 et
633 2463 718 2487 textus
736 2461 852 2487 Graecus
874 2462 991 2487 referunt
1010 2462 1044 2488 ad
1062 2469 1103 2488 se-

137 2503 250 2536 quentia.
264 2517 300 2522 —
312 2504 397 2529 Locus
415 2504 503 2530 Bedae
521 2507 560 2529 est
579 2505 621 2530 lV.
640 2504 666 2530 in
687 2505 749 2531 Luc.
770 2505 817 2536 12,
837 2505 880 2532 58.
901 2506 971 2531 Beda
984 2506 1103 2538 sequitur

137 2548 261 2580 August,
278 2548 363 2573 Serm.
376 2548 400 2573 9.
422 2547 496 2580 (alias
515 2548 559 2574 96.
578 2549 611 2574 de
630 2549 773 2583 Tempore)
794 2557 816 2575 c.
836 2550 862 2575 3.
880 2557 907 2576 n.
928 2551 953 2576 3.
972 2553 998 2576 et
1016 2550 1101 2576 Serm.

139 2593 200 2619 109.
219 2592 294 2626 (alias
312 2593 337 2618 1.
356 2592 390 2619 de
410 2592 505 2619 Verbis
524 2593 638 2627 Domini)
667 2601 692 2620 c.
711 2595 736 2620 3.
755 2601 782 2620 n.
802 2595 833 2627 3;
856 2595 873 2621 l.
895 2595 930 2621 de
952 2596 1036 2621 serm.
1054 2596 1102 2621 Do-

136 2637 201 2663 mini
214 2637 239 2663 in
252 2640 356 2670 monte,
368 2643 391 2663 c.
406 2637 416 2663 1
428 2638 448 2663 l.
462 2644 489 2664 n.
502 2638 545 2664 31.
558 2644 614 2671 seq.
627 2638 680 2665 Csr.
694 2640 778 2665 Serm.
790 2639 825 2665 de
837 2639 996 2672 Contemptu
1009 2640 1103 2666 mundi

137 2680 216 2714 (inter
240 2688 321 2714 opera
346 2681 478 2715 August),
505 2688 527 2708 c.
549 2683 579 2714 8;
599 2685 625 2708 et
643 2683 767 2715 Gregor„
790 2684 818 2709 ll.
837 2684 932 2710 Homil.
957 2684 983 2710 in
1003 2685 1102 2717 Evang.

138 2726 230 2752 homil.
248 2726 292 2752 39.
310 2733 336 2751 11.
356 2726 382 2752 5.
403 2740 438 2745 -
458 2725 576 2753 Subinde
595 2727 723 2760 allegatur
740 2728 797 2754 lsai.
818 2729 867 2760 32,
886 2729 910 2754 8.

206 2768 218 2784 ⁸
237 2771 332 2798 psalm.
353 2770 418 2803 100,
437 2770 464 2796 6.
480 2784 517 2790 -
535 2771 594 2797 Duo
612 2778 688 2805 seqq.
700 2773 750 2798 loci
763 2776 824 2799 sunt
837 2773 917 2800 Exod.
931 2774 960 2806 8,
974 2773 1016 2799 27.
1032 2773 1101 2807 (Vat.

137 2820 198 2840 cum
217 2815 346 2846 Vulgata:
369 2813 447 2840 Viam
465 2814 550 2841 trium
569 2814 675 2842 dierum
697 2823 845 2851 pergemus
864 2817 893 2843 in
913 2817 1100 2851 solitudinem)

136 2861 162 2884 et
181 2859 257 2884 Prov.
272 2858 302 2890 4,
318 2859 326 2883 l
339 2859 359 2884 1.
373 2859 514 2891 Triplicem
528 2860 595 2885 hanc
607 2860 678 2886 viam
693 2861 771 2887 etiam
785 2861 863 2889 Card.
876 2862 953 2894 Hugo
968 2863 1100 2895 proponit.

206 2901 218 2916 ⁴
236 2902 329 2928 Psalm.
349 2902 397 2933 21,
419 2902 443 2928 4.
461 2917 498 2923 -
516 2904 668 2937 Sequuntur
687 2906 758 2931 loan.
779 2905 828 2937 14,
841 2906 866 2932 6.
881 2909 906 2932 et
920 2907 977 2932 lsai.
990 2907 1039 2938 30,
1053 2907 1102 2933 21:

135 2946 166 2972 Et
183 2953 261 2972 aures
279 2949 339 2972 tuae
357 2946 465 2973 audient
482 2947 596 2974 verbum
616 2951 676 2981 post
694 2952 798 2982 tergum
818 2951 957 2976 monentis.
976 2951 1044 2977 llaec
1063 2954 1103 2977 est

137 2990 179 3016 via
198 2993 247 3016 etc.
265 3005 300 3010 —
320 2991 429 3017 tnrerius
453 2998 502 3023 pro
526 2992 583 3019 Has
607 2994 700 3019 autem
725 2993 840 3021 ostendit
857 2994 877 3020 B
896 2995 953 3021 Has
978 2994 1101 3022 Christus

135 3034 256 3062 ostendit.
931 3037 942 3053 ⁶
962 3040 1039 3065 Vers.
1059 3040 1100 3065 10.

207 3077 219 3093 ⁸
237 3079 312 3105 Vers.
331 3079 355 3105 9.
375 3094 412 3099 —-
430 3080 515 3112 Beda,
534 3081 577 3108 lv.
595 3081 622 3107 in
642 3082 704 3108 Luc.
725 3083 773 3115 12,
792 3082 842 3109 58:
861 3084 881 3110 Α
901 3084 1102 3117 q1101adversa-

135 3122 185 3157 rio]
204 3123 261 3156 ipse
278 3123 412 3155 liberatur,
430 3124 475 3157 qui
495 3125 644 3158 praeceptis
662 3126 719 3152 eius
738 3127 870 3153 humiliter
889 3127 1019 3155 subditur.

206 3165 216 3181 ⁷
234 3168 262 3193 ln
282 3168 372 3194 Glossa
392 3167 535 3195 ordinaria
554 3169 579 3195 in
598 3170 660 3196 Luc.
682 3171 729 3202 12,
747 3170 790 3197 58.
810 3172 870 3198 Post
881 3171 1044 3199 sicutCDG
1057 3173 1102 3200 ad-

136 3211 203 3238 dunt
220 3214 259 3247 et,
278 3215 304 3238 et
322 3219 372 3245 pro
390 3212 455 3239 data
473 3213 493 3240 C
512 3213 645 3240 substituit
663 3214 773 3242 donata.

208 3255 219 3271 ⁸
237 3256 320 3284 Codd.
340 3259 360 3283 Α
372 3256 455 3284 CDH
473 3258 561 3293 apud,
581 3259 615 3285 ita
640 3260 718 3286 etiam
740 3261 768 3286 B.
786 3261 884 3288 Albert.
909 3265 935 3289 et
953 3263 980 3289 S.
1002 3263 1099 3289 Thom.

137 3300 202 3334 (Cat.
219 3308 298 3327 aurea
317 3302 343 3328 in
363 3302 423 3328 Luc.
444 3309 467 3329 e.
488 3304 529 3329 12.
549 3311 574 3330 11.
595 3304 659 3338 ⁴5).
676 3319 711 3323 —
724 3306 848 3339 Sequitur
860 3307 915 3333 Act.
931 3308 978 3339 10,
993 3307 1035 3334 42.
1048 3307 1099 3334 Cir.

135 3344 271 3378 Amin-os,
290 3346 342 3372 Vll.
362 3346 388 3374 in
407 3347 468 3373 Luc.
490 3349 532 3374 12.
551 3355 578 3374 11.
599 3348 658 3374 154.
678 3356 735 3383 seq.

2071 184 2135 218 333

1173 263 1335 297 inimicum
1353 279 1383 297 n.
1412 267 1471 308 Qui
1496 268 1578 300 enim
1603 269 1737 303 verbum
1762 271 1903 304 divinum
1928 273 2053 305 extollit
2080 273 2141 306 ini-

1174 316 1308 356 micum,
1334 318 1363 350 id
1387 323 1435 351 est
1459 329 1603 360 carnem,
1629 323 1783 356 mundum
1808 327 1839 357 et
1862 324 2042 364 diabolum,
2059 326 2138 358 affli-

1173 369 1227 412 git.
1253 370 1379 404 Beda':
1409 385 1425 401 α
1441 373 1519 406 Cum
1545 374 1575 406 in
1601 375 1659 408 hac
1682 377 1747 408 vita
1770 386 1939 420 praeparas
1964 383 1994 411 te
2017 379 2054 412 ad
2073 380 2139 421 pla—

1173 423 1265 456 citam
1290 424 1399 457 saciem
1426 425 1538 459 iudicis
1561 427 1748 468 videndam
1774 431 1918 472 quamvis
1947 440 2051 464 sermo
2083 432 2137 465 Dei

1173 476 1213 508 sit
1237 478 1416 511 contrarius
1449 482 1521 512 tuae
1544 481 1650 519 carni,
1675 485 1777 514 tamen
1802 492 1840 515 eo
1863 487 1953 516 utere
1978 484 2059 517 sicut
2083 493 2139 517 cu-

1173 529 1273 562 stodia
1296 530 1368 563 data
1392 531 1446 564 tibi
1472 532 1502 564 in
1528 533 1588 566 hoc
1612 533 1738 574 itinere,
1763 544 1802 568 ne
1826 540 2024 579 contemptus
2042 541 2070 570 te
2087 547 2139 570 ac-

1173 586 1262 616 cuset
1278 596 1308 615 ».
1327 602 1369 608 --
1387 585 1457 617 ldeo
1473 586 1580 618 subdit
1595 599 1601 618 ε
1620 586 1667 619 Ne
1681 586 1768 628 sorte
1784 587 1898 621 trahat
1915 594 1943 622 te
1960 591 2006 622 cul
2018 590 2030 609 ⁸
2048 591 2138 623 iudi-

1173 644 1259 674 cem,
1284 636 1313 668 id
1339 640 1387 669 est
1410 637 1589 677 Christum;
1615 640 1747 673 Actuum
1773 641 1914 674 decimo:
1944 655 1960 669 <r
1977 643 2044 684 lpse
2075 647 2137 682 est,

1173 687 1226 729 qui
1241 689 1432 723 constitutus
1445 694 1491 723 est
1504 690 1601 724 iudex
1619 692 1763 726 vivorum
1782 697 1812 726 et
1829 698 2029 727 mortuorum
2044 709 2059 724 »
2078 700 2136 729 etc.

1171 759 1217 765 —
1240 742 1281 773 Et
1304 742 1405 775 iudea:
1429 744 1544 776 tradat
1568 748 1596 777 te
1619 747 1786 786 exactori,
1812 747 1841 779 id
1859 751 1906 780 est
1922 747 2062 787 diabolo,
2080 749 2134 791 qui

1172 794 1279 837 exiget
1302 805 1360 837 pro
1384 797 1478 839 culpa
1500 799 1679 839 poenam93
1706 799 1758 832 Iob
1782 801 1892 833 tertio:
1916 814 1930 829 ει
1947 801 2012 834 Non
2037 811 2137 834 exau-

1171 847 1300 881 dierunt
1324 858 1430 882 vocem
1456 851 1615 884 exactoris
1631 865 1662 884 ».
1687 871 1730 876 —
1757 854 1796 885 Et
1819 858 1954 886 exactor
1977 855 2086 887 mittat
2111 859 2138 888 te

1172 901 1208 933 in
1243 911 1430 942 carcerem,
1465 904 1583 937 scilicet
1617 905 1776 938 infernum
1792 907 1833 945 ¹⁰;
1861 907 1954 940 Isaiae
1987 908 2137 949 vigesimo

1172 958 1308 996 quarto:
1338 969 1352 984 «ι
1370 956 1653 999 congregabuntur
1670 959 1702 991 in
1719 960 1958 1002 congregatione
1979 961 2076 994 unius
2092 961 2137 994 sa-

1172 1008 1233 1041 scis
1265 1008 1296 1040 in
1329 1009 1432 1042 lacum
1466 1014 1497 1043 et
1528 1011 1716 1045 claudentur
1740 1013 1781 1045 ibi
1808 1013 1838 1045 in
1862 1022 1988 1047 carcere
2005 1027 2036 1053 »3
2061 1015 2136 1057 quia

1172 1070 1272 1103 poena
1295 1062 1354 1095 isla
1377 1067 1425 1096 est
1449 1063 1697 1098 irremediabilis.

1261 1116 1314 1148 87.
1340 1116 1442 1156 (Vers.
1468 1118 1545 1158 59).
1571 1118 1739 1160 Propterea
1763 1120 1942 1162 subiungit:
1964 1121 2042 1153 Dico
2059 1121 2132 1161 tihi,
2148 1131 2299 1153 Comminatio.

1171 1178 1238 1201 non
1261 1170 1348 1202 exies
1362 1171 1387 1189 ¹1
1412 1170 1505 1210 inde,
1522 1171 1622 1204 donec
1637 1173 1856 1206 novissimma
1876 1174 2043 1206 minutum
2060 1175 2134 1207 red-

1171 1222 1245 1262 dax,
1270 1223 1300 1255 id
1323 1227 1370 1256 est
1390 1233 1569 1267 nunquam,
1586 1225 1661 1268 quia
1676 1235 1839 1269 nunquam
1858 1227 1978 1261 reddes.
1996 1228 2075 1261 Beda
2090 1229 2133 1260 ¹²:

1176 1288 1191 1304 α
1209 1276 1319 1309 Reddit
1350 1286 1474 1319 semper
1505 1287 1620 1319 poenas
1644 1288 1702 1320 pro
1726 1281 1861 1321 peccatis
1885 1281 2047 1322 patiendo,
2080 1282 2134 1315 sed

1170 1337 1334 1370 nunquam
1359 1330 1481 1362 veniam
1506 1331 1700 1373 assequendo
1717 1345 1747 1364 ».
1773 1333 1859 1365 Unde
1883 1333 1983 1366 donec
2000 1344 2061 1367 non
2079 1344 2134 1376 po-

1171 1381 1217 1413 nit
1249 1382 1300 1414 hic
1332 1383 1522 1422 terminum,
1554 1383 1636 1416 sicut
1663 1394 1720 1418 nec
1745 1385 1808 1418 ibi:
1839 1399 1853 1414 α
1871 1386 1959 1419 Dixit
1981 1387 2133 1420 Dominus

1171 1434 1302 1467 Domino
1319 1444 1389 1468 meo
1405 1440 1483 1474 ete,
1507 1436 1606 1470 donec
1629 1447 1774 1479 ponam»
1797 1443 1855 1472 etc.
1881 1440 2073 1482 Augustinus
2089 1441 2131 1473 ¹³:

1175 1500 1191 1516 α
1210 1488 1316 1520 Donec
1339 1498 1402 1521 non
1427 1490 1597 1522 terminum
1615 1500 1732 1533 poenae
1749 1492 1920 1534 significat,
1938 1493 1991 1526 sed
2009 1502 2133 1536 semper

1170 1541 1271 1574 solves
1294 1544 1326 1574 et
1349 1551 1512 1585 nunquam
1537 1544 1696 1585 persolves
1713 1558 1743 1578 1».
1763 1545 1798 1578 Et
1812 1545 1928 1579 dicitur
1949 1547 2134 1589 persolvere

1169 1593 1391 1627 novissimum
1422 1596 1610 1636 minutum,
1642 1598 1717 1640 quia
1748 1607 1811 1631 non
1840 1602 1962 1632 tantum
1987 1608 2045 1641 pro
2069 1608 2135 1632 ma-

1169 1646 1256 1688 gnis,
1289 1647 1344 1680 sed
1375 1648 1468 1682 etiam
1499 1659 1558 1692 pro
1589 1651 1765 1684 minoribus
1793 1652 1918 1694 reprobi
1944 1653 2132 1694 puniuntur.

1168 1700 1256 1733 Unde
1279 1701 1523 1743 Chrysostomus
1538 1704 1585 1736 1⁴:
1615 1717 1631 1733 tr
1648 1705 1677 1737 Si
1702 1705 1798 1738 semel
1819 1706 2043 1739 condemnatus
2061 1707 2135 1740 mis-

1168 1761 1223 1785 sus
1246 1753 1345 1787 fueris
1368 1754 1399 1787 in
1424 1764 1602 1796 carcerem,
1627 1758 1688 1790 iam
1710 1767 1771 1791 non
1788 1759 1890 1792 solum
1908 1768 1966 1802 pro
1983 1760 2133 1802 gravibus

1168 1807 1321 1848 peccatis,
1353 1808 1407 1840 sed
1434 1809 1528 1842 etiam
1552 1819 1610 1852 pro
1635 1811 1732 1844 verbo
1754 1811 1872 1851 otioso,
1897 1812 1982 1854 quod
2008 1813 2134 1846 locutus

1167 1868 1219 1899 es,
1244 1861 1414 1903 exigentur
1430 1871 1448 1894 a
1465 1866 1494 1895 te
1511 1864 1666 1905 supplicia
1683 1878 1712 1896 ».
1730 1865 1763 1897 111
1780 1865 1857 1898 haec
1874 1866 2027 1908 supplicia
2042 1875 2133 1908 prae·

1168 1913 1340 1955 cipitantur
1356 1914 1409 1956 qui
1428 1924 1489 1947 non
1506 1916 1688 1949 custodiunt
1703 1917 1809 1950 divina
1825 1918 1939 1957 verba,
1965 1927 2045 1960 qnae
2062 1919 2133 1951 mit-

1168 1969 1241 1999 tunt
1266 1967 1424 2000 hominem
1449 1968 1487 2000 ad
1511 1968 1648 2001 divinam
1673 1970 1804 2011 gratiam
1829 1974 1861 2003 et
1883 1971 1922 2003 ad
1947 1971 2129 2011 Cliristum3

1168 2020 1252 2052 unde
1269 2020 1390 2054 loannis
1406 2021 1517 2063 quinto
1532 2022 1579 2054 ¹⁵:
1609 2035 1624 2051 «
1642 2023 1830 2056 Scrutamini
1853 2024 2040 2066 Scripturas.
2060 2025 2131 2057 illae

1168 2077 1243 2106 sunt
1265 2083 1347 2116 quae
1371 2074 1583 2108 testimonium
1608 2076 1776 2117 perhibent
1799 2076 1837 2109 de
1861 2086 1911 2110 me
1929 2091 1957 2109 n.

1258 2128 1311 2159 88.
1337 2127 1383 2159 Ex
1408 2127 1458 2160 his
1481 2128 1578 2170 igitur
1601 2132 1748 2171 apparet,
1771 2129 1855 2172 quod
1872 2130 2059 2172 negligentia
2075 2131 2131 2164 ho-

1167 2180 1261 2213 minis
1284 2180 1323 2213 ad
1347 2181 1401 2213 Dei
1426 2182 1558 2223 gratiam
1583 2183 1828 2224 cognoscendam
1853 2188 1884 2216 et
1900 2184 2130 2226 suscipiendam

1168 2237 1215 2266 est
1238 2233 1484 2274 inexcusabilis,
1505 2244 1564 2277 pro
1580 2244 1617 2269 eo
1633 2236 1717 2278 quod
1733 2236 1770 2269 ad
1789 2236 1872 2269 illam
1890 2238 2129 2271 commonitione

1238 2415 1249 2431 ⁹
1268 2418 1419 2444 Secundum
1439 2418 1558 2444 Glossam
1577 2418 1776 2446 interlinearem
1797 2419 1853 2453 (cfr.
1868 2419 1963 2452 Beda):
1982 2419 2128 2452 Esartore',

1167 2461 1287 2493 diabolo,
1306 2462 1351 2495 qui
1369 2469 1481 2495 poenam
1496 2463 1575 2495 exigit
1588 2471 1636 2496 pro
1649 2467 1736 2496 reatu,
1750 2471 1828 2497 quem
1843 2465 1974 2496 suggessit
1988 2465 2032 2497 (ita
2046 2468 2071 2490 et
2084 2465 2130 2497 ll),

1168 2507 1225 2533 Vat.
1245 2506 1293 2540 qui
1310 2506 1394 2540 exigit
1410 2508 1530 2541 peccata.
1548 2521 1585 2527 —
1603 2508 1703 2534 Deinde
1721 2508 1846 2540 allegatur
1859 2507 1903 2534 lob
1917 2509 1948 2540 3,
1967 2509 2010 2540 18,
2024 2509 2068 2534 ubi
2082 2516 2130 2541 pro

1166 2550 1349 2577 eoeaudierunl
1368 2551 1387 2578 C
1400 2552 1422 2577 D
1440 2551 1593 2585 exaudivit,
1613 2553 1634 2578 G
1652 2552 1817 2584 exaudiant,
1838 2553 1949 2585 Vulgata
1973 2552 2130 2580 audierunt.

1166 2595 1219 2623 Cir.
1239 2596 1363 2628 Gregor„
1383 2597 1425 2622 lV.
1444 2597 1533 2622 Moral.
1552 2597 1637 2623 c..35.
1657 2604 1683 2622 n.
1703 2598 1745 2623 69.

1239 2638 1261 2654 ¹⁰
1279 2641 1371 2667 Glossa
1390 2640 1589 2667 interlinearis:
1604 2643 1635 2668 ln
1649 2648 1799 2674 carcerem,
1820 2642 1922 2668 interni.
1936 2643 1994 2668 Vat.
2014 2642 2131 2676 inferna-

1167 2683 1228 2711 lem.
1246 2699 1282 2704 —
1301 2685 1424 2718 Sequitur
1444 2685 1500 2711 lsai.
1518 2684 1567 2716 24,
1588 2686 1631 2711 22.

1239 2728 1260 2744 ¹¹
1280 2728 1363 2756 Codd.
1383 2729 1433 2756 AC
1446 2730 1466 2755 D
1485 2729 1589 2762 em'bis,·
1608 2729 1720 2756 subinde
1734 2733 1793 2762 post
1807 2729 1889 2757 donec
1908 2731 1930 2756 Η
1943 2738 2003 2757 cum
2017 2731 2130 2763 Vulgata

1166 2774 1240 2800 addit
1258 2774 1353 2806 ctiam,
1374 2773 1455 2800 CDG
1476 2780 1562 2800 omne.
1581 2788 1616 2793 —
1636 2775 1673 2800 De
1691 2774 1795 2801 minato
1815 2776 1862 2800 cfr.
1882 2775 1957 2801 Marc.
1979 2776 2027 2806 12,
2047 2775 2089 2801 ⁴2.
2105 2780 2130 2801 et

1167 2819 1254 2844 Matth.
1273 2818 1305 2851 5,
1325 2819 1368 2844 26.

1238 2861 1260 2878 ¹¹
1279 2862 1348 2888 Libr.
1368 2863 1410 2888 lV.
1431 2862 1455 2888 in
1475 2863 1538 2888 Luc.
1559 2863 1606 2894 12,
1626 2862 1675 2894 59,
1703 2863 1784 2889 verba
1813 2864 1957 2890 afferuntur
1982 2864 2129 2891 secundum

1166 2909 1285 2934 Glossam
1305 2906 1487 2933 ordinariam.
1507 2921 1542 2925 —
1560 2907 1684 2940 Sequitur
1702 2908 1741 2933 ΡΒ.
1758 2908 1823 2939 109,
1838 2908 1862 2933 1.
1875 2909 1964 2934 (31οψ
1978 2908 2130 2935 interlinea-

1166 2953 1222 2980 ris:
1241 2953 1343 2983 Donec,
1363 2952 1391 2978 id
1410 2955 1449 2977 est
1468 2959 1618 2985 nunquam,
1637 2952 1718 2978 sicut:
1737 2952 1826 2979 Donec
1840 2959 1945 2986 ponam
1964 2956 2014 2979 etc.

1238 2995 1260 3011 ¹⁸
1280 2997 1349 3022 Libr.
1369 2997 1386 3021 1.
1406 2996 1438 3022 de
1459 2996 1541 3022 Serm.
1562 2996 1664 3021 Domini
1685 2997 1709 3022 in
1730 2999 1831 3028 monte,
1851 3004 1873 3022 c.
1896 2997 1935 3022 11.
1955 3004 1980 3022 n.
2000 2998 2048 3023 30:
2067 2997 2128 3024 Nou

1166 3041 1239 3068 exies
1258 3039 1331 3071 inde,
1351 3039 1460 3066 donec...
1477 3047 1584 3072 semper
1596 3047 1650 3066 non
1663 3040 1792 3067 exiturum
1806 3047 1876 3072 esse;
1890 3041 1951 3074 quia
1964 3048 2070 3073 semper
2082 3042 2130 3067 sol-

1166 3086 1204 3112 vit
1222 3085 1397 3111 novissimum
1417 3085 1606 3118 quadrantem,
1626 3085 1689 3111 dum
1709 3085 1883 3117 sempiternas
1902 3092 2000 3117 poenas
2017 3089 2130 3111 terreno-

1166 3137 1225 3156 rum
1245 3132 1413 3162 peccutorum
1432 3129 1487 3154 luit.

1238 3173 1260 3189 ¹¹
1279 3173 1373 3200 Homil.
1394 3174 1434 3198 11.
1455 3174 1481 3199 ln
1501 3174 1587 3199 Matili.
1606 3173 1636 3206 5,
1655 3174 1697 3200 25.
1722 3173 1779 3207 (Op.
1799 3174 1966 3206 imperfect).
1985 3187 2020 3192 —
2038 3174 2127 3200 Glossa

1166 3217 1350 3245 interlinearis
1370 3217 1411 3250 (ex
1431 3217 1527 3250 Beda):
1547 3217 1730 3245 Norissimum
1750 3217 1884 3244 minutum
1905 3217 2012 3250 reddas,
2034 3218 2060 3244 id
2074 3222 2128 3250 est,

1166 3270 1215 3296 pro
1235 3262 1350 3288 minimis
1367 3262 1482 3294 peccatis
1504 3262 1629 3294 puniaris.

1241 3305 1264 3321 ¹⁵
1283 3307 1358 3333 Vei-s.
1377 3306 1419 3332 39.

2155 1344 2283 1366 Notandum.

2151 2142 2260 2170 Epilogus.
