2476 3921
142 377 211 397 causa
227 376 272 397 effi-

118 403 177 424 eieus
190 403 270 430 prologi

134 429 264 450 describitur

139 456 260 482 tripliciter.

183 482 262 503 Primo.

151 965 257 986 Secundo.

175 1496 255 1518 Tertio.

285 229 305 259 8
1023 224 1244 257 PROOEMIUM
1268 223 1525 256 COMMENTARll

373 318 403 347 Ξ.
429 316 587 356 Quantum
612 314 649 345 ad
676 322 808 352 causam
840 311 1020 355 effectivam
1044 315 1134 351 nota,
1159 312 1243 354 quod

282 366 430 401 describit
454 368 557 409 ipsum
584 366 809 408 Evangelistam
834 369 988 407 quantum
1012 366 1050 397 ad
1075 366 1145 405 tria,
1162 366 1244 398 seili-

282 424 331 453 cet
354 424 508 462 quantum
541 419 580 452 ad
612 419 817 457 convictum,
842 422 995 460 quantum
1020 418 1058 450 ad
1088 419 1243 450 meritum

282 477 312 506 et
335 476 488 515 quantum
511 472 548 504 ad
566 472 720 515 officiam.
739 490 782 494 ——
798 472 956 512 Quantum
982 471 1021 503 ad
1038 471 1242 510 convictam,

282 535 354 558 cum
379 526 513 558 dicitur:
538 525 660 564 Lucas,
678 525 787 568 Syrtis
804 528 862 557 etc.
889 533 990 566 usque
1007 524 1067 557 ibi:
1094 524 1242 557 Paulum

280 584 413 612 secutus
438 589 540 622 usqae
564 579 609 611 aa
633 577 867 621 confessionem
891 578 972 610 eius.
989 578 1035 610 Ex
1053 588 1116 620 quo
1139 582 1243 610 osten-

280 633 366 674 ditur
390 633 501 665 beatus
534 633 631 664 Lucas
664 632 795 664 idoneus
818 632 855 664 ad
880 631 1080 664 scribendum
1107 632 1243 674 Evange-

280 686 375 725 lium,
400 686 475 728 quia
498 695 570 718 eum
596 686 645 718 his
668 685 722 727 qui
747 689 837 717 erant
861 685 1061 727 peritissimi,
1086 685 1145 717 suit
1169 694 1242 717 eon-

280 743 442 778 versatus;
460 739 544 771 unde
560 739 715 772 secundae
731 739 768 771 ad
788 739 986 771 Timotheum
1005 739 1116 771 ultimo
1129 740 1159 771 ¹:
1178 739 1243 771 Lu-

279 802 338 825 cas
361 796 406 825 est
429 803 558 825 meeum
585 792 695 831 solus,
732 792 806 824 dicit
830 792 1012 833 Apostolus,
1037 792 1112 833 quia
1136 792 1163 824 ei
1188 791 1242 824 ad—

280 846 380 879 haesit
404 850 553 888 tanquam
578 846 678 878 fidelis
700 845 882 887 discipulus.

369 899 398 932 3.
424 899 568 932 Secundo
590 898 738 931 describit
755 907 828 930 eum
844 902 998 940 quantum
1016 898 1054 930 ad
1070 898 1240 935 meritam,

279 952 363 994 quod
387 952 529 985 consistit
552 952 583 984 in
608 952 671 984 vita
694 955 725 984 et
755 951 872 993 gratia;
898 955 928 983 et
953 952 1013 984 hoc
1037 954 1142 988 notat,
1167 960 1240 983 cum

278 1005 368 1039 dicit:
395 1006 546 1038 Servieris·
574 1005 714 1038 Domino
748 1005 819 1037 stne
851 1005 1010 1042 erimine,
1043 1004 1074 1036 in
1099 1013 1162 1046 quo
1185 1013 1241 1036 no-

278 1063 365 1092 tatur
387 1060 477 1097 vitem
493 1063 523 1092 et
541 1062 624 1101 post:
653 1058 740 1091 Obiit
760 1058 878 1100 plenus
902 1058 1033 1099 Spiritu
1056 1061 1183 1096 sancto,
1208 1057 1240 1089 in

276 1122 340 1154 quo
364 1117 491 1145 notatur
514 1112 648 1154 qratia,
673 1115 704 1144 et
728 1111 797 1144 ideo
822 1111 952 1143 idoneus
975 1111 1013 1143 ad
1038 1111 1241 1153 Evangelium

276 1165 549 1198 conscribendum.
586 1165 684 1197 Cuius
719 1165 823 1206 figura
858 1165 1028 1206 praecessit
1056 1165 1087 1196 in
1112 1165 1240 1206 loseph,

275 1218 403 1250 Genesis
427 1218 666 1260 quadragesimo
690 1218 840 1259 prim02:
866 1216 956 1249 Nam
987 1217 1133 1250 invenire
1152 1221 1241 1259 pote-

276 1270 386 1302 rimus
410 1270 505 1302 talem
530 1270 661 1308 viram,
694 1270 753 1312 qai
784 1269 915 1311 Spiritu
949 1269 1008 1301 Dei
1028 1269 1147 1311 plenas
1170 1269 1241 1301 stt?

276 1323 362 1356 Sicut
385 1323 467 1355 enim
492 1323 601 1365 loseph
637 1322 795 1355 frumenta
829 1322 1037 1364 dispensavit,
1070 1323 1114 1355 sic
1143 1323 1241 1355 Lucas

274 1376 484 1418 evangelicam
508 1376 692 1409 doctrinam.

364 1430 394 1462 ά.
421 1430 526 1463 Tertio
550 1430 699 1463 describit
734 1439 806 1463 eum
832 1432 986 1472 quantum
1012 1430 1050 1463 ad
1075 1430 1239 1474 officiam,

275 1483 350 1525 quia
373 1483 523 1516 divinitus
547 1483 714 1525 instigatus
737 1486 801 1521 est,
820 1486 855 1515 ut
878 1483 1031 1516 scriberet
1046 1483 1131 1525 apud
1147 1483 1242 1515 Grae-

276 1545 329 1569 cos
352 1536 573 1578 Evangeliun1;
598 1539 629 1568 et
664 1536 723 1568 hoc
759 1540 901 1574 notatur,
926 1545 996 1568 cum
1030 1536 1122 1568 dicit:
1156 1536 1240 1576 Qui,

274 1600 349 1622 cam
375 1590 444 1622 iam
469 1589 595 1632 scripta
619 1593 722 1622 essent
748 1589 929 1632 Evanyelia
950 1599 1012 1631 per
1035 1588 1239 1621 Matthaeztm

274 1644 310 1675 in
334 1643 481 1682 Iudaea,
505 1653 564 1686 per
599 1643 755 1676 Marcum
790 1643 826 1675 iii
861 1643 983 1681 Italia;
1007 1643 1060 1676 ubi
1086 1643 1239 1681 ostendit,

276 1697 359 1739 quod
396 1697 542 1730 idoneum
579 1697 655 1737 fuit,
680 1698 765 1740 quod
802 1698 901 1730 Lucas
936 1698 1068 1730 haberet
1099 1697 1238 1730 osticium

275 1751 367 1783 tertio
391 1751 458 1783 loco
482 1751 637 1783 scribendi
663 1750 881 1792 Evangelium,
907 1750 1024 1783 scilicet
1040 1750 1121 1783 inter
1145 1749 1240 1782 Grae-

274 1813 344 1842 cos,
362 1808 397 1836 ut
414 1804 458 1837 sic
483 1804 518 1836 in
543 1814 669 1840 omnem
696 1808 823 1836 terram
847 1803 951 1836 exiret
966 1814 1069 1836 soiius
1085 1813 1201 1836 eoram
1214 1804 1238 1842 3,

273 1861 304 1890 et
327 1858 358 1890 in
383 1858 569 1900 mysterium
594 1858 757 1890 Trinitatis
795 1858 895 1891 tribus
919 1858 1089 1900 generibus
1118 1858 1239 1899 lingua-

274 1921 345 1944 rum
364 1912 599 1953 praedicaretur
617 1915 647 1944 et
664 1912 858 1944 scriberetur
876 1911 1088 1953 Evangelium.
1108 1911 1143 1943 Et
1165 1911 1239 1943 huic

273 1965 470 2007 competebat
503 1966 662 2007 scriptura
698 1965 780 1998 tituli
813 1965 935 2004 crucis,
970 1965 1090 1997 loannis
1118 1964 1239 1997 decimo

1308 320 1389 344 nono
1402 312 1426 350 ¹²,
1443 311 1497 343 ubi
1514 311 1647 350 dicitur,
1672 312 1755 354 quod
1774 313 1885 345 titulus
1902 314 1971 346 ille:
1989 314 2074 346 Iesus
2091 314 2268 347 Nazarenus

1307 373 1366 396 rex
1392 364 1595 403 Iudaeorum,
1633 365 1770 406 scriptus
1794 369 1861 398 erat
1890 366 2056 405 Hebraice,
2089 367 2206 400 Graece
2238 370 2269 400 et

1308 417 1422 450 Latine.

1398 472 1426 502 a'.
1453 471 1589 503 Dubium
1615 474 1719 504 autem
1744 475 1809 511 est,
1833 475 1942 505 utrum
1967 473 2090 506 Marcus
2107 474 2269 516 scripserit

1307 523 1338 555 in
1363 523 1469 565 lingua
1494 524 1617 562 Latina,
1647 533 1686 556 an
1718 524 1853 563 Graeca,
1883 534 1955 557 cum
1988 526 2092 558 dicant
2123 527 2268 569 Augusti-

1308 586 1368 609 nus
1381 577 1393 596 ⁵
1410 580 1441 609 et
1458 577 1604 616 Isidorus,
1623 578 1707 620 quod
1724 578 1828 620 omnia
1846 578 2010 620 Evangelia
2027 583 2152 620 praeter
2169 580 2267 612 Evan-

1307 630 1424 671 gelium
1450 631 1593 663 Matthaei
1620 629 1737 673 scripta
1767 631 1886 664 suerint
1909 632 1940 664 in
1965 632 2092 664 Graeco.
2118 633 2176 665 Sed
2201 642 2269 666 cer-

1307 687 1374 715 tum
1398 688 1462 722 est,
1487 684 1571 725 quod
1607 684 1638 716 in
1674 685 1758 717 ltalia
1782 685 1950 726 scripsit⁶;
1975 688 2006 717 et
2029 686 2104 727 quia
2132 690 2268 728 utraque

1307 737 1413 779 lingua
1436 737 1477 769 ibi
1504 742 1579 770 tune
1603 739 1753 780 temporis
1777 742 1845 771 erat
1861 742 2027 777 consueta,
2045 739 2206 781 probabile
2223 740 2268 772 vi-

1306 788 1416 829 detur,
1441 791 1525 832 quod
1550 791 1675 833 scripsit
1699 792 1729 824 in
1747 795 1884 834 utraque
1900 792 2022 834 lingua,
2041 793 2179 825 maxime
2196 802 2267 825 cum

1307 844 1409 876 tradat
1432 845 1620 886 antiquitas,
1645 845 1729 887 quod
1755 846 1974 887 Evangelium,
1999 846 2083 888 qnod
2100 855 2157 879 sua
2173 856 2268 884 manu

1306 897 1448 939 scripsit,
1473 898 1514 930 sit
1537 898 1695 940 Aquileiae
1708 899 1730 930 ⁷.

1397 951 1425 982 6.
1454 950 1517 982 Cui
1539 956 1634 983 extra
1659 961 1697 983 ea
1721 955 1779 984 etc.
1798 952 1850 984 Hic
1867 952 2057 985 describitur
2074 961 2169 985 causa
2183 952 2270 994 sina-

1307 1003 1347 1035 tis
1371 1003 1436 1035 sive
1459 1004 1575 1038 motiva
1600 1004 1730 1046 triplex,
1756 1005 1873 1037 scilicet
1897 1004 2124 1047 manifestatio
2149 1006 2270 1038 verita—

1307 1056 1367 1095 tz's,
1392 1056 1577 1098 confutatio
1601 1056 1765 1099 falsitatis
1789 1062 1820 1091 et
1836 1057 2067 1101 lionorilicatio
2084 1059 2270 1092 dominicae

1306 1110 1500 1142 maiestatis.
1527 1129 1568 1133 —
1594 1111 1696 1143 Primo
1720 1111 1816 1153 igitur
1840 1116 1994 1154 quantum
2019 1112 2057 1144 ad
2073 1111 2270 1154 manifesta-

1307 1163 1425 1195 tione-ui
1461 1164 1612 1196 veritatis
1643 1164 1735 1197 dicit:
1775 1165 1839 1197 Cui
1869 1171 1965 1198 extra
2000 1176 2040 1199 ea
2075 1176 2159 1210 quae
2188 1167 2269 1199 ordo

1306 1217 1513 1258 evanyclicae
1536 1217 1782 1259 dispositionis,
1807 1219 1838 1252 id
1854 1223 1901 1252 est
1923 1220 2089 1259 historiae,
2113 1221 2269 1262 exposcit,

1306 1279 1345 1301 ea
1370 1270 1516 1302 maxime
1550 1271 1744 1310 necessitas,
1770 1271 1800 1303 id
1836 1276 1883 1304 est
1900 1298 1902 1300 .
1918 1273 2087 1305 necessitas
2121 1281 2268 1312 movens,

1307 1322 1432 1354 laboris
1455 1321 1541 1364 ficit,
1566 1327 1604 1355 ut
1635 1324 1787 1365 primam
1823 1325 1962 1357 Graecis
1991 1325 2162 1367 fidelibus,
2195 1326 2270 1368 quia

1306 1375 1351 1408 eis
1375 1375 1477 1417 primo
1500 1379 1531 1408 et
1555 1376 1770 1418 principaliter
1800 1378 1953 1419 scriptum
1978 1379 2054 1417 fuit,
2079 1379 2171 1411 omni
2190 1388 2270 1420 pro-

1305 1428 1489 1472 phetatione
1512 1430 1645 1462 venturi
1668 1431 1703 1463 in
1727 1441 1863 1464 earnem
1894 1432 1953 1464 Dei
1986 1432 2128 1471 Christi,
2159 1432 2270 1465 maiii-

1305 1481 1392 1524 festa
1404 1482 1417 1501 ⁸
1434 1487 1515 1515 esset
1530 1482 1744 1522 lmmanitas;
1769 1485 1861 1517 omni
1877 1484 2141 1527 prophetatione,
2159 1486 2190 1518 id
2206 1489 2268 1525 est,

1305 1536 1345 1567 ab
1361 1536 1508 1568 omnibus
1525 1536 1688 1577 Prophetis
1703 1537 1899 1577 praedictum
1917 1541 1974 1576 est,
1992 1539 2151 1571 Christum
2169 1540 2269 1571 Deum

1306 1589 1336 1621 in
1369 1598 1494 1621 carnem
1528 1592 1708 1622 venturum.
1742 1588 1923 1632 Manifesta
1945 1595 2026 1623 esset
2053 1589 2267 1630 hamanitas,

1306 1642 1381 1684 quia
1404 1646 1548 1674 versatus
1573 1642 1631 1674 suit
1656 1642 1739 1674 circa
1755 1642 1869 1675 Christi
1888 1643 2133 1683 humanitatem,
2159 1654 2270 1677 secun-

1304 1696 1380 1729 dum
1405 1695 1489 1737 quod
1514 1705 1570 1737 per
1594 1705 1662 1728 eam
1688 1696 1839 1738 redempti
1866 1705 1987 1729 sumus.
2013 1697 2098 1730 Unde
2115 1698 2270 1730 secundae

1304 1750 1343 1782 ad
1368 1750 1567 1782 Timotheum
1599 1750 1780 1782 sectind0⁰:
1813 1750 1938 1782 Memor
1969 1755 2054 1790 esto,
2090 1752 2270 1784 Dominum

1304 1807 1459 1836 nostrum
1484 1803 1593 1835 lesam
1627 1802 1797 1836 Christum
1831 1804 2058 1836 resurrexisse
2081 1814 2103 1836 a
2127 1804 2271 1837 mortuis

1305 1867 1344 1890 ex
1379 1857 1501 1889 semiue
1539 1857 1650 1889 David
1679 1857 1862 1889 secunaum
1900 1858 2118 1900 Evaiiyelium
2149 1868 2268 1890 ineam.

1305 1911 1366 1943 Hoc
1390 1914 1495 1942 autem
1523 1910 1725 1952 Evangelium
1761 1910 1938 1951 specialiter
1970 1911 2029 1943 fuit
2064 1911 2269 1953 Evangelium

1306 1964 1423 2001 Lucae,
1449 1963 1530 1995 sicut
1555 1963 1757 2005 Evangelium
1782 1963 1875 1996 Marci
1900 1963 2070 2005 praecipue
2093 1963 2153 1996 suit
2178 1963 2269 1996 Petri.

346 2167 355 2182 ¹
377 2169 451 2194 Vers.
475 2169 516 2194 tt.
1069 2166 1079 2181 ²
1102 2167 1174 2193 Vers.
1198 2167 1239 2192 38.

346 2211 356 2226 ³
375 2213 469 2239 Psalm.
491 2214 535 2245 «18,
557 2213 582 2238 5.

345 2257 357 2272 ⁴
376 2259 452 2284 Vers.
472 2259 514 2283 ⁴9.
533 2265 589 2291 seq.

347 2301 358 2316 ⁶
378 2302 447 2328 Libr.
468 2303 484 2328 l.
504 2303 537 2328 de
557 2302 691 2328 Consensu
708 2302 866 2334 EvangeliSt.
887 2309 910 2328 c.
924 2304 948 2327 2.
968 2309 993 2327 n.
1015 2301 1043 2327 4:
1063 2302 1163 2327 Horum
1178 2308 1241 2327 sane

275 2350 389 2381 quatuor
407 2347 478 2372 selus
498 2347 641 2372 Matthaeus
660 2346 779 2372 Hebraeo
799 2346 935 2378 scripsisse
952 2346 1105 2379 perhibetur
1120 2346 1240 2379 eloquio,

275 2393 355 2418 ceteri
375 2393 484 2424 Graeco.
502 2406 537 2410 —
557 2392 595 2417 De
614 2391 739 2417 sententia
759 2392 849 2417 Isidori
869 2391 932 2417 vide
949 2392 989 2417 Vl.
1006 2392 1154 2423 litymolog.
1173 2398 1195 2416 c.
1216 2392 1240 2416 2.

276 2445 301 2462 n.
323 2437 371 2467 35,
385 2436 430 2462 ubi
443 2436 520 2467 dicit,
540 2436 697 2461 Matthaeum
717 2436 853 2468 scripsisse
876 2446 889 2459 ιι
903 2437 1075 2468 Evangelium
1090 2436 1180 2461 litterIs
1194 2436 1241 2461 He-

276 2480 372 2506 braicis
386 2490 410 2510 n,
439 2481 553 2505 Marcum
577 2489 590 2502 α
610 2480 714 2512 eloquio
741 2480 840 2505 Graeco
860 2489 885 2510 v,
914 2480 1011 2505 Lucam
1042 2480 1120 2505 fuisse
1145 2488 1156 2502 α
1176 2479 1242 2504 inter

276 2533 369 2551 omnes
389 2525 568 2556 livangelistas
587 2524 677 2549 Graeci
697 2524 827 2549 sermonis
846 2523 1052 2549 eruditissimum
1069 2534 1092 2549 ι».
1109 2523 1162 2549 Csr.
1183 2523 1242 2548 Hie-

275 2577 345 2601 ron.‚
366 2569 491 2595 Praefatio
510 2569 543 2594 ad
563 2572 676 2601 quatuor
696 2568 835 2600 Evangelia
850 2568 882 2594 ad
903 2569 1046 2594 Damasum
1067 2568 1109 2600 (in
1129 2568 1243 2600 antiquis

276 2615 338 2641 edd.
356 2618 395 2640 est
423 2614 502 2646 Epist.
523 2614 607 2646 ⁴23.):
628 2614 664 2638 De
685 2620 755 2639 novo
775 2620 846 2639 nunc
866 2614 959 2645 loquor
978 2616 1146 2643 testamento,
1169 2612 1242 2645 quod

276 2661 404 2685 Graecum
424 2666 481 2684 esse
500 2666 552 2683 non
566 2658 678 2684 dubium
698 2661 750 2688 est,
771 2661 879 2689 excepto
900 2659 1018 2689 apostolo
1034 2658 1176 2689 Matthaeo,
1196 2657 1241 2690 qui

276 2704 378 2736 primus
398 2703 423 2728 in
444 2703 537 2728 iudaea
558 2703 728 2734 Evangetium
748 2702 841 2728 Christi
863 2702 997 2728 Hebraicis
1017 2702 1105 2727 litteris
1124 2702 1214 2727 edidit.

348 2745 360 2761 ⁶
378 2748 494 2779 Hieron.‚
513 2747 546 2772 de
567 2747 635 2772 Viris
655 2747 812 2779 illustribus,
826 2755 849 2772 c.
863 2748 896 2772 8:
917 2747 1031 2777 Marcus,
1052 2747 1198 2778 discipulus
1218 2750 1256 2772 et‘

278 2793 405 2824 interpres
425 2792 505 2822 Petri,
526 2792 593 2817 iuxta
613 2792 686 2824 quod
711 2792 814 2816 Petrum
835 2793 988 2820 referentem
1009 2792 1142 2822 audierat,
1169 2799 1242 2823 roga-

277 2838 318 2862 tus
338 2838 437 2862 Romae
456 2844 469 2861 a
486 2836 624 2867 tratribus,
644 2836 724 2861 breve
744 2836 847 2867 scripsit
861 2836 1042 2868 mangonum.
1061 2836 1114 2862 Csr.
1134 2837 1242 2867 Euseb.,

278 2882 304 2907 ll.
324 2882 388 2907 Hist.
407 2881 469 2907 eccl.
489 2888 510 2906 c.
532 2881 582 2912 fl-'5;
602 2885 627 2906 et
648 2881 749 2912 lsidor.,
771 2881 903 2906 Prooemia
923 2881 947 2906 iu
968 2880 1047 2906 libros
1067 2884 1118 2906 vet.
1136 2885 1160 2907 et
1180 2882 1242 2906 novi

278 2930 379 2951 testam.
399 2933 422 2951 n.
443 2926 488 2950 tit:
505 2926 647 2951 Matthaeus
667 2926 836 2957 Evangettnm
853 2926 878 2950 in
893 2926 986 2951 iudaea
1002 2926 1103 2958 primus
1125 2927 1241 2958 scripsit,

278 2971 373 2997 deinde
393 2972 493 2996 Marcus
512 2971 537 2996 in
558 2970 641 3001 ltalia,
662 2972 751 2996 tertius
771 2972 853 2996 Lucas
872 2972 896 2996 in
918 2972 1022 3001 Achaia,
1044 2971 1150 2996 ultimus
1170 2972 1241 2997 loan-

278 3023 325 3041 nes
345 3016 368 3040 in
389 3015 456 3040 Asia.
485 3016 518 3040 lix
538 3015 635 3048 quilius
655 3016 724 3040 solus
751 3019 850 3040 tantum
872 3016 1015 3041 Matthaeus
1041 3015 1242 3047 praedicationis

278 3067 340 3085 suae
369 3060 502 3084 historiam
524 3059 651 3084 Hebraico
677 3060 824 3091 perstrinxit
848 3061 919 3091 stilo;
946 3060 1036 3092 reliqui
1061 3067 1127 3085 vero
1149 3060 1241 3085 Graeci

278 3104 406 3129 sermonis
426 3105 531 3137 eloquio
552 3104 698 3129 ediderunt.
711 3118 746 3123 —
760 3105 887 3136 Superius
907 3112 954 3137 pro
972 3107 1082 3138 praeter
1102 3106 1123 3130 Ι)
1134 3106 1153 3130 (ι’
1171 3107 1241 3139 post.

348 3147 357 3162 ⁷
379 3150 484 3180 Ilaron„
505 3150 595 3174 Annal.
615 3150 647 3174 ad
668 3157 709 3175 an.
734 3149 772 3174 45.
794 3157 819 3174 n.
839 3150 881 3175 lit).
901 3150 1047 3181 contendit,
1062 3151 1177 3175 Marcum
1197 3151 1241 3175 La-

278 3194 331 3219 tino
351 3201 471 3219 sermone
492 3195 661 3226 Evangeliurn
682 3202 759 3219 suum
782 3195 880 3220 Rornae
900 3195 1048 3226 scripsisse;
1069 3194 1131 3219 ibid.
1153 3203 1177 3219 n.
1199 3195 1241 3220 sil.

278 3239 325 3264 ait:
349 3248 361 3260 «
375 3238 465 3263 Fertur
486 3238 622 3263 traditione
642 3238 726 3270 magis
745 3246 825 3271 quarn
846 3239 1013 3271 antiquorum
1037 3242 1107 3264 certo
1128 3239 1241 3264 testimo-

279 3283 333 3314 nio,
359 3283 446 3314 ipsum
473 3283 587 3308 Marcum
615 3283 785 3315 Evangeliurn
812 3290 903 3314 suum,
929 3283 1000 3315 quod
1028 3284 1127 3308 ltomae
1154 3283 1241 3308 Latine

279 3327 431 3358 scripserat,
452 3333 511 3351 eum
533 3327 666 3358 Aquileiae
692 3330 849 3357 moraretur,
871 3327 966 3352 missus
991 3327 1050 3352 iiiuc
1070 3335 1084 3351 a
1111 3328 1186 3352 Petro
1206 3327 1240 3352 ad

278 3378 337 3396 earn
357 3371 510 3401 erigendam
533 3371 687 3402 Ecclesiam,
708 3371 733 3395 in
757 3371 886 3396 Graecum
907 3372 1079 3402 transtulisse,
1100 3372 1241 3404 ipsumque

279 3416 405 3447 originale
425 3416 558 3447 Aquileiae
578 3415 676 3440 diutius
702 3418 878 3448 asservatum,
903 3416 1024 3441 Venetias
1049 3417 1157 3441 demum
1184 3423 1241 3441 esse

1306 2166 1498 2191 translatum».
1526 2165 1636 2190 Econtra
1666 2164 1775 2196 August.
1795 2164 1874 2189 Maria
1899 2164 1984 2190 Molini
2005 2164 2140 2197 (Basilicae
2165 2165 2271 2197 patriar-

1305 2210 1386 2236 chalis
1406 2210 1521 2235 Venetae
1549 2209 1690 2235 canonicus
1716 2209 1863 2241 theologus)
1895 2209 1919 2234 in
1940 2217 1988 2235 suo
2017 2209 2083 2235 libro
2103 2209 2137 2235 de
2168 2210 2223 2235 Vita
2246 2213 2271 2236 et

1306 2253 1412 2285 lipsanis
1433 2254 1459 2278 S.
1484 2252 1560 2278 Marci
1586 2253 1763 2285 evangelistae
1787 2252 1877 2286 (quem
1902 2254 1984 2279 edidit
2009 2255 2117 2279 sanctes
2141 2254 2271 2286 Pieralisi,

1306 2300 1406 2324 Romae
1427 2298 1505 2327 t864i
1526 2298 1678 2329 Hieronymi
1698 2301 1723 2323 et
1743 2298 1879 2329 Augustini
1899 2299 2052 2324 sententiam
2067 2305 2146 2330 supra
2167 2299 2271 2324 allatam

1306 2346 1397 2369 tenens
1417 2350 1530 2375 eamque
1549 2346 1637 2368 contra
1657 2343 1800 2368 Baronium
1820 2343 1974 2374 defendens,
1990 2343 2014 2368 in
2031 2343 2080 2368 tine
2094 2351 2117 2368 ι’.
2137 2343 2162 2368 9.
2181 2351 2208 2368 ιι.
2230 2343 2272 2369 t3.

1306 2387 1364 2413 libri
1385 2389 1401 2413 Ι.
1428 2388 1477 2412 ait:
1500 2388 1578 2413 «Sed
1599 2387 1684 2412 inedia
1710 2387 1826 2420 quadam
1852 2388 1893 2412 via
1919 2388 2096 2413 incedendum
2123 2395 2181 2413 esse
2206 2388 2270 2413 mihi

1306 2433 1422 2464 videtur,
1443 2439 1472 2457 ae
1506 2432 1610 2465 siquid
1639 2432 1804 2458 coniecturae
1832 2432 2002 2458 tribuendum
2032 2436 2084 2464 est,
2113 2433 2271 2458 dicendum:

1307 2478 1422 2504 Marcum
1442 2478 1539 2502 Graece
1558 2477 1666 2510 quidem
1681 2477 1768 2508 primo
1788 2478 1959 2509 Evangelium
1974 2485 2051 2503 suum
2073 2478 2271 2509 conscripsisse;

1307 2525 1362 2547 tum
1384 2521 1446 2547 iilud
1467 2521 1491 2546 in
1511 2528 1602 2546 eorum
1623 2522 1809 2552 commodum,
1829 2522 1875 2554 qui
1894 2522 1992 2547 Graece
2010 2522 2151 2552 nescirent,
2165 2522 2190 2547 in
2209 2523 2273 2547 Lati-

1307 2573 1367 2591 nam
1387 2566 1503 2598 linguam
1530 2566 1697 2591 transtulisse.
1720 2566 1816 2591 Placuit
1841 2566 1865 2591 id
1893 2570 1952 2591 ante
1973 2574 2021 2592 nos
2046 2566 2165 2592 Cornelio
2191 2573 2206 2591 a
2228 2567 2272 2592 La-

1308 2611 1395 2643 pide»
1418 2614 1468 2641 etc,
1495 2611 1521 2636 ln
1542 2613 1693 2642 praenotato
1719 2610 1785 2635 libro
1810 2611 1903 2642 multa,
1929 2618 1998 2643 quae
2023 2614 2184 2636 concernunt
2203 2618 2271 2643 rem,

1308 2655 1341 2681 de
1355 2662 1406 2688 qua
1428 2655 1469 2681 hic
1483 2656 1581 2687 agitur,
1601 2658 1724 2686 congesta
1742 2655 1922 2687 inveniuntur,
1940 2658 1965 2680 et
1983 2655 2017 2681 de
2036 2655 2126 2681 codice
2143 2656 2272 2681 Marciano

1309 2700 1419 2731 dicitur,
1439 2700 1525 2732 ipsum
1554 2700 1632 2725 tuisse
1652 2700 1741 2725 Latine
1766 2699 1894 2731 scriptum
1915 2700 1976 2733 v(loe.
1997 2700 2038 2725 cit.
2058 2707 2080 2726 c.
2102 2701 2143 2725 r12.
2163 2708 2189 2725 n.
2210 2700 2272 2734 ⁴2).

1308 2760 1341 2763 —
1356 2745 1523 2770 nocentiores
1543 2747 1630 2770 tamen
1644 2747 1764 2770 auctores
1783 2745 1947 2776 exploratum
1967 2752 2025 2770 esse
2044 2748 2179 2776 asserunt,
2193 2745 2272 2771 istum

1309 2790 1427 2815 codicem
1457 2797 1513 2815 esse
1543 2791 1727 2821 apographum
1749 2790 1846 2815 saeculi
1867 2790 1917 2815 vit.
1938 2789 1977 2815 Ab
1997 2790 2097 2815 eisdem
2118 2790 2195 2815 etiam
2221 2797 2272 2816 non

1309 2834 1450 2866 probatur,
1471 2834 1543 2871 quod
1564 2835 1663 2859 Marcus
1685 2834 1708 2859 in
1730 2837 1841 2866 utraque
1860 2834 1947 2865 lingua
1969 2834 2110 2866 scripserit.

1380 2877 1390 2892 ⁸
1410 2879 1498 2904 l'iures
1523 2879 1605 2904 codd.>
1623 2879 1812 2912 manifestata;
1837 2880 1882 2904 cfr.
1903 2886 1981 2910 supra
2009 2886 2069 2911 pag.
2096 2879 2126 2911 7,
2156 2882 2214 2904 nota
2245 2879 2270 2905 5.

1308 2924 1429 2949 Sedulius
1450 2925 1540 2949 Scottis
1567 2923 1622 2955 (cfr.
1643 2931 1722 2955 supra
1750 2931 1809 2955 pag.
1840 2924 1869 2955 7,
1894 2927 1954 2949 nota
1981 2924 2030 2957 2.):
2060 2924 2111 2949 Sed
2139 2924 2208 2951 unde
2231 2924 2271 2949 iila

1308 2969 1415 3003 [Christi
1445 2968 1604 3002 humanitas]
1634 2970 1862 2994 manifestaretur?
1884 2969 1978 3001 Omni,
2007 2970 2105 3002 inquit,
2128 2969 2274 3003 proplieta-

1307 3013 1390 3044 tione,
1411 3014 1436 3039 id
1466 3017 1518 3041 est,
1545 3021 1591 3045 per
1615 3021 1721 3039 omnem
1747 3014 1975 3046 prophetationem
1997 3015 2035 3039 illa
2059 3016 2140 3039 inerat
2166 3014 2273 3039 inanite-

1307 3062 1379 3084 stata.
1401 3059 1479 3089 Nam,
1500 3062 1528 3084 ut
1549 3058 1640 3084 heatus
1664 3059 1748 3085 Lucas
1767 3059 1792 3084 in
1818 3059 1925 3084 exordio
1945 3059 1985 3085 sui
2011 3059 2143 3089 Evaneclii
2164 3059 2273 3090 pleniter

1307 3107 1407 3135 narrat,
1427 3104 1564 3135 conceptio
1585 3108 1609 3129 et
1629 3104 1749 3129 nativitas
1769 3104 1899 3130 dominica
1920 3107 1945 3130 et
1964 3104 1998 3129 ab
2017 3104 2180 3135 Archangelo
2200 3111 2273 3135 prae-

1306 3149 1421 3174 nuntiata
1442 3154 1466 3174 et
1486 3149 1519 3174 al)
1538 3150 1610 3175 omni
1629 3157 1705 3181 sexu,
1726 3153 1778 3174 tam
1799 3149 1863 3175 viris
1882 3157 1963 3182 quarn
1989 3149 2106 3180 seminis,
2127 3151 2151 3173 et
2170 3147 2204 3173 ab
2224 3148 2271 3173 Αῐι-

1306 3195 1371 3226 gelis
1391 3194 1594 3227 hominibusque
1614 3195 1790 3220 demonstrata
1810 3198 1857 3219 est.

1378 3237 1389 3252 ⁰
1410 3239 1483 3264 Vers.
1498 3240 1522 3264 8.
1537 3239 1653 3271 llieron.,
1668 3239 1701 3264 de
1721 3239 1790 3264 Viris
1803 3238 1958 3270 illustribus,
1978 3246 2000 3264 c.
2013 3238 2043 3263 7:
2063 3237 2175 3270 Quidam
2189 3237 2273 3269 suspi-

1307 3286 1411 3315 cantur,
1431 3284 1650 3316 quotiescumque
1663 3284 1688 3308 in
1704 3283 1825 3315 Epistotis
1838 3283 1891 3308 suis
1906 3283 2000 3323 Paulus
2014 3282 2076 3308 dicit
2089 3281 2169 3308 iuoeta
2186 3281 2273 3307 Evan-

1307 3328 1406 3360 ,qelium
1427 3336 1531 3359 meum,
1556 3329 1589 3353 de
1615 3329 1701 3353 Lucae
1725 3327 1873 3359 significare
1899 3327 2040 3352 volumine.
2066 3327 2103 3351 De
2131 3325 2272 3357 Evangelio

1308 3373 1384 3397 Marci
1405 3373 1450 3397 cfr.
1470 3380 1549 3404 supra
1569 3376 1627 3398 nota
1649 3373 1673 3397 6.

2288 477 2381 498 Dubium
2393 478 2432 499 soi·
2469 491 2470 508 ;

2327 504 2391 525 vitur.

2285 953 2354 974 Causa
2365 953 2434 975 finatis

2316 980 2402 1008 triplex.

2290 1113 2369 1134 Prima.
