2476 3921
8 726 9 731 ¹
36 719 159 750 0011110111-

18 748 72 771 cium
89 749 112 769 et.
125 752 160 768 ca·

18 776 75 797 ruas.

80 1154 159 1177 Aliter.

78 1419 155 1441 Aliter.

5 2326 7 2342 1
16 2322 47 2345 De
56 2321 157 2344 seeundo.

775 201 969 235 COMMENT.
995 202 1032 234 IN
1057 200 1296 234 EVANGELIUM
1320 202 1438 235 LUCAE
1462 202 1493 235 C.
1518 203 1566 235 Xl.

177 291 316 326 minimis
345 292 475 331 intenti,
506 291 694 325 omittebant
725 291 876 327 maxima.
906 291 942 323 Et
966 291 1044 330 hoc,
1069 298 1140 323 cum

176 346 277 379 dicit:
311 346 374 379 Sed
404 355 465 379 vae
494 345 586 378 vobis
614 343 834 378 pharisaeis!
862 344 944 388 qui¹
968 343 1142 376 decimatis

176 397 342 432 memham
358 403 389 431 et
403 403 520 432 rutam
536 402 565 431 et
580 407 675 430 omne
690 397 782 435 olas,
806 397 895 440 quasi
921 397 1056 430 multum
1074 397 1142 430 sitis

173 451 286 485 intenti
304 451 342 484 ad
360 451 572 494 impletionem
596 451 775 484 divinorum
793 450 1033 489 mandatorum3
1058 450 1141 483 uude

176 504 258 538 infra
271 505 393 538 decimo
408 508 519 538 octavo
535 513 569 538 se
585 504 719 537 iactabat
736 504 939 537 Pharisaeus:
967 516 982 532 «
999 503 1141 537 Decimas

178 557 219 591 do
234 558 387 597 omnium,
404 567 487 600 quae
510 557 654 599 possideo
666 571 696 589 n.
715 557 772 590 Sed
791 560 893 590 tamen
912 565 969 599 per
994 557 1054 589 hoc
1077 565 1140 589 non

177 611 431 644 iustificabantur
448 614 579 653 propter
603 610 803 643 omissionem
819 610 1031 652 optimorum;
1057 610 1140 643 unde

177 664 280 698 addit:
307 665 347 697 El
367 664 561 706 praeteritis
585 663 704 696 omne²
721 663 888 697 iudicium
911 668 941 696 et
964 663 1138 696 caritatem

180 718 249 757 Dei,
267 718 295 751 id
313 721 360 751 est
373 717 523 751 iustitiam
542 720 573 750 et
588 717 846 750 misericordiam.
866 717 901 750 Et
917 717 976 750 hoc
993 720 1040 750 est
1052 717 1137 759 quod

178 771 318 804 maxime
354 761 489 813 requirit
525 771 626 809 Deus,
663 770 837 803 secundum
870 770 946 803 illud
984 770 1140 803 Michaeae

176 828 286 858 sexto:
316 837 331 853 «
350 824 493 857 indicabo
518 824 591 864 tibi,
615 834 634 857 0
651 824 764 863 110100,
781 823 934 866 quidquid
953 823 993 856 sit
1010 824 1139 861 bonum,

175 881 208 911 et
223 877 377 910 Dominus
400 877 544 919 requirat
565 887 584 910 a
608 881 653 916 te;
678 878 790 920 utique
812 877 916 910 facere
932 876 1084 909 iudicium
1109 880 1141 909 et

175 931 305 973 diligere
328 930 576 968 misericordiam
593 944 624 963 n.
652 931 686 963 Et
715 931 796 963 hauc
830 934 921 963 vocat
945 929 1140 979 caritatem,-

176 983 345 1017 Zachariae
368 984 519 1026 septimo:
550 997 565 1013 ι(
582 984 733 1017 Iudicium
758 993 871 1017 verum
888 984 1023 1016 iudicate
1035 986 1066 1017 et
1083 983 1141 1015 mi-

168 1028 378 1071 sericordiam
403 1040 434 1070 et
456 1037 673 1070 miserationes
696 1037 797 1076 facite,
822 1037 1044 1080 unusquisque
1067 1046 1140 1070 cum

176 1090 324 1132 proximo
347 1099 405 1123 suo
422 1102 453 1130 »3
479 1090 521 1123 ita
544 1090 628 1133 quod
646 1091 685 1124 sit
710 1090 876 1126 iudicium
901 1094 1047 1133 respectu
1072 1091 1140 1130 sui,

174 1146 208 1176 et
223 1143 353 1176 carita-5
368 1143 434 1177 sive
450 1143 666 1177 misericordia
682 1147 827 1186 respectu
845 1144 993 1186 proximi.
1010 1162 1054 1167 —
1071 1144 1141 1183 Vel,

176 1205 234 1239 per
258 1196 423 1229 iudicium
448 1197 642 1239 intelligatur
673 1197 814 1230 divinum
836 1202 1069 1240 praeceptum,
1094 1206 1142 1231 se-

176 1249 316 1282 cundum
341 1249 419 1282 illud
444 1250 597 1283 Psalmi³:
628 1263 644 1279 «
661 1250 776 1284 Iudicia
793 1251 915 1284 Domini
934 1260 1027 1290 vera,
1052 1251 1142 1284 iusti-

176 1302 269 1334 ficata
291 1302 324 1334 111
341 1303 508 1345 semetipsa
520 1316 535 1332 2>
557 1307 627 1343 etc.;
645 1303 774 1336 caritas
790 1307 895 1337 autem
912 1304 1029 1337 dicitur
1043 1314 1142 1346 prae-

175 1355 260 1397 cepti
279 1355 369 1397 sinis.
383 1359 415 1388 et
438 1357 721 1398 complementum
738 1358 858 1399 primae
874 1357 913 1390 ad
941 1358 1141 1390 Timotheum

176 1406 293 1449 primo:
315 1420 330 1435 α
348 1407 430 1441 Finis
446 1409 604 1451 praecepti
622 1413 670 1442 est
685 1410 800 1443 caritas
816 1423 832 1439 2>
853 1414 911 1443 etc.
932 1429 972 1433 —
991 1410 1063 1449 Vel,
1086 1419 1143 1452 pet·

177 1459 343 1492 iudicium
367 1460 583 1503 intelligantur
606 1467 782 1505 praecepta
806 1463 1004 1502 iudicialia,
1029 1472 1142 1496 secun-

177 1512 255 1545 dum
279 1512 356 1545 illud
382 1513 479 1546 Exodi
504 1514 654 1556 vigesimo
682 1515 829 1556 primo4:
859 1529 874 1544 «ι
892 1516 971 1549 Haec
996 1520 1070 1549 sunt
1094 1517 1143 1549 iu-

176 1566 274 1606 dicia,
299 1575 380 1609 quae
411 1573 568 1609 propones
591 1568 653 1600 eis:
679 1568 708 1600 Si
734 1569 849 1601 emeris
872 1579 1000 1603 servum
1020 1583 1034 1598 »
1063 1574 1141 1610 010.;

177 1628 234 1662 per
257 1619 453 1658 caritatem,
477 1620 644 1658 mora-lia,-
668 1621 752 1654 unde
775 1621 813 1654 ad
842 1622 996 1656 Romanos
1019 1623 1141 1656 decimo

177 1672 288 1706 tertio:
315 1685 333 1701 α
349 1672 408 1714 Qui
432 1672 533 1715 diligit
549 1673 733 1715 proximum
751 1674 862 1716 Legem
879 1675 1029 1717 implevit.
1047 1676 1121 1709 Nam
1135 1689 1146 1709 ,κ

177 1726 242 1759 Non
266 1726 388 1760 occides
406 1739 420 1755 n
449 1729 508 1759 etc.
533 1726 642 1768 Arguit
666 1726 763 1768 igitur
798 1736 866 1766 eos,
902 1728 977 1770 quia
1013 1733 1142 1770 propter
1169 1730 1171 1732 '

176 1779 436 1812 caeremonialia
470 1779 668 1813 dimittebant
700 1780 878 1813 iaclicialia
907 1784 939 1813 et
973 1782 1141 1821 moralia,

176 1841 259 1874 quae
283 1832 381 1875 magis
404 1835 495 1865 erant
517 1832 649 1866 sollicite
672 1832 821 1866 facienda.
847 1851 890 1856 —
916 1834 951 1865 Et
974 1837 1142 1876 propterea

176 1885 284 1918 additz·
299 1886 386 1924 Haec
401 1890 514 1918 autem
537 1886 684 1928 oportuit
705 1885 829 1929 facere,
847 1887 965 1920 scilicet
988 1887 1141 1920 iudicium

176 1941 209 1971 et
231 1939 392 1972 caritatem
416 1940 519 1981 primo
542 1943 574 1973 et
598 1940 829 1982 principaliter;
854 1940 938 1973 unde
962 1940 1040 1973 Osee
1068 1950 1141 1974 sex-

178 1993 210 2023 to
221 1991 252 2023 ⁶:
273 2003 289 2019 «ι
302 1991 546 2039 Misericordiam
563 1993 634 2026 volo
649 1996 680 2026 et
697 2002 759 2026 non
772 1992 977 2032 sacrificium,
995 1996 1026 2025 et
1042 1993 1142 2026 scien-

177 2043 251 2076 tiam
275 2044 331 2077 Dei
355 2044 427 2087 plus
450 2054 552 2088 quam.
570 2046 789 2080 holocaustum
808 2059 838 2085 ¹?-
857 2064 906 2087 .-·
929 2046 969 2078 Et
992 2045 1051 2078 illa
1075 2055 1141 2078 non

177 2097 341 2136 omittere,
379 2094 472 2140 quia,
511 2099 715 2133 Ecclesiastici
756 2099 877 2133 decimo
912 2109 1012 2139 0000,
1053 2112 1068 2128 «t
1086 2099 1140 2142 qui

177 2150 298 2192 spernit
321 2151 443 2184 modica
467 2153 617 2194 paulatim
642 2151 764 2186 decidet
780 2165 811 2192 »;
829 2157 860 2186 01
876 2153 1078 2187 Ecclesiastae
1094 2162 1142 2186 se-

177 2201 293 2244 ptimo:
322 2215 338 2231 «
355 2203 414 2244 Qui
440 2204 529 2237 timet
551 2205 652 2237 Deum
678 2205 756 2238 nihil
780 2206 956 2249 negligit».

266 2256 319 2288 87.
345 2256 446 2296 (Vers.
472 2257 550 2299 43).
579 2258 723 2291 Secundo
747 2259 828 2292 hanc
853 2259 1141 2292 comminationem

179 2308 280 2341 iterat
302 2313 432 2351 propter
456 2311 711 2353 αννοῃαηεὶαηι,
741 2320 813 2344 01101
846 2312 969 2345 subdit:
1001 2313 1065 2345 Vae
1088 2323 1142 2345 vo-

178 2361 228 2394 bis
252 2360 470 2396 Phar-isam!
494 2363 601 2406 qaia⁶
630 2363 770 2407 diligitis
799 2365 932 2407 primas
964 2365 1142 2399 cathedras

171 2413 215 2446 *in
236 2415 437 2458 synayoqis,
462 2420 617 2458 quantum
634 2417 673 2450 ad
689 2417 902 2450 ambitionem
925 2418 1140 2461 dignitatum.

178 2467 264 2502 Unde
287 2467 411 2501 Glossa:
443 2481 458 2498 α
475 2469 692 2513 Arrogantiam
722 2470 902 2513 redarguit,
926 2472 1001 2514 quia
1025 2472 1142 2514 prima—

2107 206 2170 238 305

1208 294 1260 323 tus
1294 291 1530 332 appetebant».
1557 293 1636 325 Haec
1671 296 1776 326 autern
1810 303 1872 326 non
1907 297 1955 327 est
1978 294 2169 336 appetenda,

1207 343 1291 376 unde
1316 344 1519 377 Ecclesiastici
1544 345 1720 387 septim0⁷:
1751 359 1766 374 «
1783 347 1848 379 Noli
1873 356 2028 389 quaerere
2044 348 2091 384 ,ab
2116 348 2171 380 ho-

1206 396 1291 429 mine
1321 397 1471 429 ducatum
1509 406 1612 439 neque
1647 408 1665 430 a
1689 408 1763 441 rege
1787 400 1968 432 cathedram
1994 400 2122 433 honoris
2138 414 2169 432 ».

1207 451 1281 483 Nam
1312 450 1382 483 talis
1413 451 1564 483 cathedra
1595 461 1657 484 non
1682 456 1730 484 est
1753 462 1846 485 verae
1869 453 2092 492 excellentiae,
2117 454 2171 487 sed

1206 503 1306 546 magis
1326 504 1548 546 pestilentiae,
1566 505 1739 537 secundum
1767 506 1841 538 illud
1868 507 1996 539 Psalmi:
2026 520 2042 535 «r
2060 508 2172 540 Beatus

1206 557 1265 595 vir,
1289 557 1344 599 qui
1370 557 1400 589 10
1426 557 1576 590 cathedra
1600 558 1794 600 pestilentiae
1820 569 1879 591 000
1912 560 1992 592 sedit
2008 572 2042 599 »;
2075 569 2171 602 super

1205 619 1300 657 quam
1331 613 1432 643 tamen
1463 610 1612 643 sedebant
1639 611 1761 644 scribae
1785 616 1815 644 et
1840 613 2014 651 Pliarisaei3
2044 620 2170 645 verum-

1206 666 1309 696 tamen
1334 666 1371 695 ut
1395 663 1531 706 indigni,
1556 664 1631 706 quia
1655 665 1752 697 verba
1776 665 1934 697 habebant
1957 669 1987 698 et
2011 675 2072 698 non
2091 666 2170 698 tacta

1205 716 1325 749 idonea.
1351 716 1436 749 Unde
1453 717 1569 749 dicitur
1593 717 1737 750 Matthaei
1757 718 1907 759 vigesimo
1924 719 2016 750 tertio
2030 718 2061 749 ⁸:
2083 731 2099 746 α
2112 720 2170 750 Su-

1206 778 1262 811 per
1286 769 1468 802 cathedram
1493 769 1587 811 Moysi
1614 769 1764 802 sederunt
1793 770 1914 802 scribae
1938 774 1969 802 et
1994 770 2168 808 Pharisaei;

1205 831 1287 864 quae
1310 822 1419 855 dicunt
1454 822 1562 861 facite,
1599 822 1772 855 secundum
1809 832 1905 865 opera
1936 832 2046 856 eorum
2073 823 2169 856 nolite

1204 875 1351 908 facere».
1375 894 1418 898 --
1437 875 1472 907 Et
1495 876 1570 918 quia
1593 876 1630 908 ad
1656 876 1857 909 ambitionem
1881 876 2041 918 dignitatis
2065 877 2171 919 sequi-

1206 932 1259 961 tur
1284 928 1449 971 appetitas
1473 929 1605 967 laudis,
1631 933 1798 971 propterea
1823 929 1945 962 subdit:
1977 931 2016 963 Et
2040 930 2169 963 salula—

1205 982 1308 1014 tiones
1332 982 1367 1014 in
1390 981 1486 1025 foro,
1512 983 1542 1015 id
1578 987 1625 1016 est
1657 983 1764 1016 laudes
1789 983 1819 1015 in
1852 987 2021 1025 conspectu
2055 984 2170 1017 multo-

1206 1045 1277 1068 rum
1290 1061 1297 1074 ,
1315 1038 1351 1068 ut
1367 1036 1480 1068 ceteris
1505 1036 1753 1069 honorabiliores
1771 1037 1971 1077 viderentur;
1990 1038 2073 1071 uude
2096 1039 2168 1070 Mat-

1206 1089 1288 1121 thaei
1316 1088 1465 1130 vigesimo
1489 1089 1625 1122 terti09:
1656 1103 1671 1118 «
1688 1091 1798 1122 Amant
1822 1090 2024 1124 salutationes
2050 1091 2079 1123 in
2103 1090 2170 1123 soro

1206 1146 1237 1175 et
1262 1142 1364 1175 vocari
1390 1142 1430 1175 ab
1447 1143 1627 1176 hominihus
1644 1142 1742 1176 rabbi
1758 1157 1787 1175 n.
1806 1143 1891 1176 Unde
1909 1144 1959 1176 1110
1976 1147 2168 1186 arguuntur,

1206 1196 1281 1239 quia
1305 1205 1416 1228 vanam
1434 1196 1566 1238 gloriam
1582 1196 1795 1239 quaerebant,
1814 1201 1943 1239 propter
1961 1207 2055 1240 quam
2073 1199 2166 1231 etiam

1207 1249 1370 1282 veritatem
1402 1249 1555 1291 cognitam
1590 1249 1731 1282 confiteri
1765 1259 1827 1283 non
1851 1250 2026 1288 audebant,
2058 1260 2170 1284 secun-

1206 1302 1282 1335 dum
1307 1302 1382 1335 illud
1409 1303 1530 1336 loannis
1560 1303 1764 1337 duodecimo:
1795 1317 1810 1332 «
1828 1304 1874 1336 Ex
1899 1303 2095 1347 principibus
2119 1314 2171 1337 au-

1208 1359 1269 1389 tem
1295 1356 1386 1388 multi
1418 1356 1621 1389 crediderunt
1653 1356 1684 1389 in
1717 1366 1809 1396 eum,
1835 1358 1887 1390 sed
1914 1362 2043 1400 propter
2068 1359 2172 1391 Phari-

1208 1419 1296 1443 saeos
1319 1420 1381 1443 non
1407 1410 1656 1449 confitebantur,
1681 1414 1717 1443 ut
1744 1411 1783 1444 de
1812 1421 1969 1454 synagoga
1992 1422 2054 1445 non
2079 1413 2170 1446 eiice-

1209 1467 1330 1496 rentur.
1367 1464 1555 1496 Dilexerunt
1587 1464 1669 1496 enim
1707 1464 1805 1506 magis
1839 1465 1971 1507 gloriam
2008 1466 2172 1498 hominum

2190 885 2306 911 Appetitas

2209 911 2286 933 laudis.

1207 1526 1302 1559 quam
1321 1516 1452 1559 gloriam
1473 1517 1528 1550 Dei
1546 1530 1576 1549 n.
1596 1536 1636 1540 —-
1656 1517 1699 1549 Ex
1718 1527 1781 1560 quo
1798 1522 1946 1560 apparet,
1963 1518 2047 1560 quod
2065 1519 2173 1552 laudes
2188 1526 2335 1549 coronarium.

1207 1573 1239 1602 et
1263 1570 1399 1602 honores
1423 1570 1598 1603 secundum
1622 1570 1771 1603 divinum
1797 1569 1946 1613 formam
1969 1572 2097 1604 omnino
2120 1572 2173 1605 de-

1207 1623 1319 1656 bemus
1343 1627 1562 1662 contemnere,
1586 1633 1648 1656 nou
1680 1623 1853 1657 secundum
1890 1623 2096 1658 Pharisaeos
2119 1635 2173 1668 ap-

1207 1679 1324 1718 petere.
1350 1677 1408 1718 Qui
1434 1677 1516 1710 enim
1544 1678 1621 1711 haec
1644 1682 1745 1717 amat,
1763 1681 1799 1711 111
1815 1678 1891 1711 dicit
1914 1679 2122 1721 Hieronymus
2137 1680 2172 1718 1⁰,

1207 1739 1269 1762 non
1293 1734 1341 1763 est
1364 1731 1479 1764 Christi
1505 1731 1697 1773 discipulus,
1723 1732 1775 1765 sed
1800 1732 1904 1765 scriba
1920 1737 1951 1765 et
1975 1733 2171 1766 Pharisaeus.

1207 1782 1353 1816 Christus
1376 1784 1475 1822 enim,
1500 1793 1573 1817 cum
1610 1785 1777 1826 petebatur
1812 1785 1849 1818 ad
1876 1795 2029 1828 regnum,
2060 1799 2075 1814 «
2092 1786 2172 1828 sugit

1208 1835 1238 1868 in
1264 1839 1401 1868 montem
1419 1850 1451 1875 »‚
1477 1837 1598 1870 loannis
1622 1842 1728 1877 sexto;
1753 1848 1826 1871 cum
1863 1839 2064 1878 laudaretur,
2089 1848 2173 1872 sece-

1205 1888 1299 1921 debat
1322 1889 1353 1920 in
1378 1889 1538 1922 desertum
1564 1891 1603 1923 ad
1626 1891 1800 1930 orandum,
1825 1901 1923 1934 supra
1946 1893 2066 1935 quinto.

1296 1941 1349 1973 88.
1376 1941 1477 1982 (Vers.
1511 1943 1589 1983 lile).
1628 1944 1733 1976 Tertio
1769 1945 1850 1978 hanc
1884 1946 2173 1979 comminationem

1206 1993 1346 2036 replicat
1369 1998 1498 2036 propter
1527 1993 1817 2036 fraudulentiam,
1848 2007 1920 2030 cum
1951 1999 2075 2031 subdit:
2108 2000 2172 2032 Vae

1207 2046 1317 2079 vobis!
1341 2046 1439 2090 quin
1463 2047 1539 2079 escis
1563 2052 1602 2079 ut
1631 2053 1864 2088 monumenta,
1896 2060 1981 2093 quae
2012 2061 2079 2084 non
2111 2061 2170 2094 ap-

1202 2104 1341 2143 parent,
1377 2100 1495 2133 scilicet
1531 2100 1636 2142 qualia
1668 2105 1742 2133 sunt
1773 2102 1876 2142 intus,
1901 2104 1976 2146 quia
1999 2105 2114 2138 foetida
2138 2109 2170 2138 et

1205 2152 1369 2185 immunda
1391 2156 1465 2185 sunt
1489 2152 1670 2191 intusfsed
1702 2157 1796 2186 extra
1827 2160 1901 2187 sunt
1932 2157 2061 2198 pulcra;
2086 2158 2171 2191 unde

1206 2206 1307 2239 addit:
1339 2207 1377 2239 Et
1400 2205 1546 2238 homines
1569 2205 1778 2239 ambulantes
1800 2218 1909 2250 supra
1932 2210 2092 2243 nesciant.
2111 2212 2170 2244 Ta-

1207 2260 1252 2293 les
1275 2263 1350 2292 sunt
1374 2260 1573 2302 hypocritae,
1598 2259 1652 2302 qui
1677 2269 1748 2292 cum
1773 2260 1856 2293 intra
1881 2261 1942 2293 sint
1967 2263 2057 2300 mali,
2076 2267 2170 2296 extra

1206 2313 1355 2346 videntur
1387 2313 1530 2355 persecti;
1555 2313 1639 2346 unde
1674 2313 1787 2346 merito
1818 2313 1968 2347 dicuntur
1991 2315 2169 2357 sepulcra,

1208 2367 1381 2400 secundum
1414 2366 1492 2400 illud
1529 2367 1637 2400 Psalmi
1654 2367 1702 2399 19;
1738 2367 1955 2410 «Sepulcrum
1989 2372 2097 2410 patens
2121 2373 2170 2401 est

1207 2423 1319 2462 guttur
1343 2430 1472 2460 eorum,
1498 2420 1613 2463 linguis
1637 2421 1730 2454 suis»
1759 2424 1817 2454 etc.
1852 2421 1886 2454 Et
1917 2421 1985 2460 ideo
2009 2431 2070 2454 non
2095 2425 2170 2454 sunt

1206 2472 1271 2515 filii
1294 2474 1430 2516 Sponsi,
1455 2474 1551 2507 immo
1575 2474 1701 2507 omnino
1717 2474 1860 2517 oppositi.
1878 2475 1953 2507 Nam
1969 2474 2169 2507 Canticorum

250 2692 259 2707 ²
279 2693 313 2720 lta
333 2693 374 2719 1110
393 2696 419 2719 01
438 2693 503 2719 infra
524 2694 623 2726 pluries
642 2694 763 2725 ACDH,
790 2695 867 2721 Carti.
893 2697 984 2728 Ilugo,
1009 2699 1142 2724 Gorranus

178 2741 203 2763 et
222 2738 355 2770 Lyranus,
376 2738 487 2770 Vulgata
501 2741 526 2764 et
541 2739 597 2764 Vat.
612 2738 685 2773 quia.
698 2753 733 2759 —
746 2739 864 2766 Subinde
877 2741 1004 2773 allegatur
1017 2734 1080 2768 Luc.
1095 2743 1141 2773 18,

180 2782 222 2807 vt2.
243 2795 278 2801 -
297 2782 405 2808 inferius
424 2789 473 2815 pro
492 2782 709 2816 iustificabautar
729 2783 748 2810 C
761 2784 780 2809 D
799 2783 1006 2818 iustine-abatur.

248 2824 259 2839 ²
279 2826 391 2858 Vulgata
411 2830 436 2852 01
454 2826 475 2852 fl
495 2827 618 2853 omittunt
636 2834 729 2859 omne,
749 2829 820 2861 quod
841 2829 919 2854 etiam
935 2830 963 2854 B.
983 2829 1081 2855 Albert.
1101 2838 1141 2856 ex-

178 2868 263 2895 hibet.⁴
276 2883 312 2889 —
332 2870 389 2895 Duo
408 2877 482 2903 seqq.
510 2871 558 2896 loci
588 2874 649 2896 sunt
673 2871 749 2897 Micli.
777 2872 807 2902 6,
828 2872 852 2897 8.
872 2875 897 2898 01
917 2873 995 2898 Zach.
1014 2873 1044 2904 7,
1064 2874 1094 2905 9,
1114 2874 1140 2899 10

177 2909 323 2939 cuius'ssne
343 2914 454 2945 Vulgata
473 2917 499 2940 ct
518 2915 577 2940 Vnt.
595 2921 658 2941 cum
676 2915 765 2949 fratre
783 2922 843 2942 suo.

249 2955 260 2971 ³
279 2958 371 2984 Psalm.
393 2959 440 2989 18,
462 2958 508 2990 10,
529 2959 569 2985 cui
590 2959 759 2992 subiungitur
772 2961 790 2985 l.
805 2960 872 2986 Tim.
892 2961 912 2993 l,
926 2961 950 2986 5.
964 2975 999 2981 —
1013 2963 1141 2994 Superius

177 3009 227 3034 pro
242 3009 293 3036 per
312 3002 440 3029 iudicium
461 3003 481 3029 A
492 3003 511 3030 C
522 3003 544 3029 D
563 3003 702 3030 indiviam.

248 3045 260 3060 ⁴
280 3046 355 3073 Vers.
376 3048 399 3073 l.
420 3061 453 3066 -—
472 3048 596 3081 Sequitur
615 3049 691 3074 Rom.
713 3049 759 3081 13,
781 3050 804 3074 8.
824 3057 880 3083 seq.

249 3088 260 3105 ¹⁵
279 3091 354 3117 Vei-s.
374 3091 399 3117 6.
419 3094 454 3111 -“
474 3093 530 3118 Duo
549 3099 624 3126 seqq.
650 3092 699 3119 loci
725 3096 786 3119 sunt
804 3094 881 3120 Eccli.
902 3095 948 3127 19,
970 3096 994 3121 l.
1013 3098 1039 3122 et
1057 3097 1139 3123 Eccle.

177 3134 272 3168 7,,19.
894 3147 897 3148 ’

249 3176 261 3193 ⁸
279 3178 365 3205 Codd.
382 3179 466 3206 ACD
484 3180 545 3215 qui,
567 3182 653 3219 quod·
669 3181 746 3208 0111101
767 3182 851 3215 Beda,
870 3183 947 3210 Cnrd.
967 3185 1059 3217 nugo,
1078 3187 1140 3212 Gor·

178 3229 259 3249 renus
277 3226 302 3249 et
321 3225 440 3256 Lyranus
458 3224 592 3252 exhibent.
605 3239 639 3244 —
651 3226 751 3259 Glossa,
770 3234 840 3260 quae
857 3228 989 3262 sequitur,
1002 3232 1042 3256 est
1061 3229 1140 3257 inter-

170 3266 291 3294 linearis
310 3267 352 3300 (ex
370 3267 502 3302 Ambros„
522 3270 572 3296 V-ll.
592 3270 618 3296 111
637 3270 700 3296 Luc.
719 3278 745 3296 n.
766 3271 851 3305 ⁴050:
874 3282 887 3295 u
901 3273 1084 3306 111-1030011010
1099 3282 1140 3300 re-

170 3309 298 3343 00151111,
316 3310 378 3345 quin
398 3311 526 3344 primatus
544 3317 670 3351 appetunt
683 3323 709 3340 ιο.
729 3315 789 3341 Sola
803 3315 860 3342 Vnt.
875 3320 934 3349 post
943 3316 1082 3351 primatus
1095 3318 1139 3344 ud·

179 3354 218 3381 dit
235 3353 400 3389 dignitatem.
614 3352 618 3354 “
666 3363 669 3366 ·

285 3407 323 3449 S.
334 3408 439 3436 Bonav.
452 3423 487 3429 —
501 3409 579 3436 Tom.
598 3411 651 3437 Vll.

1183 2767 1185 2769 ,
1222 2767 1229 2772 ,
1278 2741 1288 2756 ⁸
1310 2744 1382 2769 Vcrs.
1403 2745 1428 2769 2.

1277 2697 1286 2712 ⁷
1309 2699 1382 2726 Vers.
1403 2699 1427 2725 k.
1445 2713 1481 2719 —
1501 2699 1618 2726 SubInde
1638 2701 1764 2734 allegatur
1785 2702 1822 2727 Ρ5.
1847 2703 1873 2731 1,
1898 2701 1919 2726 Ι.

1448 2744 1473 2770 et
1492 2745 1518 2769 3.

1279 2786 1290 2801 ⁰
1310 2789 1384 2814 Vers.
1405 2789 1429 2824 (3.
1450 2792 1475 2814 et
1492 2788 1519 2814 7.
1541 2803 1576 2808 —
1595 2790 1719 2822 Sequitur
1739 2791 1806 2816 loan.
1831 2791 1870 2822 ¹2,
1892 2791 1932 2816 62.
1953 2798 2010 2824 seq.

1278 2830 1300 2846 ¹⁰
1320 2831 1390 2857 Libr.
1410 2832 1452 2858 lV.
1466 2832 1620 2859 -Cmnment.
1635 2834 1661 2859 in
1675 2834 1761 2859 Matth.
1783 2835 1830 2865 23,
1850 2835 1881 2860 5:
1902 2835 2068 2869 Quicumque
2089 2836 2171 2868 igitur

1205 2876 1239 2901 ita
1260 2875 1320 2901 facit
1337 2875 1487 2909 quodlibet,
1507 2880 1535 2903 ut
1553 2877 1675 2903 videatur
1694 2878 1728 2903 ab
1748 2879 1912 2911 hominibus,
1933 2879 2017 2905 scriba
2038 2884 2063 2906 et
2083 2881 2169 2906 Phari-

1205 2927 1282 2945 saeus
1301 2923 1349 2945 est.
1367 2933 1403 2939 —
1423 2920 1479 2947 Duo
1499 2928 1575 2954 seqq.
1596 2922 1644 2948 loci
1664 2915 1724 2948 suut
1744 2923 1813 2948 loan.
1834 2923 1864 2955 6,
1887 2924 1926 2949 15.
1947 2927 1973 2949 01
1991 2925 2054 2950 Luc.
2073 2925 2104 2956 5,
2126 2925 2166 2950 16.

1204 2978 1240 2984 -
1253 2964 1379 2996 Superius
1398 2972 1447 2996 pro
1466 2964 1586 2992 divinum
1599 2966 1720 3000 sormam
1734 2967 1752 2992 ll
1768 2966 1889 2993 divinum
1909 2967 2089 3001 maqistrum,
2111 2969 2168 2995 Vnt.

1204 3008 1325 3035 dioin'rm
1345 3008 1574 3043 informationem.

1276 3052 1298 3067 ¹¹
1318 3053 1381 3080 Cod.
1402 3054 1422 3079 11
1442 3053 1505 3088 qui;
1524 3054 1557 3079 ita
1571 3055 1648 3080 etiarn
1663 3055 1747 3087 Beda,
1767 3056 1845 3082 Cnrd.
1864 3057 1941 3089 llugo
1954 3061 1980 3083 et
1993 3058 2119 3089 Lyrunus.
2135 3071 2169 3078 —

1203 3098 1292 3123 Glossa
1313 3097 1495 3124 interlinearis
1515 3097 1555 3131 (ex
1576 3099 1671 3131 Beda):
1696 3099 1747 3125 Vae
1762 3099 1850 3126 robis!
1870 3101 1957 3133 arguit
1970 3101 2004 3127 dc
2023 3102 2165 3134 hypocrisi,

1204 3141 1253 3176 (11ιί
1269 3141 1331 3168 estis
1350 3143 1382 3168 ut
1399 3144 1575 3169 monumenta
1594 3146 1651 3174 etc„
1671 3143 1732 3176 qnia
1752 3144 1919 3176 superficiem
1941 3148 2025 3171 terrae
2049 3153 2169 3172 commu-

1204 3185 1244 3211 nis
1262 3185 1411 3211 ostendunt.
1456 3196 1458 3199 ·

1276 3228 1298 3244 ¹⁸
1318 3230 1412 3256 Psalm.
1439 3231 1471 3261 5,
1492 3231 1534 3256 lt.
1552 3244 1588 3251 —
1607 3231 1665 3257 Duo
1689 3239 1764 3266 seqq.
1783 3232 1831 3258 loci
1856 3237 1916 3259 sunt.
1935 3233 2009 3260 Cant.
2036 3234 2066 3265 4,
2094 3234 2117 3260 4.
2143 3237 2168 3260 et

1196 3274 1289 3300 Matth.
1310 3274 1357 3305 23,
1377 3274 1425 3305 27,
1443 3273 1488 3300 ubi
1508 3281 1558 3306 pro
1577 3274 1642 3309 quia
1669 3275 1770 3303 similes
1789 3276 1808 3303 C
1820 3277 1841 3302 D
1859 3277 1908 3311 qui
1931 3277 2042 3305 similes.
2060 3291 2096 3298 —
2115 3279 2165 3305 Su-

1203 3318 1293 3350 perius
1312 3318 1370 3344 voci
1398 3317 1514 3352 perfecti
1536 3319 1595 3345 Vat.
1622 3320 1744 3352 praefigit
1769 3319 1832 3347 boni
1854 3322 1894 3354 ει,-
1914 3321 2028 3348 subinde
2048 3325 2108 3355 post
2128 3329 2167 3349 sc-

1200 3361 1303 3396 pulcra
1322 3362 1396 3388 addit
1414 3361 1442 3388 id
1459 3364 1500 3390 est
1516 3362 1691 3398 semiputcra.

2023 3419 2057 3444 39

2193 1954 2224 1976 De
2240 1954 2309 1976 tertio.
