2476 3921
325 209 388 241 Vlll

327 300 446 328 tempore
468 295 508 321 sui
528 294 712 320 ministeriatus
730 292 848 325 supremi
867 291 983 317 scrihere
1001 290 1086 323 potuit
1104 291 1287 317 Bonaventura

327 348 473 376 llineraria
492 347 561 374 duo:
581 347 610 374 in
628 348 715 373 Deum
734 348 759 373 el
770 345 799 372 in
812 345 930 379 seipsum
952 351 1023 370 311110
1037 344 1116 376 4259,
1134 342 1287 378 Leoendam

327 402 460 429 maiorem
485 403 511 428 el
536 400 670 427 minorem
698 400 732 426 ab
759 406 829 425 anno
859 399 923 424 4264
957 398 991 424 ad
1020 397 1105 429 4262,
1127 396 1289 431 Apologiam

328 456 485 489 Pauperum
503 462 545 480 an.
566 454 633 480 4269
654 456 717 485 010.;
737 460 791 486 quo
811 454 889 484 pacto
908 451 993 484 potuit
1004 457 1033 477 se
1054 457 1180 476 excusare
1199 457 1289 476 coram

327 510 411 540 Papa,
431 515 458 534 se
477 508 579 533 ratione
597 506 675 533 officii
704 505 890 532 ministeriatus
908 512 960 531 non
978 511 1058 537 posse
1076 504 1217 536 Evangelia
1236 504 1290 530 duo

328 562 476 594 exponere?
496 561 573 593 Quod
592 560 699 592 insuper
718 559 845 585 obiiciunt
863 558 977 584 editores
990 557 1127 584 novissimi
1145 560 1171 583 et
1188 557 1291 583 nullum

328 618 366 641 est
385 618 411 640 et
429 615 531 640 falsum.
553 614 667 639 Tantum
687 613 757 638 enim
776 611 859 643 abest,
878 614 908 638 ut
926 611 962 638 ibi
974 612 1102 646 frequens
1114 611 1150 638 sit
1161 611 1191 638 in
1209 610 1291 638 cilan-

329 668 369 695 dis
389 666 523 699 Sallustii,
543 666 674 699 Senecae,
694 665 760 693 Iulii
777 665 902 693 Caesaris
921 667 945 692 el
966 664 1074 693 Catonis
1094 663 1185 697 libris,
1204 667 1233 690 ut
1247 666 1292 690 aut

328 728 478 754 nunquam,
497 723 542 746 aut
569 720 613 746 vix
638 723 791 751 occurrant3
811 719 853 745 bis
872 719 913 745 vel
942 722 981 745 ter
1008 719 1095 751 reperi
1121 725 1183 744 eum
1212 718 1292 744 citare

330 774 461 805 Tullium,
481 774 561 802 semel
581 774 708 799 Senecam
727 775 752 799 et
773 773 855 799 semel
868 774 913 798 aut
926 771 966 798 bis
979 773 1120 804 losephum
1133 771 1291 797 Hebraeum.

330 827 451 853 Ceterum
470 826 631 855 creberrime
655 829 681 852 et
699 827 753 852 fere
781 832 887 858 semper
914 832 988 852 sacra
1017 825 1166 858 Scriptura,
1197 825 1294 851 sanctis

330 880 449 907 Patribus
468 883 493 906 et
511 881 601 906 Glossa
621 880 711 906 utitur.
729 880 791 906 Eius
819 887 900 912 porro
919 879 1025 906 dicendi
1050 886 1133 912 genus
1160 879 1293 905 immerito

331 935 426 961 dicitur
445 935 612 968 incomptum
630 935 655 961 el
674 933 848 966 inornatum,
870 940 931 960 cum
950 941 1003 959 non
1022 933 1084 959 alibi
1103 934 1189 959 forsan
1208 932 1294 964 magis

331 990 461 1015 elucescat
480 988 611 1021 prudens,
631 987 764 1014 eruditum
784 994 833 1019 pro
861 990 1012 1019 temporum
1035 986 1200 1017 conditione,
1218 986 1294 1018 pium

331 1042 467 1074 sanctique
495 1041 614 1067 Doctoris
641 1040 780 1073 proprium
806 1047 887 1073 quam
913 1040 940 1065 in
968 1041 1017 1065 hac
1045 1039 1217 1071 Expositione.
1243 1039 1295 1064 Ter

331 1095 430 1120 (lictum
451 1096 601 1127 factumque
620 1093 690 1119 beati
708 1093 839 1119 Francisci
863 1095 889 1118 et
901 1093 980 1125 paulo
1002 1095 1062 1124 post
1080 1095 1181 1124 septem
1196 1091 1295 1123 gradus

331 1147 557 1180 contemplationis
569 1147 610 1172 Fr.
624 1146 727 1178 Aegidii
747 1153 816 1172 anno
837 1145 905 1171 4262
925 1145 978 1171 vita
999 1145 1080 1171 functi
1098 1145 1229 1171 adducit»
1245 1147 1294 1171 etc.

331 1202 461 1227 Hactenus
479 1202 554 1227 Pater
574 1200 706 1226 Sbaralea.

403 1255 418 1287 S
437 1256 461 1280 2.
480 1254 500 1280 n
520 1253 666 1288 contrario,
685 1252 809 1288 positivis
829 1252 856 1280 et
874 1252 1018 1280 luculentis
1036 1252 1184 1280 rationibus
1202 1252 1297 1287 11101111-

332 1307 391 1342 tur,
412 1307 480 1333 hunc
500 1305 714 1334 Commentarium
734 1313 789 1333 osso
809 1305 958 1340 legitimum
971 1305 998 1333 S.
1012 1305 1210 1333 Bonaventurae
1223 1313 1294 1340 opus.

403 1361 458 1389 Hoc
477 1361 539 1387 satis
558 1360 610 1386 iam
639 1359 830 1386 demonstravit
848 1360 876 1385 P.
901 1360 1060 1386 Benedictus
1088 1359 1183 1386 Bonelli
1203 1360 1229 1385 in
1248 1366 1298 1386 suo

333 1413 483 1440 Proaromo
503 1414 553 1439 col.
572 1413 623 1439 638
642 1420 727 1446 seqq„
745 1413 821 1439 cuius
840 1415 997 1445 argumenta
1016 1419 1031 1438 a
1051 1412 1127 1439 nobis
1146 1416 1222 1439 aucta
1241 1419 1298 1439 suc-

333 1467 416 1493 cincte
435 1467 472 1493 sic
490 1466 674 1499 proponimus.

367 1543 371 1546 .
404 1521 459 1547 Hoc
478 1520 564 1552 primo
589 1520 714 1545 evincunt
737 1519 915 1553 antiquorum
943 1518 975 1546 de
993 1519 1045 1546 hac
1069 1526 1100 1546 re
1128 1519 1296 1553 testimonia,

334 1581 403 1607 quae
423 1575 477 1599 fere
495 1573 583 1599 omnia
603 1573 767 1599 continentur
788 1573 815 1598 in
834 1572 954 1599 indiculis
973 1573 1112 1605 descriptis
1131 1573 1156 1599 in
1175 1574 1298 1606 prolego-

335 1628 419 1653 menis
438 1627 534 1653 nostris
553 1627 587 1653 ad
606 1629 669 1652 tom.
690 1627 722 1652 V.
742 1633 766 1652 c.
786 1627 834 1658 42,
855 1633 917 1658 pag.
935 1626 980 1652 LV
999 1633 1056 1660 seq.

405 1680 509 1706 Primus
528 1682 553 1705 et
571 1680 736 1711 synchronus
755 1679 827 1705 testis
846 1682 885 1705 est
903 1680 945 1705 Fr.
964 1679 1117 1706 Salimbene
1129 1680 1297 1713 Parmensis,

335 1734 426 1766 quiin
445 1733 500 1759 suis
525 1733 659 1759 Chronicis
688 1732 740 1766 (ed.
770 1732 917 1758 Parmensis
945 1740 1007 1765 pag.
1036 1733 1099 1767 429)
1120 1734 1185 1760 haec
1204 1733 1297 1760 habet:

338 1797 351 1810 «
365 1788 441 1818 Item,
461 1787 501 1812 Fr.
520 1787 629 1812 Ioannes
648 1786 682 1812 de
701 1786 795 1812 Parma
815 1786 889 1812 dedit
901 1786 1030 1812 licentiam
1045 1787 1084 1812 Fr.
1099 1787 1299 1813 Bonaventurae

337 1841 369 1866 de
388 1841 482 1866 Balneo
501 1840 594 1872 Regis,
614 1842 643 1865 ut
670 1839 784 1865 Parisius
808 1840 920 1872 legeret,
939 1839 1012 1872 quod
1041 1846 1178 1873 nunquam
1203 1839 1299 1866 alicubi

336 1895 444 1927 fecerat,
464 1894 526 1927 quia
546 1893 701 1919 bacellarius
729 1895 785 1919 erat
810 1900 859 1919 nec
887 1893 974 1919 adhuc
993 1893 1174 1925 cathedratus;
1193 1897 1219 1920 et
1237 1897 1300 1920 tunc

336 1948 395 1975 fecit
413 1949 539 1974 lecturam
557 1956 638 1980 super
656 1950 739 1974 totum
759 1948 932 1980 Evangelium
951 1948 1051 1979 Lucae,
1076 1953 1146 1981 quae
1164 1949 1255 1981 pulcra
1275 1952 1301 1975 et

336 2002 435 2034 optima
454 2005 506 2035 est;
526 2004 551 2028 et
569 2009 650 2034 super
669 2002 815 2028 sententias
834 2005 948 2034 quatuor
966 2001 1048 2027 libros
1062 2002 1135 2033 fecit,
1149 2003 1196 2035 qui
1215 2009 1301 2036 usque

338 2057 362 2082 in
382 2056 538 2082 hodiernum
559 2055 631 2082 diem
650 2056 726 2081 utiles
745 2058 770 2081 et
789 2056 920 2081 solemnes
940 2054 1077 2082 habentur.
1097 2055 1227 2082 Currebat
1239 2059 1301 2083 tunc

337 2117 421 2135 annus
441 2109 523 2140 4248,
541 2116 611 2135 1111110
630 2112 719 2135 31110111
732 2109 820 2141 agitur
832 2116 916 2135 annus
935 2109 1039 2135 Domini
1063 2109 1132 2135 4284
1145 2119 1171 2135 n.
1184 2124 1219 2128 —-
1232 2110 1303 2136 Licet

337 2163 362 2188 in
377 2164 427 2188 hoc
440 2163 589 2189 testimonio
601 2169 655 2188 non
668 2161 838 2188 exhibeantur
857 2162 931 2194 signa
945 2163 1016 2188 hunc
1028 2161 1255 2189 Commentarium
1267 2163 1302 2189 ab

338 2216 393 2241 aliis
407 2216 468 2241 satis
481 2216 665 2248 distinguentia
675 2237 681 2249 ,
694 2218 783 2242 tamen
796 2216 897 2242 nullum
911 2215 1023 2242 dubium
1036 2219 1168 2248 remanet,
1181 2217 1246 2250 quin
1259 2217 1302 2243 de-

338 2269 483 2301 signaverit
501 2269 630 2301 eundem,
649 2276 730 2302 quem
754 2269 844 2295 omnia
869 2269 973 2296 saecula
992 2272 1117 2303 tanquam
1138 2271 1237 2296 foetum
1256 2271 1304 2297 Bo-

338 2323 558 2348 naventurianum
577 2322 786 2354 celebraverunt,
796 2325 823 2349 et
841 2329 922 2356 quem
941 2322 984 2348 alii
997 2325 1075 2349 testes
1092 2325 1118 2349 et
1139 2325 1177 2349 tot
1198 2323 1304 2350 codices

340 2376 364 2401 S.
379 2376 484 2401 Doctori
495 2375 661 2411 =attribuunt.

411 2429 549 2455 Secundus
568 2430 640 2455 testis
659 2432 698 2456 est
715 2429 763 2456 Fr.
783 2429 1011 2456 Bartholomaeus
1029 2429 1147 2457 Pisanus
1162 2429 1304 2464 (indiculus

339 2482 417 2515 Vll.),
437 2483 483 2516 qui
502 2490 563 2509 suas
583 2482 790 2517 Conformitates
809 2490 852 2508 an.
873 2483 942 2509 4385
961 2483 1059 2515 incepit
1077 2486 1103 2509 et
1121 2490 1163 2509 an.
1178 2484 1246 2510 4399
1260 2483 1305 2511 Ca-

340 2536 423 2568 pitulo
443 2537 560 2562 Generali
579 2537 709 2562 Minorum
727 2536 832 2563 obtulit.
851 2537 889 2563 De
908 2537 1090 2563 Bonaventura
1109 2537 1175 2564 inter
1194 2537 1244 2564 alia
1262 2538 1305 2563 ha-

341 2589 385 2615 bet
405 2590 433 2623 (l.
453 2589 585 2616 Conform.
605 2591 680 2616 fruct.
700 2591 725 2616 8.
744 2593 811 2622 part.
841 2590 866 2616 2.
896 2591 938 2616 fol.
966 2591 1000 2616 80
1028 2591 1077 2617 col.
1105 2591 1134 2624 4,
1163 2591 1224 2617 edit.
1253 2591 1306 2617 Me-

341 2643 495 2677 diolanen.):
517 2654 530 2667 (ι
545 2644 686 2670 Postillavit
713 2644 868 2670 excellenter
897 2644 1071 2676 Evangelium
1091 2643 1160 2670 beati
1180 2645 1266 2670 Lucae
1279 2654 1304 2671 ».

341 2697 441 2728 Allegat
464 2697 543 2723 etiam
562 2699 588 2723 ct
605 2697 737 2729 approbat
761 2698 897 2723 nonnullas
916 2697 1056 2724 sententias
1083 2697 1203 2723 eiusdem
1228 2697 1306 2724 Com-

342 2750 472 2781 mentarii,
485 2756 554 2783 quae
567 2750 728 2776 conveniunt
741 2757 803 2776 cum
816 2750 908 2783 editis,
921 2750 1075 2783 praesertim
1088 2757 1119 2779 ea
1133 2757 1203 2783 quae
1215 2753 1306 2777 auctor

343 2804 369 2829 in
382 2805 445 2829 Luc.
463 2811 487 2830 c.
503 2804 546 2829 40.
565 2811 591 2829 11.
611 2804 635 2829 8.
649 2804 728 2829 tradit
747 2804 781 2830 dc
800 2811 851 2830 usu
870 2803 1003 2836 prohibito
1023 2804 1262 2830 calceamentorum
1281 2807 1308 2831 et

344 2857 377 2882 de
396 2864 446 2882 usu
465 2857 594 2889 permisso
613 2857 801 2883 sandaliorum.

415 2910 486 2935 ldcm
501 2911 553 2936 fere
566 2910 692 2942 repetitur
705 2910 740 2936 ab
753 2917 890 2945 anonymo
903 2910 1108 2938 Stronconz'ensz'
1121 2911 1211 2945 (indic.
1224 2911 1308 2945 Vlll.),

345 2971 359 2988 a
379 2963 473 2990 Iacobo
493 2963 602 2991 Oddone
622 2964 711 2998 (indic.
730 2965 805 2999 Xlll.)
825 2968 851 2991 et
869 2964 904 2990 ab
917 2965 1042 2991 omnibus
1064 2965 1217 2992 auctoribus
1231 2965 1309 2999 (inter

345 3023 413 3049 quos
431 3020 470 3043 est
497 3018 576 3043 etiam
603 3018 773 3052 Trithemius)
803 3018 839 3044 ibi
867 3018 1086 3052 subsequentium
1114 3019 1308 3051 indiculorum,

346 3070 390 3103 qui
410 3070 488 3096 etiam
508 3072 665 3104 plerumque
683 3072 870 3104 praestantiam
889 3073 978 3104 operis
996 3072 1112 3098 laudant.

418 3124 511 3156 Porro,
531 3124 584 3150 duo
603 3124 711 3158 antiqui
729 3125 849 3159 cataloqi
866 3125 980 3152 duarum
1007 3125 1114 3152 Ordinis
1139 3124 1310 3152 bibliotheca-

347 3184 407 3203 rum
428 3177 615 3209 gravissimum
636 3185 685 3210 pro
704 3179 907 3204 Bonaventurae
925 3178 1121 3205 Commentario
1140 3179 1255 3205 reddunt
1274 3181 1311 3204 te-

348 3230 513 3262 stimonium,
532 3231 629 3257 scilicet
646 3232 758 3263 catalogi
778 3232 953 3258 bibliothecae
972 3233 997 3258 S.
1016 3232 1148 3258 Fortunati
1163 3231 1276 3258 Tudertz‘
1286 3234 1311 3258 et

349 3284 415 3309 sacri
434 3283 584 3310 Conventus
604 3284 706 3311 Assisz'z‘.
731 3285 824 3318 Quoad
849 3285 974 3319 primum
1001 3286 1160 3312 remittimus
1186 3286 1310 3312 lectorem

349 3337 383 3363 ad
404 3340 523 3364 nostrum
543 3342 606 3364 tom.
630 3340 663 3365 V.
682 3339 831 3370 prolegom.
852 3347 875 3366 0.
902 3340 932 3371 4,
960 3346 1023 3372 pag.
1042 3340 1071 3366 111
1090 3341 1140 3373 col.
1158 3342 1174 3367 2
1194 3347 1250 3373 seq.
1270 3340 1308 3366 lbi

1136 200 1413 235 PROLEGOMENA
1437 201 1469 233 C.
1494 201 1515 233 1.

1353 289 1378 315 in
1397 288 1544 315 inventario
1573 289 1736 322 antiquiore,
1761 289 1830 315 circa
1857 289 1937 315 flnem
1956 296 2024 315 saec.
2045 289 2108 316 Xlll.
2128 290 2255 320 confecto,
2274 291 2313 315 ter

1355 336 1460 368 notatur
1481 352 1494 366 ιι
1507 342 1610 368 Postilla
1632 342 1720 368 fratris
1737 342 1921 368 Bonaventure
1933 349 2013 375 super
2032 343 2130 369 Lucam
2143 352 2156 366 ι
2180 342 2237 376 (cfr.
2251 342 2313 368 Pro·

1353 396 1439 422 drom.
1459 396 1508 422 001.
1529 395 1592 429 479)
1612 397 1638 421 et
1656 395 1774 421 similiter
1793 395 1819 420 in
1846 395 1963 421 secundo
1981 395 2144 428 inventario,
2163 396 2236 429 quod
2255 395 2315 421 scri-

1354 452 1430 482 ptum
1449 452 1489 476 est
1509 456 1564 475 «ex
1584 451 1726 482 praecepto
1744 448 1850 474 Domini
1867 448 2000 474 Benedicti
2014 449 2101 481 Papae
2113 449 2166 475 Xll.
2177 459 2190 473 ι
2208 448 2253 482 (311
2272 455 2315 474 311.

1354 503 1525 538 4334-4342).
1544 504 1571 529 111
1584 503 1678 529 eadem
1692 488 1850 529 bibliotheca
1862 502 1916 528 duo
1929 502 2087 534 exemplaria
2100 502 2206 536 antiqua
2222 502 2259 536 (n.
2273 501 2316 528 47.

1354 560 1380 584 01
1399 556 1453 590 60.)
1472 556 1560 583 adhuc
1578 559 1691 589 exstant,
1711 562 1780 589 quae
1798 563 1813 581 a
1841 554 1919 581 nobis
1942 555 2034 581 collata
2053 557 2114 581 sunt
2131 558 2157 581 et
2171 555 2237 580 infra
2256 554 2271 587 S
2291 554 2315 581 4.

1355 609 1500 642 descripta,
1519 609 1575 635 scil.
1596 609 1675 635 codd.
1694 608 1713 636 C
1724 609 1753 635 D.
1766 622 1802 628 —
1815 607 1956 641 Catalogus
1974 607 2147 634 bibliothecae
2159 607 2316 634 Assisiensz's

1355 663 1489 688 consectus
1506 665 1546 688 est
1564 669 1607 688 an.
1627 662 1690 688 4384
1717 662 1774 695 (cfr.
1796 661 1932 688 Prodrom.
1952 661 2001 687 col.
2025 660 2076 686 378
2101 663 2126 686 01
2144 663 2233 686 1105101
2252 663 2315 686 10111.

1356 716 1388 742 V.
1402 716 1548 748 Prolegom.
1563 722 1625 748 pag.
1644 715 1689 741 LX
1709 715 1757 741 col.
1779 714 1820 748 2),
1834 714 1860 740 111
1873 721 1927 748 quo
1940 714 2035 746 legitur
2049 720 2112 746 pag.
2125 713 2172 739 29:
2190 723 2203 737 ι
2215 713 2318 739 Ρο511110

1356 776 1436 802 super
1455 769 1628 801 Evangelium
1647 769 1716 799 Luce
1735 768 1821 794 fratris
1844 768 2027 794 Bonaventure
2057 774 2118 794 cum
2146 766 2266 799 postibus
2293 770 2319 793 et

1357 823 1481 854 cathena,
1499 822 1575 849 cuius
1595 822 1769 858 principium:
1788 820 1910 856 Spei-ilus
1933 820 2044 848 Domini
2070 827 2153 855 snper
2181 827 2238 853 me,
2257 820 2317 846 finis

1357 883 1435 902 vero:
1455 875 1510 908 Qui
1527 882 1590 903 cum
1608 875 1690 902 Patre
1708 877 1734 902 et
1745 874 1852 910 Spiritu
1869 876 1963 902 sancto
1977 884 1989 898 »
2013 878 2061 901 etc.
2076 875 2150 900 -111
2169 873 2264 900 eadem
2282 873 2320 899 bi-

1358 928 1584 960 11110111003,10510
1611 928 1734 960 Magistro
1762 926 1863 954 Ubaldo
1888 927 2035 953 Thehaldio
2063 927 2124 952 Min.
2152 926 2235 953 Conv.
2262 925 2320 959 (cfr.

1358 982 1448 1008 Prodr.
1468 982 1515 1008 col.
1536 981 1600 1016 387)
1621 981 1716 1008 exstitit
1734 982 1839 1007 saeculo
1858 981 1938 1008 XVll.
1956 979 2039 1007 codex
2059 980 2138 1006 huius
2156 979 2320 1006 Commenta-

1358 1035 1405 1067 rii,
1424 1035 1582 1068 inscriptus:
1604 1045 1618 1058 α
1631 1034 1733 1061 Postilla
1761 1041 1842 1067 super
1869 1035 1968 1061 Lucam
1996 1033 2143 1060 secundum
2163 1032 2319 1065 magistrum

1360 1090 1466 1115 fratrem
1485 1089 1698 1115 Bonaventuram
1712 1088 1746 1115 de
1757 1088 1853 1114 Balneo
1866 1087 1940 1120 regio
1953 1087 2058 1114 Ordinis
2070 1087 2200 1113 Minorum
2210 1096 2222 1110 ι
2230 1105 2237 1112 .
2249 1086 2321 1113 Idem

1360 1143 1402 1168 hic
1421 1143 1480 1169 cod.
1498 1149 1568 1170 nunc
1587 1142 1700 1175 pertinet
1718 1141 1752 1168 ad
1780 1144 1899 1168 nostrum
1927 1141 2087 1173 Collegium,
2106 1140 2152 1174 qui
2178 1140 2243 1166 infra
2270 1139 2321 1166 sub

1360 1196 1436 1228 signo
1454 1196 1477 1221 H
1495 1195 1661 1222 describitur.

1431 1250 1477 1275 His
1496 1249 1652 1275 testimoniis
1671 1249 1772 1275 accedit
1789 1248 1931 1274 auctoritas
1949 1250 1987 1274 tot
2011 1247 2123 1273 aliorum
2152 1246 2321 1279 antiquorum

1361 1303 1498 1334 codicum,
1518 1303 1565 1336 qui
1584 1302 1680 1329 librum
1694 1301 2054 1328 Βο113νο1111113011150111111111
2075 1300 2132 1335 (cfr.
2152 1300 2219 1326 intra
2241 1299 2257 1332 S
2277 1299 2322 1333 4.).

1432 1357 1569 1390 Secundo,
1585 1355 1727 1391 praediola
1746 1355 1897 1383 testimonia
1921 1355 2122 1390 confirmantur
2145 1353 2261 1381 criteriis
2286 1352 2323 1380 in-

1362 1410 1454 1438 ternis.

1434 1464 1511 1497 Quod
1531 1462 1622 1490 auctor
1641 1463 1720 1489 huius
1738 1462 1827 1496 operis
1846 1462 1923 1489 fuerit
1941 1462 2034 1489 doctor
2057 1460 2163 1488 ordiale
2181 1461 2324 1492 Minorum,

1362 1517 1499 1543 manifeste
1517 1516 1612 1549 probat
1631 1517 1659 1542 P.
1677 1516 1775 1542 Bonelli
1805 1516 1906 1550 (Prodr.
1925 1516 1975 1542 001.
2003 1514 2076 1548 639).
2097 1515 2180 1546 Saepe
2208 1514 2279 1540 enim
2299 1513 2325 1539 111

1362 1570 1420 1602 ipso
1439 1570 1641 1596 commendatur
1660 1569 1784 1595 altissima
1803 1572 1960 1601 paupertas,
1981 1568 2135 1601 praesertim
2155 1574 2177 1593 c.
2196 1567 2223 1593 7.
2241 1574 2267 1593 n.
2282 1567 2324 1592 42.

1362 1630 1428 1656 seq„
1441 1622 1487 1649 ubi
1500 1623 1557 1656 ipsa
1571 1622 1772 1648 commendatur
1788 1631 1800 1646 α
1810 1624 1920 1654 propter
1932 1621 2025 1647 decem
2044 1621 2271 1647 excellentissimas
2289 1620 2326 1646 di-

1363 1676 1474 1709 gnitates
1483 1686 1508 1708 ”3
1522 1677 1614 1702 iterato
1627 1675 1748 1702 laudatur
1761 1676 1790 1702 B.
1802 1675 1969 1707 Franciscus‚
1983 1674 2045 1701 item
2059 1675 2100 1700 Fr.
2112 1674 2239 1706 Aegidius
2253 1673 2286 1707 (c.
2301 1674 2325 1699 9.

1363 1737 1389 1755 n.
1409 1729 1472 1763 48).
1490 1730 1587 1761 Porro,
1606 1729 1640 1755 ad
1659 1736 1690 1755 ea
1710 1728 1806 1755 verba:
1825 1728 1914 1756 Nolite
1922 1730 2044 1762 -portare
2062 1727 2252 1760 calceamenta,
2266 1727 2326 1754 sub-

1364 1782 1434 1809 ditur
1453 1784 1519 1809 haec
1537 1783 1716 1815 interpretatio
1737 1782 1772 1815 (c.
1791 1782 1832 1808 40.
1851 1789 1879 1808 11.
1903 1782 1953 1816 8.):
1975 1791 1989 1805 <‹
2003 1781 2106 1808 Scilicet
2124 1781 2160 1808 ad
2174 1781 2326 1814 cooperien-

1363 1837 1414 1863 dos
1431 1836 1542 1869 pedes...
1561 1835 1695 1873 Sandalia
1714 1836 1785 1862 enim
1803 1842 1819 1862 a
1843 1835 1958 1862 laesione
1981 1835 2078 1868 pedem
2102 1836 2260 1868 protegunt,
2279 1834 2328 1861 sed

1364 1897 1416 1916 non
1434 1892 1540 1922 tegunt,
1559 1890 1626 1916 sicut
1644 1892 1705 1916 sunt
1722 1890 1808 1916 soleae
1827 1890 1961 1916 fratrumn
1985 1888 2056 1923 (Vat.
2069 1889 2143 1916 addit
2154 1890 2323 1922 nostrorum,

1365 1944 1439 1978 quod
1456 1946 1528 1971 certe
1545 1947 1585 1970 est
1603 1943 1805 1977 supplendum).

1436 1999 1503 2025 Nulli
1521 2001 1610 2025 autem
1630 1998 1672 2024 alii
1690 1998 1862 2024 Franciscano
1889 1997 1939 2024 nisi
1967 1997 2106 2030 seraphico
2130 1997 2236 2023 Doctori
2259 1998 2329 2023 hunc

1366 2051 1463 2078 librum
1482 2051 1562 2078 tribui
1581 2058 1677 2084 posse,
1697 2051 1791 2077 suadet
1808 2051 1979 2077 conformitas
1997 2050 2148 2082 doctrinae,
2167 2050 2284 2076 methodi
2303 2052 2330 2076 et

1366 2105 1430 2138 stili,
1449 2112 1519 2139 quae
1536 2107 1607 2131 tanta
1626 2107 1679 2138 est,
1698 2107 1728 2131 ut
1745 2104 1792 2138 qui
1811 2107 1932 2131 versatus
1951 2106 1991 2130 est
2009 2103 2036 2129 in
2063 2103 2120 2130 aliis
2139 2103 2243 2136 scriptis
2262 2103 2329 2129 eius-

1366 2160 1428 2185 dem
1448 2162 1519 2186 00110
1538 2159 1660 2192 genuinis
1687 2159 1762 2185 facile
1787 2159 1811 2184 in
1840 2159 1889 2185 hac
1908 2158 2011 2190 postilla
2030 2159 2055 2184 S.
2075 2157 2195 2184 Doctor1s
2213 2157 2328 2184 indolem

1366 2216 1501 2247 agnoscat.
1521 2213 1615 2247 Quoad
1634 2213 1769 2240 doctrinae
1781 2213 1990 2239 conformitatem
2003 2212 2146 2239 sexcenties
2158 2212 2331 2244 allegavimus

1367 2268 1439 2294 locos
1456 2268 1609 2300 parallelos,
1628 2274 1696 2300 quos
1715 2267 1761 2300 qui
1780 2266 1893 2292 voluerit
1911 2266 2043 2299 inspicere
2056 2268 2082 2292 et
2095 2266 2214 2292 conferre
2227 2265 2284 2298 ipse
2296 2265 2331 2292 de

1368 2323 1417 2348 hac
1429 2321 1611 2348 conformitate
1628 2320 1680 2347 sibi
1697 2319 1876 2353 persuadebit.
1895 2320 2023 2346 Nonnulla
2041 2319 2193 2345 huiusmodi
2212 2319 2331 2351 exempla

1368 2373 1453 2400 videri
1471 2376 1583 2406 possunt
1601 2374 1627 2399 in
1646 2373 1792 2400 Prodromo
1812 2373 1871 2407 (loc.
1890 2372 1953 2407 cit.),
1972 2379 2041 2406 quae
2059 2372 2102 2399 hic
2120 2373 2218 2399 referre
2242 2378 2332 2404 super-

1368 2428 1452 2454 fluum
1471 2428 1586 2454 videtur.

1441 2480 1456 2514 S
1476 2482 1501 2507 3.
1522 2480 1557 2507 De
1576 2480 1704 2515 tempore,
1724 2487 1771 2515 quo
1790 2479 1833 2506 hio
1862 2478 2067 2507 Commentarius
2095 2478 2210 2514 scriptus
2229 2479 2284 2514 est,
2305 2479 2332 2507 et

1369 2533 1399 2561 tle
1418 2533 1502 2569 ipsius
1521 2532 1605 2560 indole
1624 2534 1652 2560 et
1669 2532 1836 2568 praestantia
1854 2531 1979 2559 nonnulla
1997 2532 2129 2559 notamus.

1441 2588 1529 2614 Primo
1553 2587 1643 2621 quoad
1662 2588 1766 2621 tempus
1785 2587 1813 2612 P.
1832 2586 1928 2612 Bonelli
1954 2587 2047 2612 asserit
2067 2586 2168 2620 (Prodr.
2197 2587 2247 2613 loc.
2266 2586 2334 2619 011.),

1374 2650 1387 2665 ι(
1399 2642 1538 2668 Lecturam
1557 2648 1637 2674 super
1656 2643 1740 2667 totum
1760 2640 1931 2673 Evangelium
1959 2641 2046 2666 Lucae
2064 2647 2080 2666 a
2098 2640 2282 2666 Bonaventura
2301 2641 2335 2666 fa-

1370 2698 1440 2722 ctam
1460 2702 1519 2722 esse
1537 2695 1641 2721 Parisiis
1660 2701 1703 2720 an.
1730 2695 1739 2720 4
1747 2694 1812 2725 248,
1837 2701 1898 2720 011111
1927 2693 2045 2726 primum
2066 2694 2157 2720 fuisset
2176 2693 2240 2719 inibi
2259 2700 2274 2720 a
2292 2694 2334 2720 Fr.

1370 2750 1466 2776 Ioanne
1484 2749 1618 2775 Parmensi
1636 2748 1768 2774 institutus
1786 2749 1878 2774 Lector
1891 2757 1917 2774 1).
1934 2748 1990 2773 Hoc
2004 2747 2079 2781 (ibid.
2099 2747 2147 2778 col.
2162 2747 2205 2780 40)
2220 2746 2335 2779 probare

1371 2804 1460 2830 nititur
1478 2802 1569 2829 verbis
1587 2803 1628 2828 Fr.
1648 2801 1796 2828 Salimbene
1814 2808 1896 2834 supra
1915 2800 1931 2833 S
1950 2802 1976 2827 2.
1995 2801 2096 2832 1013115,
2115 2807 2185 2834 quae
2203 2807 2266 2826 sane
2283 2801 2335 2827 hoc

1372 2864 1494 2890 expresse
1513 2856 1601 2882 testari
1626 2856 1713 2888 primo
1731 2859 1839 2887 aspectu
1859 2855 1990 2887 videntur,
2010 2855 2126 2881 0111111110
2145 2855 2228 2881 dicat:
2249 2864 2261 2878 ι
2274 2854 2335 2881 Cur-

1372 2909 1447 2936 rebat
1465 2912 1527 2935 tunc
1545 2915 1630 2945 annus
1650 2908 1718 2934 4248
1730 2918 1743 2931 n
1766 2911 1816 2934 etc.
1834 2908 1954 2934 Attamen
1974 2910 2114 2941 putamus,
2134 2907 2272 2940 utriusque
2291 2913 2351 2933 au·-

1373 2963 1452 2990 ctoris
1470 2970 1577 2989 sensum
1597 2962 1630 2988 ita
1645 2962 1769 2988 duntaxat
1788 2961 1986 2993 intelligendum
2000 2968 2072 2992 esse,
2086 2960 2159 2994 quod
2173 2963 2234 2987 tunc
2252 2961 2335 2986 Bona-

1373 3021 1484 3045 ventura
1503 3016 1631 3051 inceperit
1644 3017 1713 3042 circa
1726 3019 1902 3042 memoratum
1921 3015 2019 3041 librum
2032 3018 2086 3041 lam
2109 3021 2252 3047 operosum
2265 3013 2335 3040 labo·

1373 3078 1446 3104 rare;
1470 3071 1521 3096 hoc
1540 3070 1611 3096 enim
1630 3069 1706 3095 brevi
1720 3072 1839 3101 tempore
1852 3075 1884 3094 eo
1907 3068 1994 3094 minus
2013 3067 2099 3100 potuit
2112 3066 2254 3099 perficere,
2272 3067 2335 3100 quia

1374 3127 1478 3158 praeter
1490 3122 1733 3156 interpretationem
1743 3121 1885 3148 Lombardi
1899 3122 1923 3148 in
1933 3121 2022 3148 schola
2031 3120 2126 3146 eadem
2136 3120 2247 3153 periodo
2257 3119 2335 3146 etiam

1374 3178 1534 3204 immensum
1553 3183 1622 3209 opus
1641 3179 1754 3209 quatuor
1772 3175 1901 3201 librorum
1920 3175 1948 3200 in
1961 3173 2141 3200 Lombardum
2160 3174 2227 3199 inter
2241 3180 2335 3200 manus

1375 3230 1497 3258 hahebat.
1510 3230 1704 3256 Attendendum
1718 3231 1757 3255 est
1768 3229 1861 3260 etiam,
1873 3231 2008 3254 auctorem
2028 3230 2089 3253 tunc
2108 3230 2192 3253 aetate
2211 3226 2336 3253 iuvenem

1377 3285 1456 3311 fuisse
1471 3284 1565 3317 (sactus
1578 3286 1617 3310 est
1635 3290 1678 3309 an.
1699 3282 1767 3320 4245
1786 3282 1981 3312 baccalaureus,
1994 3281 2101 3314 quando
2115 3288 2166 3307 non
2179 3280 2337 3307 numerabat

1376 3339 1426 3365 nisi
1445 3338 1479 3365 24
1498 3345 1597 3369 3111105,
1617 3340 1642 3363 01
1660 3325 1722 3369 post-
1738 3339 1790 3362 tres
1809 3343 1892 3362 annos
1919 3335 2017 3367 incepit
2035 3334 2169 3367 publicam
2188 3334 2335 3368 lecturam).
