2476 3921
738 229 932 263 COMMENT.
959 230 995 263 lN
1019 230 1258 265 EVANGELIUM
1282 232 1400 265 LL'CAE
1424 233 1456 265 C.
1483 235 1581 267 XVlll.
2084 242 2147 273 4:59

164 319 342 353 Bethlehem
359 329 378 352 a
402 319 522 352 bimatu
539 322 570 351 et
586 318 666 351 infra
682 331 713 350 ».
732 319 763 351 ln
780 319 872 351 cuius
888 319 980 351 etiam
999 319 1123 360 signum

161 373 334 415 acceptavit
364 382 538 415 puerorum
570 372 773 414 praeconium
806 372 1015 411 laudativum;
1048 373 1123 405 Mat—

162 425 244 459 thaei
269 425 418 468 vigesimo
443 425 562 467 primo:
592 438 608 454 «
626 424 772 457 Videntes
796 424 955 466 principes
979 425 1122 457 sacerdo-

160 483 228 512 tum
253 479 423 518 mirabHia,
441 487 521 521 quae
545 478 691 517 faciebat,
715 481 747 510 et
763 486 880 520 pueros
903 478 1074 510 clamantes
1091 478 1122 510 in

160 533 277 578 templo
300 537 331 566 et
356 532 521 566 dicentes:
553 533 696 565 Hosanna
727 532 790 564 lilio
824 531 937 564 David!
971 531 1121 574 indignati

114 584 115 587 ’
160 590 244 620 sunt.
269 587 306 618 Et
328 586 483 619 dixerunt
505 586 551 618 ei:
576 585 687 624 Audis,
712 585 788 627 quid
806 585 855 618 isti
880 585 1012 618 dicunt?
1038 586 1122 618 lesus

158 643 265 672 autem
289 639 371 672 dixit
388 639 450 672 eis:
475 639 692 680 Nonlegistis,
717 638 792 680 quia
815 647 857 671 ex
873 646 930 671 ore
954 638 1120 671 infantium

158 696 189 726 et
215 692 397 726 lactentium
423 691 579 734 perfecisti
600 691 723 724 laudem
738 705 768 723 n.
799 691 881 724 Licet
909 690 1005 733 igitur
1031 691 1121 733 pueri

157 746 341 779 occidantur
361 745 401 777 ab
418 744 551 783 Herode,
570 744 763 786 repellantur
779 754 798 776 a
814 744 1004 783 pharisaeis,
1022 744 1120 777 susci-

158 799 261 842 piendi
279 802 353 832 sunt
369 808 386 831 a
402 798 573 840 discipulis,
590 799 664 841 quia
680 798 899 840 suscipiuntur
915 807 934 830 a
949 798 1074 831 Christo
1090 801 1120 831 et

159 862 178 885 a
193 853 271 890 Deo;
286 852 368 885 unde
385 852 524 885 Psalmus
539 854 547 871 ¹
562 864 568 883 ε
591 866 605 880 π
623 852 771 891 Laudate,
789 852 892 893 pueri,
906 852 1075 884 Dominum
1088 855 1119 883 »ἲ

248 905 300 939 30.
326 905 445 947 Quarto
468 908 623 947 quantum
654 905 694 937 ad
717 905 909 937 iudicialem
941 903 1121 937 humilium

3 963 147 1017 pssffiiggssflgj
158 959 429 1002 approbationem
444 960 456 978 2
481 959 703 1001 subiungitur:
738 958 870 991 Tatium
893 962 939 991 est
962 959 1050 991 em‘m
1070 968 1121 991 re-

2 1017 84 1048 milium·
155 1022 262 1054 quum
288 1012 361 1051 Dei,
386 1012 415 1044 id
432 1016 480 1045 est
504 1011 612 1054 pueris
628 1011 788 1044 similium.
808 1031 851 1035 —
869 1011 904 1044 Et
928 1014 1018 1050 nota,
1035 1011 1121 1053 quod

157 1065 248 1107 pueri
268 1065 384 1099 habent
406 1066 512 1108 aliqua
528 1065 558 1098 in
585 1074 632 1104 se,
650 1065 681 1097 in
703 1065 821 1107 quibus
843 1065 1059 1098 assimilantur
1076 1065 1121 1097 eis

156 1119 257 1158 mali,
281 1123 312 1152 et
343 1119 466 1161 aliqua,
499 1119 530 1152 in
560 1119 678 1161 quibus
708 1119 924 1151 assimilantur
956 1119 1001 1152 eis
1034 1118 1118 1151 boni.

157 1173 288 1216 Propter
311 1173 396 1215 quod
420 1173 540 1214 primae
556 1172 595 1205 ad
619 1172 798 1205 Corinthios
814 1165 936 1205 decimo
959 1172 1119 1214 quartoss:

161 1240 176 1256 α
190 1227 288 1260 Nolite
304 1226 394 1269 pueri
412 1226 492 1259 effici
509 1226 667 1264 sensibus,
685 1225 738 1258 sed
755 1226 873 1258 malitia
893 1226 1015 1267 parvuli
1038 1229 1120 1259 esto-

0 1277 145 1336 jsffflgffim
157 1284 187 1314 te
203 1294 233 1312 ».
263 1298 304 1304 --
329 1280 448 1312 Habent
471 1288 608 1321 namque
638 1279 728 1321 pueri
753 1279 964 1311 stoliditatem
993 1280 1029 1311 in
1060 1289 1119 1312 ra-

127 1324 133 1330 ”
156 1334 257 1372 tione‚·
270 1333 515 1366 Proverbiorum
533 1332 683 1374 vigesimo
700 1332 852 1365 secundo:
874 1346 889 1361 α
903 1333 1041 1366 Stultitia
1057 1334 1120 1366 col-

157 1388 250 1429 ligata
273 1390 319 1419 est
350 1387 382 1418 in
413 1386 506 1419 corde
531 1386 621 1428 pueri
637 1398 673 1425 »3
706 1386 880 1428 Sapientiae
912 1386 1118 1419 duodecimo:

162 1453 178 1469 α
207 1441 368 1482 Tanquam
393 1440 501 1481 pueris
533 1440 697 1473 insensatis
728 1439 879 1472 iudicium
912 1440 943 1472 in
979 1440 1120 1472 derisum

157 1492 317 1526 dedisti».
334 1511 378 1516 -
402 1492 520 1525 Habent
547 1492 847 1534 concupiscentiam
872 1492 908 1524 in
931 1491 1119 1535 affection&

158 1546 360 1579 Ecclesiastae
383 1545 547 1578 decimo4:
577 1558 592 1574 α
612 1545 673 1578 Vae
696 1548 814 1578 terrae!
840 1545 940 1578 cuius·
955 1554 1014 1578 rex
1039 1554 1119 1587 puer
1142 1565 1144 1568 >

157 1598 278 1638 est,'et
294 1598 386 1631 cuius
403 1598 561 1640 principes
578 1607 668 1630 mane
692 1598 908 1637 comedunt»;
933 1602 965 1631 et
989 1599 1119 1631 Prover-

158 1653 283 1686 biorum
312 1652 463 1694 vigesimo
486 1661 586 1684 nono:
617 1665 632 1680 ε(
650 1651 746 1690 Puer,
777 1651 832 1693 qui
864 1651 1034 1684 dimittitur
1065 1662 1119 1684 vo-

157 1706 269 1740 luntati
301 1715 392 1745 suae,
424 1704 593 1738 confundet
624 1708 757 1737 matrem
782 1713 871 1737 suam
888 1718 919 1737 ι».
941 1723 983 1729 -
1001 1705 1120 1737 Habent

156 1760 251 1793 etiam
268 1758 516 1791 instabilitatem
533 1758 569 1791 in
585 1757 790 1800 operatione;
806 1757 901 1790 Isaiae
917 1757 1120 1800 quadragesi-

157 1812 250 1845 mo⁵:
280 1825 296 1840 «
313 1811 464 1844 Deficient
481 1811 572 1853 pueri
596 1814 627 1843 et
652 1810 854 1848 laborabunt,
879 1813 910 1842 et
934 1809 1064 1842 iuvenes
1088 1810 1119 1842 in

156 1865 339 1898 infirmitate
370 1873 428 1897 sua
459 1864 571 1897 cadent
593 1875 631 1902 »;
664 1867 695 1896 et
727 1863 765 1896 ad
798 1863 948 1905 Ephesios
983 1866 1118 1905 quarto:

161 1932 177 1948 «
193 1919 259 1952 Non
284 1919 383 1952 simus
407 1918 489 1951 sicut
513 1917 636 1960 parvuli
662 1917 853 1950 fluctuantes
869 1930 884 1945 »
913 1920 972 1949 etc.
991 1916 1027 1949 Et
1051 1916 1120 1949 ideo

156 1973 251 2006 lsaiae
283 1971 480 2014 sexagesimo
508 1971 637 2014 quinto:
667 1984 683 2000 α
702 1971 782 2004 Puer
810 1973 938 2003 centum
962 1979 1119 2003 annorum

155 2026 326 2064 morietur,
351 2028 382 2057 et
405 2027 551 2067 peccator
566 2037 582 2053 »
611 2028 670 2057 etc.

245 2079 298 2112 31.
324 2078 443 2111 Habent
466 2082 592 2120 praeter
618 2079 694 2111 haec
718 2078 808 2121 pueri
830 2078 1014 2120 puritatem
1023 2090 1034 2117 ;
1059 2078 1119 2111 Da-

0 2132 143 2181 [ῑθξξὴζῖξζῗω
155 2133 246 2166 nielis
267 2132 414 2174 primoss:
445 2145 460 2160 «
481 2132 640 2174 Praecepit
664 2141 722 2165 rex
753 2132 932 2174 praeposito
955 2132 1119 2165 eunucho-

155 2195 243 2226 rum,
268 2189 305 2218 ut
327 2186 542 2219 introduceret
562 2189 593 2219 et
616 2194 747 2228 pueros,
772 2185 803 2218 in
820 2185 946 2228 quibus.
961 2185 1048 2218 nulla
1069 2194 1118 2219 es-

155 2243 204 2274 set
231 2240 356 2274 macula
379 2252 414 2279 »3
440 2240 509 2273 ideo
540 2240 646 2282 primi,
661 2241 778 2282 Regum
810 2240 961 2282 vigesimo
992 2240 1116 2282 primo:

161 2307 177 2322 «
194 2294 224 2326 Si
243 2294 350 2326 mundi
375 2297 450 2327 sunt
466 2294 571 2336 pueri,
593 2293 730 2326 maxime
746 2303 764 2326 a
780 2293 989 2332 mulieribus?
1006 2294 1042 2326 Et
1057 2294 1118 2326 Da-

155 2346 224 2379 vid:
251 2347 418 2390 Equidem;
443 2347 573 2380 suerunt
598 2356 671 2380 vasa
694 2356 868 2389 puerorum
893 2350 1000 2393 sancta
1015 2360 1030 2375 »
1056 2350 1114 2379 etc.

153 2419 198 2425 -—-
218 2401 337 2434 Habent
358 2401 618 2444 simplieitatem;
643 2401 884 2434 proverbiorum
906 2400 1069 2449 'vigesimo
1085 2401 1115 2433 ⁷:

159 2468 175 2484 α
195 2455 239 2488 Ex
257 2455 369 2488 studiis
385 2455 452 2488 suis
474 2455 661 2497 intelligitur
677 2463 775 2497 puer,
800 2455 837 2496 si*
850 2453 937 2487 recta
952 2458 983 2487 et
999 2454 1117 2487 munda

154 2508 216 2542 sint
238 2517 335 2550 opera
357 2508 427 2541 eius
443 2521 477 2547 »;
502 2508 582 2541 Osee
605 2508 785 2541 undecimo:
809 2500 922 2540 «Puer
948 2508 1060 2548 lsrael,
1085 2511 1116 2540 et

152 2562 250 2595 dilexi
273 2571 346 2595 eum
362 2576 394 2601 »‚
411 2562 528 2595 scilicet
544 2565 673 2604 propter
697 2561 949 2604 simplicitatem;
973 2565 1005 2594 et
1021 2561 1114 2603 primi

154 2615 410 2658 Paralipomenon
434 2615 561 2648 ultimo:
592 2629 608 2643 «
624 2615 703 2654 Scio,
726 2614 874 2657 Domine,
899 2614 983 2657 quod
1000 2614 1115 2657 probes

225 2830 234 2845 ¹
256 2831 349 2856 Psalm.
370 2831 435 2861 112,
455 2831 478 2856 1.

225 2874 235 2888 ²
254 2874 337 2900 Codd.
356 2874 375 2900 C
387 2875 408 2900 D
426 2874 647 2908 acceptationem,
667 2876 687 2900 11
707 2876 770 2906 legit
781 2875 905 2909 sequitur
918 2875 1053 2902 iudicialis
1067 2875 1114 2901 hu-

153 2917 261 2944 milium
273 2918 417 2951 acceptatio
431 2921 456 2945 cc
468 2919 635 2952 approbatio.
655 2919 772 2946 Subinde
793 2927 842 2952 pro
860 2927 977 2953 reanum
998 2919 1045 2946 Dei
1063 2919 1082 2945 C
1094 2920 1115 2945 D

153 2969 271 2997 reanum
289 2963 437 2989 caelorum.

225 3006 236 3021 ⁹
257 3008 330 3033 Vers.
350 3008 393 3033 20.
413 3022 446 3026 —
466 3008 524 3034 Duo
543 3015 616 3041 seqq.
637 3008 686 3034 loci
705 3011 766 3034 sunt
785 3009 859 3034 Prov.
881 3010 929 3040 22,
950 3008 991 3034 115
1008 3011 1034 3034 et
1054 3009 1115 3040 Sap.

155 3052 203 3084 12,
223 3053 265 3079 25.
597 3086 600 3090 .

224 3097 235 3111 ⁴
256 3098 329 3123 Vers.
350 3098 396 3128 16,
418 3101 477 3129 post
495 3104 575 3130 quem
595 3098 672 3124 Prov.
693 3098 741 3128 29,
766 3098 803 3123 15.

225 3140 237 3155 ⁶
256 3142 330 3167 Vers.
350 3142 393 3167 30.
411 3155 447 3161 —
466 3143 617 3175 Sequuntur
636 3142 701 3174 Eph.
721 3138 814 3173 4‚¹lh.
834 3145 859 3167 et
879 3142 934 3168 lsai.
955 3142 1004 3172 65,
1023 3142 1067 3167 20.

225 3184 238 3199 ⁶
258 3187 331 3211 Vers.
351 3187 377 3212 3.
396 3193 466 3219 seq.;
485 3186 582 3212 deinde
601 3187 619 3212 1.
632 3187 697 3218 fleg.
716 3187 744 3212 2⁴1
758 3208 765 3218 ,
786 3186 810 3212 t.
829 3190 855 3212 et
874 3187 899 3212 5.

227 3228 236 3243 ⁷
256 3230 331 3256 Vera.
353 3230 393 3255 11.
413 3244 448 3249 -
467 3231 525 3256 Duo
546 3237 620 3263 seqq.
644 3231 693 3256 loci
712 3233 772 3256 sunt
791 3230 857 3256 Osee
881 3231 925 3262 11,
949 3231 969 3255 l.
991 3233 1017 3255 et.
1036 3230 1052 3255 Ι.
1073 3230 1115 3254 Pa-

155 3273 229 3306 ralip.
250 3275 298 3305 29,
320 3275 363 3300 17.

226 3317 237 3331 ‘³
257 3318 331 3344 vers.
352 3319 400 3350 19,
419 3319 461 3345 cui
480 3319 642 3345 subnectitur
661 3320 736 3345 Prov.
756 3320 803 3352 23,
826 3319 865 3345 l3.

227 3360 239 3375 ⁹
258 3362 334 3388 Vers.
352 3363 385 3395 5,
405 3366 465 3395 post
484 3370 564 3396 quem
583 3363 646 3389 Luc.
666 3364 712 3395 11,
732 3363 771 3401 7.,

227 3405 250 3420 ¹⁰
270 3407 345 3432 vers.
364 3407 405 3432 18.
425 3410 450 3433 et
469 3407 566 3433 deinde
584 3408 648 3433 Gen.
668 3406 716 3438 37,
735 3408 760 3433 2.

1190 320 1285 353 corda
1308 325 1339 353 et
1363 322 1592 363 simplicitatem
1617 324 1773 366 diligas».
1793 345 1835 349 —
1860 328 1976 360 Habent
2001 329 2148 362 docilita-

1189 376 1271 410 tem;
1295 374 1469 415 Sapientiae
1489 379 1598 408 octavo
1612 376 1641 408 ⁸:
1673 390 1687 404 α
1707 378 1785 410 Puer
1809 388 1895 411 eram
1917 380 2094 422 ingeniosus
2118 388 2149 414 et

1188 426 1319 458 sortitus
1344 436 1413 459 sum
1438 428 1573 460 animam
1600 430 1710 462 bonam
1736 443 1772 469 »3
1798 432 2038 466 Proverbiorum
2066 435 2167 477 vige--

1188 479 1266 512 simo
1291 480 1401 513 tertio:
1431 494 1447 510 cx
1469 482 1533 514 Noli
1559 483 1747 516 subtrahere
1771 494 1788 516 a
1814 494 1912 526 puero
1936 487 2146 529 disciplinam

1187 543 1212 565 si
1237 542 1320 566 enim
1345 536 1540 576 percusseris
1564 545 1636 568 eum
1663 537 1768 578 virga,
1794 548 1852 570 non
1880 540 2032 572 morietur
2050 556 2078 572 n.
2107 560 2147 565 ——

1187 586 1306 618 Habent
1321 587 1608 626 amicabilitatem
1627 589 1678 621 lob
1695 590 1843 631 vigesimo
1868 601 1948 624 nono
1962 593 1991 624 ⁹:
2015 607 2028 620 «
2042 594 2147 626 Omni-

1187 643 1297 680 potens
1321 644 1388 673 erat
1413 649 1552 680 mecum,
1577 646 1608 674 et
1625 642 1655 674 in
1680 643 1815 675 circuitu
1834 653 1902 676 meo
1916 646 2016 686 vpueri
2036 647 2094 679 mei
2111 661 2146 685 »ς

1186 696 1217 725 et
1233 702 1330 734 supra
1354 693 1537 726 undecimo:
1569 695 1665 727 «Noli
1690 696 1765 728 milii
1792 698 1941 730 molestus
1965 708 2049 737 esse,
2075 700 2147 741 quia

1186 747 1275 788 pueri
1301 747 1362 779 mei
1380 756 1503 780 mecum
1522 752 1597 780 sunt
1614 748 1643 781 in
1669 749 1762 781 cubili
1778 763 1807 781 ».
1824 769 1864 773 —
1883 751 1999 784 Habent
2025 757 2148 785 trocta-

1187 800 1363 838 bititatem;
1388 801 1480 843 primi
1508 802 1624 844 Regum
1649 803 1786 835 secundo
1801 804 1843 835 ¹⁰:
1875 817 1889 831 α
1907 806 2029 837 Samuel
2059 806 2147 839 mini—

1186 854 1306 886 strabat
1329 858 1401 887 ante
1421 855 1604 894 Dominum,
1623 856 1880 899 puerjaccinctus
1904 858 2005 899 ephod
2025 859 2104 892 lineo
2118 873 2146 898 »ς

1186 910 1216 940 et
1247 907 1286 939 de
1319 907 1426 949 loseph
1459 908 1586 941 Genesis
1619 909 1779 950 trigesimo
1814 910 1966 952 septimo:
1997 924 2012 939 «
2038 912 2144 955 loseph

1186 960 1332 1002 pascebat
1345 970 1482 1003 “gregem
1507 971 1580 994 cum
1605 962 1757 995 fratribus
1780 963 1859 1002 suis,
1884 964 1987 997 adhuc
2019 974 2096 1006 puer
2113 981 2142 997 ».

1159 1010 1161 1012 ’
1188 1033 1227 1037 -
1239 1014 1357 1046 Habent
1372 1015 1602 1053 veracitatem,-
1615 1016 1750 1049 Danielis
1766 1016 1886 1050 decimo
1900 1018 2041 1050 tertio¹¹:
2062 1033 2077 1047 «
2090 1020 2146 1052 Su-

1186 1066 1308 1099 scitavit
1332 1067 1483 1100 Dominus
1504 1068 1651 1109 spiritum
1676 1073 1818 1101 sanctum
1837 1070 1927 1111 pueri
1954 1071 2099 1109 iunioris,
2116 1077 2145 1104 et

1185 1120 1242 1152 ait:
1268 1120 1404 1152 Mundus
1427 1129 1484 1169 ego
1508 1130 1578 1153 sum
1603 1131 1622 1153 a
1648 1123 1800 1164 sanguine
1825 1123 1921 1155 huius
1939 1136 1973 1160 »ς
2001 1124 2145 1157 lere-miae

1185 1173 1307 1215 primo:
1331 1186 1346 1201 «
1362 1174 1470 1206 Nescio
1495 1174 1598 1216 loqui,
1623 1176 1697 1216 quia
1713 1185 1792 1217 puer
1817 1185 1874 1218 ego
1891 1186 1971 1209 sum.
2000 1178 2034 1209 Et
2050 1178 2144 1210 dixit:

1184 1228 1249 1260 Noli
1274 1227 1397 1267 dicere,
1422 1228 1496 1270 quia
1520 1238 1600 1270 puer
1624 1229 1713 1268 sis»;
1738 1233 1768 1262 et
1793 1240 1890 1272 supra
1918 1232 2037 1273 primo:
2066 1245 2081 1260 α
2098 1233 2143 1264 Tu

1184 1290 1275 1322 puer,
1302 1281 1482 1322 Propheta»
1512 1285 1569 1314 etc.
1589 1282 1765 1314 -Habent
1789 1284 1881 1315 etiam
1908 1283 2144 1322 humilitatem,-

1185 1334 1278 1366 Marci
1303 1334 1435 1376 septimo
1450 1335 1492 1365 ¹²:
1524 1348 1539 1362 «
1556 1335 1661 1367 Catelli
1687 1336 1855 1368 comedunt
1883 1337 1942 1369 sub
1970 1347 2077 1371 mensa
2107 1338 2145 1370 dt·

1184 1386 1274 1419 micis
1290 1395 1465 1428 puerorum
1483 1399 1516 1425 »ς
1534 1391 1565 1419 et
1589 1388 1708 1420 ratione
1728 1388 1822 1421 liuius
1838 1390 1975 1422 maxime
2000 1391 2063 1423 Deo
2080 1392 2145 1432 pla-

1184 1443 1272 1478 cent,
1297 1443 1328 1472 et
1360 1440 1411 1472 hic
1443 1440 1690 1473 introducuntur
1723 1441 1752 1472 in
1786 1443 1989 1483 exemplum;
2015 1448 2045 1476 et
2070 1445 2144 1477 Mat-

1185 1493 1268 1526 thaei
1292 1493 1572 1526 decimo'octavo:
1602 1507 1617 1522 «
1643 1494 1701 1535 Qui
1735 1496 1910 1537 susceperit
1941 1506 2040 1529 unum
2074 1507 2145 1539 par-

1187 1547 1294 1579 vulum
1329 1547 1421 1579 talem
1454 1547 1483 1579 in
1510 1547 1634 1579 nomine
1666 1556 1736 1580 meo
1767 1557 1817 1580 me
1853 1549 1983 1590 suscipit
2004 1562 2039 1587 „;
2072 1551 2145 1591 quia

1190 1613 1205 1628 «
1222 1600 1368 1633 excelsus
1392 1601 1544 1633 Dominus
1568 1605 1599 1633 et
1622 1601 1755 1633 humilia
1779 1601 1951 1643 respicit».
1979 1602 2047 1635 Ideo
2071 1604 2145 1635 Mat-

1185 1653 1267 1686 thaei
1287 1653 1491 1686 duodecimo:
1523 1667 1538 1682 «
1556 1654 1646 1692 Ecce,
1673 1664 1752 1696 puer
1776 1663 1866 1688 meus
1890 1655 2025 1694 electus,
2051 1666 2144 1698 quem

1184 1706 1296 1748 elegi»
1324 1709 1444 1739 010-
1460 1707 1582 1739 Talium
1608 1708 1718 1749 igitur,
1744 1708 1773 1740 id
1799 1712 1845 1741 est
1874 1709 2056 1742 habentium
2082 1720 2146 1752 pu-

1185 1759 1319 1791 ritatem
1343 1759 1373 1791 in
1398 1768 1507 1798 carne,
1531 1760 1773 1802 simplieitatem
1792 1761 1823 1794 in
1847 1762 2032 1802 intentione,
2057 1763 2145 1796 doei-

1186 1811 1310 1844 litatem
1326 1811 1357 1844 in
1375 1812 1549 1854 cognitione
1564 1813 1892 1858 ¹³‚1amieabilitatem
1916 1815 1945 1848 in
1968 1816 2144 1855 affectione,

1186 1864 1455 1897 tractabilitatem
1479 1865 1509 1897 in
1541 1867 1739 1907 operatione,
1771 1868 1983 1901 veracitatem
2016 1869 2045 1901 in
2079 1879 2145 1903 ser-

1185 1926 1277 1950 mone
1308 1921 1340 1950 et
1363 1916 1581 1950 lnmzz‘ttcatem
1608 1919 1639 1951 in
1665 1911 1913 1959 conversatione,
1938 1925 1985 1954 est
2009 1931 2140 1964 regnum

1185 1970 1354 2003 caelorum.
1378 1971 1412 2003 Et
1430 1971 1549 2003 ratione
1574 1971 1669 2004 huius
1686 1970 1885 2005 humilitatis
1902 1977 2031 2006 vocatur
2048 1974 2143 2007 Abra-

1185 2024 1256 2056 ham
1279 2033 1366 2066 puer
1382 2023 1412 2056 in
1438 2024 1617 2065 Scriptura3
1635 2024 1775 2057 I'salmus
1790 2025 1833 2056 ¹⁴:
1856 2038 1870 2053 α
1890 2026 2005 2058 Memor
2024 2026 2083 2059 suit
2100 2031 2141 2060 te-

1184 2077 1329 2110 stamenti
1365 2077 1436 2116 sui,
1471 2077 1555 2119 quod
1592 2078 1702 2110 habuit
1733 2077 1772 2110 ad
1791 2078 1968 2121 Abraham,
2007 2088 2140 2120 puerunt

1183 2140 1277 2164 suum
1295 2143 1329 2170 »;
1355 2134 1386 2164 et
1409 2140 1507 2173 supra
1534 2131 1637 2173 primo
1661 2131 1804 2164 similiter
1829 2132 1921 2164 lsrael
1954 2136 2043 2165 vocat
2066 2142 2143 2174 pue-

1183 2195 1275 2218 rum:
1298 2198 1313 2214 α
1331 2185 1473 2227 Suscepit
1490 2185 1598 2225 lsrael,
1616 2194 1750 2227 puerum
1768 2194 1860 2218 suum
1880 2199 1908 2217 n.
1927 2185 2070 2219 Christus
2087 2196 2143 2219 au-

1182 2242 1244 2272 tem
1265 2248 1352 2282 puer
1376 2239 1491 2272 dicitur
1524 2238 1724 2271 Ecclesiastae
1756 2242 1883 2281 quarto:
1919 2252 1933 2267 <r
1958 2239 2065 2272 Melior
2096 2245 2142 2273 est

1182 2302 1262 2335 puer
1285 2301 1406 2334 pauper
1430 2295 1461 2325 et
1485 2292 1608 2334 sapiens
1632 2301 1705 2334 rege
1729 2301 1802 2325 sene
1819 2296 1850 2325 et
1873 2292 1969 2325 stulto
1986 2306 2000 2320 »
2030 2296 2087 2325 etc.
2107 2293 2140 2324 Et

1182 2346 1303 2378 ratione
1331 2346 1481 2378 omnium
1509 2345 1763 2388 praedictorum
1792 2349 1823 2378 et
1853 2345 1989 2378 maxime
2022 2345 2140 2378 ratione

1181 2398 1381 2431 humilitatis
1409 2399 1542 2432 dicitur:
1577 2398 1705 2431 Tatium
1730 2403 1775 2431 esc
1799 2408 1937 2441 regnum
1961 2398 2137 2430 caelorum.

1183 2452 1315 2494 Propter
1339 2452 1424 2494 quod
1448 2461 1545 2494 supra
1565 2452 1667 2494 primo
1681 2452 1722 2484 ¹⁶:
1746 2465 1761 2480 α
1778 2451 1925 2494 Deposuit
1942 2454 2083 2493 potentes
2103 2451 2141 2483 de

1180 2506 1253 2539 sede
1269 2508 1300 2538 et
1316 2505 1467 2538 exaltavit
1484 2502 1619 2538 humiles
1635 2518 1669 2544 »3
1695 2508 1725 2537 et
1747 2505 1797 2537 lob
1821 2504 1968 2546 vigesimo
1986 2504 2138 2537 secundo:

1186 2573 1201 2588 α
1217 2560 1276 2601 Qui
1301 2559 1486 2591 humiliatus
1509 2559 1604 2591 suerit
1627 2558 1686 2591 erit
1718 2558 1748 2589 in
1773 2557 1887 2599 gloria;
1919 2561 1949 2590 et
1972 2557 2025 2599 qui
2052 2557 2139 2589 incli-

1180 2612 1303 2645 naverit
1326 2612 1434 2645 oculos
1458 2621 1549 2650 suos,
1575 2612 1639 2653 ipse
1663 2611 1834 2644 salvabitur
1852 2624 1881 2641 ».

1251 2829 1270 2844 ¹¹
1293 2830 1367 2855 Vers.
1388 2829 1429 2854 45.
1449 2832 1474 2854 et
1495 2828 1535 2853 46.
1552 2828 1653 2852 ——lhio
1672 2834 1745 2859 seqq.
1766 2826 1813 2851 loci
1828 2830 1887 2850 sunt
1907 2826 1952 2851 lcr.
1971 2826 1990 2856 1,
2004 2826 2028 2850 6.
2043 2832 2097 2857 seq.
2113 2831 2136 2850 et

1179 2876 1240 2901 Luc.
1262 2875 1285 2905 1,
1304 2874 1347 2899 76.

1252 2919 1273 2933 ¹²
1293 2919 1368 2943 Vers.
1388 2918 1430 2943 28.
1444 2931 1477 2935 —
1492 2912 1608 2942 Subinde
1621 2917 1765 2947 allegantur
1779 2915 1864 2940 Matth.
1882 2915 1924 2942 18,
1939 2914 1962 2939 ξ).
1979 2921 2036 2945 {pro
2052 2920 2134 2939 unum

1176 2962 1327 2998 parvulum
1346 2961 1427 2988 talem
1442 2962 1460 2986 A
1473 2961 1493 2986 D
1504 2967 1621 2994 puerum
1641 2960 1732 2990 illum,
1749 2960 1767 2983 (1
1785 2965 1900 2991 puerum
1918 2965 2016 2987 unum,
2040 2959 2060 2982 G
2074 2965 2136 2990 pue-

1178 3014 1242 3034 rum
1262 3006 1356 3034 istum)
1377 3006 1416 3030 vs.
1437 3005 1501 3035 137,
1521 3005 1546 3029 6.
1565 3008 1590 3029 et
1603 3004 1688 3028 lllattli.
1715 3004 1757 3032 ¹2,
1775 3003 1814 3026 ¹8.
1829 3003 1885 3032 (cfr.
1899 3001 1955 3026 lsai.
1980 3001 2022 3030 ta,
2048 3001 2089 3033 1.).
2102 3014 2137 3019 -

1180 3052 1286 3077 interius
1306 3057 1353 3082 pro
1372 3051 1398 3075 ct
1415 3049 1457 3075 hio
1482 3048 1692 3074 introducuntur
1714 3047 1733 3072 D
1759 3048 1784 3072 et
1807 3045 1856 3071 hoc
1882 3045 2062 3071 introducitur
2088 3045 2135 3077 (ita

1134 3126 1137 3127 .
1179 3097 1256 3122 etiam
1277 3096 1295 3120 C
1315 3095 1451 3127 primitus,
1471 3094 1515 3119 sod
1537 3096 1625 3124 postea
1647 3098 1693 3123 pro
1714 3090 1762 3117 hoc
1783 3090 1895 3122 positum
1917 3094 1953 3115 est
1974 3089 2005 3115 oh
2024 3089 2096 3121 hoc).

1253 3139 1274 3154 ¹³
1293 3139 1375 3164 Codd.
1396 3139 1414 3163 Α
1426 3138 1444 3163 C
1457 3138 1476 3163 D
1496 3137 1522 3162 in
1543 3135 1710 3169 aequatione.

1253 3183 1274 3197 ¹¹
1294 3183 1359 3208 Psal.
1383 3181 1445 3213 101,
1460 3181 1507 3211 42,
1528 3179 1571 3204 ubi
1589 3186 1637 3211 pro
1657 3177 1808 3204 testamenti
1818 3176 1863 3203 sui
1876 3177 1934 3202 X'at.
1947 3184 2007 3202 cum
2024 3177 2133 3206 Vulgata

1179 3227 1254 3254 'verbi
1270 3225 1358 3253 sancti
1375 3225 1425 3252 sui.
1440 3239 1473 3244 —
1489 3224 1610 3257 Sequitur
1624 3223 1684 3248 Luc.
1709 3223 1734 3253 1,
1754 3221 1802 3253 54,
1822 3222 1865 3254 qui
1887 3228 1900 3246 a
1922 3221 1978 3247 Vnt.
1998 3221 2136 3248 omittitur.

1180 3279 1228 3303 pro
1247 3278 1301 3303 quo
1320 3270 1398 3295 codd.
1418 3275 1557 3301 perperam
1576 3268 1687 3298 allegant
1713 3273 1738 3291 v.
1763 3266 1809 3290 73:
1832 3264 2040 3295 Iusiurandum,
2067 3264 2138 3297 quod

1180 3314 1282 3342 iuravit
1294 3313 1330 3340 ud
1343 3313 1489 3343 Abraham,
1504 3318 1622 3345 puerum
1636 3317 1715 3336 suum
1733 3310 1855 3341 (Vulgata
1868 3311 1974 3343 putrem
1991 3310 2137 3340 nostrum).

1181 3358 1296 3385 Subinde
1316 3358 1441 3389 allegatur
1461 3357 1542 3382 Eccle.
1564 3355 1592 3386 t,
1617 3355 1655 3379 13.

1252 3402 1273 3417 ¹⁵
1295 3403 1367 3428 Vers.
1388 3401 1434 3434 52,
1455 3404 1513 3432 post
1532 3406 1611 3432 quem
1632 3398 1676 3424 loli
1697 3399 1743 3429 22,
1764 3398 1806 3423 20.

2169 1719 2297 1741 Notandum.
