2427 3872
480 223 541 248 8οΜ

249 279 284 285 —-
303 266 470 292 conculcatur
489 267 515 292 in
541 268 622 294 corde
646 267 775 294 oblivioso
795 268 835 293 vti

195 308 245 335 494
261 310 293 335 48
306 324 341 328 -
355 311 535 337 concute-tum
555 312 685 344 significat
704 312 837 338 auditores

193 354 385 387 infructuosos,
413 356 475 388 quia
504 363 557 382 non
584 357 695 382 retinent
719 355 781 382 itn'd.
800 370 836 374 —

192 399 335 425 arefactum
355 402 394 425 est
415 399 526 426 verbum
546 400 647 426 Domini
660 401 688 426 in
701 400 781 426 corde
793 400 836 426 de-

193 442 292 469 sidioso
312 442 347 470 ib.
366 444 398 469 49
418 459 453 463 -
476 445 632 471 suffocatum
658 447 697 470 est
722 444 834 470 verbum

195 486 299 513 Domini
320 488 345 513 in
369 489 450 514 corde
472 489 609 521 negotioso
627 487 663 514 ib.
682 488 715 514 20
736 502 772 508 -
794 488 836 514 Se-

193 538 254 556 men
270 531 345 558 verbi
363 533 445 558 divini
464 535 534 559 recte
562 533 707 565 suscipiunt
725 532 770 565 qui
792 539 835 558 au·

192 575 245 601 dita
264 579 441 609 exsequuntur
462 577 511 602 498
531 577 565 602 33

248 635 283 638 -
302 621 442 652 parvulum
461 621 554 647 crescit
579 621 605 646 in
623 621 832 652 magnitudinem

192 663 294 690 arboris
313 672 360 697 per
388 665 540 691 continuum
570 665 758 691 incrementum
790 665 832 691 Vll

193 708 245 734 347
266 709 293 734 44

245 753 380 779 8011101110
402 767 440 774 —
464 753 593 785 significat
611 760 693 785 opera
716 753 830 778 iustitiae

191 796 233 822 vei
253 797 453 824 misericordiae
468 798 508 824 Vll
531 798 580 823 490
603 797 621 824 7
639 811 675 816 -
699 797 832 823 Seminare

191 845 229 866 est
242 841 354 867 verbum
375 842 420 868 Dei
434 842 586 874 praedicare
603 842 635 868 Vl
650 842 684 867 90
703 841 721 867 b
734 855 770 861 —-
783 842 830 867 Per

190 885 388 912 seminationem
408 886 558 918 intelligitur
576 886 737 918 praedicatio
757 885 831 912 verbi

191 929 237 955 Dei
257 930 299 955 Vll
321 930 371 956 490
391 931 406 956 7
420 946 455 949 -
469 931 545 957 verbi
564 931 609 956 Dei
629 937 735 963 semper
753 931 786 956 de
803 937 832 956 se

191 977 230 999 est
248 973 317 1000 bona
337 978 361 1000 et
381 976 527 1008 fructuosa,
546 976 662 1001 variatur
685 978 772 1001 tamen
791 982 831 1001 se-

192 1018 309 1044 cundum
340 1019 513 1046 differentiam
545 1023 629 1046 terrae
666 1019 831 1052 suscipientis

189 1061 250 1088 ibid.
269 1077 304 1082 —-
323 1064 372 1097 Qui
393 1064 517 1091 observat
536 1068 644 1091 ventum
664 1064 831 1090 detractionis

188 1113 240 1132 non
259 1108 371 1134 seminat
389 1108 470 1135 verba
499 1109 544 1135 Dei
566 1109 597 1135 Vl
626 1109 660 1134 90
690 1108 707 1134 b
726 1122 761 1128 -
781 1109 829 1141 Qui

188 1158 240 1177 non
258 1152 369 1179 seminat
382 1156 500 1186 tempore
512 1153 690 1179 seminationis
702 1153 829 1179 damnum

190 1196 250 1222 facit
269 1196 377 1223 domino
398 1198 440 1223 Vll
461 1197 512 1224 485
532 1198 565 1223 36

242 1255 276 1258 -
296 1242 391 1267 Semen
417 1243 479 1268 fidei
504 1243 647 1268 seminatur
673 1242 696 1267 in
717 1242 828 1268 Ecclesia

189 1290 236 1316 per
255 1286 399 1311 humanum
419 1286 593 1312 ministerium
607 1286 650 1312 Vll
670 1286 722 1312 346
742 1287 774 1312 39
796 1301 829 1305 -

189 1328 363 1356 seminatores
382 1334 501 1363 respectu
519 1331 618 1363 gratiae
636 1334 697 1357 sunt
716 1331 827 1363 Prophe-

189 1375 242 1406 tae,
270 1378 391 1407 respeetu
420 1376 519 1407 gloriae
547 1378 606 1401 sunt
634 1376 748 1408 Apostoli
779 1382 828 1408 pro

189 1418 244 1444 aliis
268 1422 293 1445 et
320 1420 431 1453 quilibet
458 1427 507 1453 pro
536 1420 640 1452 seipso
662 1420 691 1445 Vl
722 1420 774 1445 300
795 1420 828 1445 68

187 1477 223 1481 —
247 1464 390 1491 seminator
414 1472 535 1491 summus
560 1465 621 1491 fidei
646 1467 685 1490 est
710 1464 827 1491 Christus

190 1506 233 1532 Vll
253 1508 303 1534 346
325 1509 357 1534 39

241 1566 276 1571 -
300 1553 349 1586 Qui
378 1553 489 1580 seminat
516 1554 609 1586 nescit,
637 1553 708 1586 quod
738 1560 827 1579 semen

189 1596 301 1622 fructum
320 1598 379 1624 facit
398 1599 430 1624 Vl
451 1599 485 1623 89
503 1606 530 1624 v.
549 1599 564 1623 6

241 1642 351 1668 Smne
370 1656 405 1662 —
424 1643 545 1669 dicuntur
563 1643 670 1669 consilia
690 1642 722 1668 Vl
742 1643 793 1668 583
814 1643 822 1668 4

188 1698 223 1704 -
242 1686 353 1713 Semitas
372 1691 455 1713 rectas
481 1689 565 1714 faeere
589 1687 719 1719 significat
738 1686 828 1713 obser-

187 1730 302 1756 vantiam
322 1732 490 1758 consiliorum
511 1732 553 1758 Vll
572 1732 607 1757 72
627 1732 654 1757 44
673 1746 708 1750 -
721 1732 828 1764 quando

184 1776 227 1799 est
243 1777 328 1807 recta,
347 1779 410 1802 tunc
429 1777 488 1803 facit
507 1777 554 1803 iter
573 1777 718 1809 perfectum
740 1776 772 1802 47
793 1777 825 1802 28

242 1818 365 1846 8501111105
383 1834 418 1840 -
434 1821 493 1847 11001
505 1821 537 1847 sit
556 1822 699 1853 perfectus,
718 1828 770 1847 non
791 1824 828 1847 ta-

189 1867 249 1887 men
269 1865 467 1895 comprehendit
490 1865 667 1898 septenarium
694 1865 725 1891 Vl
746 1865 779 1891 32
799 1872 826 1898 q.

187 1919 224 1925 —
241 1913 367 1934 numerus
392 1917 442 1935 non
462 1913 501 1936 est
525 1911 581 1936 sine
606 1909 745 1942 mysterio,
764 1909 827 1942 quia

189 1951 320 1982 perfectus
339 1956 377 1978 est
396 1953 438 1980 Vll
458 1955 491 1980 20
512 1954 540 1980 44

242 1995 370 2022 Samius
387 2011 422 2017 -
440 1999 519 2025 debet
543 2006 600 2026 csse
627 1999 771 2026 reverenda
795 1998 827 2025 Vl

191 2039 237 2064 434
262 2046 288 2064 ν.
310 2039 341 2065 47
361 2055 395 2059 -—
413 2046 453 2068 est
472 2044 628 2070 venerabilis
645 2044 718 2076 apud
744 2044 826 2069 Deum

188 2086 214 2109 et
233 2084 347 2115 Angelos
365 2089 390 2111 et
410 2087 528 2114 homines
548 2089 629 2115 iustos
649 2088 699 2115 434
719 2096 746 2114 V.
765 2089 780 2113 8
794 2102 829 2107 -

189 2128 218 2153 111
236 2127 345 2154 senibus
363 2130 428 2156 solet
446 2138 503 2158 esse
522 2133 647 2165 sapientia
667 2132 700 2160 ib.
715 2141 741 2159 v.
759 2133 775 2158 9
795 2147 829 2151 -

189 2171 230 2197 Ad
248 2172 352 2199 laudem
378 2177 403 2200 et
427 2177 614 2204 confessionem
641 2178 695 2204 Deo
713 2177 829 2203 dandam

189 2223 242 2242 non
262 2218 301 2242 est
328 2220 531 2249 exspectandum
560 2225 664 2255 tempus
691 2221 830 2249 senectutis

189 2261 223 2287 92
237 2268 263 2287 v.
283 2261 293 2286 4

243 2306 325 2331 —ln
353 2309 484 2333 senectute
503 2313 542 2336 est
569 2312 715 2343 praesentia
743 2310 829 2337 nocivi

190 2350 223 2376 Vl
244 2350 276 2376 92
297 2357 324 2376 v.
346 2355 354 2375 1
372 2365 407 2369 -
422 2351 448 2376 111
461 2357 592 2381 senectute
606 2360 696 2382 natura
716 2357 829 2382 humana

190 2394 348 2427 inquietatur
359 2402 405 2426 per
416 2396 509 2423 multas
520 2400 650 2426 molestias
661 2399 723 2427 ibid.
733 2414 768 2419 —
779 2400 827 2425 Sex

190 2439 318 2472 defectus,
337 2439 382 2472 qui
396 2441 604 2469 concomitantur
619 2448 778 2471 senectutem
794 2444 827 2469 93

190 2491 215 2509 v.
231 2484 256 2510 3.
269 2484 302 2510 94
322 2492 348 2509 v.
363 2483 386 2516 4,
401 2484 416 2509 5
429 2498 465 2504 -
479 2485 559 2513 Senex
579 2492 618 2514 est
633 2490 712 2515 miser
725 2489 759 2515 94
772 2496 799 2514 ν.
813 2489 828 2514 5

245 2529 366 2554 8501011115
383 2542 419 2547 -
444 2529 565 2556 dicuntur
593 2534 761 2564 perfectiores
786 2533 828 2558 Vll

191 2573 237 2598 294
263 2572 296 2598 45
315 2586 349 2592 -
368 2575 429 2598 sunt
445 2580 493 2605 pro
513 2578 595 2602 aetate
607 2580 633 2603 et
651 2577 778 2610 supientia
792 2583 828 2602 re-

191 2617 299 2643 verendi
318 2620 343 2643 et
370 2617 493 2643 audiendi
523 2619 573 2644 467
601 2620 615 2646 4
634 2635 669 2641 -
694 2621 829 2654 praecelle-

191 2659 254 2687 bant
273 2661 425 2695 antiquitate
443 2661 494 2687 227
515 2662 548 2688 36

247 2720 280 2725 —
299 2706 495 2732 Pharisaeorum
510 2709 610 2734 confusi
624 2711 697 2742 prius
713 2710 828 2742 exibant,

193 2749 254 2780 quia
274 2750 324 2782 ipsi
351 2749 427 2782 primi
448 2751 549 2776 fuerant
575 2752 601 2778 in
620 2755 695 2787 culpa
726 2755 757 2781 Vl
778 2753 828 2780 355

193 2792 225 2817 40
245 2807 280 2813 -
299 2795 325 2820 111
339 2793 486 2820 senioribus
504 2798 559 2821 erat
572 2797 652 2824 fastus
665 2801 772 2831 propter
787 2805 828 2824 ca-

192 2836 280 2863 nitiem
300 2837 439 2863 senectutis
459 2837 500 2863 Vll
519 2837 566 2864 501
591 2841 606 2865 2

244 2895 280 2900 -
297 2884 459 2914 rogaverunt
473 2882 555 2908 lesum
569 2890 600 2909 ex
619 2892 709 2912 amore
728 2889 753 2912 et
772 2892 829 2911 con·

193 2924 298 2951 fidentia
327 2926 370 2952 Vll
401 2925 450 2951 467
479 2926 493 2950 6
513 2939 548 2946 -
566 2933 725 2960 rogaverunt
745 2929 828 2955 Domi-

191 2976 269 3000 num,
289 2973 316 2995 ut
336 2970 504 3002 impetrarent
516 2971 624 3001 gratiam
645 2973 678 2999 ih.
692 2974 708 2999 7
724 2988 758 2993 —
778 2974 829 2999 fue-

190 3017 252 3039 runt
271 3014 391 3040 satisfacti
408 3021 437 3040 ex
452 3014 592 3041 Salvatoris
605 3017 739 3043 clementia
759 3016 792 3043 ib.
812 3018 826 3042 8

246 3071 279 3076 -
299 3058 346 3084 Per
368 3059 483 3084 seniores
512 3059 666 3087 ludaeorum
686 3061 828 3093 intelligun-

192 3104 234 3128 tur
253 3102 367 3134 Apostoli
388 3103 429 3129 Vll
453 3103 501 3128 469
525 3103 554 3131 17

245 3146 417 3173 Seanxcusnia
435 3160 469 3167 --
489 3147 670 3178 interpretatur
683 3149 773 3174 tollens
786 3149 829 3174 de-

192 3193 259 3216 serta
280 3193 305 3216 et
323 3191 452 3223 significat
470 3190 603 3218 diabolum
629 3196 828 3225 persequentem

192 3236 311 3260 austeros
331 3235 373 3261 Vll
393 3236 426 3261 95
447 3234 479 3261 24

246 3278 372 3305 5110515110
387 3293 425 3300 —
444 3282 483 3305 est
507 3281 672 3307 manifestum
697 3280 729 3306 Vl
751 3281 783 3305 46
803 3288 828 3314 q.

195 3323 203 3347 1
231 3321 259 3348 2*
272 3336 307 3343 -
319 3323 354 3349 Ex
372 3322 539 3350 sensibilibus
552 3324 736 3351 manuducitur
750 3326 829 3351 homo

866 179 902 212 ΙΝ
926 179 1220 214 COMMENTARlOS
1244 182 1273 214 S.
1298 182 1524 216 SCRIPTURAE

874 267 908 293 ad
927 268 1121 299 intelligentiam
1141 269 1243 295 iliorum
1262 277 1332 303 quae
1350 272 1516 298 considerare

874 311 1025 343 negligebat
1045 313 1086 338 Vll
1107 313 1157 338 333
1178 314 1222 339 84.
1240 314 1293 340 334
1313 315 1341 340 81

927 356 1095 382 8005011111115
1120 370 1157 376 -
1184 364 1236 383 non
1265 365 1294 384 se
1324 360 1453 385 convertit
1482 360 1515 386 ad

875 400 957 425 Deum
978 400 1010 425 Vl
1033 400 1082 425 449
1110 401 1143 427 42
1163 408 1221 434 arg.
1240 403 1255 427 3
1275 416 1310 422 —
1334 403 1411 429 sentit
1430 411 1516 430 neces

873 443 960 476 5111110,
980 447 1025 469 aut
1044 445 1178 470 voluntate
1197 446 1247 471 404
1268 447 1301 472 56

925 501 961 507 —-
980 491 1019 514 est
1037 495 1146 520 serpens
1172 490 1203 515 Vl
1224 491 1276 516 629
1304 491 1336 515 40
1357 505 1390 510 —
1411 492 1436 516 ln
1457 499 1516 517 sen·

873 532 992 558 sualitate
1011 536 1071 558 sunt
1088 536 1175 559 motus
1187 535 1436 566 concupiscentiales
1453 536 1516 562 ibid.

927 577 1021 602 Sensus
1041 591 1074 595 —
1093 580 1155 602 sunt
1173 578 1215 603 via
1235 578 1460 610 incognitionem
1481 580 1514 605 Vl

873 620 905 645 46
932 627 958 653 q.
983 621 997 646 2
1027 634 1061 640 -
1090 628 1143 647 11011
1163 622 1256 647 fallitur
1283 622 1351 648 circa
1377 624 1514 655 proprium

870 663 1003 690 obiectum
1024 664 1057 691 ib.
1082 673 1108 698 q.
1130 666 1140 691 4
1170 673 1226 698 arg.
1247 667 1262 691 2
1282 680 1317 685 -
1335 667 1459 698 Operatio
1479 668 1515 693 in-

871 709 988 734 tellectus
1007 709 1108 741 agentis
1121 710 1218 742 pendet
1232 710 1338 736 interius
1357 718 1371 736 a
1389 718 1467 737 sensu
1481 712 1514 737 54

871 759 898 785 q.
918 753 932 778 3
947 767 982 772 —
996 753 1135 779 Deficiente
1148 761 1242 786 sensu,
1256 761 1364 781 necesse
1382 758 1422 781 est
1435 763 1513 781 unam

870 796 1005 823 scientiam
1024 797 1137 824 deficere
1150 798 1296 825 secundum
1317 799 1388 825 illum
1408 806 1513 826 sensum

870 840 903 867 ib.
923 849 949 874 q.
971 842 985 867 4
1005 856 1040 861 —-
1060 843 1195 875 praecipui
1220 844 1253 869 ad
1273 844 1428 870 discendum
1455 848 1514 870 sunt

870 885 943 911 visus
962 889 987 912 et
1011 887 1117 913 auditus
1143 887 1177 914 45
1202 895 1228 913 v.
1249 888 1264 913 8
1283 903 1318 907 --
1337 889 1433 915 Natura
1459 896 1514 914 5011-

868 936 948 955 suum
977 932 1134 958 exteriorum
1162 932 1289 965 impedit,
1315 940 1349 959 ne
1368 933 1514 960 intellectus

867 978 959 1000 noster
973 975 1036 1008 figat
1055 977 1160 1002 oculum
1174 977 1199 1003 in
1219 978 1307 1003 lumen
1321 981 1455 1004 aeternum
1470 978 1512 1004 Vll

870 1019 922 1044 235
943 1019 974 1045 67

921 1078 956 1083 —
975 1068 1035 1091 sunt
1063 1067 1167 1092 cancelli
1188 1067 1321 1093 coenaculi
1347 1067 1448 1099 cordis,
1466 1068 1511 1101 qui

868 1108 956 1134 varias
976 1110 1150 1141 cogitationes
1165 1111 1306 1138 immittunt
1325 1112 1357 1138 Vl
1376 1112 1428 1138 505
1449 1113 1458 1137 4
1478 1126 1513 1131 -

868 1152 916 1178 Per
935 1153 1053 1187 quinque
1081 1162 1174 1181 sensus
1202 1156 1339 1182 curiositas
1358 1156 1510 1188 designatur

868 1196 910 1222 Vll
924 1197 975 1223 372
990 1198 1022 1224 42
1036 1212 1071 1218 -
1085 1199 1261 1232 principantes
1280 1201 1374 1227 rationi
1397 1201 1511 1227 inferiori

868 1241 1047 1274 intelliguntur
1065 1250 1113 1276 per
1138 1245 1257 1278 quinque
1282 1245 1353 1272 viros
1373 1246 1512 1272 Samarita-

866 1293 916 1311 nae
935 1286 967 1312 Vl
983 1288 1033 1313 294
1047 1288 1092 1314 33.
1113 1289 1156 1314 Vll
1176 1289 1228 1315 544
1248 1290 1281 1315 38
1296 1305 1329 1308 -
1343 1291 1512 1322 spiritualiter

866 1335 977 1362 possunt
1005 1332 1055 1358 dici
1074 1334 1193 1366 quinque
1217 1334 1279 1367 viri,
1306 1334 1405 1368 quibus
1425 1336 1510 1361 anima

866 1374 1034 1407 abutituer
1054 1377 1104 1403 557
1125 1385 1150 1403 v.
1166 1378 1198 1404 48
1222 1392 1257 1398 -
1278 1379 1395 1412 quinque
1413 1379 1511 1411 signifi-

866 1422 958 1445 cantur
977 1427 1024 1452 per
1042 1422 1160 1455 quinque
1174 1422 1235 1454 iuga
1254 1422 1337 1449 boum
1357 1423 1408 1450 558
1429 1431 1455 1450 v.
1477 1424 1510 1449 48

920 1477 956 1483 -
974 1465 1024 1497 Qui
1044 1472 1073 1491 se
1090 1466 1197 1493 subiicit
1215 1467 1336 1494 sensibus
1355 1469 1440 1494 carnis
1461 1469 1510 1494 fru-

867 1511 938 1534 ctum
960 1516 1012 1535 non
1031 1510 1100 1542 parit
1119 1511 1162 1537 Vll
1182 1511 1233 1537 544
1255 1512 1287 1537 38

920 1567 957 1572 ——
976 1554 1044 1580 Usus
1069 1562 1195 1586 sensuum
1216 1560 1255 1582 est
1279 1557 1385 1589 signum
1408 1564 1511 1589 expres-

867 1604 927 1623 sum
947 1598 1122 1632 suscitationis
1142 1601 1184 1626 Vll
1204 1601 1257 1627 600
1277 1601 1310 1627 53

920 1656 955 1660 -—
975 1643 1089 1669 reficitur
1109 1644 1133 1670 in
1153 1646 1373 1678 contemplatione
1391 1646 1511 1673 humani-

867 1686 926 1712 tatis
945 1686 1038 1713 Christi
1059 1688 1092 1714 Vl
1112 1689 1164 1715 385
1184 1690 1212 1715 41

918 1745 954 1749 -
966 1735 1005 1757 051
1018 1733 1129 1759 exterior
1142 1736 1167 1760 et
1180 1734 1287 1761 interior
1305 1735 1399 1762 mentis
1410 1735 1444 1762 Vl
1459 1736 1468 1761 4
1481 1736 1505 1761 14

867 1781 894 1801 v.
919 1776 927 1800 4
952 1790 987 1794 —-
1000 1777 1111 1804 carnalis
1130 1781 1169 1804 est
1181 1786 1195 1803 a
1215 1779 1309 1811 spiritu
1328 1780 1439 1811 carnali,
1452 1787 1511 1806 sen-

866 1826 912 1845 sus
930 1821 1072 1852 spiritualis
1095 1823 1245 1849 devotionis
1270 1831 1283 1849 a
1304 1824 1401 1856 Spiritu
1421 1828 1510 1851 sancto

867 1863 918 1889 542
939 1865 954 1890 2

918 1922 955 1927 -
974 1909 1043 1935 Deus
1062 1910 1151 1944 aliquo
1171 1912 1252 1938 modo
1270 1913 1380 1939 sentitur
1399 1920 1413 1939 a
1433 1913 1511 1939 subli-

868 1953 944 1979 miter
962 1955 1201 1987 contemplantibus
1213 1957 1246 1982 Vl
1267 1957 1318 1983 256
1334 1958 1367 1984 43
1380 1972 1415 1977 -—
1428 1965 1511 1991 quan-

867 1997 902 2023 do
921 2002 1108 2025 convertuntur
1121 2001 1154 2026 ad
1171 2001 1267 2032 Deum,
1291 2005 1351 2028 tnnc
1370 2010 1430 2029 mna
1454 2010 1510 2035 gra-

867 2042 918 2067 tiae
938 2042 1123 2075 multiplicatur
1142 2045 1184 2071 Vll
1206 2045 1256 2072 482
1277 2047 1310 2072 29

919 2099 955 2106 -
974 2088 1041 2113 male
1060 2089 1174 2121 repletur
1192 2090 1298 2116 lascivia
1319 2092 1402 2117 malae
1421 2099 1511 2124 opera·

869 2130 959 2162 tionis,
979 2132 1047 2158 male
1064 2133 1179 2160 inficitur
1197 2142 1245 2167 per
1269 2136 1508 2168 concupiscentiam

869 2175 953 2201 malae
971 2176 1128 2211 affectionis,
1148 2179 1236 2205 delicit
1249 2183 1358 2212 propter
1377 2181 1510 2207 inconsue-

868 2219 987 2246 tudinem
1007 2221 1155 2249 devotionis
1182 2224 1213 2250 Vl
1233 2224 1284 2250 556
1305 2225 1320 2250 6
1339 2238 1375 2244 —
1394 2226 1509 2252 devotio-

867 2264 908 2290 nis
926 2265 1021 2296 ligatur
1048 2273 1142 2293 somno
1170 2269 1264 2301 culpae
1292 2269 1344 2295 587
1372 2277 1399 2296 v.
1424 2271 1450 2295 44
1474 2284 1510 2289 -

868 2308 1032 2336 discretionis
1057 2312 1173 2338 aufertur
1202 2316 1286 2339 morte
1309 2314 1402 2346 culpae
1421 2314 1473 2340 589
1493 2314 1508 2339 7

871 2367 902 2373 —
921 2354 1034 2380 Δ41015510
1052 2362 1144 2383 5011505
1162 2357 1327 2384 discretionis
1346 2361 1385 2384 est
1403 2359 1508 2390 signum

867 2398 958 2424 mortis
977 2399 1119 2431 spiritualis
1139 2400 1190 2427 558
1210 2409 1236 2427 ν.
1257 2402 1290 2428 47
1311 2403 1320 2428 4
1339 2418 1374 2421 -
1391 2404 1510 2435 11000110-

868 2442 933 2468 10110
952 2450 1044 2469 sensus
1068 2444 1232 2472 discretionis
1250 2450 1290 2473 est
1314 2447 1420 2480 signum
1440 2447 1508 2473 vitae

867 2487 1009 2519 spiritualis
1028 2487 1060 2514 ib.
1082 2490 1097 2515 2

921 2531 1059 2558 Sem-eum
1075 2547 1108 2552 -—
1123 2534 1211 2561 iudicii
1231 2535 1279 2561 erit
1298 2536 1508 2568 correspondens

866 2575 1001 2607 operibus
1020 2578 1105 2603 meriti
1133 2580 1279 2606 secundum
1307 2580 1506 2613 quadruplicem

867 2620 1038 2647 differentiam
1053 2625 1126 2649 actus
1146 2624 1187 2649 Vll
1203 2624 1252 2651 458
1273 2625 1321 2655 86,
1342 2624 1374 2650 87
1394 2638 1428 2644 --
1441 2626 1507 2650 Ante

867 2665 988 2690 lationem
1009 2668 1152 2693 sententiae
1172 2675 1278 2695 11000550
1291 2672 1330 2695 est
1348 2669 1506 2701 praecedere

867 2709 980 2741 partium
1000 2713 1216 2739 convocationem
1237 2713 1287 2738 570
1309 2713 1341 2738 47

921 2754 991 2781 501115
1003 2769 1038 2775 -
1051 2756 1143 2783 vineae
1162 2760 1201 2783 est
1213 2757 1372 2789 Angelorum
1389 2757 1505 2783 custodia

868 2797 909 2823 Vll
931 2798 981 2824 503
1002 2800 1029 2825 44

920 2843 1090 2871 sarcasmus
1107 2860 1143 2864 —
1161 2846 1291 2877 significat
1312 2845 1505 2871 universitatem

867 2888 993 2919 temporis
1014 2888 1044 2913 Vl
1066 2890 1098 2915 32
1118 2897 1144 2923 q.
1159 2903 1192 2907 —-
1205 2890 1253 2915 Per
1272 2889 1449 2921 septenarium
1470 2890 1506 2914 in-

867 2930 1007 2962 telligimus
1025 2936 1153 2965 quantum
1167 2933 1261 2959 suflicit
1279 2933 1312 2959 ad
1332 2934 1506 2965 supplendam

866 2975 1047 3002 necessitatem
1076 2977 1211 3009 propriam
1241 2977 1274 3002 88
1303 2984 1327 3002 v.
1357 2978 1372 3002 2
1399 2991 1433 2995 ——
1460 2978 1507 3003 Per

867 3022 967 3050 septem
982 3025 1058 3046 vetus
1079 3024 1261 3047 testamentum
1275 3021 1425 3053 intelligitur
1444 3022 1478 3047 90
1492 3029 1506 3047 a

869 3063 910 3088 Vll
932 3063 964 3089 44
984 3065 999 3088 8

920 3108 1065 3134 5510101100
1084 3123 1119 3127 -
1138 3108 1231 3135 Christi
1251 3111 1306 3134 erat
1333 3109 1409 3141 quasi
1427 3116 1508 3142 quae-

866 3150 928 3176 dam
944 3151 1044 3178 domus
1062 3152 1173 3178 rotunda
1194 3153 1219 3178 in
1232 3159 1298 3184 rupe
1318 3153 1402 3178 excisa
1422 3156 1507 3179 tantae

866 3195 1023 3227 altitudinis,
1044 3198 1164 3222 1111101110
1183 3199 1283 3222 extenta
1297 3203 1375 3222 manu
1395 3197 1438 3222 vix
1456 3200 1508 3222 tan-

867 3241 941 3269 geret
959 3238 1069 3265 culmen'
1089 3241 1129 3265 Vll
1155 3239 1206 3266 584
1230 3240 1264 3266 65
1280 3253 1318 3260 -—
1337 3239 1451 3266 habebat
1470 3241 1507 3265 in-

868 3282 972 3309 troitum
992 3282 1026 3308 ab
1045 3283 1144 3309 oriente
1163 3284 1215 3310 585
1234 3284 1268 3309 65
1286 3297 1323 3304 -
1341 3284 1436 3310 dicitur
1453 3291 1507 3310 mo-

867 3329 1034 3358 numentum,
1048 3328 1089 3353 vel
1102 3328 1215 3359 spatium
1232 3332 1292 3363 ante
1309 3331 1506 3354 monumentum

2129 189 2194 222 837

1851 232 1909 256 san

1554 273 1587 299 Vl
1607 274 1653 299 514
1679 275 1711 299 32
1732 288 1767 294 --
1786 282 1884 301 novum
1905 276 2068 308 congruebat
2081 277 2197 309 Christo,

1554 320 1582 342 ut
1613 318 1770 349 probaretur
1807 321 2002 346 resurrectionis
2041 322 2195 353 mysterium

1554 361 1604 386 503
1626 362 1658 387 64

1606 420 1639 424 —-
1660 407 1765 438 Lapidis
1788 409 1916 434 revolutio
1942 409 2084 441 significata
2105 413 2144 435 est
2171 411 2195 436 in

1553 450 1680 475 samsone
1702 451 1733 476 Vt
1754 451 1805 476 505
1825 453 1840 476 2
1853 465 1889 471 -
1902 457 2021 484 apertum
2042 458 2080 480 est
2093 454 2127 479 ab
2147 456 2196 480 Aa·

1554 494 1613 524 gelo
1632 498 1691 526 post
1710 496 1927 522 resurrectionem
1948 497 1998 522 506
2020 498 2052 523 44

1608 552 1641 556 -
1662 539 1709 563 Per
1729 544 1930 565 monumentum
1956 540 2049 566 Christi
2075 542 2195 574 intelligi-

1554 584 1595 606 tur
1614 582 1747 613 Scriptura
1776 583 1815 608 Vll
1843 584 1893 609 588
1919 585 1934 609 6
1956 598 1988 603 --
2008 585 2056 610 Ρο1
2080 586 2194 617 lapidem

1553 626 1749 656 superpositum
1764 627 1913 659 intelligitur
1938 629 2056 654 velamen
2079 630 2192 661 scriptu.

1554 675 1599 694 rae
1618 668 1679 695 thid.

1606 727 1641 732 —-
1661 714 1774 740 hominis
1787 715 1927 746 spiritualis
1940 720 1980 742 est
1994 721 2193 743 monumentum

1553 757 1656 782 claustri
1678 758 1710 783 Vl
1731 759 1782 783 619
1804 759 1813 784 4

1606 815 1642 821 ·—
1656 802 1822 829 Monumenta
1838 804 1931 830 foetida
1947 808 1972 830 et
1985 805 2120 831 immunda
2135 809 2195 831 sunt

1552 845 1637 877 intus,
1657 847 1704 872 sed
1724 850 1794 873 extra
1814 851 1875 874 sunt
1894 849 1982 881 pulcra
2004 849 2046 875 Vll
2067 850 2118 875 305
2139 851 2171 875 88

1605 904 1640 910 -
1669 891 1695 916 in
1728 895 1812 918 morte
1843 892 1935 919 Christi
1967 894 2120 925 aperiuntur
2151 895 2195 921 Vll

1551 934 1598 960 581
1623 935 1657 960 55

1604 979 1750 1006 5111011το51
1771 995 1805 1000 -
1834 981 1910 1007 nobis
1939 983 2128 1009 contemnenda
2153 987 2193 1010 est

1552 1027 1659 1055 propter
1688 1025 1767 1050 fidem
1796 1027 1994 1053 resurrectionis
2023 1028 2054 1053 Vl
2082 1028 2133 1053 504
2159 1029 2192 1054 69

1550 1081 1585 1087 —-
1605 1068 1693 1094 ludaei
1712 1070 1875 1101 sepeliebant
1902 1075 2021 1098 mortuos
2050 1073 2193 1099 honorifice

1551 1112 1602 1137 503
1623 1113 1656 1138 63

1604 1170 1638 1176 -
1668 1158 1840 1189 spiritualiter
1868 1163 1988 1186 mortuus
2015 1162 2139 1193 sepelitur
2167 1162 2193 1188 in

1550 1202 1740 1228 consuetudine
1760 1203 1792 1229 Vl
1814 1203 1865 1229 585
1887 1205 1896 1229 4

1606 1260 1638 1264 ——
1653 1247 1795 1278 spiritualis
1808 1251 1847 1274 est
1861 1249 1886 1274 in
1900 1248 2032 1281 baptismo
2045 1250 2078 1276 w
2093 1251 2144 1276 280
2159 1252 2191 1276 43

1603 1291 1678 1321 Saum
1699 1306 1734 1310 —
1756 1292 1838 1318 Deum
1867 1296 1907 1319 est
1935 1298 1980 1320 aut
2004 1302 2052 1326 per
2070 1296 2193 1328 aequipa-

1549 1335 1676 1368 randam,
1695 1339 1741 1361 aut
1759 1343 1807 1368 per
1824 1337 2014 1364 subiectionem
2033 1343 2058 1365 et
2071 1339 2193 1366 obedien-

1550 1379 1611 1404 tiam
1639 1380 1670 1405 Vl
1692 1380 1726 1405 25
1745 1388 1771 1413 q.
1792 1382 1802 1406 4
1826 1395 1861 1401 -
1882 1383 1965 1408 000111
1995 1391 2042 1415 per
2069 1385 2193 1417 aequipa-

1548 1424 1658 1450 rantiam
1678 1425 1741 1450 nulii
1761 1425 1852 1451 datum
1873 1430 1912 1452 est
1931 1431 2066 1454 creaturae
2085 1429 2193 1455 ibid.—

1550 1469 1631 1494 Deum
1664 1475 1712 1500 per
1740 1469 1930 1496 subiectionem
1960 1475 1985 1497 et
2013 1472 2191 1500 obedientiam

1549 1519 1600 1538 11011
1619 1516 1706 1544 potest
1724 1513 1835 1546 quilibet
1855 1515 1949 1547 1101110,
1969 1516 2017 1542 sed
2037 1517 2078 1542 cui
2099 1518 2190 1544 datum

1548 1560 1587 1583 est
1606 1564 1619 1582 a
1640 1557 1694 1583 Deo
1713 1564 1760 1589 per
1780 1558 1892 1590 gratiam
1912 1558 1975 1585 ibid.

1602 1603 1729 1628 St-:axrtnu
1759 1617 1792 1621 —
1822 1603 2006 1635 interpretatur
2034 1605 2130 1632 ardens
2152 1607 2191 1633 Vll

1549 1646 1599 1672 598
1621 1646 1649 1671 41
1669 1660 1704 1666 -
1718 1647 1814 1672 dicitur
1833 1648 1900 1673 ordo
1919 1655 2061 1680 supremus
2080 1650 2193 1682 Angelo-

1548 1698 1607 1717 rum
1636 1691 1689 1717 597
1718 1691 1746 1717 41
1770 1706 1805 1709 -
1825 1692 1895 1718 Ordo
1918 1700 2060 1725 supremus
2079 1695 2193 1727 Angelo-

1547 1742 1606 1761 rum
1635 1736 1772 1767 Seraphim
1802 1737 1948 1768 appellatur
1977 1742 2086 1770 propter
2115 1738 2190 1766 ardo-

1548 1786 1603 1805 rem
1629 1780 1753 1806 desiderii
1772 1779 1834 1806 ibid.
1854 1795 1888 1800 -—
1908 1782 1932 1807 ln
1953 1783 2091 1814 Seraphim
2118 1784 2192 1815 prius

1548 1824 1684 1850 descendit
1713 1824 1866 1850 illuminatio
1895 1825 2045 1851 divinorum
2075 1828 2190 1861 eloquio-

1547 1875 1606 1894 rum
1627 1868 1678 1896 598
1699 1868 1726 1894 41

1603 1913 1702 1938 Sensus
1718 1927 1750 1931 —-
1764 1912 1892 1939 Continue
1911 1915 2021 1940 serenda
2035 1918 2095 1941 sunt
2108 1923 2189 1948 opera

1548 1956 1615 1983 bona
1636 1957 1668 1983 Vl
1688 1957 1721 1982 89
1742 1964 1768 1982 ν.
1788 1957 1803 1982 6
1821 1971 1858 1977 -
1876 1958 1919 1983 Ε51
1938 1961 2043 1990 tempus
2062 1965 2189 1992 opportu-

1547 2008 1609 2027 num
1628 2001 1731 2027 serendi
1751 2000 1784 2027 ib.
1804 2009 1830 2027 v.
1852 2001 1867 2027 4

1600 2046 1685 2071 Semo
1704 2059 1739 2065 —
1758 2046 1873 2072 declarat
1891 2047 2012 2073 affectum
2030 2047 2072 2074 Vll
2088 2048 2139 2075 453
2153 2049 2187 2075 66

1546 2103 1582 2110 ——
1599 2090 1744 2122 recipiendi
1762 2094 1823 2116 sunt
1841 2091 1987 2117 secundum
2002 2093 2139 2118 materiam
2154 2094 2188 2119 Vl

1546 2135 1580 2160 72
1600 2142 1626 2168 q.
1649 2135 1671 2160 t.
1691 2134 1742 2160 342
1763 2135 1796 2160 47
1816 2150 1850 2153 -
1869 2135 1962 2161 Anima
1985 2143 2073 2163 sermo
2092 2137 2188 2164 dicitur

1546 2186 1561 2205 a
1582 2180 1607 2205 vi
1626 2179 1819 2205 sermocinandi
1839 2180 1889 2205 419
1903 2187 1927 2205 ν.
1949 2181 1964 2206 2

1599 2238 1634 2243 -
1654 2224 1698 2249 001
1719 2227 1821 2250 creatus
1849 2228 1888 2250 est
1907 2225 2058 2251 mandatum
2079 2226 2135 2253 eius
2154 2227 2187 2253 Vl

1547 2269 1597 2295 246
1618 2276 1644 2293 ν.
1665 2269 1697 2293 26
1716 2282 1751 2287 -
1770 2268 1901 2294 increatus
1920 2272 1959 2295 est
1976 2270 2056 2296 Filius
2075 2271 2119 2296 Dei
2135 2272 2186 2297 242

1546 2320 1571 2338 v.
1592 2313 1624 2338 42

1598 2371 1635 2376 -
1662 2357 1766 2382 Domini
1795 2357 1885 2389 incipit
1913 2365 1927 2383 a
1955 2359 2187 2386 commendatione

1547 2408 1694 2434 pauperum
1717 2402 1757 2426 Vll
1780 2401 1830 2427 475
1851 2402 1883 2427 40
1902 2417 1937 2421 -
1958 2403 2004 2428 Dei
2023 2404 2140 2430 vivificat
2154 2405 2186 2431 Vl

1546 2446 1597 2471 336
1617 2446 1649 2471 99
1669 2460 1704 2464 --
1723 2446 1769 2471 Dei
1798 2446 1887 2478 dirigit
1915 2454 1964 2473 nos
1992 2448 2024 2474 ad
2054 2448 2185 2475 Christum

1545 2490 1586 2515 via
1607 2490 1785 2521 innocentiae,
1807 2492 1980 2522 poenitentiae
1999 2496 2025 2518 et
2043 2494 2186 2525 sapientiae

1545 2534 1587 2560 Vll
1615 2534 1666 2560 335
1686 2534 1719 2560 85
1740 2549 1772 2553 -
1792 2535 1837 2561 Dei
1857 2536 1947 2568 dirigit
1975 2544 2022 2563 nos
2047 2545 2095 2570 per
2113 2539 2184 2565 viam

1544 2581 1642 2604 rectam
1656 2578 1690 2605 ib.
1704 2580 1737 2604 86
1757 2593 1793 2599 -
1806 2581 1933 2606 Sermone
1946 2582 1992 2607 Dei
2008 2583 2132 2608 utendum
2147 2588 2186 2609 cst

1544 2623 1610 2649 sicut
1623 2623 1740 2649 custodia
1755 2624 1814 2650 data
1829 2624 1904 2651 nobis
1919 2625 1942 2651 in
1957 2627 2006 2652 hoc
2020 2627 2111 2653 itinere
2124 2627 2184 2654 ibid.

1598 2682 1632 2686 —
1656 2667 1808 2695 Sublimitas
1831 2671 1959 2697 sermonis
1987 2672 2186 2704 reprehenditur

1544 2715 1652 2744 propter
1680 2720 1790 2745 pravam
1819 2715 1987 2741 intentionem
2016 2716 2057 2742 vel
2077 2720 2186 2748 propter

1544 2757 1681 2782 materiam
1700 2758 1786 2784 iovem
1807 2762 1830 2784 et
1857 2760 1987 2786 modicam
2017 2761 2059 2785 vel
2079 2764 2186 2792 propter

1543 2801 1680 2827 audientes
1700 2802 1839 2834 incapaces
1859 2804 1890 2829 Vl
1912 2804 1964 2829 244
1988 2805 2012 2829 14
2038 2804 2066 2830 2·

1599 2846 1710 2872 Si-:nreus
1727 2861 1763 2865 -—
1777 2848 1879 2873 mordet
1893 2848 1918 2873 in
1933 2849 2033 2874 silentio
2046 2852 2071 2874 et
2084 2849 2184 2874 occulte

1545 2896 1676 2915 venenum
1705 2890 1816 2917 infundit
1836 2892 1866 2916 Vl
1887 2893 1918 2917 83
1940 2899 1967 2917 ν.
1988 2893 2015 2917 41
2039 2905 2074 2911 -
2092 2892 2118 2917 in
2138 2892 2184 2918 dif-

1545 2933 1645 2959 fusione
1664 2935 1758 2960 veneni
1778 2938 1817 2960 est
1830 2935 2004 2966 detestabilis,
2024 2936 2049 2961 in
2069 2936 2185 2967 pruden—

1545 2977 1577 3002 tia
1598 2978 1764 3003 custodiendi
1783 2984 1862 3010 caput
1881 2982 1920 3004 est
1936 2978 2068 3005 imitabilis
2085 2987 2100 3005 a
2120 2980 2183 3005 viris

1545 3022 1665 3053 perfectis
1685 3022 1727 3048 Vll
1749 3022 1799 3048 407
1824 3024 1847 3047 ii

1597 3079 1632 3085 —
1652 3073 1761 3097 aeneus,
1789 3067 1864 3092 cuius
1893 3070 1999 3098 aspectu
2023 3067 2182 3093 sanabantur

1545 3109 1677 3141 percussi,
1706 3109 1870 3142 significabat
1898 3111 2059 3137 Salvatorem
2089 3111 2182 3137 mundi

1544 3153 1577 3178 ΥΙ
1598 3153 1644 3178 244
1670 3161 1695 3179 v.
1714 3153 1739 3179 7.
1760 3155 1811 3180 282
1831 3153 1864 3180 24
1883 3168 1919 3174 -
1938 3155 2064 3180 Dominus
2077 3155 2183 3181 manda-

1544 3200 1599 3223 tum
1627 3197 1737 3223 dederat
1763 3202 1912 3230 serpentem
1940 3205 2050 3224 aeneum
2071 3199 2181 3225 faciendi

1544 3244 1569 3266 et
1588 3241 1730 3272 aspiciendi
1750 3242 1801 3267 212
1821 3249 1847 3268 v.
1871 3243 1900 3267 12
1919 3256 1953 3261 —
1973 3243 2027 3268 Non
2055 3242 2183 3269 sanaban-

1544 3288 1586 3310 tur
1617 3292 1664 3316 per
1694 3289 1843 3317 serpentem
1871 3286 1920 3312 nisi
1947 3287 2102 3319 aspicientes
2130 3287 2183 3312 282

1545 3327 1593 3361 24,
1613 3329 1647 3354 25
