2476 3921
17 471 144 495 Secundum.
156 477 158 480 >

19 894 147 918 Notandum.

44 1265 146 1288 Tertium.

38 2062 148 2089 Quartum.

764 209 957 242 COMMENT.
984 208 1020 240 IN
1046 205 1282 239 EVANGELIUM
1309 204 1425 237 LUCAE
1449 203 1481 236 C.
1507 204 1554 236 IV.

166 314 227 337 non
261 303 419 336 intrabant
450 301 600 339 interius,
625 300 678 333 sed
710 298 868 336 exterius,
899 300 931 330 et
961 295 1129 329 carnaliter

167 357 337 400 sapiebant.
920 354 922 357 ’

256 410 309 443 33.
334 409 376 442 Ad
408 408 646 441 instructionem
680 414 755 439 vero
783 402 1061 447 promptitudinis
1085 401 1130 433 att

167 464 338 506 teyemlam
373 461 538 495 subditur:
572 461 611 493 Et
637 458 790 492 surrexit
823 457 934 499 teqere.
961 450 1129 488 Surrectio

167 518 226 550 ista
256 514 534 558 promptitudinem
567 516 598 546 et
629 511 820 554 vigilantiam
853 510 1017 551 importat,
1049 516 1130 550 quae

167 569 343 603 necessaria
365 571 412 601 est
435 565 645 610 perscrutanti
671 565 767 598 verba
797 563 923 601 divina;
947 561 1031 594 unde
1054 560 1130 593 dici-

167 626 220 656 tur
252 621 420 654 Ezechielis
454 619 592 653 secundo
610 619 637 650 ¹:
668 631 683 646 «
700 617 752 649 Fili
778 615 929 654 hominis,
954 618 1002 647 sta
1033 622 1129 656 super

167 675 261 718 pedes
286 678 373 712 tuos,
398 676 429 706 et
453 673 564 715 loquar
590 675 693 704 tecum
710 684 740 702 ».
760 669 835 702 Hinc
858 671 920 707 est,
945 667 1029 710 quod
1053 667 1128 700 dici-

167 732 220 762 tur
244 727 364 760 animae
388 729 512 759 sanctae
536 725 630 758 Isaiae
653 722 871 765 sexageslmo:
893 734 909 750 «
926 722 1041 763 Surge,
1058 720 1129 753 illu-

166 782 308 820 minare,
333 779 532 813 Ierusalem»
562 781 639 816 etc.;
664 780 695 810 et
730 775 894 818 Apostolus
917 775 956 807 ad
980 774 1130 816 Ephesios

167 834 292 877 quinto:
314 846 329 862 «
347 833 457 875 Surge,
481 831 535 874 qui
560 830 693 869 dormis,
717 833 748 862 et
771 837 910 871 exsurge
934 837 952 860 a
976 828 1129 866 mortuis,

167 892 198 921 et
214 886 402 920 illuminabit
419 889 449 918 te
465 885 652 917 Christus».
678 883 777 916 Simul
805 883 898 915 etiam
922 890 994 915 cum
1024 890 1129 924 prom-

166 939 320 983 ptitudine
343 938 485 980 designat
500 935 736 975 humilitatem,
753 935 828 977 quia
843 929 995 967 surrexit
1011 934 1128 977 leyere,

169 997 316 1036 tanquam
340 992 498 1030 minister,
531 994 567 1023 ut
590 990 682 1023 etiam
707 992 873 1022 exerceret
903 988 1029 1021 lectoris
1060 988 1129 1021 osli-

166 1047 269 1086 cIum3
293 1045 378 1079 unde
401 1044 523 1078 Beda²:
546 1057 561 1073 α
578 1043 638 1085 Qui
663 1046 793 1076 venerat
807 1042 1004 1075 ministrare
1019 1045 1049 1074 et
1063 1051 1129 1074 non

165 1099 359 1133 ministrari
382 1098 507 1131 lectoris
533 1097 672 1130 officium
697 1106 757 1129 non
782 1095 1010 1142 dedignabatur
1031 1095 1130 1128 susci-

166 1162 241 1196 pere
258 1167 288 1185 ».

256 1206 308 1239 34.
334 1206 436 1248 (Vers.
464 1206 538 1246 l7.).
565 1204 607 1237 Ad
635 1203 874 1236 instructionem
899 1205 1005 1235 autem
1034 1212 1130 1234 man-

166 1258 353 1292 suetudinis
377 1258 422 1290 ad
439 1257 676 1290 addiscendum
695 1256 839 1289 additur.-
859 1257 897 1287 Et
922 1255 1069 1288 traditus
1085 1258 1131 1287 est

167 1312 221 1345 ei³
245 1311 326 1344 tiber
350 1311 462 1343 Isaiae
483 1309 676 1353 prophetae,
701 1318 795 1351 quem
813 1308 930 1342 scilicet
954 1317 1026 1341 cum
1043 1317 1130 1340 man-

168 1364 334 1398 suetudine
350 1363 503 1405 suscepit,
520 1372 582 1396 non
598 1362 769 1404 dedignans
787 1362 831 1394 uti
850 1361 1031 1403 Scripturae
1045 1361 1131 1394 testi-

167 1416 273 1448 monio
297 1418 328 1448 et
350 1415 545 1448 auctoritate.
572 1415 620 1448 SIc
637 1417 668 1447 et
684 1414 831 1451 Ioannes,
857 1413 1055 1455 Apocalypsis
1079 1412 1132 1445 de-

168 1468 265 1501 cimo:
294 1480 310 1497 «
327 1467 434 1509 Accepi
460 1467 576 1500 librum
601 1467 639 1500 de
663 1476 759 1499 manu
792 1466 896 1508 Angeli
921 1469 952 1499 et
983 1466 1129 1499 devoravi

168 1522 274 1560 illum,
300 1525 331 1554 et
355 1524 423 1553 erat
447 1521 476 1553 in
494 1530 549 1553 ore
573 1529 643 1553 meo
667 1523 818 1562 tanquam
842 1519 904 1552 mel
920 1519 1011 1552 dulce
1030 1533 1058 1551 n.
1084 1519 1131 1552 Li-

168 1577 225 1610 ber
247 1579 353 1608 autem
377 1584 497 1608 sacrae
522 1574 718 1617 scripturae
741 1574 849 1607 debuit
866 1574 892 1606 ei
911 1574 1021 1612 tradi,
1039 1574 1131 1616 quia,

168 1629 340 1663 secundum
370 1629 447 1662 illud
479 1629 678 1671 Apocalypsis
709 1628 820 1670 quinto
836 1629 860 1666 4,
896 1641 911 1656 «κ
939 1628 1054 1670 dignus
1085 1633 1132 1661 est

168 1684 290 1726 Agnus,
315 1683 369 1725 qui
402 1682 524 1715 occisus
548 1686 612 1722 est,
637 1682 779 1724 accipere
804 1682 920 1714 librum
952 1685 983 1714 et
1011 1682 1133 1714 solvere

168 1740 287 1779 septem
323 1736 482 1778 signacula
506 1736 574 1769 eIus
591 1749 621 1774 n,
646 1735 722 1778 quia
752 1735 859 1768 nullus
890 1734 971 1767 alius
995 1738 1132 1776 poterat;

168 1792 200 1822 et
231 1789 311 1822 liber
335 1789 462 1828 Isaiae,
492 1789 580 1831 quia,
609 1789 691 1821 sicut
718 1788 834 1821 dicitur
863 1788 958 1829 Isaiae
983 1788 1133 1830 vigesimo

168 1852 265 1882 nono,
295 1843 386 1876 «erit
415 1842 503 1875 vobis
532 1842 609 1875 visio
639 1842 720 1875 sicut
751 1842 848 1875 verba
876 1841 946 1874 libri
972 1841 1132 1884 signati».

171 1897 206 1930 Et
228 1893 297 1930 ideo
321 1897 480 1939 signanter
508 1896 624 1929 dicitur
650 1896 796 1928 traditus
828 1895 879 1928 itti
910 1895 991 1927 tiber
1023 1895 1134 1927 Isaiae

167 1948 356 1993 prophetae.
377 1944 379 1946 ’

259 2003 311 2036 35
337 2003 496 2035 Postremo
520 2002 558 2035 ad
583 2002 822 2035 instructionem
847 2001 1056 2035 certitudinis
1088 2001 1133 2033 att

170 2055 392 2089 iudicandum
421 2054 600 2097 subiungit:
627 2056 666 2087 Et
698 2059 735 2087 ut
757 2055 894 2087 revolvit
925 2054 1068 2092 aornim
1102 2054 1131 2085 in

168 2118 232 2152 quo
267 2109 462 2151 significatur
493 2108 625 2150 diligens
659 2108 796 2141 discendi
835 2108 1014 2150 inquisitio,
1050 2116 1133 2149 quae

168 2162 353 2204 praevenire
376 2161 469 2194 debet
489 2161 640 2193 iudicium
665 2164 806 2200 certum;
831 2164 962 2203 propter
986 2160 1070 2202 quod
1087 2160 1134 2193 di-

169 2215 251 2248 citur
276 2215 328 2247 leb
358 2214 511 2247 octav0⁵:
541 2214 735 2256 «Interroga
766 2214 999 2256 generationem
1029 2213 1134 2255 pristi-

168 2277 241 2300 nam
279 2270 310 2300 et
344 2267 509 2309 diligenter
546 2267 697 2309 investiga
731 2270 859 2309 patrum
890 2266 1074 2299 memoriam
1102 2280 1132 2298 ».

169 2321 234 2354 Non
259 2320 342 2353 enim
367 2329 408 2353 ex
429 2320 565 2362 abrupto
585 2320 818 2362 procedendum
839 2323 887 2353 est
902 2320 941 2352 ad
966 2320 1133 2360 iudicium,

169 2374 222 2408 sed
247 2383 319 2407 cum
343 2374 542 2413 maturitate;
568 2377 697 2416 propter
721 2374 805 2416 quod
829 2373 945 2406 dicitur
975 2374 1027 2406 Iob
1050 2374 1134 2416 vige-

170 2427 247 2461 simo
271 2436 374 2460 nono:
405 2440 420 2456 «
436 2427 586 2466 Causam,
611 2436 707 2469 quam
738 2426 935 2467 nesciebam,
963 2427 1134 2469 diligentis-

170 2481 247 2515 sime
271 2480 496 2523 investigabam
517 2492 552 2520 »3
589 2484 619 2513 et
648 2480 776 2514 secundi
800 2480 1058 2522 Paralipomenon
1081 2480 1135 2513 de—

169 2533 251 2566 cimo
286 2542 392 2566 nono:
422 2546 437 2562 α
466 2533 661 2576 Praecipiens
696 2534 840 2576 Iosaphat
874 2534 1031 2567 iudicibus
1066 2534 1109 2566 ait
1120 2540 1134 2566 ·:

170 2586 248 2619 Cum
272 2587 432 2629 diligentia
463 2591 577 2620 cuncta
600 2587 690 2621 facite
711 2601 742 2620 ».
771 2607 816 2611 ——
843 2588 880 2620 Et
903 2588 1051 2630 quoniam
1080 2588 1134 2630 qui

170 2639 336 2683 diligenter
360 2641 485 2683 quaerit
516 2641 652 2680 invenit,
677 2641 745 2675 ideo
773 2642 916 2675 additur:
945 2642 1069 2674 Invenit
1091 2641 1135 2674 to-

2112 204 2151 235 97

1193 302 1285 331 eam,
1310 292 1369 324 ubi
1383 293 1547 334 seriptum
1564 297 1656 324 erat.-
1683 292 1829 333 Spiritus
1846 291 1981 323 Domini
1996 294 2070 329 etc,
2097 292 2152 324 hoc

1194 346 1353 378 invenitur
1389 345 1483 378 Isaiae
1519 345 1714 386 sexagesimo
1750 344 1886 386 primoss.
1923 344 1982 377 Nec
2019 344 2153 383 mirum,

1193 399 1283 441 quia,
1315 398 1488 431 secundum
1520 397 1602 439 quod
1635 398 1751 430 dicitur
1776 397 1897 429 Baruch
1924 398 2034 435 tertio,
2064 410 2077 424 a
2106 397 2154 429 liic

1194 455 1241 484 cst
1265 452 1349 484 Deus
1374 454 1494 490 noster,
1519 454 1550 483 et
1575 460 1635 482 non
1659 450 1877 482 aestimabitur
1893 450 1973 482 alius
1997 450 2033 482 ad
2059 459 2153 488 eum;

1196 505 1247 538 hic
1271 505 1431 537 adinvenit
1447 513 1570 537 omnem
1596 504 1676 536 viam
1705 503 1886 545 disciplinae
1902 518 1932 534 ».
1958 505 2033 535 Ante
2052 503 2153 545 ipsum

1194 558 1418 601 quaerebatur,
1451 557 1504 590 sed
1529 566 1589 590 non
1624 556 1858 594 inveniebatur3
1883 556 1966 589 unde
1992 557 2043 588 lob
2073 557 2155 598 vige-

1194 612 1273 644 simo
1296 615 1421 644 octavo:
1451 624 1467 639 «1
1484 611 1640 653 Sapientia
1663 610 1715 643 ubi
1739 610 1922 642 invenitur?
1948 610 1982 642 Et
2007 610 2078 652 quis
2109 614 2156 643 est

1195 665 1283 698 locus
1306 665 1528 707 intelligentiae
1546 678 1561 693 »
1589 668 1646 697 etc.

1284 718 1336 751 36.
1362 719 1463 760 (Vers.
1493 719 1566 757 18.).
1586 718 1734 760 Spiritus
1752 718 1885 750 Domini
1906 727 2007 760 super
2032 728 2081 750 nie
2097 721 2155 750 etc.
2180 722 2209 742 ⁰⁶³
2225 722 2322 747 conterui-

1195 772 1247 804 Hic
1271 775 1399 804 notatur
1416 771 1611 814 eonqruitas
1635 771 1671 802 in
1688 771 1880 803 testimonio.
1903 771 2058 812 Exprimit
2074 771 2155 803 enim
2170 751 2251 796 ιῗτιιῖοιῑῖ
2264 751 2323 801 ἷῗνῗὲῗ

2181 805 2227 823 tuor
2242 802 2314 822 cond·-

1194 828 1332 867 quatuor
1349 824 1542 857 conditiones
1558 824 1780 863 excellentiae,
1798 833 1878 866 quae
1895 824 2024 857 fuerunt
2049 824 2077 856 in
2097 825 2159 856 Sal·
2171 831 2324 876 ²¹⁰⁰²:„2?¹²“·

1195 882 1303 911 vatore
1328 882 1445 911 nostro.
1477 879 1528 910 Est
1556 878 1638 910 enim
1662 879 1837 917 mediator,
1870 879 2032 917 eruditor,
2065 889 2160 921 repa—

1187 928 1291 965 'rator
1314 936 1345 965 et
1368 931 1571 969 retributor,-
1594 934 1626 964 et
1647 931 1723 964 haec
1747 935 1884 974 quatuor
1909 932 2110 964 insinuantur
2129 932 2158 964 in

1194 993 1339 1018 sermone
1363 984 1523 1026 proposito
1537 985 1559 1016 ⁷.

1284 1038 1387 1070 Primo
1412 1038 1508 1080 igitur
1532 1038 1712 1071 insinuatur
1735 1047 1803 1071 esse
1827 1039 1991 1071 mediator
2016 1049 2078 1081 pei·
2110 1039 2160 1071 in·
2176 1042 2317 1090 Sssggffissft

1194 1091 1404 1124 carnationis
1420 1091 1632 1134 mysterium,
1650 1100 1721 1123 cum
1743 1091 1834 1124 dicit:
1853 1091 2001 1133 Spiritu-s·
2027 1092 2162 1124 Domim'

1193 1155 1295 1187 saper
1320 1155 1386 1183 me,
1409 1149 1545 1186 propter
1569 1145 1658 1188 qaod
1680 1145 1778 1177 unxit
1799 1155 1850 1177 me
1858 1157 1870 1183 ‚·
1893 1155 1943 1177 me
1966 1146 2160 1178 ‹ien‘ionstrat

1195 1198 1236 1230 ibi
1254 1206 1420 1239 personam
1443 1197 1558 1230 Christi
1576 1198 1606 1230 in
1629 1201 1740 1230 natura
1769 1202 1922 1237 assumta,
1940 1208 2036 1240 supra
2063 1208 2158 1241 quam

1195 1250 1330 1292 Spiritus
1354 1254 1481 1283 sanctus
1499 1251 1672 1293 requievit,
1697 1251 1870 1284 secundum
1889 1252 1964 1284 illud
1991 1252 2083 1284 Isaiae
2101 1262 2160 1285 un-

1195 1304 1359 1337 decimoss:
1389 1317 1404 1332 α
1423 1304 1458 1336 Et
1482 1304 1658 1346 requiescet
1682 1313 1779 1347 super
1803 1314 1877 1337 eum
1901 1305 2036 1347 Spiritus
2054 1306 2158 1338 Domi-

1196 1357 1226 1389 ni
1244 1369 1279 1396 »;
1304 1360 1335 1389 et
1360 1357 1481 1389 Ioannis
1505 1357 1623 1399 primo:
1653 1370 1668 1386 <t
1686 1358 1787 1399 Super
1804 1367 1899 1400 quem
1925 1358 2039 1391 videris
2064 1359 2160 1400 Spiri-

1196 1414 1262 1443 tum
1287 1410 1527 1443 descendentem
1551 1414 1582 1443 et
1606 1414 1798 1450 manentem,
1828 1411 1879 1444 hic
1903 1415 1950 1444 est
1981 1411 2035 1453 qui
2060 1412 2161 1453 bapti-

1197 1467 1245 1496 zat
1261 1477 1292 1495 n.
1312 1464 1347 1496 Et
1363 1463 1431 1496 ideo
1447 1463 1564 1496 dicitur
1581 1465 1715 1496 Actuum
1732 1463 1871 1496 decimo:
1894 1477 1909 1492 «
1927 1464 2014 1497 Dixit
2032 1465 2160 1497 Petrus:

1198 1517 1259 1550 Vos
1286 1517 1387 1556 scitis,
1412 1517 1496 1559 quod
1521 1517 1638 1550 sactum
1668 1520 1716 1550 est
1737 1518 1870 1550 verbum
1900 1526 1956 1559 per
1980 1518 2160 1550 universam

1198 1571 1357 1610 Iudaeam;
1375 1571 1477 1613 primo
1502 1571 1654 1613 incipiens
1677 1580 1695 1603 a
1711 1571 1846 1604 Galilaea
1870 1575 1939 1613 post
1955 1571 2162 1615 baptisnuun,

1197 1624 1282 1667 quod
1299 1625 1491 1666 praedicavit
1508 1625 1650 1664 Ioannes,
1668 1625 1770 1658 Iesum
1787 1634 1805 1657 a
1820 1626 1989 1664 Nazareth,
2007 1625 2164 1668 quomodo

1198 1678 1292 1711 unxit
1315 1687 1388 1711 eum
1415 1679 1498 1711 Deus
1523 1679 1640 1720 Spiritu
1666 1682 1773 1711 sancto
1797 1692 1813 1708 »
1842 1683 1899 1712 etc.
1926 1679 2011 1712 I'nde
2043 1679 2091 1711 hic
2117 1683 2164 1711 est

1200 1732 1343 1765 Sanctus
1369 1732 1587 1771 Sanctorum,
1613 1733 1642 1765 in
1668 1733 1760 1766 cuius
1783 1733 1931 1766 unctione
1960 1733 2082 1775 impleri
2111 1732 2164 1765 de-

1198 1785 1251 1818 bet
1275 1786 1440 1827 prophetia
1473 1786 1609 1819 Danielis
1641 1786 1766 1818 n0n092
1798 1799 1813 1814 «
1831 1786 1999 1828 lmpleatur
2032 1786 2110 1819 visio
2134 1789 2164 1818 et

1198 1839 1381 1880 prophetia,
1414 1843 1445 1871 et
1469 1839 1637 1881 impleatur
1670 1840 1788 1873 iustitia
1812 1841 2018 1882 sempiterna,
2050 1845 2081 1872 et
2107 1850 2165 1872 un-

1198 1895 1292 1934 gatur
1315 1892 1448 1925 Sanctus
1480 1893 1666 1925 Sanctorum
1684 1906 1713 1924 ».
1740 1911 1781 1916 —
1808 1893 1843 1925 Et
1865 1897 1956 1931 nota,
1988 1893 2071 1935 quod
2106 1894 2164 1925 hu-
2186 1898 2314 1919 Notandum-

1198 1953 1290 1977 mana
1314 1949 1427 1977 natura
1451 1945 1482 1977 in
1506 1945 1631 1977 ChrIsto
1655 1954 1712 1987 per
1736 1946 1886 1978 virtutem
1905 1947 2040 1988 Spiritus
2065 1947 2163 1979 sancti

1198 1998 1257 2030 fuit
1281 2002 1430 2040 concepta
1454 2002 1484 2031 et
1520 2008 1576 2040 per
1600 1999 1668 2032 eius
1703 1999 1836 2041 gratiam
1872 1999 1994 2032 divinae
2030 2003 2163 2032 naturae

1198 2051 1295 2084 unita.
1322 2051 1357 2083 Et
1381 2055 1510 2093 propter
1543 2052 1618 2084 haec
1643 2052 1706 2084 duo
1738 2052 1830 2091 dicit,
1856 2053 2005 2094 Spiritum
2040 2053 2160 2085 Domini

1197 2114 1300 2147 super
1323 2114 1398 2137 eum
1421 2114 1489 2137 esse
1512 2108 1543 2137 et
1566 2105 1712 2138 unxisse.
1733 2124 1772 2129 -—
1790 2106 1846 2138 Vel
1863 2109 1947 2138 certe
1964 2106 2080 2139 dicitur
2097 2116 2163 2139 esse
2183 2111 2259 2132 Amer-

1197 2167 1299 2200 super
1330 2168 1406 2190 euni
1434 2162 1590 2200 quantum
1621 2158 1659 2191 ad
1692 2159 2008 2201 superexcellentiam
2045 2160 2164 2202 gratiae

1198 2211 1389 2253 singularis,
1425 2214 1554 2253 propter
1583 2221 1679 2254 quam
1714 2212 1831 2245 dicitur
1867 2213 1988 2246 Ioannis
2013 2213 2105 2246 tertio
2120 2214 2162 2245 ¹⁰:

1203 2265 1302 2297 «Non
1334 2265 1373 2297 ad
1405 2274 1585 2298 mensuram
1618 2266 1671 2298 dat
1702 2266 1787 2299 Deus
1815 2267 1961 2308 spiritum
1988 2281 2016 2299 ».
2044 2267 2164 2299 Dicitur

1200 2327 1274 2351 vero
1298 2318 1435 2352 unxisse
1458 2328 1534 2352 eam
1554 2323 1710 2361 quantum
1733 2320 1771 2352 ad
1788 2321 2038 2363 praerogativam
2062 2329 2164 2353 sacer-

1199 2372 1310 2405 dotalis
1342 2375 1373 2406 et
1397 2372 1510 2415 regalis
1540 2373 1708 2415 dignitatis.
1734 2374 1814 2406 Haec
1837 2374 2009 2415 respiciunt
2041 2383 2163 2406 assum·
2185 2378 2269 2404 fiam·

1199 2430 1262 2459 tam
1287 2429 1433 2459 naturam
1459 2426 1490 2458 in
1519 2426 1661 2465 Christo;
1686 2430 1718 2459 et
1742 2427 1800 2460 hoc
1825 2427 2099 2469 praefigurabatur
2132 2427 2161 2459 in

1200 2480 1347 2513 unctione
1372 2489 1482 2522 regum
1507 2483 1538 2513 et
1561 2480 1759 2513 sacerdotum
1784 2481 1813 2512 in
1839 2480 1935 2513 veteri
1968 2483 2162 2513 testamento.

1290 2534 1342 2567 37.
1368 2534 1511 2567 Secundo
1536 2534 1714 2566 insinuatur
1731 2542 1798 2566 esse
1815 2534 1965 2566 eruditor
1987 2544 2047 2575 per
2065 2544 2164 2576 prae-
2185 2538 2308 2585 ¹¹⁹5¹j¹i0r⁰“¹‘

1200 2587 1378 2620 dicationis
1402 2587 1632 2630 nzayisterium
1652 2587 1681 2619 in
1700 2587 1758 2619 hoc
1776 2587 1859 2629 quod
1877 2587 2036 2629 sequitur:
2057 2589 2165 2619 Evan-
2248 2584 2252 2585 ⁷
2271 2581 2275 2585 ’

1199 2641 1348 2684 yetizare
1368 2640 1578 2683 pauperibus
1593 2641 1687 2673 misit
1708 2650 1767 2673 me.
1796 2641 2012 2683 Evanqetiain
2030 2639 2165 2683 natuque

243 2812 251 2826 ¹
271 2814 345 2840 Vers.
368 2816 391 2840 1.
411 2830 445 2834 —
464 2816 521 2842 Duo
538 2824 611 2850 seqq.
626 2817 674 2842 loci
688 2820 748 2843 sunt
760 2817 815 2843 lsai.
830 2818 877 2848 60,
893 2818 915 2843 l.
930 2821 955 2843 et
968 2818 1032 2850 Eph.
1047 2818 1076 2848 5,
1092 2817 1132 2843 14.

243 2855 253 2871 ²
273 2857 342 2884 Libr.
363 2859 390 2884 11.
412 2860 436 2885 in
457 2861 518 2887 Luc.
540 2861 568 2892 4,
590 2862 636 2893 16,
659 2861 705 2887 ubi
731 2862 870 2893 respicitur
898 2862 985 2887 Matth.
1014 2863 1060 2894 20,
1091 2863 1132 2887 28.

172 2901 221 2927 Pro
241 2900 347 2929 lectoris
368 2903 451 2936 (quod
470 2904 548 2930 etlam
569 2908 652 2931 textus
666 2906 802 2938 originalis
821 2906 936 2940 exhibet)
956 2906 998 2931 hic
1018 2909 1043 2931 et
1056 2906 1134 2938 paulo

146 2954 149 2957 ·
173 2946 294 2978 superlus
314 2947 371 2972 Vat.
391 2954 452 2974 cum
472 2949 592 2981 pluribus
611 2951 689 2977 codd.
710 2950 838 2977 lectionis.

243 2988 254 3003 ³
273 2991 385 3023 Vulgata
406 2991 454 3018 illi.
466 3006 501 3012 —
514 2994 638 3027 Sequitur
656 2995 738 3027 Apoc.
759 2996 806 3026 10,
822 2996 863 3021 to.
878 2994 933 3027 (ubi
954 2994 972 3020 C
984 2995 1005 3020 D
1025 2994 1132 3027 dulcis).

243 3033 254 3048 ⁴
275 3035 347 3061 Vers.
367 3036 392 3061 9.
413 3036 499 3062 Verba
514 3037 617 3071 Dignus
631 3041 670 3065 est
689 3040 796 3073 Aquas,
817 3039 864 3073 qui
882 3039 987 3066 occisas
1006 3041 1060 3072 est,
1083 3047 1133 3071 pro

156 3078 226 3113 'quo
245 3079 357 3111 Vulgata
376 3079 481 3114 Dianas
500 3088 536 3113 es,
560 3083 686 3116 Domine,
707 3084 836 3110 habentur
855 3092 881 3110 v.
904 3085 943 3115 12,
959 3087 985 3110 et
1004 3091 1052 3116 pro
1071 3091 1134 3117 ape-

173 3123 226 3150 riri
243 3123 408 3150 substituitur
427 3130 458 3150 ex
477 3132 502 3150 v.
523 3125 548 3151 5.
567 3126 670 3153 solvere
687 3129 796 3161 septem.
814 3142 849 3147 —
869 3127 987 3154 Subinde
1007 3128 1134 3159 allegatur

175 3169 231 3195 lsai.
252 3169 300 3200 29,
321 3168 363 3194 ii.
916 3177 918 3179 -

244 3211 254 3227 ⁶
273 3213 348 3239 Vers.
369 3213 392 3238 8.
413 3227 447 3231 —
466 3213 523 3239 Duo
537 3221 612 3247 seqq.
625 3215 673 3241 loci
693 3220 753 3242 suut
773 3216 817 3243 Iob
837 3217 886 3248 29,
908 3217 949 3242 16.
968 3220 993 3242 et
1013 3217 1040 3242 ΙΙ.
1060 3218 1134 3242 Para-

174 3258 217 3289 lip.
241 3258 285 3288 to,
306 3257 331 3282 6.
350 3263 406 3290 seq.

244 3300 255 3315 θ
276 3302 348 3327 Vers.
370 3302 392 3327 Ἰ.
412 3316 447 3320 -
466 3303 617 3335 Sequuntur
637 3304 739 3330 Baruch
760 3306 791 3336 3,
812 3306 855 3331 36.
874 3313 944 3338 seq.,
965 3305 1011 3331 ubi
1030 3313 1079 3337 pro
1098 3305 1135 3331 ad

174 3354 234 3373 eum
255 3347 298 3379 (ita
318 3346 396 3372 etiam
417 3346 595 3380 Septuaginta)
617 3348 675 3374 Vat.
694 3356 754 3374 cum
776 3350 887 3382 Vulgata
906 3349 1037 3376 adversus
1057 3357 1134 3382 eum,-

174 3394 199 3417 ct
218 3390 263 3417 lob
283 3391 331 3421 28,
355 3390 394 3415 ¹2.

282 3444 311 3470 S.
331 3444 432 3470 Bomiv.
445 3457 479 3463 -—
495 3445 572 3470 Tom.
587 3445 640 3471 Vll.

1270 2815 1280 2830 ⁷
1300 2816 1352 2843 Cir.
1371 2824 1450 2848 supra
1481 2817 1599 2842 Prooem.
1620 2824 1645 2842 n.
1666 2816 1755 2847 17-21,
1777 2816 1822 2842 ubi
1842 2818 1906 2841 haec
1927 2816 2005 2841 Isaiae
2026 2816 2106 2841 turba
2135 2816 2166 2841 si-

1200 2862 1253 2887 mili
1273 2861 1354 2887 modo
1373 2864 1548 2892 exponuntur.

1271 2904 1281 2919 ⁸
1303 2906 1376 2931 Vers.
1397 2906 1427 2936 2,
1447 2908 1507 2937 post
1525 2912 1605 2938 quem
1626 2906 1696 2930 Ioan.
1720 2906 1739 2937 l,
1761 2906 1804 2930 33.
1824 2908 1849 2930 et
1867 2906 1922 2930 Act.
1946 2905 1990 2933 ltl,
2012 2905 2053 2929 37.
2074 2911 2128 2936 seq.

1271 2948 1282 2963 ⁹
1301 2951 1376 2975 Vers.
1396 2950 1444 2982 24,
1466 2949 1508 2975 ubi
1529 2957 1578 2982 pro
1596 2949 1744 2983 impleatur
1763 2949 1863 2975 iustitia
1886 2949 1996 2981 Vulgata
2011 2948 2164 2974 adducatur-

1199 2993 1311 3021 iustitia.

1272 3037 1293 3052 ¹⁰
1315 3038 1387 3064 Vers.
1409 3038 1451 3064 34.
1471 3038 1522 3064 Ctr.
1546 3038 1582 3063 111.
1608 3040 1677 3063 sont.
1697 3038 1722 3063 d.
1756 3038 1795 3063 13.
1821 3045 1843 3062 a.
1869 3038 1890 3063 1.
1910 3045 1956 3069 per
1977 3041 2077 3067 totum;
2104 3037 2165 3062 vide

1199 3083 1276 3108 etiam
1298 3082 1360 3108 ibid.
1380 3082 1407 3108 d.
1427 3083 1451 3107 2.
1473 3089 1496 3107 a.
1517 3084 1540 3107 3.
1561 3090 1585 3114 q.
1607 3082 1631 3107 3.
1652 3084 1677 3107 et
1696 3082 1722 3107 d.
1744 3082 1766 3106 4.
1786 3089 1809 3106 a.
1834 3082 1854 3105 l.
1874 3089 1900 3113 q.
1925 3082 1945 3111 l,
1960 3080 2005 3106 ubi
2019 3081 2051 3106 de
2066 3081 2162 3111 Spiritu

1199 3130 1288 3153 sancto
1302 3130 1330 3152 ut
1343 3127 1472 3158 principio
1486 3126 1615 3152 efficiente
1631 3126 1826 3151 incarnationis.
1847 3139 1882 3144 —
1901 3125 1980 3155 Beda,
2011 3127 2036 3150 ll.
2058 3125 2082 3150 in
2101 3126 2162 3150 Luc.

1201 3171 1224 3202 t,
1239 3172 1282 3196 lit:
1299 3172 1326 3196 Et
1345 3170 1406 3203 quia
1426 3169 1465 3203 [in
1485 3170 1600 3204 Christo]
1620 3174 1675 3195 erat
1695 3170 1782 3195 unctio
1802 3169 1942 3201 spiritualis
1957 3173 1980 3194 et
1995 3176 2162 3202 nequaquam

1199 3215 1306 3241 humani
1321 3215 1452 3246 corporis,
1468 3217 1494 3239 ut
1509 3214 1555 3239 suit
1569 3214 1594 3239 in
1608 3213 1789 3240 sacerdotibus
1803 3214 1959 3239 Iudaeorum
1969 3233 1975 3243 ,
1990 3213 2086 3238 idcirco
2097 3220 2164 3246 prae

1200 3258 1381 3291 consortibus,
1410 3259 1435 3283 III
1466 3262 1504 3284 cst
1532 3259 1624 3284 veteris
1653 3258 1766 3290 Sanctis,
1796 3262 1890 3283 unctus
1918 3265 1974 3283 esse
2003 3262 2165 3283 memoratur

1200 3304 1255 3338 [rs.
1276 3304 1322 3335 44,
1343 3305 1375 3336 8;
1396 3305 1442 3329 rsr.
1461 3303 1540 3329 IIebr.
1565 3305 1586 3334 l,
1606 3303 1673 3337 9.]...
1692 3304 1790 3329 Unctus
1809 3306 1848 3329 est
1866 3303 1946 3335 igitur
1967 3303 2023 3328 0100
2038 3303 2165 3335 spirituali

1200 3353 1225 3375 ct
1244 3350 1339 3375 virtute
1359 3349 1476 3381 caelesti,
1498 3352 1525 3374 ut
1554 3352 1736 3381 paupertatem
1765 3349 1924 3374 conditionis
1953 3350 2083 3374 humanae
2113 3350 2165 3373 thc-

1200 3402 1278 3420 sauro
1298 3394 1496 3420 resurrectionis
1515 3394 1612 3427 rigaret
1632 3397 1745 3420 aeterno.

2022 3447 2050 3469 IJI
