2476 3921
130 703 270 724 Fecundatio-

144 731 177 760 nqis
190 730 270 751 benefi-

143 762 206 778 cium.

111 2131 179 2162 Prolis
200 2132 258 2153 sasti-

151 2164 215 2185 gium.

109 2345 203 2376 Propter.
212 2351 258 2371 gra-

124 2374 174 2392 tiam
187 2378 257 2398 siugu-

123 2399 197 2420 larem.

108 2982 197 3008 Propter
220 2987 255 3002 ex·

135 3008 254 3030 cellentiam

134 3035 234 3061 regalem.

291 242 333 275 ,⁶24

290 334 321 363 et
344 331 448 372 posuit
472 330 613 362 diadema
636 329 723 370 regni
748 329 779 361 in
804 329 904 370 capite
927 329 995 362 eius
1012 343 1041 361 n.
1060 330 1180 362 Invenit
1195 339 1247 362 au-

291 387 351 415 tem
376 383 507 425 gratiam
531 386 660 425 propter
684 382 810 414 nimiam
829 382 1037 416 humilitatem
1055 386 1086 415 et
1102 392 1247 415 mansue-

290 436 445 474 tudinem3
480 435 577 467 iacobi
610 438 741 477 quarto:
780 435 895 468 «Deus
931 435 1076 476 superbis
1111 435 1246 474 resistit,

289 488 461 520 humilibus
484 492 590 520 autem
613 487 666 523 dat
688 488 820 529 gratiam
838 500 868 527 »3
894 492 924 520 et
956 488 1159 532 Ecclesiastici
1185 492 1246 521 ter-

290 541 347 573 tio:
378 554 393 569 «
410 542 532 582 Quanto
556 550 688 583 magnus
710 550 761 580 es,
779 541 910 573 humilia
936 545 965 574 te
989 542 1020 573 in
1043 542 1200 581 omnibus,
1216 545 1248 574 et

288 602 392 625 coram
418 594 481 626 Deo
504 594 643 627 iuvenies
667 594 843 636 gratiam».

379 647 429 678 55.
455 647 555 687 (Vers.
587 647 662 688 31.).
700 647 887 689 Exprimens
923 648 1015 680 etiam
1049 646 1248 689 salutiferae

289 699 506 741 conceptionis
530 708 587 732 seu
610 699 836 732 secundationis
861 700 1068 742 beneficiam,
1093 700 1245 739 ostendit,

289 752 391 793 ipsum
415 761 482 785 esse
506 753 707 794 proximum,
733 762 805 786 cum
833 754 925 786 dicit:
960 755 1058 793 Ecce,
1084 754 1246 796 concipies

287 806 322 837 in
346 809 438 837 atero
461 810 491 838 et
522 806 636 848 parics
666 805 795 847 filiam;
820 810 856 838 ut
880 806 923 839 516
948 807 1116 848 impleatur
1152 806 1183 838 in
1216 810 1246 838 te

288 857 364 889 illud
378 858 471 890 Isaiae
485 858 617 899 septimo
632 859 660 889 1:
679 871 693 886 α
708 858 783 891 Ecce
794 885 801 897 ,
818 859 907 900 virgo
924 859 1076 901 concipiet
1097 863 1128 891 et
1145 859 1246 900 pariet

286 910 385 942 tilium
399 924 429 942 ».
447 911 483 942 Et
507 911 666 952 signanter
682 911 774 944 dicit:
793 912 891 950 Ecce,
909 912 1071 953 concipies
1088 912 1124 944 in
1140 915 1244 950 atero,

286 967 321 995 ut
344 963 503 1002 ostendat,
529 964 587 996 hoc
611 964 713 1005 ipsum
738 973 806 997 esse
836 974 986 1006 magnum
1019 969 1049 997 et
1073 965 1190 997 mirum
1214 969 1245 997 et

285 1025 418 1055 novum,
442 1020 478 1048 ut
498 1016 652 1058 concipiat
674 1017 774 1055 intra,
791 1017 869 1049 nihil
885 1018 1064 1059 recipiendo
1080 1018 1120 1050 ab
1136 1022 1243 1056 extra,

286 1069 431 1102 Ieremiae
462 1070 623 1111 trigesimo
657 1070 773 1110 primo:
803 1070 955 1102 «Novum
987 1070 1060 1103 fecit
1092 1070 1245 1103 Dominus

285 1131 380 1163 super
406 1125 539 1154 terram:
565 1122 680 1154 femina
704 1122 911 1154 circumdabit
936 1123 1039 1155 virum
1054 1137 1084 1154 ».
1110 1123 1146 1155 Et
1169 1123 1245 1165 quia

284 1178 468 1216 conceptum
493 1175 560 1207 sine
583 1174 710 1207 libidine
734 1175 878 1216 sequitur
894 1179 1006 1217 partus
1022 1176 1089 1208 sine
1105 1176 1244 1217 parturi-

284 1228 366 1260 tione
390 1231 421 1260 et
451 1228 576 1265 dolore,
601 1227 669 1260 ideo
700 1227 801 1260 addit:
830 1229 867 1260 Et
891 1228 1007 1270 paries
1042 1229 1170 1270 fitium,
1196 1238 1244 1262 56-

283 1280 421 1313 60011010
446 1280 523 1312 illud
548 1280 641 1313 Isaiae
658 1281 770 1312 ultimo
784 1281 813 1312 2:
837 1282 1039 1323 «Antequam
1057 1282 1243 1324 parturiret,

283 1334 412 1375 peperit.
449 1334 525 1375 Quis
549 1333 668 1366 audivit
691 1343 832 1376 unquam
863 1334 940 1373 tale,
973 1338 1029 1367 aut
1060 1335 1132 1377 quis
1167 1335 1244 1367 vidit

283 1387 356 1419 huic
380 1387 479 1419 simile
495 1390 533 1418 »ἵ
559 1387 594 1419 Et
617 1386 691 1429 quia
715 1391 840 1428 partum
876 1387 943 1420 sine
966 1387 1074 1420 dolore
1098 1387 1243 1429 sequitur

281 1441 404 1473 fructus
428 1440 511 1473 uteri
535 1449 607 1472 cum
633 1440 751 1479 salute,
776 1440 845 1473 ideo
869 1441 992 1473 subdit:
1025 1440 1162 1474 Vocabis
1185 1450 1243 1473 no-

281 1503 354 1534 men
365 1493 436 1525 etas
449 1493 578 1531 Iesum·
595 1493 680 1535 quia,
693 1493 867 1525 secundum
881 1493 965 1535 quod
978 1494 1094 1526 dicitur
1107 1494 1241 1526 Actuum

281 1550 395 1588 quarto
407 1547 430 1585 ³,
461 1560 476 1574 «
493 1555 549 1578 nec
573 1546 658 1578 aliud
682 1555 794 1579 nomen
819 1549 866 1578 est
882 1546 942 1579 sub
959 1547 1044 1579 caelo
1060 1547 1168 1579 datum
1186 1547 1242 1580 110-

282 1599 438 1638 011011105,
462 1600 493 1631 10
526 1608 589 1640 quo
616 1602 760 1640 oporteat
795 1608 852 1631 nos
876 1599 978 1631 salvos
1002 1600 1070 1632 fieri
1089 1614 1118 1632 n.
1144 1600 1243 1633 Huius

281 1652 415 1684 nominis
438 1651 661 1693 praefiguratio
692 1652 861 1693 praecessit
885 1652 916 1684 in
942 1653 1027 1691 lesu,
1052 1653 1117 1685 filio
1141 1654 1240 1692 Nave;

283 1705 485 1738 Ecclesiastici
516 1705 757 1747 quadragesimo
786 1708 893 1743 sexto:
932 1706 1064 1739 «Fortis
1099 1707 1131 1739 in
1160 1707 1242 1740 bello

281 1759 365 1791 lesus
389 1759 488 1797 Nave,
513 1758 567 1800 qui
591 1758 651 1790 suit
665 1767 798 1800 magnus
814 1758 987 1791 secuudum
1004 1769 1118 1793 nomen
1135 1769 1240 1799 suum,

280 1812 439 1844 maximus
462 1812 494 1843 in
526 1812 658 1849 salutem
691 1812 862 1844 electorum
893 1812 994 1845 Dei».
1015 1813 1123 1846 Huius
1147 1814 1239 1846 etiam

279 1864 502 1906 praefiguratio
525 1864 694 1905 praecessit
710 1864 741 1896 in
758 1865 878 1906 loseph,
902 1865 940 1897 de
964 1875 1027 1907 quo
1043 1866 1159 1899 dicitur
1183 1866 1241 1899 Ge-

280 1917 362 1950 nesis
386 1917 625 1959 quadragesimo
649 1918 765 1959 primo,
790 1918 876 1959 quod
904 1931 919 1947 «
937 1919 1057 1951 Pharao
1074 1919 1169 1952 vertit
1185 1929 1241 1952 no-

280 1979 351 2003 0160
375 1971 443 2003 61115
466 1974 497 2003 61
520 1971 642 2003 vocavit
665 1980 739 2004 eum
758 1971 865 2013 lingua
881 1972 1066 2013 Aegyptiaca
1090 1973 1239 2006 Salvato—

278 2033 349 2055 rem
372 2024 492 2056 mundi
508 2037 536 2055 ι).

368 2077 419 2108 56.
445 2076 546 2117 (Vers.
573 2076 649 2118 32).
668 2077 829 2109 Postremo
845 2077 1028 2118 exprimens
1043 2079 1240 2111 nasciturae

274 2128 381 2170 protis
405 2128 598 2171 fastiyiam,
623 2129 759 2161 ostendit
782 2129 885 2170 ipsum
909 2138 1077 2171 magnum,
1102 2139 1176 2163 6010
1192 2131 1239 2163 di-

276 2182 333 2214 cit:
358 2182 421 2214 Hic
437 2182 500 2214 erit
515 2192 670 2224 maynus.
696 2182 839 2214 Ostendit
853 2185 974 2221 autem,
992 2184 1238 2225 magnitudinem

277 2235 345 2267 eius
369 2235 663 2268 excellentissimam
680 2244 748 2268 esse
764 2238 894 2277 propter
913 2235 1064 2278 matiam
1087 2237 1238 2279 0109010-

276 2298 361 2326 rem,
386 2291 515 2330 propter
540 2288 761 2320 exceltentiam
783 2288 946 2331 reyatem,
972 2293 1101 2331 propter
1125 2295 1238 2332 poten-

276 2341 358 2373 tiam
371 2340 577 2373 aeternalem.
592 2359 636 2364 —
650 2341 863 2384 Sinyutarem
873 2342 1025 2384 qratiam
1042 2343 1150 2385 tangit,
1164 2353 1236 2376 cum

275 2393 366 2426 dicit:
394 2395 434 2426 Et
450 2393 558 2426 Filias
575 2394 741 2426 Altissimi
756 2394 941 2433 vocabitur,
959 2395 1077 2428 scilicet
1093 2405 1150 2438 per
1165 2406 1237 2439 gra-

276 2446 349 2478 tiam
366 2445 509 2485 uriionis3
535 2446 662 2485 Filiae,
680 2447 820 2489 inquam,
835 2447 1043 2489 unigenitus,
1061 2449 1236 2482 secundum

274 2500 349 2532 illud
364 2500 484 2532 loannis
501 2500 603 2541 primo
616 2501 646 2531 4:
670 2513 685 2528 «
702 2500 845 2534 Vidimus
861 2501 993 2542 gloriam
1007 2501 1085 2540 eius,
1102 2502 1235 2544 gloriam

273 2552 361 2594 quasi
387 2553 539 2594 Unigeniti
565 2562 581 2585 a
608 2553 697 2586 Patre
715 2567 744 2585 ».
771 2553 806 2585 Et
829 2553 872 2585 ita
895 2554 1036 2595 aequalis
1060 2555 1120 2587 erit
1144 2555 1235 2588 Altis-

273 2606 368 2645 simo,
393 2606 566 2638 secundum
600 2606 676 2639 illud
710 2607 839 2639 Psalmi:
870 2621 885 2635 «
901 2608 949 2640 Tu
973 2608 1125 2641 Dominus
1149 2608 1235 2641 altis-

273 2660 371 2692 simus
406 2669 501 2701 super
536 2669 663 2692 omnem
698 2663 815 2693 terram
841 2674 870 2692 ».
908 2661 985 2702 Quis
1015 2664 1063 2694 est
1091 2662 1143 2694 1116
1175 2662 1233 2695 0151

271 2713 415 2746 Christus
438 2713 612 2745 Dominus?
636 2713 674 2751 de
697 2723 760 2755 quo
784 2714 822 2746 ad
848 2714 1060 2756 Philippenses
1080 2715 1233 2748 secundo:

278 2765 398 2797 «Dedit
422 2765 464 2797 illi
489 2774 619 2803 nomen,
644 2766 728 2807 quod
752 2769 800 2798 est
823 2775 919 2808 super
936 2776 1027 2799 omne
1052 2776 1181 2807 nomen,
1199 2771 1235 2800 ut

271 2818 302 2849 10
327 2818 452 2850 nomine
476 2818 545 2850 Iesu
568 2827 661 2850 omne
685 2827 768 2860 genu
793 2819 938 2851 flectatur
955 2832 970 2848 »
1000 2823 1057 2852 etc.
1085 2821 1145 2853 Hoc
1177 2830 1233 2853 au-

272 2873 335 2903 tem
360 2871 436 2903 nulli
461 2871 511 2903 alii
536 2871 636 2910 dedit,
661 2872 736 2913 quia
760 2872 791 2904 in
815 2872 880 2904 solo
912 2873 986 2905 Filio
1015 2873 1152 2915 Virginis
1186 2878 1234 2907 est

272 2924 371 2965 gratia
395 2924 528 2956 unionis.

363 2978 413 3009 57.
440 2977 591 3019 1169111610
615 2978 837 3010 excellentiam
868 2979 1023 3018 insinuat,
1048 2989 1120 3012 cum
1143 2980 1232 3012 dicit:

275 3030 313 3061 Et
337 3029 428 3062 dabit
453 3030 502 3062 itti
528 3031 689 3063 Dominus
724 3032 809 3063 Deus
840 3032 947 3064 eedem
973 3033 1098 3072 David,
1120 3033 1233 3075 patris

899 241 1091 274 COMMENT.
1117 242 1154 274 IN
1180 241 1417 274 EVANGELIUM
1443 242 1559 274 LUCAE
1583 242 1615 274 C.
1642 243 1661 274 l.

1311 330 1399 369 eiu-5,
1424 330 1455 362 id
1479 334 1525 362 est
1558 331 1662 372 regale
1697 331 1825 370 solium,
1858 331 2031 364 secundum
2064 331 2149 373 quod
2172 332 2271 364 David

1311 387 1379 416 erat
1398 383 1607 425 promissam
1619 383 1651 415 ⁵.-
1674 396 1688 411 «
1703 384 1747 416 De
1762 384 1870 416 fructu
1887 384 2006 416 ventris
2022 384 2069 416 tui
2086 393 2200 429 ponam
2217 394 2270 417 su-

1311 445 1368 477 per
1391 435 1495 468 sedem
1520 439 1606 468 tuam
1621 447 1652 473 »;
1677 439 1708 468 et
1731 435 1906 468 secundum
1930 436 2015 477 quod
2038 445 2094 478 per
2111 436 2272 469 Ieremiam

1312 490 1498 530 Prophetam
1510 515 1518 527 ,
1535 489 1681 521 Ieremiae
1698 489 1849 531 vigesimo
1865 489 1973 528 tertio,
1990 489 2180 530 promissum
2198 490 2270 522 fuit:

1317 542 1443 581 «Ecce,
1475 542 1541 574 dies
1572 542 1720 580 veniunt,
1752 542 1827 574 dicit
1850 542 2011 574 Dominus.
2044 542 2080 574 Et
2115 542 2273 575 suscitabo

1311 595 1409 627 David
1440 604 1569 637 germen
1604 595 1741 634 iustum,
1767 599 1798 627 et
1826 595 1969 636 regnabit
2003 604 2062 627 rex
2094 598 2125 627 et
2149 596 2273 637 sapiens

1312 648 1418 681 erit».
1444 649 1505 680 Hoc
1529 648 1620 681 etiam
1653 648 1756 689 primo
1786 651 1951 680 0516031101
1982 647 2041 680 fuit
2073 648 2192 681 Danieli
2224 657 2272 681 se-

1311 702 1423 743 ptimo,
1448 701 1486 734 de
1509 701 1584 733 Filio
1607 701 1757 739 hominis,
1782 701 1820 735 de
1844 710 1907 743 quo
1931 701 2022 740 dicit,
2047 701 2131 743 quod
2161 715 2177 730 «
2192 702 2270 734 anti-

1311 763 1395 796 quus
1418 753 1541 787 dierum
1565 754 1649 786 dedit
1672 754 1700 786 ei
1725 757 1909 795 potestatem
1934 757 1965 786 et
1988 754 2140 787 honorem
2164 758 2195 787 et
2223 763 2272 787 re-

1310 816 1426 849 guum,
1451 810 1482 839 et
1516 816 1624 839 omnes
1655 807 1762 849 populi
1798 810 1829 840 et
1853 807 1956 839 tribus
1988 810 2019 839 et
2050 807 2175 849 linguae
2206 816 2272 840 ser-

1310 860 1395 893 vient
1418 860 1493 893 ei».

1401 914 1451 946 58.
1478 913 1685 946 Aeternalem
1705 913 1885 955 potentiam
1909 916 2010 952 notat,
2036 922 2108 945 cum
2125 913 2213 946 dicit:
2232 915 2272 946 Et

1309 966 1461 1010 regnabit
1484 966 1519 998 in
1551 966 1647 998 domo
1679 965 1776 998 Iacob
1809 966 1845 998 in
1877 970 2067 1005 aeternum,
2094 966 2268 1001 secundum

1309 1020 1394 1062 quod
1418 1019 1608 1061 promissum
1632 1022 1700 1051 erat
1723 1018 1831 1057 David,
1856 1019 2029 1051 secundum
2047 1019 2124 1051 illud
2141 1019 2269 1052 secundi

1310 1072 1428 1113 Regum
1453 1071 1624 1113 septimossz
1654 1083 1670 1099 «
1687 1070 1849 1103 Suscitabo
1873 1079 1998 1109 semen,
2024 1071 2108 1113 quod
2132 1071 2272 1113 egredie-

1308 1127 1362 1156 tur
1385 1124 1424 1156 de
1446 1127 1539 1156 utero
1562 1127 1634 1162 tuo,
1659 1127 1691 1156 et
1723 1123 1856 1157 firmabo
1885 1132 2018 1165 reguum
2042 1124 2111 1157 eius
2120 1136 2128 1162 ;
2154 1128 2184 1156 et
2209 1127 2272 1157 sta-

1308 1177 1415 1209 biliam
1439 1174 1590 1209 th2·onum
1614 1176 1702 1218 regni
1726 1177 1795 1209 6105
1818 1185 1920 1218 usque
1944 1177 1975 1209 in
2000 1177 2270 1219 sempiternum».

1309 1231 1370 1263 1106
1393 1230 1497 1271 ipsum
1520 1230 1563 1262 ait
1586 1229 1695 1262 Daniel
1727 1229 1875 1271 septimo:
1911 1242 1925 1257 t<
1943 1230 2081 1262 Potestas
2105 1230 2192 1269 eius,
2216 1239 2272 1272 po-

1308 1286 1404 1316 testas
1426 1285 1571 1321 aeterna,
1589 1291 1678 1324 quae
1701 1291 1763 1315 non
1787 1282 1965 1321 auferetur,
1989 1285 2021 1315 et
2042 1291 2175 1324 regnum
2192 1283 2271 1321 6105,

1308 1336 1392 1379 quod
1416 1345 1477 1368 non
1502 1338 1769 1377 corrumpetur».

1398 1390 1449 1421 59.
1475 1389 1575 1429 (Vers.
1602 1388 1679 1429 33).
1704 1387 1743 1420 Ut
1765 1391 1869 1421 autem
1895 1388 2052 1427 ostendat,
2069 1388 2152 1430 quod
2170 1392 2271 1422 aeter-

1307 1442 1388 1475 nitas
1412 1442 1471 1474 15111
1493 1444 1541 1474 651
1564 1441 1692 1483 proprie
1708 1441 1791 1473 dicta
1806 1450 1863 1482 per
1880 1441 2051 1474 carentiam
2068 1442 2150 1480 sinis,
2167 1441 2270 1475 addit.-

1309 1497 1349 1527 Et
1371 1495 1468 1537 reyni
1490 1495 1562 1527 eius
1585 1504 1652 1527 non
1674 1494 1736 1526 erit
1758 1494 1855 1536 sinis;
1879 1497 1915 1526 ut
1939 1494 1982 1527 sic
2006 1495 2177 1536 impleatur
2193 1495 2271 1528 illud

1307 1548 1402 1581 Isaiae
1425 1556 1508 1580 nono
1520 1547 1549 1579 ⁷:
1573 1560 1587 1575 «
1605 1548 1706 1588 Super
1723 1547 1836 1579 solium
1861 1546 1960 1579 David
1976 1550 2007 1579 et
2022 1555 2119 1588 super
2136 1556 2270 1588 regnum

1307 1600 1375 1633 eius
1399 1600 1535 1638 sedebit,
1560 1602 1596 1632 ut
1620 1599 1785 1632 confirmet
1810 1599 1888 1631 illud
1906 1602 1942 1632 61
1966 1599 2150 1631 corroboret
2173 1599 2205 1631 in
2222 1599 2270 1632 111-

1306 1653 1387 1687 dicio
1410 1657 1442 1686 et
1465 1653 1600 1692 iustitia,
1625 1652 1736 1685 amodo
1760 1655 1791 1685 et
1814 1661 1917 1694 usque
1941 1652 1973 1684 in
1997 1652 2268 1694 sempiternum».

1307 1708 1343 1740 Et
1366 1707 1435 1740 ideo
1460 1710 1545 1740 recte
1568 1706 1643 1739 dicit
1677 1705 1856 1738 Psalmista:
1886 1718 1902 1734 «
1919 1706 2061 1748 Regnum
2092 1709 2184 1738 tuum
2220 1715 2270 1739 re-

1305 1770 1403 1802 gnum
1427 1760 1568 1793 omnium
1593 1759 1808 1797 saeculorum,
1833 1761 1865 1791 et
1879 1758 2049 1791 dominatio
2066 1762 2121 1792 tua
2137 1759 2168 1791 in
2184 1761 2268 1792 omni

1305 1814 1505 1856 generatione
1529 1817 1560 1846 et
1583 1813 1815 1856 generationem
1834 1826 1864 1844 ».

1396 1868 1447 1899 60.
1473 1867 1574 1909 (Vers.
1600 1866 1677 1908 34).
1705 1866 1797 1898 Dixit
1820 1869 1932 1898 autem
1956 1865 2070 1898 Maria
2091 1865 2138 1898 ad
2160 1867 2268 1909 Αο96-

1306 1921 1384 1954 lam.
1418 1920 1597 1953 introduxit
1621 1920 1710 1962 prius
1742 1919 1938 1961 Evangelista
1961 1920 2113 1962 Angelum
2136 1929 2269 1964 narran-

1304 1977 1385 2012 tem3
1411 1973 1574 2014 subiungit
1604 1973 1656 2005 hic
1687 1972 1964 2014 prudentissimam
2006 1972 2173 2015 Viryinenz
2192 1967 2269 2016 per-

1304 2031 1529 2063 cunctantem;
1553 2025 1585 2057 in
1608 2034 1671 2067 qua
1694 2025 1951 2066 percunctatione
1969 2026 2030 2058 tria
2053 2025 2143 2059 nobis
2167 2027 2269 2069 expli-

1304 2084 1435 2118 cantur,
1461 2079 1579 2112 scilicet
1602 2074 1764 2110 dubitatio
1788 2079 1996 2118 conveniens,
2022 2079 2112 2112 ratio
2135 2090 2268 2113 movens

1304 2136 1335 2164 et
1358 2131 1477 2168 solatio
1501 2129 1723 2173 satisfaciens.
1742 2150 1786 2154 —
1804 2131 2004 2164 Conveniens
2027 2131 2191 2165 dubitatio
2210 2142 2267 2165 no-

1303 2187 1400 2223 tatur,
1425 2193 1498 2216 cum
1521 2183 1651 2216 dicitur:
1679 2184 1846 2224 Quomodo
1869 2184 1924 2226 sict
1947 2184 2062 2217 istud?
2086 2185 2165 2218 Cum
2182 2185 2266 2218 enim

1304 2237 1422 2279 triplex
1446 2237 1486 2269 sit
1517 2236 1711 2278 concipiendi
1742 2237 1874 2270 modus:
1899 2247 1984 2270 1111115
2007 2238 2157 2277 carnalis,
2186 2238 2268 2272 alius

1303 2290 1475 2332 spiritualis
1498 2293 1529 2322 et
1553 2289 1666 2331 tertius
1682 2289 1874 2322 admirabilis
1890 2293 1921 2323 et
1937 2291 2119 2333 singularis;
2137 2301 2267 2334 quaero,

1302 2352 1366 2385 quo
1389 2343 1523 2376 istorum
1546 2342 1713 2375 modorum
1738 2342 1814 2374 fiat?
1832 2338 2018 2376 Nicodemus
2034 2343 2078 2376 sic
2095 2344 2268 2385 quaerebat

1301 2406 1320 2430 a
1342 2397 1474 2429 Domino
1485 2422 1492 2435 ‚
1510 2405 1582 2429 cum
1598 2395 1737 2434 audiret,
1761 2396 1846 2437 quod
1862 2400 2037 2438 oporteret,
2055 2406 2127 2429 eum
2144 2398 2264 2441 renasci

1301 2450 1421 2489 denuo;
1447 2449 1568 2482 loannis
1593 2448 1730 2482 terti08:
1760 2462 1776 2477 «
1792 2449 1970 2490 Quomodo,
1995 2450 2116 2491 inquit,
2133 2454 2267 2492 possunt

1301 2504 1378 2536 haec
1413 2503 1481 2536 fieri
1499 2505 1541 2534 »2
1576 2502 1611 2534 Et
1643 2505 1730 2540 nota,
1766 2502 1851 2543 quod
1886 2512 1949 2535 non
1980 2503 2105 2544 quaerit
2136 2503 2265 2536 modum

1299 2556 1426 2589 sciendi
1448 2556 1513 2588 sive
1537 2555 1677 2597 signum,
1702 2555 1786 2596 quod
1810 2555 1902 2587 fidem
1927 2555 2034 2593 saciat,
2051 2555 2133 2588 sicut
2148 2555 2266 2588 Zacha-

1300 2609 1378 2648 rias,
1403 2609 1457 2651 qui
1482 2609 1613 2650 punitus
1641 2608 1717 2646 fuit,
1754 2617 1852 2649 supra
1886 2608 2017 2640 eodem:
2055 2620 2070 2636 «
2088 2608 2173 2640 Unde
2205 2609 2265 2640 hoc

1299 2662 1417 2695 sciam?
1442 2662 1504 2704 Ego
1527 2661 1611 2694 enim
1635 2670 1706 2694 sum
1730 2669 1847 2699 senex,
1864 2663 1896 2693 61
1912 2669 1997 2693 uxor
2020 2669 2089 2693 inea
2112 2661 2265 2702 processit

1300 2716 1331 2748 in
1354 2715 1466 2748 diebus
1490 2714 1556 2747 suis
1572 2727 1603 2754 »;
1628 2714 1682 2747 5611
1706 2714 1831 2756 quaerit
1854 2713 1983 2746 modum
2006 2712 2123 2755 fiendi,
2140 2717 2177 2746 ut
2193 2723 2264 2746 con-

1299 2768 1430 2807 sentiat,
1455 2768 1629 2800 secundum
1653 2767 1730 2800 illud
1747 2766 1991 2799 Proverbiorum
2009 2769 2138 2808 quarto:
2168 2779 2183 2795 «
2199 2767 2265 2799 Pal-

1299 2821 1415 2863 pebrae
1438 2825 1511 2854 tuae
1535 2820 1723 2862 praecedant
1746 2829 1874 2862 gressus
1901 2823 2015 2852 tuos».

1389 2874 1440 2905 61.
1461 2873 1632 2906 Rationem
1646 2876 1825 2905 moventem
1842 2872 1957 2915 tangit,
1975 2881 2046 2905 cum
2063 2872 2155 2905 dicit:
2175 2874 2261 2914 Quo-

1298 2927 1392 2959 niam
1417 2927 1529 2959 virum
1552 2936 1619 2958 non
1642 2936 1815 2968 cogynosco,
1841 2926 1871 2958 id
1896 2929 1961 2964 est,
1986 2936 2048 2959 non
2065 2927 2261 2968 cognoscitu-

1298 2989 1365 3012 ram
1390 2989 1549 3021 propono,
1573 2983 1604 3012 et
1628 2980 1670 3012 ita
1694 2988 1765 3012 51110
1801 2980 1891 3022 virgo
1926 2983 2030 3012 mente
2054 2983 2086 3012 et
2108 2988 2203 3012 carne
2231 2984 2262 3012 61

1299 3033 1473 3075 proposito,
1498 3036 1534 3065 ut
1558 3032 1615 3065 sibi
1640 3035 1724 3065 recte
1748 3036 1904 3074 competat
1928 3032 2004 3065 illud
2021 3032 2186 3071 Rebeccae,
2204 3032 2262 3065 Ge-

343 3189 351 3203 ¹
373 3191 446 3216 Vers.
469 3191 509 3216 14.
529 3205 564 3210 -
585 3190 701 3217 Subinde
721 3192 846 3223 allegatur
865 3193 911 3217 161.
932 3193 960 3217 31
974 3212 980 3223 ,
1000 3194 1042 3219 22.

342 3232 353 3247 ²
373 3235 447 3260 Vers.
466 3235 491 3259 7.
510 3242 565 3267 seq.

342 3275 352 3290 ⁸
371 3278 446 3304 Vers.
473 3279 510 3303 12.
530 3293 563 3297 ——
584 3279 641 3304 Duo
661 3286 736 3312 seqq.
764 3279 811 3305 loci
840 3282 902 3305 sunt
921 3280 995 3306 Eccli.
1017 3280 1065 3312 46,
1085 3281 1109 3306 l.
1129 3288 1185 3314 seq.
1206 3284 1233 3307 et

271 3320 334 3345 (ien.
356 3320 401 3352 41,
422 3321 463 3346 45.

342 3364 352 3378 ⁴
372 3365 445 3390 Vers.
467 3365 508 3391 44.
527 3379 563 3385 -
582 3367 732 3399 Sequuntur
761 3367 800 3392 Ps.
821 3366 869 3398 96,
889 3367 914 3392 9.
942 3370 967 3392 et
996 3367 1060 3394 Phil.
1079 3369 1108 3399 2,
1128 3369 1154 3394 9.
1174 3375 1231 3401 seq.

271 3407 322 3434 Csr.
341 3409 377 3434 111.
399 3409 468 3435 Sent.
489 3410 516 3435 d.
538 3410 578 3435 13.
598 3416 646 3441 per
664 3413 756 3436 totam.

1368 3190 1379 3205 ⁶
1399 3193 1494 3217 Psalm.
1514 3192 1573 3223 131,
1602 3192 1644 3217 tt.
1663 3205 1699 3211 —-·
1718 3192 1837 3218 Subinde
1864 3192 2008 3224 allegantur
2037 3193 2083 3217 ler.
2104 3192 2152 3223 23,
2181 3192 2205 3217 5.
2235 3195 2260 3218 et

1297 3236 1360 3261 Dan.
1374 3236 1406 3267 7,
1422 3236 1462 3261 14.
1475 3249 1511 3255 -
1524 3236 1632 3261 lnserius
1645 3243 1693 3267 pro
1710 3235 1802 3270 primo
1815 3237 1953 3262 ostensum
1967 3236 2024 3261 Vnt.
2034 3236 2097 3268 post
2110 3236 2256 3261 ostensum.

1368 3278 1379 3294 ⁸
1398 3280 1473 3306 Vers.
1494 3281 1536 3306 ⁴2.
1557 3288 1621 3313 seq.,
1641 3283 1701 3312 post
1719 3287 1798 3313 quem
1819 3281 1884 3306 Dan.
1902 3279 1933 3310 7,
1955 3279 1996 3305 14.

1368 3323 1377 3338 ⁷
1398 3325 1474 3351 Vers.
1493 3325 1518 3350 7.
1537 3338 1573 3344 —
1593 3325 1716 3357 Sequitur
1734 3325 1775 3350 Ps.
1799 3323 1862 3355 144,
1883 3324 1925 3349 13.

1368 3367 1379 3381 '¹
1398 3369 1473 3395 Vers.
1494 3369 1519 3394 9.
1538 3383 1572 3387 -
1591 3369 1649 3394 Duo
1668 3375 1742 3401 seqq.
1771 3368 1820 3393 loci
1846 3370 1906 3394 sunt
1924 3369 1985 3393 Luc.
2016 3368 2041 3398 l,
2061 3368 2103 3393 ⁴8.
2131 3371 2157 3393 et
2181 3368 2258 3394 Prov.

1298 3412 1327 3444 4,
1348 3414 1391 3439 25.
1409 3427 1445 3432 —
1464 3413 1571 3439 lnserius
1590 3420 1639 3445 pro
1658 3412 1740 3447 fiendi
1759 3412 1816 3438 Vat.
1836 3411 1959 3445 faciendi.

2302 920 2392 948 Propter
2401 927 2437 948 po-

2290 948 2378 968 tentiam
2403 953 2437 969 ae-

2290 974 2401 995 tei-nalem.

2291 1398 2358 1425 Regni
2375 1399 2438 1421 huius

2301 1426 2425 1448 aeternitas.

2328 1877 2432 1902 Secundo,

2287 1903 2353 1930 Virgo
2369 1903 2433 1925 inter*

2287 1932 2354 1957 rogat,
2363 1930 2386 1951 iu
2393 1936 2432 1957 quo

2287 1957 2329 1978 tria
2365 1959 2433 1978 osten-

2288 1985 2376 2005 ciuntur.

2305 2142 2415 2174 Dubitatio

2289 2175 2425 2191 conveniens.

2288 2248 2418 2270 Notandum.

2291 2885 2355 2906 Ratio
2464 2875 2468 2913 Ι

2279 2918 2371 2934 movens.
2464 2923 2467 2969 ἱ
