2476 3921
295 295 357 327 552

294 383 395 425 magis
421 382 594 416 saecularia
611 385 645 414 »?
668 382 730 415 Hoc
746 384 853 415 autem
869 381 1002 414 debetur
1018 381 1175 423 perfectae
1191 381 1252 414 hu-

295 436 434 475 militati,
452 435 625 468 secundum
642 435 719 467 illud
736 434 788 467 Iob
805 435 966 477 trigesimo
989 437 1097 467 sexto:
1121 447 1136 463 «
1152 434 1255 467 Causa

294 494 350 523 tua
374 489 463 532 quasi
488 488 574 531 impii
599 488 734 521 iudicata
757 491 805 521 est
821 501 851 527 »ς
881 492 912 521 et
943 488 1059 521 iterum
1091 487 1253 530 trigesimo

295 546 403 576 sexto:
434 556 449 571 «
466 542 531 575 Non
556 542 655 575 salvat
679 541 791 583 impios
822 544 853 574 et
884 540 1036 574 iudicium
1059 540 1253 583 pauperibus

296 596 454 634 tribuit»,
478 595 539 628 illis
563 595 698 634 scilicet,
724 595 778 637 qui
795 595 926 627 vincunt
942 594 1109 636 superbiae
1124 593 1251 626 fastum.

296 650 464 691 Propterea
494 648 693 690 Apocalypsis
725 648 862 681 tertio¹:
893 647 983 689 «Qui
1015 647 1144 686 vicerit,
1173 646 1254 679 dabo

296 703 323 735 ei
348 702 457 735 sedere
482 710 604 734 mecum
629 701 659 733 in
696 701 810 733 throno
841 710 928 739 meo,
954 700 1035 733 sicut
1059 703 1089 733 et
1113 709 1170 742 ego
1194 699 1253 732 vici

296 759 327 788 et
350 755 413 788 sedi
439 764 511 788 cum
535 755 625 787 Patre
649 754 681 786 in
698 755 814 787 throno
838 754 906 787 eius
923 767 953 786 ι).
971 754 1007 786 Et
1024 754 1083 786 hoc
1099 756 1146 785 est
1163 761 1254 794 prae-

296 809 395 841 mium
420 808 606 847 humilium;
632 807 753 840 loannis
776 807 978 839 duodecimo:
1002 819 1017 835 «
1033 806 1062 838 Si
1081 806 1152 848 quis
1178 806 1253 838 mihi

297 861 540 900 ministraverit,
565 860 785 893 honorificabit
808 869 881 893 eum
900 860 988 892 Pater
1005 868 1112 898 meus,
1137 859 1191 901 qui
1208 862 1255 892 est

297 916 328 948 in
353 915 446 948 caelis
463 929 491 947 n.

386 969 437 1001 41.
464 969 522 1000 Ait
544 969 655 1000 autem
679 966 842 999 Dominus
859 966 988 999 Simoni
1000 967 1021 998 2.
1040 966 1111 998 Post
1131 974 1255 1007 repres-

142 1027 284 1057 secundam
297 1031 362 1055 sam
386 1021 613 1063 discipulorum
645 1020 871 1062 arrogantiam,
897 1020 948 1052 hic
972 1015 1104 1052 animat
1133 1029 1186 1051 cos
1210 1019 1256 1052 aa

141 1057 280 1075 constantiam

141 1081 275 1101 animantiam

159 1107 258 1127 dicuntur

186 1134 234 1154 duo.

187 1239 275 1260 Divisio.

133 1505 244 1535 Anii-natur
254 1505 280 1525 ad

141 1534 280 1552 constantiam

143 1558 262 1584 tripliciter.

134 1664 277 1684 praemunitio

147 1692 219 1720 contra
234 1693 278 1711 ten-

148 1719 257 1738 tationem.

149 2299 278 2320 Notandum.

296 1074 518 1107 constantium
542 1077 660 1105 eontra
681 1072 834 1115 pericula
858 1072 1067 1104 imminentia
1080 1072 1103 1103 ⁸.
1124 1072 1160 1104 Et
1176 1081 1255 1114 quo-

295 1128 377 1160 niam
403 1127 433 1159 in
458 1126 605 1168 periculis
629 1135 708 1168 opus
732 1128 779 1158 est
803 1125 976 1158 constantia
1000 1128 1109 1157 contra
1138 1124 1256 1157 violen-

295 1180 386 1218 tiam,
411 1188 491 1221 opus
522 1182 569 1212 est
600 1179 722 1211 cautela
753 1181 863 1211 contra
893 1178 1156 1217 fraudulentiam;
1181 1186 1255 1210 nam

295 1233 437 1266 diabolus
463 1236 559 1265 tentat
583 1235 619 1264 ut
642 1233 708 1271 leo,
733 1235 831 1265 tentat
855 1232 947 1264 etiam
973 1234 1009 1264 ut
1031 1231 1167 1271 draco⁴;
1186 1231 1255 1265 ideo

295 1295 368 1328 pars
392 1286 451 1318 ista
475 1285 568 1318 hahet
592 1285 679 1318 duas.
706 1285 737 1317 ln
762 1294 899 1327 quarum
923 1285 1026 1326 prima
1050 1285 1182 1317 animat
1205 1284 1255 1317 (ti-

295 1339 439 1381 seiputos
462 1338 508 1370 ad
531 1338 774 1376 constantiam
791 1338 822 1370 in
840 1337 977 1370 secunda
1000 1346 1076 1370 vero
1100 1337 1256 1370 sollicitat

296 1393 341 1425 ad
357 1392 533 1430 cautelam,
547 1391 588 1424 ibi
602 1391 632 1423 ⁵:
649 1392 688 1423 Et
700 1391 785 1423 dixit
798 1391 862 1423 eis:
879 1391 1019 1431 Quando
1035 1391 1115 1423 misi
1125 1401 1182 1423 vos
1195 1394 1253 1424 etc.

386 1445 553 1476 Animans
587 1448 692 1477 autem
725 1445 770 1476 acl
805 1444 1027 1476 constantiam
1060 1444 1255 1486 praemunit

296 1502 413 1531 contra
445 1498 671 1536 tentationem,
696 1498 835 1530 ostendit
866 1497 1085 1540 defensionem
1110 1501 1140 1531 et
1168 1507 1255 1530 eom-

295 1552 396 1595 peseit
416 1551 707 1594 praemonitionem.

386 1606 437 1638 [22.
464 1605 564 1647 (Vers.
591 1605 667 1646 31).
694 1605 797 1637 Primo
814 1605 911 1646 igitur
928 1608 1082 1647 quantum
1101 1605 1139 1637 ad
1156 1615 1254 1647 prae-

296 1658 511 1691 munitionem
525 1658 538 1677 ⁶
563 1657 751 1690 tentationis
774 1658 866 1690 dicit:
890 1658 947 1690 Ait
963 1662 1074 1690 autem
1094 1658 1256 1690 Dominus

299 1711 444 1744 Simoni:
471 1711 602 1749 Simon,
620 1720 699 1749 eece,
716 1713 858 1743 satanas
875 1711 1029 1753 expetivit
1043 1721 1119 1750 vos,
1136 1714 1173 1743 ut
1189 1711 1255 1743 eri-

298 1764 410 1797 braret
433 1765 519 1797 sieut
544 1764 703 1797 triticum.
729 1764 909 1806 Specialiter
944 1764 1100 1797 Simonem
1123 1764 1255 1806 alloqui-

298 1821 351 1850 tur
376 1821 524 1859 tanquam
549 1817 752 1859 principalem
770 1817 852 1850 inter
868 1826 976 1850 omnes
993 1817 1161 1859 Apostolos.
1180 1817 1255 1849 Nam

298 1871 325 1903 ei
349 1871 467 1903 dictum
493 1874 540 1903 est
563 1870 707 1903 Matthaei
732 1870 854 1903 decimo
878 1871 1011 1902 sexto⁷z
1042 1883 1056 1899 ε(
1075 1871 1187 1903 Beatus
1211 1879 1255 1909 eS,

298 1924 404 1957 Simon
429 1924 487 1956 Bar
504 1924 575 1956 Iona
592 1936 622 1962 »ς
647 1927 677 1956 et
699 1926 784 1965 post:
816 1936 831 1952 α
848 1924 883 1955 Et
906 1933 963 1965 ego
986 1924 1055 1956 dico
1084 1924 1157 1962 tibi,
1182 1923 1257 1966 quia

298 1980 332 2009 tu
357 1986 390 2009 es
414 1977 541 2014 Petrus,
566 1979 597 2008 et
620 1984 715 2017 super
740 1976 820 2008 hanc
855 1979 976 2017 petram
1008 1975 1177 2008 aedificabo
1201 1976 1256 2008 Ec-

298 2030 423 2062 clesiam
454 2038 553 2061 meam
572 2042 602 2059 ».
628 2029 723 2061 lstum
756 2037 831 2070 ergo
866 2031 1015 2070 tanquam
1051 2029 1255 2071 principalem

297 2082 431 2124 lapidem
458 2085 488 2114 et
504 2081 766 2114 fundamentalem
784 2082 979 2123 praemunit,
997 2082 1187 2115 ostendendo
1203 2091 1256 2124 pe-

299 2135 436 2167 riculum
460 2143 583 2177 pugnae
607 2135 737 2167 hostilis.
763 2135 842 2177 Quia
872 2135 954 2168 enim
979 2135 1121 2168 diabolus
1144 2135 1256 2169 adver-

299 2191 388 2221 satur
412 2188 519 2227 nobis,
544 2188 612 2221 ideo
643 2188 758 2221 dicitur
788 2192 947 2228 satanas,
972 2189 1146 2222 secundum
1177 2189 1255 2222 illud

300 2241 467 2274 Zachariae
491 2241 627 2274 tertio⁸:
657 2254 672 2270 «
690 2242 781 2274 Satan
806 2242 907 2275 stabat
931 2251 949 2274 a
971 2242 1094 2275 dextris
1117 2242 1200 2282 eius,
1219 2245 1255 2275 ut

298 2294 520 2327 adversaretur
544 2294 618 2327 ei».
647 2295 703 2327 [ste
727 2298 831 2328 autem
856 2304 979 2338 semper
1003 2296 1159 2329 desiderat
1182 2305 1254 2338 per-

299 2348 385 2390 sequi
419 2348 502 2380 viros
537 2348 652 2387 iustos,
678 2348 731 2381 sed
766 2358 826 2380 non
863 2352 981 2390 potest,
1005 2349 1062 2382 nisi
1099 2353 1254 2391 quantum

298 2401 491 2443 permittitur
515 2410 533 2433 a
557 2401 697 2434 Domino.
725 2402 794 2434 Ideo
810 2402 925 2434 dicitur
949 2406 1112 2445 expetere,
1138 2403 1220 2435 sicut
1237 2412 1255 2435 a

297 2454 430 2486 Domino
443 2454 615 2496 permissus
627 2457 673 2487 est
687 2455 753 2494 lob;
771 2455 822 2487 Iob
839 2455 941 2497 primo
954 2455 983 2487 ⁹:
1006 2468 1021 2484 «
1035 2456 1174 2497 Quadam
1191 2456 1253 2495 die,

298 2517 369 2540 cum
394 2507 575 2540 assisterent
599 2508 652 2539 filii
678 2508 731 2540 Dei
756 2517 861 2540 coram
878 2508 1027 2547 Domino,
1052 2509 1151 2541 adfuit
1172 2509 1254 2541 inter

298 2570 350 2593 eos
374 2560 466 2593 etiam
491 2564 578 2593 satan
596 2573 625 2599 »;
650 2561 721 2593 data
745 2564 792 2593 est
814 2565 919 2594 autem
943 2562 970 2594 ei
995 2564 1141 2603 potestas.
1174 2561 1253 2594 Con-

299 2614 377 2645 cutit
401 2613 492 2645 etiam
515 2613 600 2646 viros
625 2613 795 2655 perfectos,
813 2614 894 2647 sicut
910 2614 1090 2647 concutitur
1113 2614 1253 2647 triticum

370 2790 378 2805 ¹
400 2793 474 2817 Vers.
495 2792 536 2817 21.
556 2806 590 2810 -
610 2792 726 2817 Subinde
745 2793 872 2824 allegatur
891 2793 959 2817 loan.
980 2793 1027 2824 12,
1047 2794 1093 2824 26;
1113 2793 1170 2819 Vat.
1191 2801 1251 2819 cum

298 2835 408 2866 Vulgata
429 2836 522 2861 omittit
541 2836 588 2869 qni
606 2837 644 2861 est
663 2835 690 2861 in
710 2836 807 2867 eueli3,·
827 2837 871 2861 cfr.
891 2837 1005 2861 nrm-iar.
1027 2837 1136 2862 Roman.
1153 2837 1252 2869 antiph.

299 2879 322 2904 si.
342 2880 374 2904 ad
395 2880 497 2905 Laudes
517 2888 564 2911 pro
582 2880 722 2905 Communi
742 2880 818 2905 unius
838 2881 964 2912 Martyris.

368 2922 377 2937 ²
399 2925 523 2956 Vulgata:
543 2924 587 2951 stit
606 2926 695 2950 autam
717 2924 862 2950 Dominus.-
883 2924 986 2957 Simon,
1006 2925 1099 2952 Simon
1119 2928 1182 2957 ete.;
1206 2927 1251 2951 cfr.

297 2976 374 3001 supra
397 2977 457 3001 pag.
477 2970 543 3000 550,
562 2972 622 2994 nota
644 2970 666 2993 1.
966 2968 976 2983 ²³
995 2969 1045 2995 Cfr.
1065 2977 1143 3002 supra
1165 2977 1189 2995 n.
1210 2969 1251 2995 34.

368 3013 377 3027 ⁴
400 3014 465 3038 Vide
484 3020 562 3045 supra
583 3020 645 3045 pag.
664 3013 713 3044 95,
733 3016 821 3039 notam
842 3014 865 3039 9.

367 3056 378 3071 ⁵
398 3058 472 3083 Yers.
491 3058 533 3083 34.
552 3064 607 3090 seq.

367 3099 377 3114 ὓ
399 3102 454 3126 Vat.
472 3100 747 3135 praenuntiationem.
766 3115 801 3120 —
819 3102 908 3127 Glossa
938 3101 1080 3128 ordinaria
1110 3101 1150 3134 (ex
1169 3101 1251 3134 Beda)

297 3145 320 3170 in
341 3146 402 3171 Luc.
425 3147 474 3176 22,
495 3147 522 3171 31
539 3155 544 3171 :
560 3147 594 3171 Ne
609 3146 753 3177 glorientur
772 3146 912 3172 duodecim
934 3146 1029 3180 [Bc-da:
1043 3147 1164 3172 undecim
1185 3147 1252 3178 Apo-

297 3189 379 3222 stoli]‚
399 3190 471 3221 quod
491 3191 536 3215 soli
556 3190 589 3215 de
609 3193 645 3215 tot
664 3190 779 3216 millibus
798 3197 858 3216 cnm
878 3191 990 3216 Domino
1020 3191 1044 3215 in
1065 3190 1249 3215 tentationibus

298 3234 470 3265 permansisse
490 3235 652 3265 dicerentur,
671 3235 795 3260 admonet
813 3242 873 3266 eos,
891 3235 985 3261 eadem
1005 3235 1116 3266 procella
1137 3235 1252 3266 potuisse

295 3279 408 3308 conteri,
427 3279 475 3303 nisi
495 3279 582 3304 divina
601 3279 683 3311 gratia
704 3280 812 3305 fuissent
831 3279 948 3311 protecti.

367 3320 376 3335 ⁷
399 3323 471 3348 vers.
496 3322 534 3347 17,
553 3326 578 3348 et
598 3323 638 3348 flii.

367 3366 387 3379 '³'
399 3368 470 3391 wis.
496 3367 515 3391 t.
535 3381 570 3386 —
590 3367 715 3399 Superius
735 3375 783 3400 pro
797 3367 899 3394 hostilis
913 3367 964 3393 CD
977 3366 1069 3393 hostis.

366 3409 377 3424 ⁹
398 3411 471 3436 Yers.
491 3412 515 3435 6.
534 3424 569 3430 -
589 3411 714 3443 Superius
733 3415 791 3443 post
812 3412 863 3438 Iste
881 3411 900 3437 C
912 3412 963 3436 Du
982 3411 1103 3437 omittunt
1122 3412 1222 3437 aretem.

368 3453 389 3468 ¹⁰
408 3455 509 3480 Seilicet
526 3454 669 3481 ordinaria
689 3455 728 3488 (ex
750 3455 829 3488 Beda)
850 3455 875 3480 in
895 3456 956 3481 Luc.
977 3456 1024 3485 22,
1051 3455 1093 3480 31.
1113 3456 1161 3481 Pro
1180 3455 1252 3481 (loce-

878 292 1071 325 COMMENT.
1095 293 1132 325 IN
1156 292 1394 326 EVANGELIUM
1418 292 1534 325 LUCAE
1558 292 1590 324 C.
1616 292 1702 324 XXII.

1317 381 1347 414 in
1373 381 1504 419 cribro,
1528 381 1620 423 quia,
1645 380 1728 413 sicut
1752 379 1907 418 triticum,
1931 379 2008 412 dum
2032 379 2203 418 cribratur,
2220 389 2276 412 ex-

1317 438 1490 476 purgatur,
1516 434 1560 467 sic
1583 437 1615 466 et
1639 433 1698 465 viri
1723 433 1821 466 sancti
1845 433 1877 465 in
1902 432 2168 465 tribulationibus.
2191 432 2277 466 Unde

1316 487 1424 520 Glossa
1437 488 1480 519 ¹⁰:
1510 500 1525 515 (ι
1543 487 1621 519 Cum
1639 490 1762 519 satanas
1778 486 1899 528 expetit
1915 489 2037 519 tentare
2053 489 2101 525 et,
2118 485 2205 518 velut
2221 486 2275 528 qui

1317 541 1457 573 triticum
1493 543 1608 582 purgat
1647 539 1844 578 ventilando,
1885 542 2071 578 concutere,
2106 538 2276 578 docemur,

1317 594 1437 626 nullius
1460 593 1553 626 fidem
1577 602 1596 626 a
1619 593 1760 632 (liabolo,
1784 592 1843 625 nisi
1869 591 2071 634 permittente
2095 592 2169 630 Deo,
2186 600 2277 633 posse

1318 647 1474 680 tentari».
1500 647 1585 680 Sicut
1608 650 1733 685 autem,
1758 655 1831 678 cum
1855 645 2015 678 cribratur
2032 644 2182 683 triticum,
2199 644 2278 677 nihil

1318 703 1459 733 remanet
1476 700 1506 732 in
1524 709 1561 733 eo
1577 699 1635 732 nisi
1653 699 1771 741 pulvis;
1797 699 1841 731 sic
1865 698 2009 731 diabolus
2033 707 2094 730 non
2119 698 2201 739 capit
2216 697 2277 731 nisi

1318 761 1501 795 perversos;
1528 752 1731 785 Ecclesiastici
1756 752 1906 794 vigesimo
1934 751 2066 793 septimo
2080 752 2128 783 11;
2159 751 2279 783 «Sicut

1318 806 1349 838 in
1374 815 1566 847 percussura
1589 806 1685 838 cribri
1710 805 1884 838 remanebit
1901 805 2003 847 pulvis
2014 831 2021 844 ,
2038 804 2082 837 sie
2097 804 2205 846 aporia
2222 804 2278 837 ho-

1319 859 1411 892 minis
1435 859 1466 892 in
1491 860 1629 901 cogitatu
1652 859 1737 892 illius
1754 873 1783 891 ».
1809 860 1841 891 ln
1874 859 1934 891 hoc
1958 858 2040 891 enim
2076 858 2182 891 cribro
2206 858 2277 890 mali

1319 921 1381 944 non
1405 916 1600 954 purgantur;
1626 912 1716 945 Amos
1740 912 1868 944 ultimo:
1899 925 1914 940 α
1931 910 2113 944 Concutiam
2147 910 2277 947 domum

1320 966 1429 1005 lsrael,
1454 966 1536 998 sicut
1563 966 1742 998 concutitur
1778 965 1918 997 triticum
1951 965 1981 997 in
2014 964 2137 1003 cribro,
2162 967 2193 997 et
2216 973 2278 997 non

1320 1018 1408 1051 cadet
1431 1027 1473 1051 ex
1497 1027 1534 1051 eo
1558 1018 1683 1060 lapillus
1707 1027 1803 1060 super
1827 1021 1944 1050 terram
1964 1031 1993 1049 υ.

1409 1071 1461 1104 43.
1487 1071 1588 1113 (Vers.
1614 1071 1690 1108 32).
1716 1070 1859 1103 Secundo
1883 1074 2037 1113 quantum
2062 1070 2100 1103 ad
2124 1070 2278 1103 ostensio-
2293 1076 2445 1125 ⁰{gfissfflssiss⁰“

1319 1133 1393 1156 nem
1417 1122 1617 1166 defensionis
1633 1124 1793 1166 adiungit:
1814 1125 1880 1167 Epo
1897 1128 2007 1156 autem
2024 1124 2146 1166 rogavi
2157 1133 2221 1166 pro
2239 1127 2278 1162 te,
2415 1119 2421 1125 “

1320 1181 1356 1209 ut
1379 1187 1445 1209 non
1468 1177 1600 1219 deficiat
1622 1177 1703 1219 (icles
1728 1182 1796 1210 tua.
1823 1177 1875 1210 Hic
1893 1177 2015 1219 rogavit
2032 1177 2199 1216 Dominus,
2216 1186 2279 1210 non

1319 1233 1356 1263 ut
1379 1231 1489 1264 Petrus
1513 1241 1579 1264 non
1603 1231 1751 1270 caderet,
1776 1231 1829 1264 sed
1854 1234 1890 1263 ut
1913 1230 2169 1273 nontleficerct,
2194 1231 2279 1273 quia,

1319 1284 1463 1326 quamvis
1487 1284 1652 1323 ceciderit,
1677 1285 1873 1324 resurrexit,
1899 1284 2073 1317 secundum
2097 1277 2173 1316 illud
2198 1283 2280 1316 infra

1319 1337 1427 1370 eodem
1443 1337 1487 1369 ¹2:
1501 1350 1517 1365 <r
1530 1337 1708 1370 Conversus
1720 1337 1882 1376 Dominus,
1897 1337 2038 1379 respexit
2053 1337 2177 1370 Petrum
2189 1351 2204 1366 ι)
2218 1340 2277 1370 etc.

1319 1391 1375 1424 Vel
1398 1394 1501 1433 potest
1524 1391 1602 1423 illud
1626 1390 1738 1423 referri
1762 1390 1801 1423 ad
1827 1390 2004 1423 Ecclesiam
2025 1390 2132 1429 Petri,
2149 1399 2208 1432 pro
2224 1399 2279 1423 cu·
2298 1395 2375 1418 Aliter-

1319 1444 1369 1477 ius
1393 1444 1454 1477 fide
1491 1444 1612 1486 rogavit
1643 1444 1812 1483 Dominus,
1837 1443 2011 1477 secundum
2046 1443 2124 1476 illud
2159 1444 2280 1477 Ioannis

1319 1497 1440 1530 decimo
1464 1497 1596 1539 septimo
1610 1498 1653 1529 ¹⁸:
1684 1510 1700 1526 c<
1717 1498 1783 1530 Non
1806 1506 1864 1539 pro
1888 1497 1933 1530 eis
1958 1506 2034 1539 rogo
2058 1500 2199 1537 tantum,
2225 1497 2279 1531 sed

1320 1555 1350 1584 et
1374 1560 1432 1593 pro
1456 1551 1501 1584 eis
1525 1551 1580 1593 qui
1604 1551 1755 1584 credituri
1780 1554 1853 1583 sunt
1871 1559 1926 1593 per
1951 1551 2085 1583 verbum
2111 1559 2222 1583 eorum
2246 1551 2277 1584 in

1319 1614 1370 1637 me
1387 1618 1416 1636 >›.
1444 1605 1478 1637 Et
1502 1605 1580 1637 haec
1613 1604 1765 1643 Ecclesia,
1789 1613 1870 1646 quae
1901 1604 2085 1646 designatur
2116 1613 2173 1646 per
2196 1605 2279 1637 Petri

1320 1658 1496 1691 naviculam
1508 1684 1515 1697 ,
1540 1658 1612 1690 licet
1628 1657 1845 1696 concutiatur,
1863 1660 1965 1690 tamen
1982 1667 2044 1690 non
2062 1657 2278 1700 naufragatur.

1320 1711 1381 1743 Hoc
1405 1710 1488 1743 enim
1512 1710 1617 1752 posuit
1640 1710 1724 1742 Deus
1747 1710 1779 1742 in
1804 1710 1856 1742 illa
1880 1710 2015 1743 Ecclesia
2043 1710 2082 1743 ad
2113 1710 2280 1743 confirma-

1321 1764 1437 1796 tionem
1473 1763 1616 1795 aliarum.
1643 1781 1684 1786 -—
1711 1763 1779 1795 Ideo
1810 1763 1912 1795 addit:
1950 1764 1991 1795 Et
2026 1767 2062 1795 tu
2096 1763 2279 1807 aliquando
2300 1768 2431 1794 Monilia-12

2294 1796 2371 1817 Petrus
2387 1801 2436 1816 con·

1321 1826 1517 1855 conversus,
1550 1815 1714 1858 confirma
1744 1814 1873 1858 fratres
1896 1820 1987 1854 tuos;
2011 1817 2103 1859 quia,
2128 1817 2209 1850 sicut
2232 1817 2278 1850 di·
2301 1822 2427 1870 firuffgssra·

1321 1869 1403 1902 citur
1426 1869 1465 1902 ad
1490 1870 1642 1902 Romanos
1673 1869 1794 1901 decimo
1818 1869 1928 1911 quinto
1943 1870 1987 1909 ¹4,
2017 1883 2031 1898 α
2048 1869 2200 1903 debemus
2222 1880 2280 1904 nos

1320 1923 1476 1956 firmiores
1500 1922 1728 1955 imbecillitates
1751 1922 1953 1956 infirmorum
1983 1923 2140 1957 sustinere
2156 1937 2172 1953 >2
2200 1927 2279 1964 etc.;

1320 1980 1351 2009 et
1374 1977 1434 2009 hoc
1457 1979 1504 2009 est
1527 1976 1726 2015 ordinatum,
1751 1976 1924 2009 secundum
1942 1976 2019 2009 illud
2037 1977 2278 2011 Proverbiorum

1320 2029 1440 2062 decimo
1475 2031 1602 2062 octavo:
1632 2030 1790 2069 «Frater,
1822 2030 1877 2072 qui
1912 2030 2081 2063 adiuvatur
2109 2040 2128 2063 a
2162 2031 2278 2071 fratre,

1320 2083 1409 2125 quasi
1434 2083 1543 2116 civitas
1574 2083 1709 2116 firma».
1736 2084 1781 2116 Ex
1813 2093 1877 2126 quo
1908 2087 2056 2126 apparet,
2081 2084 2166 2126 quod
2189 2084 2279 2117 Chri-

1320 2140 1387 2169 stus
1410 2136 1476 2178 ipse
1500 2137 1620 2169 orando
1644 2139 1675 2169 et
1698 2136 1926 2179 interpellando
1942 2137 2108 2170 confirmat
2122 2138 2280 2180 principa-

1319 2190 1360 2222 lia
1385 2190 1537 2223 Ecclesiae
1561 2190 1711 2222 membra.
1738 2190 1869 2232 Propter
1900 2190 1985 2232 quod
2016 2190 2136 2232 primae
2159 2190 2198 2223 ad
2221 2191 2278 2223 Co-

1319 2243 1453 2276 rinthios
1476 2244 1598 2277 decimo
1622 2244 1732 2286 quinto
1746 2242 1790 2276 ¹⁵:
1821 2257 1836 2272 «
1852 2244 1917 2276 Deo
1937 2246 2041 2277 autem
2064 2244 2198 2286 gratias,
2223 2244 2286 2287 qui'

1317 2296 1402 2329 dedit
1425 2296 1515 2329 nobis
1537 2297 1699 2329 victoriam
1725 2305 1782 2338 per
1807 2296 1908 2329 Iesum
1932 2296 2091 2329 Christum
2109 2297 2279 2330 Dominum

1318 2354 1506 2389 nostrum»;
1532 2353 1563 2383 et
1598 2349 1718 2391 primae
1750 2349 1831 2382 Petri
1866 2349 1995 2382 ultimo:
2026 2350 2141 2384 «Deus
2171 2354 2277 2384 autem

1317 2403 1419 2436 omnis
1443 2403 1579 2445 gratiae,
1604 2403 1658 2445 qui
1691 2402 1814 2435 vocavit
1848 2411 1904 2435 nos
1935 2402 1968 2435 in
1999 2406 2158 2436 aeternam
2187 2412 2276 2437 suam

1317 2455 1448 2497 gloriam
1473 2455 1504 2487 in
1528 2455 1652 2488 Christo
1677 2455 1763 2494 Iesu,
1789 2455 1946 2488 modicum
1970 2465 2078 2498 passos
2101 2456 2167 2498 ipse
2183 2448 2277 2498 perfi-

1318 2508 1392 2547 ciet,
1417 2508 1616 2541 contirmabit
1639 2508 1846 2551 solidabitque
1864 2523 1893 2541 ».
1920 2509 1978 2542 Sed
2002 2519 2058 2551 per
2093 2510 2277 2552 principalia

1318 2561 1483 2594 confirmat
1506 2561 1646 2601 infirma,
1671 2562 1844 2595 secundum
1870 2563 1947 2595 illud
1971 2562 2009 2595 ad
2034 2564 2188 2596 Romanos
2211 2563 2276 2606 pri-

1318 2623 1369 2647 mo
1383 2614 1426 2647 ¹⁶:
1457 2628 1472 2643 «
1489 2615 1639 2648 Desidere
1664 2615 1770 2648 videre
1802 2624 1874 2655 vos,
1898 2619 1935 2648 ut
1959 2616 2077 2658 aliquid
2111 2616 2276 2658 impartiar

1317 2801 1393 2825 mur,
1407 2793 1511 2820 nullius
1525 2793 1604 2828 fidem
1619 2794 1662 2826 (ita
1678 2794 1756 2820 etiam
1776 2795 1857 2827 Beda)
1873 2795 1961 2820 Glossa
1976 2798 2001 2820 et
2014 2795 2035 2820 H
2050 2794 2168 2827 docetur,
2182 2794 2277 2822 nullas

1317 2836 1351 2871 [ll
1372 2837 1445 2863 addit
1462 2837 1571 2871 fidelis}

1389 2880 1409 2894 ¹¹
1430 2881 1505 2906 Vers.
1525 2881 1548 2906 5.
1569 2895 1604 2900 —
1622 2881 1745 2914 Sequitur
1764 2882 1844 2907 Amos
1862 2882 1893 2913 9,
1913 2883 1938 2907 t).

1389 2924 1411 2939 ¹²
1431 2925 1505 2950 Vers.
1525 2925 1568 2950 61.
1587 2939 1623 2944 -
1642 2926 1712 2951 ldem
1733 2925 1847 2951 insinuat
1866 2926 1953 2951 Glossa
1973 2926 2114 2953 ordinaria
2134 2926 2174 2960 (ex
2193 2927 2274 2961 Beda)

1317 2969 1343 2994 in
1363 2969 1425 2994 Luc.
1445 2970 1492 2999 22,
1514 2970 1555 2994 32.

1388 3011 1410 3027 ¹¹³
1429 3013 1504 3038 Vers.
1523 3014 1566 3038 20.
1585 3013 1636 3039 Ctr.
1656 3015 1716 3046 Leo,
1735 3015 1819 3040 Serm.
1838 3015 1863 3040 3.
1877 3015 1909 3040 de
1923 3015 2088 3041 Assumtione
2106 3023 2153 3041 sua
2167 3016 2198 3041 ad
2214 3023 2275 3047 pon-

1315 3057 1454 3090 tisscatum,
1474 3065 1497 3083 c.
1517 3059 1541 3090 3,
1560 3061 1585 3083 et
1604 3058 1737 3089 lternard„
1757 3059 1848 3084 Contra
1869 3060 2000 3092 quaedam
2020 3060 2131 3091 capitula
2153 3067 2271 3085 errorum

1316 3101 1451 3127 Abaelardi
1473 3102 1545 3133 (alias
1564 3102 1642 3134 Epist.
1669 3103 1737 3135 190.)
1758 3104 1783 3128 in
1803 3103 1972 3129 Praefatione.
1985 3117 2020 3122 ——
2034 3104 2143 3129 Inferius
2162 3104 2273 3130 vocibus

1316 3145 1344 3171 in
1364 3145 1482 3172 Ecclesia
1501 3153 1531 3172 ex
1550 3147 1570 3172 Α
1582 3146 1600 3171 C
1612 3147 1661 3172 DG
1674 3148 1693 3171 ll
1714 3147 1912 3173 interseruimus
1931 3147 1988 3173 illa.

1388 3189 1409 3203 ¹⁴
1430 3190 1504 3215 Vers.
1525 3191 1549 3216 1.
1568 3194 1593 3216 ct
1612 3191 1706 3216 deiude
1726 3192 1802 3217 Prov.
1824 3193 1865 3222 118,
1888 3193 1928 3216 l9.

1388 3234 1410 3249 ¹⁶
1430 3235 1505 3260 Vei-s.
1525 3234 1572 3265 57,
1593 3239 1651 3267 post
1671 3243 1750 3268 quem
1771 3237 1786 3261 l.
1806 3237 1873 3261 Pctr.
1893 3236 1924 3268 5,
1940 3237 1986 3267 40,
2005 3236 2051 3261 ubi
2071 3236 2183 3262 ACDG
2206 3237 2273 3263 Deus

1315 3281 1406 3305 autem
1425 3281 1450 3305 rt
1469 3279 1598 3305 Dominus
1617 3279 1729 3312 ateriae,
1744 3280 1791 3313 qni
1803 3280 1907 3306 vacavit
1920 3287 1969 3306 nos
1984 3280 2012 3306 in
2026 3280 2131 3307 Christo
2145 3282 2205 3307 lesu
2224 3284 2273 3307 etc.

1388 3321 1410 3336 ¹⁰
1430 3323 1504 3347 Vers.
1526 3323 1567 3347 ·11.
1586 3330 1642 3355 seq.
1661 3337 1693 3342 —
1715 3323 1831 3349 Subinde
1851 3325 1977 3355 allegatur
1991 3324 2035 3349 lob
2056 3325 2085 3357 4,
2101 3325 2170 3350 4.-
2184 3326 2272 3351 Glossa

1316 3366 1496 3393 interlinearis
1517 3367 1557 3397 (ex
1577 3368 1671 3400 Beda):
1693 3368 1726 3393 lit
1745 3370 1774 3394 tu
1793 3367 1941 3401 aliquando
1961 3375 2108 3395 conversus
2127 3372 2185 3399 etc„
2205 3369 2272 3394 sieut

1316 3418 1366 3443 ego
1386 3411 1485 3436 orando
1505 3414 1529 3436 te
1548 3411 1661 3443 protexi,
1682 3419 1713 3436 ne
1733 3412 1873 3442 deficeres,
1893 3412 1930 3436 sic
1950 3415 1976 3437 tu
2006 3412 2162 3438 infirmiores
2181 3414 2272 3438 fratres

1316 3455 1435 3486 exemplo
1456 3458 1514 3480 tuae
1534 3455 1707 3487 poenitentiae
1727 3457 1855 3488 conforta,
1876 3463 1909 3481 no
1927 3456 1961 3481 de
1982 3457 2056 3482 venia
2077 3458 2224 3489 desperent.
