2476 3921
12 1482 13 1493 1
26 1475 142 1498 consolatio

9 1509 29 1534 iix
45 1508 142 1530 praesen-

9 1535 43 1578 s
58 1529 142 1578 aaa:

3 1566 69 1631 infutis
76 1583 142 1610 Spon-

3 1626 5 1641 ,
25 1625 30 1631 .

6 2313 79 2340 certio,
88 2316 152 2336 utex-

0 2340 92 2367 *podiens
106 2341 144 2363 im-

22 2367 144 2394 perfectioni

30 2393 140 2417 humanae.

769 204 962 238 COMMENT.
988 205 1024 238 ΙΝ
1049 205 1287 239 EVANGELIUM
1313 207 1429 240 LUCAE
1453 207 1485 239 C.
1512 207 1545 239 V.

169 294 329 339 Nunquid
340 298 480 337 possunt
494 293 559 336 filii
572 294 688 336 sponsi
703 294 856 327 ieiunare
871 298 930 327 etc.
949 294 1127 327 Secundum

167 349 278 382 Bedam
294 350 304 368 ¹
325 356 401 381 vero
418 347 496 381 haec
511 351 559 380 est
576 347 698 380 littera:
716 347 880 391 Nunquid
890 348 1027 390 potestis
1041 347 1129 389 tilios

164 401 280 445 sponsi
293 400 405 444 facere
421 400 596 433 ieiunare?
614 400 763 443 Sponsus
776 401 833 434 iste
846 401 992 434 Christus
1007 404 1054 434 est
1064 427 1072 439 ‚
1089 400 1128 434 de

165 464 229 498 quo
243 454 364 488 loannis
376 454 487 487 tertio:
506 466 522 483 «ι
534 454 593 496 Qui
611 454 705 487 habet
722 463 868 496 sponsam
885 463 1020 496 sponsus
1035 458 1083 487 est
1096 466 1126 493 »;

165 512 196 541 et
211 508 242 540 in
260 507 397 541 Psalmo:
417 519 432 536 α
446 507 481 539 Et
497 506 563 549 ipse
580 509 730 549 tanquam
748 515 883 549 sponsus
900 506 1074 548 procedens
1088 507 1127 540 de

165 561 303 594 thalamo
325 569 384 593 suo
401 573 430 592 n.
450 559 531 592 Filii
544 561 660 602 sponsi
674 563 749 592 sunt
765 559 915 601 Apostoli;
933 559 1016 593 unde
1032 559 1127 593 Isaiae

164 617 291 647 octavo:
321 627 337 643 «
354 614 448 653 Ecce,
473 622 531 656 ego
554 616 585 646 et
610 613 700 656 pueri
732 613 812 652 mei,
836 622 917 655 quos
939 613 1024 646 dedit
1048 614 1126 646 mihi

165 668 316 701 Dominus
328 679 366 706 »ς
383 670 413 700 et
430 666 460 699 in
479 666 616 699 Psalmo:
638 679 653 695 «
668 667 726 699 Pro
743 666 887 708 patribus
900 667 963 699 tuis
977 667 1038 699 nati
1052 670 1128 700 sunt

164 722 219 755 tibi
243 721 317 760 tilii;
341 720 513 754 constitues
536 729 590 753 eos
613 720 771 762 principes
787 733 804 750 ι»
824 724 883 753 etc.
902 721 952 754 lsti
976 730 1039 753 non
1056 730 1128 763 pos-

163 778 238 808 sunt
261 783 318 807 nec
341 773 454 807 debent
478 773 620 806 ieiunare
652 773 769 806 ieiunio
799 773 954 806 moeroris
985 777 1017 806 et
1047 773 1126 806 affli-

163 827 292 866 ctionis,
316 826 468 869 quamdiu
493 835 565 859 cum
601 826 662 859 illis
693 830 740 859 est
764 835 915 868 sponsus,
939 826 1014 869 quia
1050 830 1126 859 tunc

163 884 210 914 est
233 884 357 923 tempus
380 880 503 923 gaudii;
527 884 657 922 propter
680 879 765 922 quod
788 879 988 912 Canticorum
1007 880 1125 913 tertio²

162 934 292 968 dicitur:
314 947 329 963 α
346 934 438 967 Filiae
454 933 635 972 Ierusalem,
652 932 835 976 egredimini
852 936 884 966 et
900 933 1002 966 videte
1019 942 1124 975 regem

163 988 358 1021 Salomonem
373 987 404 1020 in
416 986 590 1021 diademate
599 998 629 1026 n;
646 990 677 1019 et
690 986 785 1020 Isaiae
797 986 994 1029 sexagesimo
1006 987 1126 1029 primo:

169 1054 185 1071 «
199 1041 344 1074 Gaudens
366 1040 510 1083 gaudebo
533 1040 564 1073 in
588 1040 738 1079 Domino,
762 1043 794 1073 et
824 1039 998 1073 exsultabit
1022 1040 1126 1073 anima

161 1104 232 1128 mea
247 1095 278 1127 in
295 1095 359 1128 Deo
375 1103 460 1133 meo,
476 1094 552 1136 quia
567 1093 669 1126 induit
694 1102 744 1126 me
768 1093 921 1126 Dominus
937 1094 1125 1126 vestimento

121 1155 123 1158 '
162 1149 272 1182 salutis
295 1151 327 1182 et
350 1148 534 1181 indumento
558 1147 694 1181 iustitiae
718 1147 926 1180 circumdedit
950 1156 1011 1187 me,
1034 1147 1124 1190 quasi

163 1211 313 1245 sponsum
336 1201 520 1235 decoratum
546 1209 661 1234 corona
685 1205 716 1234 et
740 1201 830 1243 quasi
862 1209 1009 1243 sponsam
1032 1210 1124 1233 orna-

163 1260 225 1290 tam
250 1256 420 1289 monilibus
436 1269 465 1288 ».
483 1255 569 1289 Unde
585 1258 661 1288 tunc
677 1258 746 1288 erat
762 1258 886 1297 tempus
907 1254 1044 1297 paudii,
1062 1263 1124 1287 non

170 1309 340 1348 moeroris,
357 1309 432 1352 quia
442 1334 450 1348 ,
467 1308 549 1342 sicut
560 1308 678 1341 dicitur
692 1308 813 1341 loannis
825 1308 918 1341 tertio
930 1308 961 1347 ⁸,
975 1320 991 1336 «ι
1004 1307 1125 1340 amicus

162 1362 267 1405 sponsi
291 1364 353 1395 stat
375 1365 406 1395 et
429 1361 543 1404 gaudio
565 1361 681 1403 gaudet
698 1365 828 1403 propter
844 1369 951 1394 vocem
970 1361 1074 1403 sponsi
1093 1373 1123 1392 ι».

250 1417 303 1450 82.
329 1416 430 1457 (Vers.
463 1415 540 1456 351).
566 1414 602 1447 Et
626 1414 695 1448 ideo
718 1415 947 1457 discipulorum
976 1414 1124 1447 consola-

162 1468 205 1502 tio
229 1469 418 1502 conveniens
440 1472 488 1502 est
512 1468 708 1511 praesentiae
729 1468 835 1510 sponsi
851 1468 979 1507 Christi,
996 1468 1080 1501 sicut
1093 1471 1125 1501 et

160 1522 316 1555 desolatio
339 1522 507 1556 absentiae.
526 1522 657 1564 Propter
680 1522 765 1564 quod
789 1522 891 1555 addit:
916 1522 1047 1554 Venient
1062 1531 1125 1554 au-

161 1580 222 1610 tem
246 1577 333 1616 dies,
358 1586 435 1609 cum
458 1576 593 1609 ablatus
616 1575 720 1619 fuerit
744 1575 786 1609 ab
809 1576 856 1609 eis
869 1577 894 1615 ⁴,
920 1576 1038 1609 scilicet
1068 1585 1124 1618 per

161 1633 295 1664 mortem
326 1633 358 1664 et
389 1630 583 1676 passionem;
615 1630 694 1663 Osee
729 1630 857 1672 quinto:
898 1643 913 1659 α
932 1630 1051 1663 Vadent
1086 1629 1125 1663 ad

161 1683 378 1727 quaerendum
403 1684 571 1717 Dominum
595 1688 627 1716 et
650 1693 712 1716 non
736 1684 913 1722 invenient3
934 1684 1058 1716 ablatus
1076 1686 1124 1716 est

161 1737 245 1770 enim
269 1737 309 1770 ab
332 1737 377 1770 eis
393 1750 424 1776 n,
448 1740 480 1770 et
503 1740 582 1769 tunc
605 1736 801 1769 iciunabunt
833 1736 868 1768 in
900 1736 967 1768 illis
997 1736 1124 1775 diebus,

163 1790 280 1824 scilicet
302 1790 342 1823 ad
366 1794 491 1832 tempus
514 1789 609 1829 illud;
627 1789 702 1832 quia
718 1789 840 1822 loannis
855 1789 976 1822 decimo
993 1793 1084 1822 sexto
1096 1790 1123 1822 ⁵:

167 1857 183 1873 cr
200 1844 364 1877 plorabitis
388 1847 419 1876 et
443 1843 557 1876 flebitis
581 1851 654 1881 vos,
679 1842 818 1875 mundus
841 1846 948 1874 autem
965 1842 1124 1884 gaudebit,

162 1907 218 1931 vos
242 1906 317 1930 vero
340 1896 618 1934 contristabimini,
643 1895 697 1929 sed
714 1895 841 1929 tristitia
865 1898 970 1929 vestra
994 1905 1125 1928 conver-

163 1953 248 1983 tetur
272 1949 303 1982 in
320 1949 469 1992 gaudium
488 1961 518 1988 »;
543 1952 574 1982 et
598 1953 674 1982 tunc
698 1949 758 1982 erit
783 1952 908 1991 tempus
924 1949 1078 1982 moeroris
1094 1953 1126 1982 et

163 2002 289 2041 ieiunii,
306 2002 389 2035 unde
405 2001 520 2035 Tobiae
536 2002 691 2035 secundo:
714 2016 729 2032 <x
746 2002 886 2036 Comedit
902 2011 1014 2045 panem
1030 2012 1125 2036 suum

162 2056 195 2089 in
219 2056 307 2092 luctu
330 2059 361 2089 et
385 2060 539 2095 tremore,
565 2065 744 2090 memorans
773 2056 851 2090 illud
886 2056 1124 2099 propheticum:

163 2109 235 2143 Dies
257 2109 327 2143 festi
352 2109 448 2143 vestri
473 2113 699 2143 convertentur
723 2110 754 2143 in
786 2110 907 2143 luctum
925 2122 956 2149 »;
982 2110 1124 2143 Threno-

164 2173 236 2197 rum
260 2164 384 2206 primo:
414 2177 429 2192 α
447 2163 564 2197 Idcirco
587 2172 645 2206 ego
677 2164 819 2207 plorans,
843 2167 874 2197 et
897 2164 1010 2197 oculus
1034 2173 1126 2197 meus

164 2217 322 2251 deducens
345 2227 462 2260 aquas,
486 2217 561 2260 quia
584 2217 675 2260 longe
699 2217 800 2251 sactus
832 2220 879 2251 est
902 2227 920 2250 a
944 2226 993 2250 me
1017 2226 1126 2251 conso-

164 2271 244 2304 lator
268 2280 374 2310 meuS‚
398 2275 585 2305 convertens
609 2271 745 2304 animam
769 2280 870 2305 meam
888 2285 917 2304 n.

212 2334 215 2338 ·
252 2325 304 2358 83.
330 2325 431 2367 (Vers.
458 2324 534 2366 36.).
564 2325 669 2358 Tertio
703 2328 810 2358 autem
842 2325 1055 2358 introducitur
1091 2328 1127 2358 ut

163 2379 335 2422 expediens
358 2378 504 2411 ruditati
537 2377 797 2421 imperfectionis
832 2377 1017 2417 humanae,
1053 2387 1127 2412 cum

236 2589 244 2604 ¹
265 2589 335 2616 Libr.
355 2590 381 2615 ll.
402 2590 428 2616 iu
448 2591 509 2616 Luc.
529 2590 558 2622 5,
579 2591 620 2616 34.
641 2592 674 2617 lta
701 2591 778 2617 etiam
800 2592 927 2624 Vulgata,
952 2599 1020 2626 quae
1040 2596 1127 2618 tamen

165 2643 225 2661 cum
246 2635 316 2661 Beda
336 2639 395 2668 post
413 2635 506 2669 sponsi
524 2635 597 2662 addit
615 2635 682 2662 dum
700 2643 764 2663 cum
782 2636 836 2663 illis
855 2638 894 2664 est
911 2644 1038 2671 sponsus.
1057 2638 1128 2669 Prio-

165 2687 220 2706 rem
240 2680 391 2712 lectionem,
411 2680 445 2706 de
463 2687 514 2714 qua
535 2682 584 2707 cfr.
603 2681 689 2707 Matth.
709 2681 738 2714 9,
760 2681 800 2707 15.
825 2685 850 2707 et
874 2682 950 2708 Marc.
976 2683 1004 2715 2,
1026 2682 1072 2715 19,
1099 2682 1128 2707 Β.

166 2724 262 2751 Albert.
282 2725 319 2751 sic
339 2726 426 2751 alleri:
446 2724 578 2759 Nunquid
592 2727 710 2760 possunt
720 2725 772 2761 filii
788 2726 883 2760 sponsi
894 2725 987 2760 tuqere
1005 2725 1047 2753 vel
1066 2725 1128 2753 ieiu-

164 2776 247 2802 nare,
266 2768 332 2796 dum
351 2776 413 2797 cum
440 2769 493 2797 illis
512 2771 551 2797 est
569 2772 705 2804 sponsus?
718 2785 754 2789 —
767 2772 920 2804 Sequuntur
939 2772 1008 2797 loan.
1028 2772 1058 2803 3,
1078 2772 1126 2803 293

165 2814 205 2840 l‘s.
226 2814 272 2846 48,
293 2815 323 2846 63
342 2814 399 2840 lsai.
419 2815 447 2847 8,
469 2815 509 2840 18.
529 2818 555 2841 et
574 2815 615 2841 Ps.
634 2815 681 2846 44,
703 2815 743 2841 17.
762 2815 885 2847 Hieron„
906 2816 921 2841 Ι.
941 2815 1088 2842 Comment.
1101 2816 1126 2841 in

165 2859 252 2884 Matth.
271 2859 300 2890 9,
322 2858 367 2884 45:
388 2859 507 2891 Sponsus
530 2859 660 2890 Christus,
686 2866 783 2891 sponsa
808 2859 919 2886 Ecclesia
944 2863 990 2886 est.
1017 2860 1053 2886 De
1078 2861 1127 2886 hoe

165 2907 255 2929 sancto
274 2902 456 2936 spiritualique
481 2903 615 2930 connubio
639 2904 757 2936 Apostoli
779 2908 841 2930 suut
864 2905 1005 2936 procreati,
1025 2905 1070 2938 qui
1089 2905 1128 2931 lu-

166 2954 228 2979 gere
241 2954 296 2973 non
315 2950 433 2979 possunt,
445 2948 573 2981 quamdiu
587 2955 712 2981 sponsam
725 2949 752 2974 in
765 2949 880 2975 thalamo
893 2949 984 2975 vident
996 2953 1021 2976 et
1034 2949 1127 2981 sciunt,

165 2998 293 3023 sponsum
313 2998 369 3017 esse
388 2999 449 3018 cum
470 2999 576 3024 sponsa.
595 2992 706 3025 Quando
725 3000 789 3019 vero
809 2993 956 3019 transierint
968 2993 1088 3026 nuptiae,
1102 2997 1127 3020 et

166 3035 297 3068 passionis
316 3042 346 3061 ac
366 3036 564 3063 resurrectionis
583 3040 688 3069 tempus
712 3037 860 3070 advenerit,
886 3041 948 3064 tunc
972 3038 1063 3070 sponsi
1083 3038 1128 3064 filii

166 3078 321 3106 ieiunabunt
338 3083 388 3106 etc.

237 3123 247 3139 ²
269 3125 344 3151 Vers.
364 3125 411 3157 11,
430 3128 491 3158 post
508 3133 589 3159 quem
609 3126 664 3153 lsai.
685 3127 733 3158 61,
754 3127 794 3152 10.
813 3140 850 3146 -
869 3127 998 3160 Superius
1015 3127 1128 3154 vocibus

166 3168 258 3196 debent
276 3167 399 3197 icitir'tare
418 3170 439 3196 Η
459 3170 588 3197 interserit
606 3170 638 3198 de
656 3177 791 3205 conyruo,
823 3172 880 3198 Vat.
908 3179 1003 3205 nunc;
1031 3173 1127 3199 deinde

167 3213 350 3240 substituimus
362 3221 412 3246 pro
425 3213 556 3241 ieiunium
569 3214 702 3242 moeroris
715 3222 746 3241 ex
764 3214 782 3241 C
795 3215 815 3241 D
826 3215 846 3241 Η
867 3215 965 3243 ieiunio
985 3216 1126 3243 moeroris.

237 3256 248 3272 ¹³
270 3259 342 3285 Vers.
363 3260 406 3285 29.

238 3302 249 3317 ⁴
269 3304 379 3336 Vulgata
398 3303 433 3331 ab
446 3303 499 3331 illis
512 3311 636 3339 sponsus.
650 3318 686 3324 —
698 3304 817 3331 Subinde
832 3306 959 3338 allegatur
971 3305 1038 3332 Osee
1057 3305 1088 3339 5,
1103 3306 1128 3332 6.

238 3346 249 3362 ⁵
270 3349 343 3375 Vers.
363 3350 406 3375 20.
419 3363 455 3369 —
468 3349 525 3376 Duo
544 3357 619 3383 seqq.
632 3350 679 3376 loci
699 3353 759 3376 sunt
779 3349 847 3376 Tob.
861 3351 890 3382 2,
910 3350 934 3376 5.
954 3357 1010 3384 seq.
1025 3351 1062 3384 (in
1074 3357 1128 3384 quo

167 3392 293 3424 allegatur
312 3394 393 3419 Amos
413 3394 441 3426 8,
465 3394 513 3426 10.)
541 3398 564 3420 ei
585 3394 682 3420 Thren.
709 3395 731 3426 1,
756 3395 794 3420 16.
814 3409 849 3412 -
868 3394 995 3426 Superius
1020 3401 1068 3426 pro
1093 3393 1130 3420 ad

2091 210 2153 243 133

1191 295 1325 328 dicitur:
1360 294 1493 327 Dicebat
1524 301 1636 328 autem
1668 297 1733 329 illis
1768 298 2063 337 similitudinern⁶;
2100 299 2152 331 ubi

1190 347 1343 387 ostendit,
1367 347 1538 390 discipulos
1562 349 1600 381 ad
1626 349 1779 382 ieiunium
1810 360 1871 383 non
1896 360 1964 384 esse
1988 351 2154 384 arctandos
2173 359 2297 390 ‘rancuniur

1191 405 1259 434 tum
1276 404 1406 443 propter
1429 405 1622 434 vetustatem
1638 404 1917 442 conversationis,
1940 409 2006 437 tum
2025 409 2154 447 propter
2174 389 2220 433 2³2⁸.
2233 389 2298 407 '²²¹⁰'

1190 453 1410 497 frayilitatem
1435 455 1567 493 carnis,
1592 459 1660 487 tuin
1685 456 1778 488 etiam
1806 461 1934 498 propter
1951 458 2154 490 dissuetudi-

1190 517 1265 540 nem
1288 506 1490 551 affectionis,
1508 518 1589 550 quae
1614 509 1674 541 tria
1702 509 1853 551 exprimit
1877 510 1938 542 sub
1955 510 2069 552 triplici
2087 519 2152 543 me-

1191 561 1343 603 taphora,
1368 561 1487 594 scilicet
1512 562 1626 595 veteris
1650 562 1766 600 vestis,
1793 563 1908 595 veteris
1936 563 2023 595 utris
2047 568 2077 596 et
2103 573 2154 596 ve-

1191 614 1268 647 teris
1291 614 1371 646 vini.

1280 668 1383 701 Rudes
1408 668 1504 711 igitur
1519 668 1690 710 discipulos
1706 669 1878 711 expediens
1893 673 1961 702 erat
1977 670 2154 708 confovere,
2171 677 2232 699 flauo
2243 678 2318 705 prima-

1190 731 1253 755 non
1277 722 1403 755 ieiuniis
1425 731 1617 765 aggravare,
1642 726 1771 764 propter
1807 727 1997 755 vetustatem
2022 733 2154 755 conver-

1189 774 1350 813 sationis,
1376 778 1506 817 propter
1530 784 1626 816 quam
1650 775 1742 808 dicit:
1770 775 1857 816 Quia
1882 785 1975 808 nemo
1999 776 2151 809 commis-

1190 837 1330 866 suram,
1355 827 1386 860 id
1410 831 1457 861 est
1481 828 1688 870 particulam,
1713 838 1795 870 quae
1818 829 1997 871 coniungit,
2015 839 2038 861 a
2058 830 2153 862 vesti—

1189 885 1296 913 mento
1319 890 1422 920 novo,
1447 881 1565 914 scilicet
1588 881 1743 920 ablatam,
1769 882 1915 914 immittit
1932 883 1968 914 in
1984 883 2153 915 vestimen-

1190 938 1262 966 tum
1286 937 1392 973 vetus,
1417 934 1493 977 quia
1527 934 1646 976 duplex
1683 935 1828 977 sequitur
1860 936 2098 975 inconveniens;
2123 940 2154 968 et

1189 987 1259 1020 ideo
1281 987 1384 1020 addit:
1417 988 1576 1031 Alioquin
1604 993 1632 1020 et
1664 998 1787 1021 novum
1820 990 1965 1031 rumpit,
1991 989 2074 1032 quod
2107 993 2154 1022 est

1189 1041 1409 1080 damnosum,
1434 1046 1462 1074 et
1486 1042 1587 1074 veteri
1609 1052 1675 1075 ‹non
1707 1042 1855 1075 convenit
1890 1043 2114 1075 commissura
2129 1042 2153 1081 ⁷,

1189 1095 1273 1137 quod
1297 1098 1345 1128 est
1369 1095 1573 1128 indecorum.
1594 1115 1633 1118 —
1659 1096 1708 1128 Sic
1731 1096 1955 1138 spiritualiter
1980 1096 2154 1138 intelligen-
2174 1105 2295 1152 intellecti„

1187 1148 1283 1188 dum,
1307 1148 1391 1191 quod
1417 1158 1490 1182 n0n1
1504 1153 1578 1182 sunt
1595 1149 1800 1191 imponendae
1817 1159 1915 1183 novae
1936 1150 2154 1183 observantiae
2174 1138 2198 1159 ψ
2209 1132 2300 1153 ‘'mh''

1188 1202 1409 1235 convenientes
1425 1211 1524 1235 novae
1540 1202 1787 1242 conversationi,
1812 1203 1962 1245 quamdiu
1981 1204 2075 1236 homo
2092 1213 2152 1236 non

1188 1259 1236 1289 est
1259 1255 1358 1298 priori
1382 1260 1519 1295 exutus,
1544 1256 1662 1289 scilicet
1687 1257 1717 1288 in
1750 1257 1905 1299 principio
1929 1257 2151 1290 conversionis.

1190 1309 1225 1341 Et
1248 1309 1318 1342 ideo
1340 1309 1463 1342 dicebat
1487 1309 1651 1351 Apostolus
1667 1309 1706 1342 ad
1723 1305 1872 1351 Ephesios
1888 1314 2003 1352 quarto
2015 1310 2042 1342 ⁶:
2066 1324 2080 1338 α
2095 1311 2153 1343 De-

1188 1366 1339 1405 ponentes
1355 1363 1529 1395 secundum
1548 1363 1711 1405 pristinam
1728 1363 1996 1396 conversationem
2016 1368 2153 1396 veterem

1189 1416 1368 1455 hominem,
1392 1416 1588 1449 renovamini
1620 1416 1735 1458 spiritu
1767 1417 1881 1449 mentis
1906 1421 2028 1450 vestrae
2052 1421 2083 1449 et
2107 1417 2153 1449 in-

1187 1470 1276 1503 duite
1299 1479 1416 1502 novum
1443 1470 1621 1509 hominem,
1638 1470 1692 1512 qui
1718 1469 1893 1502 secundum
1910 1470 2010 1503 Deum
2028 1475 2154 1503 creatus

1188 1528 1283 1563 est»;
1307 1527 1338 1556 et
1367 1523 1403 1556 ad
1436 1523 1635 1556 colossenses
1671 1523 1781 1556 tertio:
1818 1537 1833 1552 <t
1852 1524 2069 1566 Exspoliantes
2099 1533 2154 1556 vos

1189 1568 1327 1611 veterem
1352 1577 1511 1610 hominem
1529 1586 1601 1610 cum
1618 1577 1742 1610 actibus
1758 1577 1838 1616 suis,
1856 1577 1976 1610 induite
1993 1587 2110 1610 novum
2123 1590 2153 1617 »ς

1188 1632 1328 1674 alioquin
1345 1632 1406 1665 erit
1424 1634 1674 1664 monstruosum.
1694 1649 1736 1655 —
1753 1631 1790 1664 Et
1805 1631 1874 1664 ideo
1891 1631 1921 1664 in
1939 1631 2042 1674 figura
2059 1632 2155 1664 huius
2174 1638 2259 1666 Figura-

1188 1686 1348 1728 prohibita
1371 1689 1419 1718 est
1442 1685 1473 1717 in
1499 1686 1577 1727 Lege
1600 1684 1784 1718 commixtio
1800 1685 2014 1724 diversorum;
2040 1685 2155 1718 Deute-

1189 1739 1323 1771 ronomii
1354 1738 1505 1780 vigesimo
1540 1738 1723 1772 secund0⁹:
1754 1738 1851 1771 «Non
1885 1738 2027 1772 indueris
2063 1739 2156 1772 vesti-

1190 1795 1313 1830 mento,
1338 1791 1421 1834 quod
1447 1801 1486 1824 ex
1514 1792 1585 1824 lana
1608 1792 1735 1834 linoque
1760 1795 1945 1824 contextum
1963 1796 2057 1831 est»,
2082 1793 2156 1834 quia

1189 1844 1263 1877 hinc
1298 1844 1514 1877 contemnitur
1547 1844 1722 1883 Dominus;
1759 1845 1908 1878 Ieremiae
1945 1845 2154 1879 duodecimo:

1194 1910 1209 1926 α
1228 1897 1375 1940 Nunquid
1400 1898 1467 1931 avis
1491 1898 1627 1931 discolor
1652 1898 1810 1931 hereditas
1834 1908 1904 1931 mea
1928 1899 2004 1931 mihi
2024 1902 2065 1931 »5³

1279 1951 1332 1983 84.
1347 1950 1449 1992 (Vers.
1464 1951 1516 1984 37.
1531 1951 1608 1990 38.).
1624 1951 1685 1984 Hoc
1697 1951 1801 1993 ipsum
1816 1955 1884 1984 erat
1897 1952 2069 1994 expediens
2082 1962 2154 1994 pro·
2174 1960 2280 1981 secunda·

1189 2007 1259 2047 pter
1271 2003 1492 2047 frayilitatein
1505 2005 1633 2044 carnis,
1650 2008 1780 2047 propter
1794 2014 1889 2047 quam
1903 2005 1992 2038 dicit:
2008 2006 2047 2037 Et
2059 2015 2152 2038 nemo

1189 2058 1289 2091 mittit
1310 2058 1427 2090 vinum
1451 2067 1575 2090 novum
1599 2058 1635 2090 in
1659 2062 1749 2090 utres
1773 2062 1911 2096 veteres,·
1935 2059 2010 2101 quia
2034 2068 2075 2091 ex
2094 2059 2153 2092 hoc

1189 2111 1335 2154 sequitur
1358 2110 1479 2153 duplex
1503 2111 1771 2150 inconvenientia,
1796 2111 1914 2144 scilicet
1938 2112 2049 2145 effusio
2074 2112 2152 2150 vini,

1190 2167 1320 2206 propter
1344 2173 1439 2206 quam
1463 2163 1554 2197 dicit:
1573 2163 1731 2208 Alioquin
1747 2169 1878 2207 rumpet
1896 2165 2012 2197 vinum
2028 2175 2150 2197 novum

1190 2222 1301 2257 utres,
1318 2221 1348 2250 et
1364 2218 1476 2260 ipsum
1492 2216 1679 2261 effundetur
1689 2230 1700 2257 ;
1717 2218 1791 2257 alia,
1806 2218 1940 2261 perditio
1955 2219 2053 2257 utris;
2071 2219 2154 2252 unde

1178 2274 1222 2305 .et
1237 2271 1341 2304 addit:
1360 2272 1400 2303 Et
1416 2275 1507 2304 utres
1527 2271 1685 2314 peribunt
1698 2272 1733 2304 ¹⁰.
1752 2271 1788 2304 Et
1805 2271 1873 2304 ideo
1897 2281 1978 2305 novo
2003 2272 2075 2305 vino
2100 2282 2154 2305 no-

1192 2334 1267 2358 vum
1284 2318 1377 2358 etiam
1396 2333 1451 2358 vas
1466 2325 1715 2367 providendum;
1733 2329 1862 2368 propter
1879 2325 1963 2368 quod
1980 2326 2073 2359 dicit:
2092 2326 2155 2359 Sec!

1192 2378 1309 2411 vinum
1341 2388 1465 2412 novum
1497 2379 1533 2412 in
1565 2384 1654 2412 utres
1686 2389 1786 2413 novos
1818 2380 2013 2412 mittendum
2047 2385 2092 2412 est
2124 2384 2151 2412 et

1193 2594 1297 2626 tempus
1318 2591 1387 2618 illud
1400 2592 1420 2617 Η
1434 2591 1534 2618 scilicet
1546 2591 1643 2618 mortis
1663 2593 1688 2618 et
1696 2591 1835 2625 passionis
1854 2599 1940 2626 usque
1956 2591 1993 2618 ad
2010 2591 2154 2619 adrentum

1192 2636 1312 2671 Spiritus
1331 2636 1420 2664 sancti
1434 2635 1578 2671 paracliti,
1599 2637 1659 2662 vat.
1677 2643 1706 2663 eo
1725 2636 1826 2664 scilicet
1844 2638 1972 2671 tempore.

1264 2680 1275 2696 ⁶
1295 2682 1408 2714 Vulgata
1427 2685 1453 2708 et
1471 2682 1508 2708 fl:
1527 2680 1636 2708 Dicebat
1654 2682 1745 2708 autem
1764 2683 1790 2708 et
1807 2680 2013 2717 similitudinem
2032 2681 2069 2708 ud
2087 2681 2157 2708 illos.

1263 2725 1273 2741 '¹
1293 2726 1357 2754 Cod.
1377 2727 1398 2753 Η
1419 2727 1451 2761 (D
1470 2734 1485 2753 a
1505 2726 1619 2753 secunda
1640 2727 1730 2760 manu)
1751 2734 1811 2752 cum
1830 2726 1941 2759 Vulgata
1960 2727 2033 2753 addit
2046 2734 2062 2753 a
2077 2734 2155 2754 noco.

1192 2772 1283 2798 Glossa
1302 2770 1502 2798 interlinearis:
1523 2770 1593 2803 Quia
1612 2777 1690 2797 nemo
1709 2770 1933 2802 commissuram,
1956 2771 2123 2803 particulam,
2139 2779 2156 2798 a

1191 2815 1346 2843 vestimento
1365 2822 1448 2848 novo,
1465 2816 1594 2847 ablatam,
1608 2814 1729 2842 immittit
1740 2815 1768 2841 in
1781 2814 1969 2842 vestimentum
1984 2817 2074 2847 t-etus,·
2093 2815 2157 2842 alio·

1192 2860 1258 2895 quin
1276 2862 1302 2888 et
1319 2867 1421 2888 novum
1439 2860 1556 2895 rumpit,
1576 2860 1639 2893 quia
1665 2860 1756 2893 incipit
1774 2860 1925 2892 displicere,
1952 2861 1998 2886 etsi
2024 2864 2083 2886 ante
2103 2861 2158 2893 pla-

1191 2906 1287 2937 cuerit,
1306 2907 1331 2933 et
1348 2905 1434 2932 veteri
1450 2912 1505 2932 non
1525 2904 1647 2932 convenit
1666 2904 1847 2932 commissura
1865 2912 1882 2931 u
1902 2911 1985 2937 noro,
2005 2905 2099 2939 ablata.
2119 2919 2158 2941 *·—

1192 2950 1320 2982 Superius
1338 2957 1386 2982 pro
1405 2949 1505 2976 scilicet
1523 2948 1644 2976 ablatam
1664 2949 1682 2975 C
1694 2949 1715 2975 D
1735 2948 1763 2975 id
1780 2951 1819 2976 est
1834 2949 1969 2981 ablatam,
1990 2950 2011 2975 Η
2028 2948 2157 2976 obstitum.

1263 2992 1274 3008 ⁸
1295 2995 1369 3020 Vers.
1389 2994 1480 3020 22—24.
1498 3008 1534 3013 —
1554 2994 1677 3027 Sequitur
1696 2993 1750 3020 Col.
1774 2994 1804 3025 3,
1829 2995 1853 3020 9.
1875 3001 1930 3027 seq.
1951 2993 2002 3020 Cir.
2023 2993 2156 3024 Ambros„

1192 3039 1225 3065 V.
1244 3039 1270 3064 in
1289 3040 1351 3065 Luc.
1370 3046 1397 3065 n.
1416 3039 1461 3064 23.
1478 3046 1567 3072 seqq,
1580 3042 1606 3065 et
1619 3038 1702 3070 Beda,
1722 3039 1749 3064 11.
1772 3038 1800 3064 in
1820 3039 1882 3064 Luc.
1901 3039 1930 3070 5,
1950 3039 1993 3064 36.
2012 3039 2103 3064 Glossa
2116 3045 2157 3065 or-

1191 3082 1301 3110 dinaria
1321 3084 1346 3109 in
1365 3084 1428 3109 Luc.
1442 3083 1471 3116 5,
1486 3083 1528 3109 36.
1544 3083 1698 3109 sententiam
1711 3081 1842 3108 Ambrosii
1857 3087 1882 3108 et
1895 3082 1980 3108 Bedae
1997 3081 2110 3108 exhibet.
2122 3096 2158 3101 —

1192 3128 1320 3160 Superius
1339 3135 1388 3161 pro
1404 3127 1497 3163 priori
1514 3128 1599 3161 [quod
1618 3127 1802 3153 substituimus
1822 3134 1870 3159 pro
1886 3126 1985 3160 priora
2004 3133 2018 3152 a
2033 3127 2091 3153 Vat.
2111 3134 2158 3159 po·

1192 3172 1251 3206 sito]
1271 3173 1372 3199 emtus
1391 3172 1440 3199 Ac
1452 3172 1504 3197 DG
1524 3171 1572 3198 itta
1592 3171 1660 3205 [scil.
1674 3174 1777 3202 νείφει-ες
1797 3170 1858 3198 Cin
1878 3170 1940 3205 illa]
1954 3173 2068 3203 exutus,
2088 3171 2109 3197 H
2130 3171 2157 3197 in

1192 3216 1241 3244 illa
1260 3216 1329 3251 [scil.
1348 3216 1427 3251 nova]
1447 3217 1583 3248 assuetus,
1595 3220 1621 3242 et
1634 3223 1683 3249 pro
1701 3215 1801 3243 scilicet
1819 3215 1847 3242 in
1860 3215 1993 3250 principio
2013 3222 2158 3243 conversa-

1192 3261 1271 3289 tionis
1292 3262 1350 3288 Vat.
1369 3261 1411 3288 ¹itti
1428 3267 1482 3288 non
1501 3262 1541 3288 est
1558 3262 1660 3287 exutus
1679 3268 1746 3288 moa·
1769 3260 1794 3287 in
1818 3260 1955 3295 principio
1975 3259 2066 3288 adhuc
2090 3268 2157 3288 suae

1192 3305 1415 3334 conversationis.
1626 3303 1637 3319 ⁹
1657 3306 1731 3332 Vei-s.
1756 3306 1797 3337 11,
1815 3310 1875 3338 post
1894 3313 1974 3339 quem
1995 3306 2042 3331 ler.
2066 3306 2109 3336 12,
2130 3306 2154 3330 9.

1257 3349 1287 3366 ·¹⁰
1307 3350 1387 3381 Maior
1406 3357 1468 3383 pars
1487 3350 1565 3376 codd.
1582 3352 1713 3384 percunt,
1727 3350 1800 3383 quod
1813 3350 1920 3384 quidem
1941 3350 2054 3376 occurrit
2068 3351 2157 3375 Matth.

1193 3394 1224 3426 9,
1248 3394 1291 3431 ¹7,
1311 3394 1356 3420 ubi
1377 3398 1462 3420 tamen
1477 3395 1661 3426 praecedentia
1681 3395 1718 3420 sic
1731 3394 1900 3420 exhibentur:
1921 3394 2065 3427 «Alioquin
2085 3400 2158 3422 mim,
