<?xml version="1.0" encoding="UTF-8"?>
<!DOCTYPE html PUBLIC "-//W3C//DTD XHTML 1.0 Transitional//EN"
    "http://www.w3.org/TR/xhtml1/DTD/xhtml1-transitional.dtd">
<html xmlns="http://www.w3.org/1999/xhtml" xml:lang="en" lang="en">
 <head>
  <title>
</title>
<meta http-equiv="Content-Type" content="text/html;charset=utf-8" />
  <meta name='ocr-system' content='tesseract 3.04.00' />
  <meta name='ocr-capabilities' content='ocr_page ocr_carea ocr_par ocr_line ocrx_word'/>
</head>
<body>
  <div class='ocr_page' id='page_1' title='image "./doctorisseraphic07bona_0524.png"; bbox 0 0 2476 3921; ppageno 0'>
   <div class='ocr_carea' id='block_1_1' title="bbox 192 1872 280 1894">
    <p class='ocr_par' dir='ltr' id='par_1_1' title="bbox 192 1872 280 1894">
     <span class='ocr_line' id='line_1_1' title="bbox 192 1872 280 1894; baseline -0.011 0"><span class='ocrx_word' id='word_1_1' title='bbox 192 1872 280 1894; x_wconf 86' lang='lat' dir='ltr'><strong>Divisio.</strong></span> 
     </span>
    </p>
   </div>
   <div class='ocr_carea' id='block_1_2' title="bbox 182 2455 285 2485">
    <p class='ocr_par' dir='ltr' id='par_1_2' title="bbox 182 2455 285 2485">
     <span class='ocr_line' id='line_1_2' title="bbox 182 2455 285 2485; baseline -0.01 -8"><span class='ocrx_word' id='word_1_2' title='bbox 182 2456 213 2485; x_wconf 64' lang='lat' dir='ltr'><strong>Ae</strong></span> <span class='ocrx_word' id='word_1_3' title='bbox 231 2455 285 2476; x_wconf 71' lang='lat' dir='ltr'><strong>uitas</strong></span> 
     </span>
    </p>
   </div>
   <div class='ocr_carea' id='block_1_3' title="bbox 292 289 357 322">
    <p class='ocr_par' dir='ltr' id='par_1_3' title="bbox 292 289 357 322">
     <span class='ocr_line' id='line_1_3' title="bbox 292 289 357 322; baseline -0.015 0"><span class='ocrx_word' id='word_1_4' title='bbox 292 289 357 322; x_wconf 85' lang='lat'><strong>498</strong></span> 
     </span>
    </p>
   </div>
   <div class='ocr_carea' id='block_1_4' title="bbox 292 374 1255 1377">
    <p class='ocr_par' dir='ltr' id='par_1_4' title="bbox 292 374 1255 1377">
     <span class='ocr_line' id='line_1_4' title="bbox 292 374 1252 417; baseline -0.006 -6"><span class='ocrx_word' id='word_1_5' title='bbox 292 381 340 411; x_wconf 90' lang='lat' dir='ltr'><strong>est</strong></span> <span class='ocrx_word' id='word_1_6' title='bbox 363 376 459 410; x_wconf 85' lang='lat' dir='ltr'><strong>totius</strong></span> <span class='ocrx_word' id='word_1_7' title='bbox 480 375 611 409; x_wconf 87' lang='lat' dir='ltr'><strong>aedificii</strong></span> <span class='ocrx_word' id='word_1_8' title='bbox 636 374 826 417; x_wconf 90' lang='lat' dir='ltr'><strong>spiritualis,</strong></span> <span class='ocrx_word' id='word_1_9' title='bbox 852 383 908 417; x_wconf 89' lang='lat' dir='ltr'><strong>per</strong></span> <span class='ocrx_word' id='word_1_10' title='bbox 923 383 1017 416; x_wconf 88' lang='lat' dir='ltr'><strong>quam</strong></span> <span class='ocrx_word' id='word_1_11' title='bbox 1035 374 1180 407; x_wconf 86' lang='lat' dir='ltr'><strong>Christus</strong></span> <span class='ocrx_word' id='word_1_12' title='bbox 1195 374 1252 406; x_wconf 89' lang='lat' dir='ltr'><strong>ha-</strong></span> 
     </span>
     <span class='ocr_line' id='line_1_5' title="bbox 293 426 1252 471; baseline -0.005 -7"><span class='ocrx_word' id='word_1_13' title='bbox 293 431 371 464; x_wconf 83' lang='lat' dir='ltr'><strong>bitat</strong></span> <span class='ocrx_word' id='word_1_14' title='bbox 393 430 425 462; x_wconf 90' lang='lat' dir='ltr'><strong>in</strong></span> <span class='ocrx_word' id='word_1_15' title='bbox 448 429 555 468; x_wconf 86' lang='lat' dir='ltr'><strong>nobis,</strong></span> <span class='ocrx_word' id='word_1_16' title='bbox 579 428 633 471; x_wconf 89' lang='lat' dir='ltr'><strong>qui</strong></span> <span class='ocrx_word' id='word_1_17' title='bbox 657 431 705 462; x_wconf 87' lang='lat' dir='ltr'><strong>est</strong></span> <span class='ocrx_word' id='word_1_18' title='bbox 728 428 988 466; x_wconf 81' lang='lat' dir='ltr'><strong>fundamentuin;</strong></span> <span class='ocrx_word' id='word_1_19' title='bbox 1013 430 1143 469; x_wconf 90' lang='lat' dir='ltr'><strong>propter</strong></span> <span class='ocrx_word' id='word_1_20' title='bbox 1166 426 1252 469; x_wconf 88' lang='lat' dir='ltr'><strong>quod</strong></span> 
     </span>
     <span class='ocr_line' id='line_1_6' title="bbox 293 479 1251 523; baseline -0.004 -7"><span class='ocrx_word' id='word_1_21' title='bbox 293 483 408 516; x_wconf 90' lang='lat' dir='ltr'><strong>dicitur</strong></span> <span class='ocrx_word' id='word_1_22' title='bbox 439 482 478 515; x_wconf 92' lang='lat' dir='ltr'><strong>ad</strong></span> <span class='ocrx_word' id='word_1_23' title='bbox 512 482 668 515; x_wconf 83' lang='lat' dir='ltr'><strong>Hebraeos</strong></span> <span class='ocrx_word' id='word_1_24' title='bbox 703 480 869 514; x_wconf 89' lang='lat' dir='ltr'><strong>undecimo</strong></span> <span class='ocrx_word' id='word_1_25' title='bbox 882 481 904 519; x_wconf 86' lang='lat'><strong>¹,</strong></span> <span class='ocrx_word' id='word_1_26' title='bbox 940 480 1023 523; x_wconf 91' lang='lat' dir='ltr'><strong>quod</strong></span> <span class='ocrx_word' id='word_1_27' title='bbox 1063 493 1078 509; x_wconf 75' lang='grc' dir='ltr'><em>α</em></span> <span class='ocrx_word' id='word_1_28' title='bbox 1095 479 1173 512; x_wconf 86' lang='lat' dir='ltr'><strong>fides</strong></span> <span class='ocrx_word' id='word_1_29' title='bbox 1203 483 1251 512; x_wconf 87' lang='lat' dir='ltr'><strong>est</strong></span> 
     </span>
     <span class='ocr_line' id='line_1_7' title="bbox 293 532 1249 577; baseline -0.005 -8"><span class='ocrx_word' id='word_1_30' title='bbox 293 536 467 570; x_wconf 87' lang='lat' dir='ltr'><strong>substantia</strong></span> <span class='ocrx_word' id='word_1_31' title='bbox 490 544 599 568; x_wconf 91' lang='lat' dir='ltr'><strong>rerum</strong></span> <span class='ocrx_word' id='word_1_32' title='bbox 623 534 852 577; x_wconf 88' lang='lat' dir='ltr'><strong>sperandarum</strong></span> <span class='ocrx_word' id='word_1_33' title='bbox 867 545 898 566; x_wconf 79' lang='lat' dir='ltr'><strong>»z</strong></span> <span class='ocrx_word' id='word_1_34' title='bbox 916 533 961 566; x_wconf 88' lang='lat' dir='ltr'><strong>sic</strong></span> <span class='ocrx_word' id='word_1_35' title='bbox 977 533 1144 566; x_wconf 87' lang='lat' dir='ltr'><strong>infidelitas</strong></span> <span class='ocrx_word' id='word_1_36' title='bbox 1160 532 1249 574; x_wconf 86' lang='lat' dir='ltr'><strong>origo</strong></span> 
     </span>
     <span class='ocr_line' id='line_1_8' title="bbox 293 586 1250 630; baseline -0.005 -7"><span class='ocrx_word' id='word_1_37' title='bbox 293 593 341 623; x_wconf 90' lang='lat' dir='ltr'><strong>est</strong></span> <span class='ocrx_word' id='word_1_38' title='bbox 361 588 583 622; x_wconf 89' lang='lat' dir='ltr'><strong>destructionis</strong></span> <span class='ocrx_word' id='word_1_39' title='bbox 613 587 755 621; x_wconf 90' lang='lat' dir='ltr'><strong>omnium</strong></span> <span class='ocrx_word' id='word_1_40' title='bbox 788 586 1001 630; x_wconf 80' lang='lat' dir='ltr'><strong>spiritualium</strong></span> <span class='ocrx_word' id='word_1_41' title='bbox 1024 586 1250 619; x_wconf 88' lang='lat' dir='ltr'><strong>aedificiorum.</strong></span> 
     </span>
     <span class='ocr_line' id='line_1_9' title="bbox 295 638 1251 684; baseline -0.006 -8"><span class='ocrx_word' id='word_1_42' title='bbox 295 643 364 677; x_wconf 90' lang='lat' dir='ltr'><strong>Ideo</strong></span> <span class='ocrx_word' id='word_1_43' title='bbox 385 642 501 676; x_wconf 87' lang='lat' dir='ltr'><strong>dicitur</strong></span> <span class='ocrx_word' id='word_1_44' title='bbox 525 641 578 674; x_wconf 88' lang='lat' dir='ltr'><strong>lob</strong></span> <span class='ocrx_word' id='word_1_45' title='bbox 602 644 734 684; x_wconf 84' lang='lat' dir='ltr'><strong>quarto:</strong></span> <span class='ocrx_word' id='word_1_46' title='bbox 763 653 778 669; x_wconf 88' lang='lat'>«</span> <span class='ocrx_word' id='word_1_47' title='bbox 796 640 876 682; x_wconf 85' lang='lat' dir='ltr'><strong>Quia</strong></span> <span class='ocrx_word' id='word_1_48' title='bbox 899 640 1008 672; x_wconf 88' lang='lat' dir='ltr'><strong>nullus</strong></span> <span class='ocrx_word' id='word_1_49' title='bbox 1032 638 1194 681; x_wconf 79' lang='lat' dir='ltr'><strong>intelligit,</strong></span> <span class='ocrx_word' id='word_1_50' title='bbox 1218 638 1251 670; x_wconf 92' lang='lat' dir='ltr'><strong>in</strong></span> 
     </span>
     <span class='ocr_line' id='line_1_10' title="bbox 293 692 1253 738; baseline -0.006 -8"><span class='ocrx_word' id='word_1_51' title='bbox 293 700 458 730; x_wconf 89' lang='lat' dir='ltr'><strong>aeternum</strong></span> <span class='ocrx_word' id='word_1_52' title='bbox 481 695 632 738; x_wconf 89' lang='lat' dir='ltr'><strong>peribunt</strong></span> <span class='ocrx_word' id='word_1_53' title='bbox 647 707 678 734; x_wconf 76' lang='lat'><strong>¹²3</strong></span> <span class='ocrx_word' id='word_1_54' title='bbox 702 698 734 727; x_wconf 88' lang='lat' dir='ltr'><strong>et</strong></span> <span class='ocrx_word' id='word_1_55' title='bbox 756 694 796 727; x_wconf 87' lang='lat' dir='ltr'><strong>ad</strong></span> <span class='ocrx_word' id='word_1_56' title='bbox 820 694 974 726; x_wconf 86' lang='lat' dir='ltr'><strong>Romanos</strong></span> <span class='ocrx_word' id='word_1_57' title='bbox 990 693 1111 735; x_wconf 89' lang='lat' dir='ltr'><strong>primo:</strong></span> <span class='ocrx_word' id='word_1_58' title='bbox 1140 705 1156 721; x_wconf 76' lang='grc' dir='ltr'><strong>α</strong></span> <span class='ocrx_word' id='word_1_59' title='bbox 1173 692 1253 734; x_wconf 82' lang='lat' dir='ltr'><strong>Quia</strong></span> 
     </span>
     <span class='ocr_line' id='line_1_11' title="bbox 293 744 1253 792; baseline -0.007 -9"><span class='ocrx_word' id='word_1_60' title='bbox 293 759 354 783; x_wconf 89' lang='lat' dir='ltr'><strong>non</strong></span> <span class='ocrx_word' id='word_1_61' title='bbox 379 749 594 792; x_wconf 88' lang='lat' dir='ltr'><strong>probaverunt</strong></span> <span class='ocrx_word' id='word_1_62' title='bbox 626 748 725 781; x_wconf 90' lang='lat' dir='ltr'><strong>Deum</strong></span> <span class='ocrx_word' id='word_1_63' title='bbox 761 747 878 780; x_wconf 89' lang='lat' dir='ltr'><strong>habere</strong></span> <span class='ocrx_word' id='word_1_64' title='bbox 909 747 941 779; x_wconf 90' lang='lat' dir='ltr'><strong>in</strong></span> <span class='ocrx_word' id='word_1_65' title='bbox 973 745 1100 784; x_wconf 91' lang='lat' dir='ltr'><strong>notitia,</strong></span> <span class='ocrx_word' id='word_1_66' title='bbox 1125 744 1253 777; x_wconf 83' lang='lat' dir='ltr'><strong>tradidit</strong></span> 
     </span>
     <span class='ocr_line' id='line_1_12' title="bbox 294 797 1252 844; baseline -0.007 -8"><span class='ocrx_word' id='word_1_67' title='bbox 294 812 348 836; x_wconf 90' lang='lat' dir='ltr'><strong>eos</strong></span> <span class='ocrx_word' id='word_1_68' title='bbox 370 803 454 835; x_wconf 90' lang='lat' dir='ltr'><strong>Deus</strong></span> <span class='ocrx_word' id='word_1_69' title='bbox 485 802 516 834; x_wconf 92' lang='lat' dir='ltr'><strong>in</strong></span> <span class='ocrx_word' id='word_1_70' title='bbox 549 801 721 844; x_wconf 90' lang='lat' dir='ltr'><strong>reprobum</strong></span> <span class='ocrx_word' id='word_1_71' title='bbox 757 808 885 833; x_wconf 91' lang='lat' dir='ltr'><strong>sensum</strong></span> <span class='ocrx_word' id='word_1_72' title='bbox 902 811 933 838; x_wconf 76' lang='grc'><strong>»;</strong></span> <span class='ocrx_word' id='word_1_73' title='bbox 957 799 1042 832; x_wconf 91' lang='lat' dir='ltr'><strong>unde</strong></span> <span class='ocrx_word' id='word_1_74' title='bbox 1074 801 1105 831; x_wconf 89' lang='lat' dir='ltr'><strong>et</strong></span> <span class='ocrx_word' id='word_1_75' title='bbox 1130 797 1252 836; x_wconf 82' lang='lat' dir='ltr'><strong>Iudaei,</strong></span> 
     </span>
     <span class='ocr_line' id='line_1_13' title="bbox 294 851 1253 899; baseline -0.007 -10"><span class='ocrx_word' id='word_1_76' title='bbox 294 852 563 899; x_wconf 17' lang='lat' dir='ltr'><strong>quia-noluerunt</strong></span> <span class='ocrx_word' id='word_1_77' title='bbox 586 854 616 887; x_wconf 92' lang='lat' dir='ltr'><strong>in</strong></span> <span class='ocrx_word' id='word_1_78' title='bbox 642 854 803 887; x_wconf 83' lang='lat' dir='ltr'><strong>Christum</strong></span> <span class='ocrx_word' id='word_1_79' title='bbox 827 852 974 891; x_wconf 90' lang='lat' dir='ltr'><strong>credere,</strong></span> <span class='ocrx_word' id='word_1_80' title='bbox 999 851 1156 884; x_wconf 83' lang='lat' dir='ltr'><strong>excaecati</strong></span> <span class='ocrx_word' id='word_1_81' title='bbox 1179 853 1253 883; x_wconf 90' lang='lat' dir='ltr'><strong>sunt</strong></span> 
     </span>
     <span class='ocr_line' id='line_1_14' title="bbox 294 906 1254 951; baseline -0.007 -8"><span class='ocrx_word' id='word_1_82' title='bbox 294 914 325 943; x_wconf 89' lang='lat' dir='ltr'><strong>et</strong></span> <span class='ocrx_word' id='word_1_83' title='bbox 349 908 525 951; x_wconf 89' lang='lat' dir='ltr'><strong>reprobati;</strong></span> <span class='ocrx_word' id='word_1_84' title='bbox 550 911 581 941; x_wconf 90' lang='lat' dir='ltr'><strong>et</strong></span> <span class='ocrx_word' id='word_1_85' title='bbox 604 908 664 941; x_wconf 91' lang='lat' dir='ltr'><strong>hoc</strong></span> <span class='ocrx_word' id='word_1_86' title='bbox 695 907 755 940; x_wconf 83' lang='lat' dir='ltr'><strong>fuit</strong></span> <span class='ocrx_word' id='word_1_87' title='bbox 787 906 962 939; x_wconf 85' lang='lat' dir='ltr'><strong>maximum</strong></span> <span class='ocrx_word' id='word_1_88' title='bbox 994 907 1179 947; x_wconf 87' lang='lat' dir='ltr'><strong>peccatum,</strong></span> <span class='ocrx_word' id='word_1_89' title='bbox 1205 912 1254 936; x_wconf 91' lang='lat' dir='ltr'><strong>se-</strong></span> 
     </span>
     <span class='ocr_line' id='line_1_15' title="bbox 295 957 1254 999; baseline -0.008 -3"><span class='ocrx_word' id='word_1_90' title='bbox 295 962 433 996; x_wconf 90' lang='lat' dir='ltr'><strong>cundum</strong></span> <span class='ocrx_word' id='word_1_91' title='bbox 458 961 536 994; x_wconf 90' lang='lat' dir='ltr'><strong>illud</strong></span> <span class='ocrx_word' id='word_1_92' title='bbox 560 960 682 994; x_wconf 90' lang='lat' dir='ltr'><strong>Ioannis</strong></span> <span class='ocrx_word' id='word_1_93' title='bbox 704 959 825 993; x_wconf 87' lang='lat' dir='ltr'><strong>decimo</strong></span> <span class='ocrx_word' id='word_1_94' title='bbox 841 961 932 992; x_wconf 82' lang='lat' dir='ltr'><strong>sexto</strong></span> <span class='ocrx_word' id='word_1_95' title='bbox 945 958 975 990; x_wconf 79' lang='lat'><strong>²:</strong></span> <span class='ocrx_word' id='word_1_96' title='bbox 997 970 1012 986; x_wconf 89' lang='lat'>«</span> <span class='ocrx_word' id='word_1_97' title='bbox 1029 957 1145 999; x_wconf 82' lang='lat' dir='ltr'><strong>Arguet</strong></span> <span class='ocrx_word' id='word_1_98' title='bbox 1161 965 1254 989; x_wconf 90' lang='lat' dir='ltr'><strong>mun-</strong></span> 
     </span>
     <span class='ocr_line' id='line_1_16' title="bbox 295 1009 1254 1057; baseline -0.008 -8"><span class='ocrx_word' id='word_1_99' title='bbox 295 1016 371 1049; x_wconf 91' lang='lat' dir='ltr'><strong>dum</strong></span> <span class='ocrx_word' id='word_1_100' title='bbox 387 1016 426 1048; x_wconf 88' lang='lat' dir='ltr'><strong>de</strong></span> <span class='ocrx_word' id='word_1_101' title='bbox 441 1017 569 1057; x_wconf 88' lang='lat' dir='ltr'><strong>peccato</strong></span> <span class='ocrx_word' id='word_1_102' title='bbox 584 1013 710 1056; x_wconf 90' lang='lat' dir='ltr'><strong>quidem</strong></span> <span class='ocrx_word' id='word_1_103' title='bbox 723 1026 756 1052; x_wconf 70' lang='grc' dir='ltr'><strong>ι»,</strong></span> <span class='ocrx_word' id='word_1_104' title='bbox 773 1012 890 1045; x_wconf 88' lang='lat' dir='ltr'><strong>scilicet</strong></span> <span class='ocrx_word' id='word_1_105' title='bbox 911 1024 926 1040; x_wconf 72' lang='lat' dir='ltr'><strong>a</strong></span> <span class='ocrx_word' id='word_1_106' title='bbox 939 1011 1013 1053; x_wconf 90' lang='lat' dir='ltr'><strong>quia</strong></span> <span class='ocrx_word' id='word_1_107' title='bbox 1029 1019 1092 1043; x_wconf 91' lang='lat' dir='ltr'><strong>non</strong></span> <span class='ocrx_word' id='word_1_108' title='bbox 1114 1009 1254 1043; x_wconf 85' lang='lat' dir='ltr'><strong>credide—</strong></span> 
     </span>
     <span class='ocr_line' id='line_1_17' title="bbox 297 1062 1255 1105; baseline -0.008 -2"><span class='ocrx_word' id='word_1_109' title='bbox 297 1073 372 1103; x_wconf 87' lang='lat' dir='ltr'><strong>runt</strong></span> <span class='ocrx_word' id='word_1_110' title='bbox 395 1069 427 1101; x_wconf 94' lang='lat' dir='ltr'><strong>in</strong></span> <span class='ocrx_word' id='word_1_111' title='bbox 450 1077 501 1101; x_wconf 88' lang='lat' dir='ltr'><strong>me</strong></span> <span class='ocrx_word' id='word_1_112' title='bbox 518 1081 548 1100; x_wconf 76' lang='lat' dir='ltr'><strong>n.</strong></span> <span class='ocrx_word' id='word_1_113' title='bbox 574 1067 644 1100; x_wconf 92' lang='lat' dir='ltr'><strong>Ideo</strong></span> <span class='ocrx_word' id='word_1_114' title='bbox 667 1066 761 1099; x_wconf 86' lang='lat' dir='ltr'><strong>Marci</strong></span> <span class='ocrx_word' id='word_1_115' title='bbox 786 1065 940 1098; x_wconf 69' lang='lat' dir='ltr'><strong>ultimoss:</strong></span> <span class='ocrx_word' id='word_1_116' title='bbox 955 1096 957 1099; x_wconf 85' lang='grc'>,</span> <span class='ocrx_word' id='word_1_117' title='bbox 971 1077 987 1093; x_wconf 75' lang='grc' dir='ltr'>α</span> <span class='ocrx_word' id='word_1_118' title='bbox 1003 1063 1061 1105; x_wconf 87' lang='lat' dir='ltr'><strong>Qui</strong></span> <span class='ocrx_word' id='word_1_119' title='bbox 1086 1062 1255 1096; x_wconf 81' lang='lat' dir='ltr'><strong>crediderit</strong></span> 
     </span>
     <span class='ocr_line' id='line_1_18' title="bbox 296 1115 1255 1164; baseline -0.008 -8"><span class='ocrx_word' id='word_1_120' title='bbox 296 1126 327 1156; x_wconf 90' lang='lat' dir='ltr'><strong>et</strong></span> <span class='ocrx_word' id='word_1_121' title='bbox 349 1122 526 1164; x_wconf 87' lang='lat' dir='ltr'><strong>baptizatus</strong></span> <span class='ocrx_word' id='word_1_122' title='bbox 548 1120 645 1153; x_wconf 88' lang='lat' dir='ltr'><strong>fuerit</strong></span> <span class='ocrx_word' id='word_1_123' title='bbox 668 1119 774 1152; x_wconf 88' lang='lat' dir='ltr'><strong>salvus</strong></span> <span class='ocrx_word' id='word_1_124' title='bbox 797 1118 872 1157; x_wconf 87' lang='lat' dir='ltr'><strong>erit;</strong></span> <span class='ocrx_word' id='word_1_125' title='bbox 896 1118 950 1160; x_wconf 92' lang='lat' dir='ltr'><strong>qui</strong></span> <span class='ocrx_word' id='word_1_126' title='bbox 978 1126 1051 1150; x_wconf 90' lang='lat' dir='ltr'><strong>vero</strong></span> <span class='ocrx_word' id='word_1_127' title='bbox 1068 1126 1130 1149; x_wconf 92' lang='lat' dir='ltr'><strong>non</strong></span> <span class='ocrx_word' id='word_1_128' title='bbox 1154 1115 1255 1149; x_wconf 89' lang='lat' dir='ltr'><strong>credi-</strong></span> 
     </span>
     <span class='ocr_line' id='line_1_19' title="bbox 295 1169 1253 1213; baseline -0.008 -4"><span class='ocrx_word' id='word_1_129' title='bbox 295 1176 378 1209; x_wconf 87' lang='lat' dir='ltr'><strong>derit</strong></span> <span class='ocrx_word' id='word_1_130' title='bbox 412 1173 717 1211; x_wconf 86' lang='lat' dir='ltr'><strong>condemnabitur»;</strong></span> <span class='ocrx_word' id='word_1_131' title='bbox 742 1172 855 1211; x_wconf 92' lang='lat' dir='ltr'><strong>immo,</strong></span> <span class='ocrx_word' id='word_1_132' title='bbox 879 1170 963 1213; x_wconf 91' lang='lat' dir='ltr'><strong>quod</strong></span> <span class='ocrx_word' id='word_1_133' title='bbox 999 1170 1071 1212; x_wconf 88' lang='lat' dir='ltr'><strong>plus</strong></span> <span class='ocrx_word' id='word_1_134' title='bbox 1101 1172 1167 1208; x_wconf 92' lang='lat' dir='ltr'><strong>est,</strong></span> <span class='ocrx_word' id='word_1_135' title='bbox 1192 1169 1253 1201; x_wconf 88' lang='lat' dir='ltr'><strong>iam</strong></span> 
     </span>
     <span class='ocr_line' id='line_1_20' title="bbox 296 1223 1254 1271; baseline -0.007 -9"><span class='ocrx_word' id='word_1_136' title='bbox 296 1228 405 1271; x_wconf 81' lang='lat' dir='ltr'><strong>incipit</strong></span> <span class='ocrx_word' id='word_1_137' title='bbox 428 1236 486 1260; x_wconf 89' lang='lat' dir='ltr'><strong>sua</strong></span> <span class='ocrx_word' id='word_1_138' title='bbox 508 1226 683 1264; x_wconf 87' lang='lat' dir='ltr'><strong>damnati0;</strong></span> <span class='ocrx_word' id='word_1_139' title='bbox 708 1225 829 1258; x_wconf 87' lang='lat' dir='ltr'><strong>Ioannis</strong></span> <span class='ocrx_word' id='word_1_140' title='bbox 854 1224 963 1258; x_wconf 89' lang='lat' dir='ltr'><strong>tertio:</strong></span> <span class='ocrx_word' id='word_1_141' title='bbox 985 1237 1001 1252; x_wconf 72' lang='grc' dir='ltr'><strong>«ι</strong></span> <span class='ocrx_word' id='word_1_142' title='bbox 1018 1223 1076 1265; x_wconf 89' lang='lat' dir='ltr'><strong>Qui</strong></span> <span class='ocrx_word' id='word_1_143' title='bbox 1101 1232 1163 1256; x_wconf 92' lang='lat' dir='ltr'><strong>non</strong></span> <span class='ocrx_word' id='word_1_144' title='bbox 1186 1231 1254 1255; x_wconf 92' lang='lat' dir='ltr'><strong>cre-</strong></span> 
     </span>
     <span class='ocr_line' id='line_1_21' title="bbox 296 1276 1255 1321; baseline -0.007 -6"><span class='ocrx_word' id='word_1_145' title='bbox 296 1282 359 1321; x_wconf 88' lang='lat' dir='ltr'><strong>dit,</strong></span> <span class='ocrx_word' id='word_1_146' title='bbox 384 1282 444 1314; x_wconf 89' lang='lat' dir='ltr'><strong>iam</strong></span> <span class='ocrx_word' id='word_1_147' title='bbox 468 1279 625 1313; x_wconf 85' lang='lat' dir='ltr'><strong>iudicatus</strong></span> <span class='ocrx_word' id='word_1_148' title='bbox 648 1282 712 1318; x_wconf 88' lang='lat' dir='ltr'><strong>est,</strong></span> <span class='ocrx_word' id='word_1_149' title='bbox 744 1278 819 1321; x_wconf 90' lang='lat' dir='ltr'><strong>quia</strong></span> <span class='ocrx_word' id='word_1_150' title='bbox 850 1287 913 1310; x_wconf 92' lang='lat' dir='ltr'><strong>non</strong></span> <span class='ocrx_word' id='word_1_151' title='bbox 947 1277 1046 1310; x_wconf 91' lang='lat' dir='ltr'><strong>credit</strong></span> <span class='ocrx_word' id='word_1_152' title='bbox 1070 1277 1102 1309; x_wconf 89' lang='lat' dir='ltr'><strong>in</strong></span> <span class='ocrx_word' id='word_1_153' title='bbox 1126 1276 1255 1309; x_wconf 89' lang='lat' dir='ltr'><strong>nomine</strong></span> 
     </span>
     <span class='ocr_line' id='line_1_22' title="bbox 298 1332 679 1377; baseline -0.01 -9"><span class='ocrx_word' id='word_1_154' title='bbox 298 1333 450 1377; x_wconf 86' lang='lat' dir='ltr'><strong>unigeniti</strong></span> <span class='ocrx_word' id='word_1_155' title='bbox 474 1333 539 1365; x_wconf 90' lang='lat' dir='ltr'><strong>Filii</strong></span> <span class='ocrx_word' id='word_1_156' title='bbox 563 1332 633 1365; x_wconf 91' lang='lat' dir='ltr'><strong>eius</strong></span> <span class='ocrx_word' id='word_1_157' title='bbox 648 1345 679 1364; x_wconf 84' lang='grc'><strong>».</strong></span> 
     </span>
    </p>
   </div>
   <div class='ocr_carea' id='block_1_5' title="bbox 440 1444 1112 1524">
    <p class='ocr_par' dir='ltr' id='par_1_5' title="bbox 440 1444 1112 1524">
     <span class='ocr_line' id='line_1_23' title="bbox 440 1444 1112 1482; baseline -0.004 -8"><span class='ocrx_word' id='word_1_158' title='bbox 440 1446 605 1482; x_wconf 69' lang='lat' dir='ltr'><strong>Aequitatem</strong></span> <span class='ocrx_word' id='word_1_159' title='bbox 623 1445 771 1473; x_wconf 71' lang='lat' dir='ltr'><strong>iudicialem</strong></span> <span class='ocrx_word' id='word_1_160' title='bbox 789 1445 939 1480; x_wconf 74' lang='lat' dir='ltr'><strong>promissam</strong></span> <span class='ocrx_word' id='word_1_161' title='bbox 958 1452 985 1472; x_wconf 76' lang='lat' dir='ltr'><strong>se</strong></span> <span class='ocrx_word' id='word_1_162' title='bbox 1004 1444 1112 1479; x_wconf 74' lang='lat' dir='ltr'><strong>habere,</strong></span> 
     </span>
     <span class='ocr_line' id='line_1_24' title="bbox 645 1489 905 1524; baseline -0.004 -7"><span class='ocrx_word' id='word_1_163' title='bbox 645 1490 760 1517; x_wconf 73' lang='lat' dir='ltr'><strong>ostendit</strong></span> <span class='ocrx_word' id='word_1_164' title='bbox 778 1497 822 1524; x_wconf 76' lang='lat' dir='ltr'><strong>per</strong></span> <span class='ocrx_word' id='word_1_165' title='bbox 840 1489 905 1516; x_wconf 73' lang='lat' dir='ltr'><strong>tria.</strong></span> 
     </span>
    </p>
   </div>
   <div class='ocr_carea' id='block_1_6' title="bbox 299 1596 1263 2594">
    <p class='ocr_par' dir='ltr' id='par_1_6' title="bbox 299 1596 1263 2374">
     <span class='ocr_line' id='line_1_25' title="bbox 388 1596 1255 1641; baseline -0.005 -9"><span class='ocrx_word' id='word_1_166' title='bbox 388 1601 440 1632; x_wconf 88' lang='lat'><strong>70.</strong></span> <span class='ocrx_word' id='word_1_167' title='bbox 465 1598 566 1641; x_wconf 82' lang='lat' dir='ltr'><strong>(Vers.</strong></span> <span class='ocrx_word' id='word_1_168' title='bbox 590 1598 668 1638; x_wconf 79' lang='lat'><strong>45.).</strong></span> <span class='ocrx_word' id='word_1_169' title='bbox 696 1598 735 1630; x_wconf 88' lang='lat' dir='ltr'><strong>Et</strong></span> <span class='ocrx_word' id='word_1_170' title='bbox 757 1597 929 1640; x_wconf 70' lang='lat' dir='ltr'><strong>inyressus</strong></span> <span class='ocrx_word' id='word_1_171' title='bbox 952 1596 988 1629; x_wconf 77' lang='lat' dir='ltr'><strong>in</strong></span> <span class='ocrx_word' id='word_1_172' title='bbox 1011 1596 1167 1638; x_wconf 86' lang='lat' dir='ltr'><strong>templum</strong></span> <span class='ocrx_word' id='word_1_173' title='bbox 1196 1599 1255 1629; x_wconf 91' lang='lat' dir='ltr'><strong>etc.</strong></span> 
     </span>
     <span class='ocr_line' id='line_1_26' title="bbox 300 1648 1258 1695; baseline -0.005 -9"><span class='ocrx_word' id='word_1_174' title='bbox 300 1654 465 1695; x_wconf 90' lang='lat' dir='ltr'><strong>Postquam</strong></span> <span class='ocrx_word' id='word_1_175' title='bbox 501 1650 667 1692; x_wconf 84' lang='lat' dir='ltr'><strong>descripsit</strong></span> <span class='ocrx_word' id='word_1_176' title='bbox 701 1649 911 1694; x_wconf 80' lang='lat' dir='ltr'><strong>Evangelista,</strong></span> <span class='ocrx_word' id='word_1_177' title='bbox 940 1649 1076 1691; x_wconf 87' lang='lat' dir='ltr'><strong>qualiter</strong></span> <span class='ocrx_word' id='word_1_178' title='bbox 1112 1648 1258 1681; x_wconf 87' lang='lat' dir='ltr'><strong>Christus</strong></span> 
     </span>
     <span class='ocr_line' id='line_1_27' title="bbox 299 1701 1257 1744; baseline -0.004 -6"><span class='ocrx_word' id='word_1_179' title='bbox 299 1714 332 1738; x_wconf 88' lang='lat' dir='ltr'><strong>se</strong></span> <span class='ocrx_word' id='word_1_180' title='bbox 355 1704 490 1737; x_wconf 86' lang='lat' dir='ltr'><strong>ostendit</strong></span> <span class='ocrx_word' id='word_1_181' title='bbox 523 1712 565 1736; x_wconf 85' lang='lat' dir='ltr'><strong>ex</strong></span> <span class='ocrx_word' id='word_1_182' title='bbox 600 1703 681 1735; x_wconf 87' lang='lat' dir='ltr'><strong>facto</strong></span> <span class='ocrx_word' id='word_1_183' title='bbox 713 1702 830 1735; x_wconf 89' lang='lat' dir='ltr'><strong>hahere</strong></span> <span class='ocrx_word' id='word_1_184' title='bbox 854 1705 1038 1744; x_wconf 88' lang='lat' dir='ltr'><strong>potestatem</strong></span> <span class='ocrx_word' id='word_1_185' title='bbox 1063 1701 1201 1744; x_wconf 80' lang='lat' dir='ltr'><strong>regalem</strong></span> <span class='ocrx_word' id='word_1_186' title='bbox 1225 1705 1257 1734; x_wconf 91' lang='lat' dir='ltr'><strong>et</strong></span> 
     </span>
     <span class='ocr_line' id='line_1_28' title="bbox 300 1755 1258 1800; baseline -0.004 -9"><span class='ocrx_word' id='word_1_187' title='bbox 300 1759 446 1800; x_wconf 91' lang='lat' dir='ltr'><strong>pietatem</strong></span> <span class='ocrx_word' id='word_1_188' title='bbox 470 1756 698 1799; x_wconf 87' lang='lat' dir='ltr'><strong>pontificalem,</strong></span> <span class='ocrx_word' id='word_1_189' title='bbox 723 1756 774 1788; x_wconf 89' lang='lat' dir='ltr'><strong>hic</strong></span> <span class='ocrx_word' id='word_1_190' title='bbox 809 1756 928 1788; x_wconf 74' lang='lat' dir='ltr'><strong>tertio⁴</strong></span> <span class='ocrx_word' id='word_1_191' title='bbox 952 1755 1150 1797; x_wconf 82' lang='lat' dir='ltr'><strong>explicatur,</strong></span> <span class='ocrx_word' id='word_1_192' title='bbox 1179 1764 1258 1797; x_wconf 91' lang='lat' dir='ltr'><strong>quo-</strong></span> 
     </span>
     <span class='ocr_line' id='line_1_29' title="bbox 301 1808 1257 1852; baseline -0.004 -8"><span class='ocrx_word' id='word_1_193' title='bbox 301 1811 393 1844; x_wconf 91' lang='lat' dir='ltr'><strong>modo</strong></span> <span class='ocrx_word' id='word_1_194' title='bbox 428 1819 461 1843; x_wconf 94' lang='lat' dir='ltr'><strong>se</strong></span> <span class='ocrx_word' id='word_1_195' title='bbox 495 1809 631 1842; x_wconf 89' lang='lat' dir='ltr'><strong>ostendit</strong></span> <span class='ocrx_word' id='word_1_196' title='bbox 669 1809 785 1842; x_wconf 89' lang='lat' dir='ltr'><strong>habere</strong></span> <span class='ocrx_word' id='word_1_197' title='bbox 821 1808 1019 1852; x_wconf 79' lang='lat' dir='ltr'><strong>aequitatem</strong></span> <span class='ocrx_word' id='word_1_198' title='bbox 1054 1808 1257 1841; x_wconf 78' lang='lat' dir='ltr'><strong>iudicialem.</strong></span> 
     </span>
     <span class='ocr_line' id='line_1_30' title="bbox 300 1860 1261 1899; baseline -0.005 -2"><span class='ocrx_word' id='word_1_199' title='bbox 300 1864 344 1897; x_wconf 85' lang='lat' dir='ltr'><strong>Ad</strong></span> <span class='ocrx_word' id='word_1_200' title='bbox 367 1864 459 1897; x_wconf 91' lang='lat' dir='ltr'><strong>cuius</strong></span> <span class='ocrx_word' id='word_1_201' title='bbox 485 1862 728 1896; x_wconf 80' lang='lat' dir='ltr'><strong>declarationem</strong></span> <span class='ocrx_word' id='word_1_202' title='bbox 760 1862 822 1894; x_wconf 90' lang='lat' dir='ltr'><strong>tria</strong></span> <span class='ocrx_word' id='word_1_203' title='bbox 852 1860 1118 1899; x_wconf 89' lang='lat' dir='ltr'><strong>introducuntur,</strong></span> <span class='ocrx_word' id='word_1_204' title='bbox 1142 1860 1261 1893; x_wconf 85' lang='lat' dir='ltr'><strong>seilicet</strong></span> 
     </span>
     <span class='ocr_line' id='line_1_31' title="bbox 301 1912 1259 1961; baseline -0.005 -11"><span class='ocrx_word' id='word_1_205' title='bbox 301 1917 453 1961; x_wconf 80' lang='lat' dir='ltr'><strong>aequitas</strong></span> <span class='ocrx_word' id='word_1_206' title='bbox 476 1916 618 1955; x_wconf 77' lang='lat' dir='ltr'><strong>iudicis,</strong></span> <span class='ocrx_word' id='word_1_207' title='bbox 645 1915 770 1948; x_wconf 75' lang='lat' dir='ltr'><strong>veritas</strong></span> <span class='ocrx_word' id='word_1_208' title='bbox 793 1914 882 1947; x_wconf 78' lang='lat' dir='ltr'><strong>iuris</strong></span> <span class='ocrx_word' id='word_1_209' title='bbox 913 1917 944 1947; x_wconf 90' lang='lat' dir='ltr'><strong>et</strong></span> <span class='ocrx_word' id='word_1_210' title='bbox 979 1913 1161 1946; x_wconf 77' lang='lat' dir='ltr'><strong>enormitas</strong></span> <span class='ocrx_word' id='word_1_211' title='bbox 1193 1912 1259 1945; x_wconf 88' lang='lat' dir='ltr'><strong>sive</strong></span> 
     </span>
     <span class='ocr_line' id='line_1_32' title="bbox 302 1966 1259 2013; baseline -0.004 -10"><span class='ocrx_word' id='word_1_212' title='bbox 302 1970 444 2013; x_wconf 85' lang='lat' dir='ltr'><strong>impietas</strong></span> <span class='ocrx_word' id='word_1_213' title='bbox 466 1969 607 2002; x_wconf 74' lang='lat' dir='ltr'><strong>sceleris.</strong></span> <span class='ocrx_word' id='word_1_214' title='bbox 633 1969 666 2001; x_wconf 92' lang='lat' dir='ltr'><strong>In</strong></span> <span class='ocrx_word' id='word_1_215' title='bbox 690 1968 740 2001; x_wconf 93' lang='lat' dir='ltr'><strong>his</strong></span> <span class='ocrx_word' id='word_1_216' title='bbox 774 1971 880 2000; x_wconf 89' lang='lat' dir='ltr'><strong>autem</strong></span> <span class='ocrx_word' id='word_1_217' title='bbox 917 1967 1020 2000; x_wconf 86' lang='lat' dir='ltr'><strong>tribus</strong></span> <span class='ocrx_word' id='word_1_218' title='bbox 1047 1966 1201 2006; x_wconf 88' lang='lat' dir='ltr'><strong>ostendit,</strong></span> <span class='ocrx_word' id='word_1_219' title='bbox 1226 1975 1259 1999; x_wconf 89' lang='lat' dir='ltr'><strong>se</strong></span> 
     </span>
     <span class='ocr_line' id='line_1_33' title="bbox 301 2019 1260 2066; baseline -0.006 -9"><span class='ocrx_word' id='word_1_220' title='bbox 301 2024 391 2066; x_wconf 84' lang='lat' dir='ltr'><strong>quasi</strong></span> <span class='ocrx_word' id='word_1_221' title='bbox 415 2022 602 2065; x_wconf 86' lang='lat' dir='ltr'><strong>syllogistice</strong></span> <span class='ocrx_word' id='word_1_222' title='bbox 627 2024 712 2056; x_wconf 89' lang='lat' dir='ltr'><strong>recte</strong></span> <span class='ocrx_word' id='word_1_223' title='bbox 735 2020 883 2054; x_wconf 90' lang='lat' dir='ltr'><strong>iudicare.</strong></span> <span class='ocrx_word' id='word_1_224' title='bbox 910 2019 1090 2062; x_wconf 76' lang='lat' dir='ltr'><strong>Proposita</strong></span> <span class='ocrx_word' id='word_1_225' title='bbox 1106 2019 1190 2052; x_wconf 91' lang='lat' dir='ltr'><strong>enim</strong></span> <span class='ocrx_word' id='word_1_226' title='bbox 1208 2027 1260 2051; x_wconf 93' lang='lat' dir='ltr'><strong>ve-</strong></span> 
     </span>
     <span class='ocr_line' id='line_1_34' title="bbox 302 2072 1260 2118; baseline -0.004 -9"><span class='ocrx_word' id='word_1_227' title='bbox 302 2077 393 2109; x_wconf 82' lang='lat' dir='ltr'><strong>ritate</strong></span> <span class='ocrx_word' id='word_1_228' title='bbox 409 2076 591 2118; x_wconf 86' lang='lat' dir='ltr'><strong>Scripturae</strong></span> <span class='ocrx_word' id='word_1_229' title='bbox 607 2083 729 2113; x_wconf 90' lang='lat' dir='ltr'><strong>sacrae,</strong></span> <span class='ocrx_word' id='word_1_230' title='bbox 751 2077 782 2106; x_wconf 93' lang='lat' dir='ltr'><strong>et</strong></span> <span class='ocrx_word' id='word_1_231' title='bbox 798 2077 952 2107; x_wconf 75' lang='lat' dir='ltr'><strong>assumta</strong></span> <span class='ocrx_word' id='word_1_232' title='bbox 972 2072 1179 2115; x_wconf 88' lang='lat' dir='ltr'><strong>perversitate</strong></span> <span class='ocrx_word' id='word_1_233' title='bbox 1206 2081 1260 2105; x_wconf 91' lang='lat' dir='ltr'><strong>ne-</strong></span> 
     </span>
     <span class='ocr_line' id='line_1_35' title="bbox 302 2125 1261 2172; baseline -0.005 -10"><span class='ocrx_word' id='word_1_234' title='bbox 302 2129 419 2172; x_wconf 87' lang='lat' dir='ltr'><strong>quitiae</strong></span> <span class='ocrx_word' id='word_1_235' title='bbox 444 2128 603 2166; x_wconf 85' lang='lat' dir='ltr'><strong>Iudaicae,</strong></span> <span class='ocrx_word' id='word_1_236' title='bbox 628 2130 713 2160; x_wconf 90' lang='lat' dir='ltr'><strong>recte</strong></span> <span class='ocrx_word' id='word_1_237' title='bbox 736 2126 947 2159; x_wconf 75' lang='lat' dir='ltr'><strong>concluditur</strong></span> <span class='ocrx_word' id='word_1_238' title='bbox 963 2125 1115 2159; x_wconf 87' lang='lat' dir='ltr'><strong>severitas</strong></span> <span class='ocrx_word' id='word_1_239' title='bbox 1137 2125 1261 2158; x_wconf 91' lang='lat' dir='ltr'><strong>divinae</strong></span> 
     </span>
     <span class='ocr_line' id='line_1_36' title="bbox 303 2177 1261 2221; baseline -0.005 -6"><span class='ocrx_word' id='word_1_240' title='bbox 303 2182 474 2221; x_wconf 88' lang='lat' dir='ltr'><strong>vindictae,</strong></span> <span class='ocrx_word' id='word_1_241' title='bbox 499 2180 672 2214; x_wconf 89' lang='lat' dir='ltr'><strong>secundum</strong></span> <span class='ocrx_word' id='word_1_242' title='bbox 708 2179 785 2212; x_wconf 91' lang='lat' dir='ltr'><strong>illud</strong></span> <span class='ocrx_word' id='word_1_243' title='bbox 816 2178 938 2211; x_wconf 90' lang='lat' dir='ltr'><strong>Ioannis</strong></span> <span class='ocrx_word' id='word_1_244' title='bbox 972 2178 1093 2211; x_wconf 88' lang='lat' dir='ltr'><strong>decimo</strong></span> <span class='ocrx_word' id='word_1_245' title='bbox 1125 2177 1261 2211; x_wconf 75' lang='lat' dir='ltr'><strong>sexto⁵z</strong></span> 
     </span>
     <span class='ocr_line' id='line_1_37' title="bbox 309 2230 1263 2277; baseline -0.001 -13"><span class='ocrx_word' id='word_1_246' title='bbox 309 2248 324 2264; x_wconf 75' lang='lat' dir='ltr'><strong>a</strong></span> <span class='ocrx_word' id='word_1_247' title='bbox 341 2236 455 2277; x_wconf 80' lang='lat' dir='ltr'><strong>Arguet</strong></span> <span class='ocrx_word' id='word_1_248' title='bbox 478 2233 631 2267; x_wconf 91' lang='lat' dir='ltr'><strong>mundum</strong></span> <span class='ocrx_word' id='word_1_249' title='bbox 656 2232 694 2265; x_wconf 90' lang='lat' dir='ltr'><strong>de</strong></span> <span class='ocrx_word' id='word_1_250' title='bbox 717 2235 845 2275; x_wconf 89' lang='lat' dir='ltr'><strong>peccato</strong></span> <span class='ocrx_word' id='word_1_251' title='bbox 869 2235 900 2264; x_wconf 91' lang='lat' dir='ltr'><strong>et</strong></span> <span class='ocrx_word' id='word_1_252' title='bbox 922 2231 961 2264; x_wconf 92' lang='lat' dir='ltr'><strong>de</strong></span> <span class='ocrx_word' id='word_1_253' title='bbox 977 2231 1096 2264; x_wconf 89' lang='lat' dir='ltr'><strong>iustitia</strong></span> <span class='ocrx_word' id='word_1_254' title='bbox 1111 2234 1143 2264; x_wconf 93' lang='lat' dir='ltr'><strong>et</strong></span> <span class='ocrx_word' id='word_1_255' title='bbox 1158 2230 1198 2263; x_wconf 92' lang='lat' dir='ltr'><strong>de</strong></span> <span class='ocrx_word' id='word_1_256' title='bbox 1213 2230 1263 2263; x_wconf 89' lang='lat' dir='ltr'><strong>iu-</strong></span> 
     </span>
     <span class='ocr_line' id='line_1_38' title="bbox 303 2283 1262 2329; baseline -0.006 -8"><span class='ocrx_word' id='word_1_257' title='bbox 303 2288 384 2321; x_wconf 90' lang='lat' dir='ltr'><strong>dicio</strong></span> <span class='ocrx_word' id='word_1_258' title='bbox 398 2301 430 2320; x_wconf 83' lang='grc'><strong>».</strong></span> <span class='ocrx_word' id='word_1_259' title='bbox 455 2286 602 2329; x_wconf 87' lang='lat' dir='ltr'><strong>Proponit</strong></span> <span class='ocrx_word' id='word_1_260' title='bbox 625 2285 708 2319; x_wconf 88' lang='lat' dir='ltr'><strong>enim</strong></span> <span class='ocrx_word' id='word_1_261' title='bbox 733 2285 917 2324; x_wconf 72' lang='lat' dir='ltr'><strong>iustitiam,</strong></span> <span class='ocrx_word' id='word_1_262' title='bbox 941 2283 1074 2318; x_wconf 87' lang='lat' dir='ltr'><strong>assumit</strong></span> <span class='ocrx_word' id='word_1_263' title='bbox 1087 2287 1262 2326; x_wconf 79' lang='lat' dir='ltr'><strong>peecatum</strong></span> 
     </span>
     <span class='ocr_line' id='line_1_39' title="bbox 303 2339 713 2374; baseline -0.005 -1"><span class='ocrx_word' id='word_1_264' title='bbox 303 2344 334 2374; x_wconf 90' lang='lat' dir='ltr'><strong>et</strong></span> <span class='ocrx_word' id='word_1_265' title='bbox 357 2340 516 2373; x_wconf 89' lang='lat' dir='ltr'><strong>concludit</strong></span> <span class='ocrx_word' id='word_1_266' title='bbox 538 2339 713 2373; x_wconf 81' lang='lat' dir='ltr'><strong>iudicium.</strong></span> 
     </span>
    </p>

    <p class='ocr_par' dir='ltr' id='par_1_7' title="bbox 303 2388 1262 2594">
     <span class='ocr_line' id='line_1_40' title="bbox 392 2388 1262 2435; baseline -0.006 -9"><span class='ocrx_word' id='word_1_267' title='bbox 392 2393 495 2425; x_wconf 90' lang='lat' dir='ltr'><strong>Primo</strong></span> <span class='ocrx_word' id='word_1_268' title='bbox 518 2392 615 2435; x_wconf 87' lang='lat' dir='ltr'><strong>igitur</strong></span> <span class='ocrx_word' id='word_1_269' title='bbox 646 2394 802 2434; x_wconf 89' lang='lat' dir='ltr'><strong>quantum</strong></span> <span class='ocrx_word' id='word_1_270' title='bbox 835 2391 874 2424; x_wconf 83' lang='lat' dir='ltr'><strong>ad</strong></span> <span class='ocrx_word' id='word_1_271' title='bbox 904 2390 1104 2434; x_wconf 81' lang='lat' dir='ltr'><strong>aequitatem</strong></span> <span class='ocrx_word' id='word_1_272' title='bbox 1138 2388 1262 2422; x_wconf 76' lang='lat' dir='ltr'><strong>iudicis</strong></span> 
     </span>
     <span class='ocr_line' id='line_1_41' title="bbox 303 2442 1261 2488; baseline -0.005 -9"><span class='ocrx_word' id='word_1_273' title='bbox 303 2446 395 2480; x_wconf 86' lang='lat' dir='ltr'><strong>dicit:</strong></span> <span class='ocrx_word' id='word_1_274' title='bbox 421 2447 460 2479; x_wconf 90' lang='lat' dir='ltr'><strong>Et</strong></span> <span class='ocrx_word' id='word_1_275' title='bbox 482 2446 654 2488; x_wconf 65' lang='lat' dir='ltr'><strong>impressus</strong></span> <span class='ocrx_word' id='word_1_276' title='bbox 678 2444 715 2477; x_wconf 75' lang='lat' dir='ltr'><strong>in</strong></span> <span class='ocrx_word' id='word_1_277' title='bbox 737 2443 913 2487; x_wconf 86' lang='lat' dir='ltr'><strong>templum,</strong></span> <span class='ocrx_word' id='word_1_278' title='bbox 930 2443 1032 2485; x_wconf 78' lang='lat' dir='ltr'><strong>coepit</strong></span> <span class='ocrx_word' id='word_1_279' title='bbox 1047 2442 1163 2476; x_wconf 81' lang='lat' dir='ltr'><strong>eiicere</strong></span> <span class='ocrx_word' id='word_1_280' title='bbox 1185 2452 1261 2475; x_wconf 76' lang='lat' dir='ltr'><strong>vcn—</strong></span> 
     </span>
     <span class='ocr_line' id='line_1_42' title="bbox 304 2495 1262 2538; baseline -0.004 -6"><span class='ocrx_word' id='word_1_281' title='bbox 304 2500 411 2532; x_wconf 76' lang='lat' dir='ltr'><strong>dentes</strong></span> <span class='ocrx_word' id='word_1_282' title='bbox 435 2499 471 2531; x_wconf 77' lang='lat' dir='ltr'><strong>in</strong></span> <span class='ocrx_word' id='word_1_283' title='bbox 494 2498 549 2531; x_wconf 78' lang='lat' dir='ltr'><strong>icto</strong></span> <span class='ocrx_word' id='word_1_284' title='bbox 572 2502 600 2531; x_wconf 89' lang='lat' dir='ltr'><strong>et</strong></span> <span class='ocrx_word' id='word_1_285' title='bbox 623 2501 780 2534; x_wconf 74' lang='lat' dir='ltr'><strong>ementes,-</strong></span> <span class='ocrx_word' id='word_1_286' title='bbox 805 2497 834 2529; x_wconf 91' lang='lat' dir='ltr'><strong>in</strong></span> <span class='ocrx_word' id='word_1_287' title='bbox 860 2506 924 2538; x_wconf 92' lang='lat' dir='ltr'><strong>quo</strong></span> <span class='ocrx_word' id='word_1_288' title='bbox 952 2496 1129 2529; x_wconf 87' lang='lat' dir='ltr'><strong>ostenditur</strong></span> <span class='ocrx_word' id='word_1_289' title='bbox 1154 2495 1262 2538; x_wconf 89' lang='lat' dir='ltr'><strong>aequi-</strong></span> 
     </span>
     <span class='ocr_line' id='line_1_43' title="bbox 306 2548 1262 2594; baseline -0.004 -9"><span class='ocrx_word' id='word_1_290' title='bbox 306 2555 353 2585; x_wconf 86' lang='lat' dir='ltr'><strong>tas</strong></span> <span class='ocrx_word' id='word_1_291' title='bbox 375 2551 505 2591; x_wconf 89' lang='lat' dir='ltr'><strong>iudicis,</strong></span> <span class='ocrx_word' id='word_1_292' title='bbox 529 2551 603 2594; x_wconf 91' lang='lat' dir='ltr'><strong>qui,</strong></span> <span class='ocrx_word' id='word_1_293' title='bbox 628 2551 700 2584; x_wconf 89' lang='lat' dir='ltr'><strong>licet</strong></span> <span class='ocrx_word' id='word_1_294' title='bbox 722 2553 804 2583; x_wconf 90' lang='lat' dir='ltr'><strong>esset</strong></span> <span class='ocrx_word' id='word_1_295' title='bbox 835 2553 1019 2583; x_wconf 89' lang='lat' dir='ltr'><strong>mansuetus</strong></span> <span class='ocrx_word' id='word_1_296' title='bbox 1043 2549 1074 2582; x_wconf 88' lang='lat' dir='ltr'><strong>in</strong></span> <span class='ocrx_word' id='word_1_297' title='bbox 1100 2548 1262 2582; x_wconf 87' lang='lat' dir='ltr'><strong>tolerando</strong></span> 
     </span>
    </p>
   </div>
   <div class='ocr_carea' id='block_1_7' title="bbox 305 2737 1269 3478">
    <p class='ocr_par' dir='ltr' id='par_1_8' title="bbox 305 2737 1262 2813">
     <span class='ocr_line' id='line_1_44' title="bbox 376 2737 1262 2771; baseline -0.001 -8"><span class='ocrx_word' id='word_1_298' title='bbox 376 2737 385 2752; x_wconf 85' lang='lat'>²</span> <span class='ocrx_word' id='word_1_299' title='bbox 407 2739 482 2764; x_wconf 83' lang='lat' dir='ltr'><strong>Vers.</strong></span> <span class='ocrx_word' id='word_1_300' title='bbox 502 2739 531 2769; x_wconf 80' lang='lat' dir='ltr'><strong>l;</strong></span> <span class='ocrx_word' id='word_1_301' title='bbox 551 2739 596 2764; x_wconf 82' lang='lat' dir='ltr'><strong>cfr.</strong></span> <span class='ocrx_word' id='word_1_302' title='bbox 616 2744 696 2769; x_wconf 86' lang='lat' dir='ltr'><strong>supra</strong></span> <span class='ocrx_word' id='word_1_303' title='bbox 715 2744 778 2769; x_wconf 72' lang='lat' dir='ltr'><strong>pag.</strong></span> <span class='ocrx_word' id='word_1_304' title='bbox 798 2737 863 2769; x_wconf 80' lang='lat'><strong>430,</strong></span> <span class='ocrx_word' id='word_1_305' title='bbox 883 2741 943 2763; x_wconf 87' lang='lat' dir='ltr'><strong>nota</strong></span> <span class='ocrx_word' id='word_1_306' title='bbox 967 2738 989 2763; x_wconf 81' lang='lat' dir='ltr'><strong>t.</strong></span> <span class='ocrx_word' id='word_1_307' title='bbox 1002 2751 1037 2757; x_wconf 90' lang='lat'><em>—</em></span> <span class='ocrx_word' id='word_1_308' title='bbox 1050 2738 1108 2764; x_wconf 87' lang='lat' dir='ltr'><strong>Duo</strong></span> <span class='ocrx_word' id='word_1_309' title='bbox 1126 2745 1202 2771; x_wconf 84' lang='lat' dir='ltr'><strong>seqq.</strong></span> <span class='ocrx_word' id='word_1_310' title='bbox 1215 2737 1262 2763; x_wconf 79' lang='lat' dir='ltr'><strong>loci</strong></span> 
     </span>
     <span class='ocr_line' id='line_1_45' title="bbox 305 2782 792 2813; baseline -0.004 -4"><span class='ocrx_word' id='word_1_311' title='bbox 305 2787 365 2809; x_wconf 89' lang='lat' dir='ltr'><strong>sunt</strong></span> <span class='ocrx_word' id='word_1_312' title='bbox 382 2783 427 2809; x_wconf 87' lang='lat' dir='ltr'><strong>lob</strong></span> <span class='ocrx_word' id='word_1_313' title='bbox 448 2782 478 2813; x_wconf 72' lang='lat'><strong>4,</strong></span> <span class='ocrx_word' id='word_1_314' title='bbox 498 2783 541 2808; x_wconf 83' lang='lat'><strong>20.</strong></span> <span class='ocrx_word' id='word_1_315' title='bbox 560 2786 585 2808; x_wconf 88' lang='lat' dir='ltr'><strong>et</strong></span> <span class='ocrx_word' id='word_1_316' title='bbox 604 2783 680 2808; x_wconf 85' lang='lat' dir='ltr'><strong>Rom.</strong></span> <span class='ocrx_word' id='word_1_317' title='bbox 701 2783 710 2807; x_wconf 77' lang='grc'>1</span> <span class='ocrx_word' id='word_1_318' title='bbox 723 2801 730 2813; x_wconf 84' lang='lat'><em>‚</em></span> <span class='ocrx_word' id='word_1_319' title='bbox 751 2782 792 2807; x_wconf 82' lang='lat'><strong>28.</strong></span> 
     </span>
    </p>

    <p class='ocr_par' dir='ltr' id='par_1_9' title="bbox 377 2824 1224 2859">
     <span class='ocr_line' id='line_1_46' title="bbox 377 2824 1224 2859; baseline -0.001 -8"><span class='ocrx_word' id='word_1_320' title='bbox 377 2825 387 2840; x_wconf 84' lang='lat'>²</span> <span class='ocrx_word' id='word_1_321' title='bbox 409 2826 482 2851; x_wconf 85' lang='lat' dir='ltr'><strong>Vers.</strong></span> <span class='ocrx_word' id='word_1_322' title='bbox 503 2827 527 2851; x_wconf 85' lang='grc'><strong>8.</strong></span> <span class='ocrx_word' id='word_1_323' title='bbox 546 2829 572 2851; x_wconf 90' lang='lat' dir='ltr'><strong>et</strong></span> <span class='ocrx_word' id='word_1_324' title='bbox 591 2826 615 2851; x_wconf 81' lang='lat'><strong>9.</strong></span> <span class='ocrx_word' id='word_1_325' title='bbox 635 2839 670 2844; x_wconf 97' lang='lat'>—</span> <span class='ocrx_word' id='word_1_326' title='bbox 690 2825 817 2857; x_wconf 84' lang='lat' dir='ltr'><strong>Superius</strong></span> <span class='ocrx_word' id='word_1_327' title='bbox 835 2832 883 2857; x_wconf 85' lang='lat' dir='ltr'><strong>pro</strong></span> <span class='ocrx_word' id='word_1_328' title='bbox 902 2827 928 2852; x_wconf 83' lang='lat' dir='ltr'><strong>et</strong></span> <span class='ocrx_word' id='word_1_329' title='bbox 945 2825 995 2851; x_wconf 86' lang='lat' dir='ltr'><strong>hoc</strong></span> <span class='ocrx_word' id='word_1_330' title='bbox 1014 2826 1064 2851; x_wconf 78' lang='lat' dir='ltr'><strong>Vat</strong></span> <span class='ocrx_word' id='word_1_331' title='bbox 1083 2824 1147 2859; x_wconf 80' lang='lat' dir='ltr'><strong>quia</strong></span> <span class='ocrx_word' id='word_1_332' title='bbox 1166 2825 1224 2852; x_wconf 85' lang='lat' dir='ltr'><strong>hoc.</strong></span> 
     </span>
    </p>

    <p class='ocr_par' dir='ltr' id='par_1_10' title="bbox 306 2869 1266 2948">
     <span class='ocr_line' id='line_1_47' title="bbox 377 2869 1266 2901; baseline -0.002 -5"><span class='ocrx_word' id='word_1_333' title='bbox 377 2870 387 2885; x_wconf 78' lang='lat'>³</span> <span class='ocrx_word' id='word_1_334' title='bbox 407 2871 483 2896; x_wconf 83' lang='lat' dir='ltr'><strong>Vers.</strong></span> <span class='ocrx_word' id='word_1_335' title='bbox 503 2871 544 2896; x_wconf 73' lang='lat'><strong>⁴6.</strong></span> <span class='ocrx_word' id='word_1_336' title='bbox 564 2874 590 2896; x_wconf 90' lang='lat' dir='ltr'><strong>et</strong></span> <span class='ocrx_word' id='word_1_337' title='bbox 608 2870 704 2896; x_wconf 86' lang='lat' dir='ltr'><strong>deiude</strong></span> <span class='ocrx_word' id='word_1_338' title='bbox 724 2870 792 2896; x_wconf 85' lang='lat' dir='ltr'><strong>loan.</strong></span> <span class='ocrx_word' id='word_1_339' title='bbox 811 2870 842 2901; x_wconf 87' lang='lat'><strong>3,</strong></span> <span class='ocrx_word' id='word_1_340' title='bbox 863 2870 910 2901; x_wconf 71' lang='lat'><strong>⁴8,</strong></span> <span class='ocrx_word' id='word_1_341' title='bbox 930 2870 955 2895; x_wconf 93' lang='lat' dir='ltr'><strong>in</strong></span> <span class='ocrx_word' id='word_1_342' title='bbox 976 2870 1051 2895; x_wconf 86' lang='lat' dir='ltr'><strong>cuius</strong></span> <span class='ocrx_word' id='word_1_343' title='bbox 1070 2870 1120 2895; x_wconf 82' lang='lat' dir='ltr'><strong>tine</strong></span> <span class='ocrx_word' id='word_1_344' title='bbox 1140 2876 1187 2901; x_wconf 90' lang='lat' dir='ltr'><strong>pro</strong></span> <span class='ocrx_word' id='word_1_345' title='bbox 1202 2869 1266 2896; x_wconf 77' lang='lat' dir='ltr'><strong>Filii</strong></span> 
     </span>
     <span class='ocr_line' id='line_1_48' title="bbox 306 2914 653 2948; baseline -0.006 -6"><span class='ocrx_word' id='word_1_346' title='bbox 306 2915 364 2942; x_wconf 72' lang='lat' dir='ltr'><strong>eius</strong></span> <span class='ocrx_word' id='word_1_347' title='bbox 383 2916 495 2948; x_wconf 81' lang='lat' dir='ltr'><strong>Vulgata</strong></span> <span class='ocrx_word' id='word_1_348' title='bbox 515 2914 579 2942; x_wconf 76' lang='lat' dir='ltr'><strong>Filii</strong></span> <span class='ocrx_word' id='word_1_349' title='bbox 597 2914 653 2941; x_wconf 77' lang='lat' dir='ltr'><strong>Dei.</strong></span> 
     </span>
    </p>

    <p class='ocr_par' dir='ltr' id='par_1_11' title="bbox 378 2958 683 2991">
     <span class='ocr_line' id='line_1_49' title="bbox 378 2958 683 2991; baseline -0.003 -6"><span class='ocrx_word' id='word_1_350' title='bbox 378 2958 389 2973; x_wconf 77' lang='lat'><strong>⁴</strong></span> <span class='ocrx_word' id='word_1_351' title='bbox 409 2959 476 2985; x_wconf 91' lang='lat' dir='ltr'><strong>Vide</strong></span> <span class='ocrx_word' id='word_1_352' title='bbox 494 2966 573 2991; x_wconf 84' lang='lat' dir='ltr'><strong>supra</strong></span> <span class='ocrx_word' id='word_1_353' title='bbox 593 2966 619 2985; x_wconf 90' lang='lat' dir='ltr'><strong>n.</strong></span> <span class='ocrx_word' id='word_1_354' title='bbox 639 2959 683 2985; x_wconf 77' lang='lat'><strong>43.</strong></span> 
     </span>
    </p>

    <p class='ocr_par' dir='ltr' id='par_1_12' title="bbox 307 3001 1266 3080">
     <span class='ocr_line' id='line_1_50' title="bbox 378 3001 1266 3035; baseline -0.002 -6"><span class='ocrx_word' id='word_1_355' title='bbox 378 3003 389 3017; x_wconf 82' lang='lat'>⁵</span> <span class='ocrx_word' id='word_1_356' title='bbox 408 3004 483 3029; x_wconf 79' lang='lat' dir='ltr'><strong>Vei-s.</strong></span> <span class='ocrx_word' id='word_1_357' title='bbox 502 3004 528 3029; x_wconf 89' lang='lat'><strong>8.</strong></span> <span class='ocrx_word' id='word_1_358' title='bbox 546 3003 598 3029; x_wconf 78' lang='lat' dir='ltr'><strong>Ctr.</strong></span> <span class='ocrx_word' id='word_1_359' title='bbox 616 3003 641 3028; x_wconf 87' lang='lat' dir='ltr'><strong>S.</strong></span> <span class='ocrx_word' id='word_1_360' title='bbox 662 3004 770 3035; x_wconf 66' lang='lat' dir='ltr'><strong>Bonav„</strong></span> <span class='ocrx_word' id='word_1_361' title='bbox 789 3002 879 3029; x_wconf 88' lang='lat' dir='ltr'><strong>Collat.</strong></span> <span class='ocrx_word' id='word_1_362' title='bbox 904 3003 948 3029; x_wconf 80' lang='lat'><strong>56.</strong></span> <span class='ocrx_word' id='word_1_363' title='bbox 967 3002 992 3028; x_wconf 90' lang='lat' dir='ltr'><strong>iu</strong></span> <span class='ocrx_word' id='word_1_364' title='bbox 1022 3003 1091 3028; x_wconf 91' lang='lat' dir='ltr'><strong>Ioan.</strong></span> <span class='ocrx_word' id='word_1_365' title='bbox 1122 3009 1148 3028; x_wconf 85' lang='lat' dir='ltr'><strong>n.</strong></span> <span class='ocrx_word' id='word_1_366' title='bbox 1169 3002 1200 3032; x_wconf 90' lang='grc'><strong>3,</strong></span> <span class='ocrx_word' id='word_1_367' title='bbox 1220 3001 1266 3027; x_wconf 86' lang='lat' dir='ltr'><strong>ubi</strong></span> 
     </span>
     <span class='ocr_line' id='line_1_51' title="bbox 307 3048 512 3080; baseline -0.005 -6"><span class='ocrx_word' id='word_1_368' title='bbox 307 3048 377 3075; x_wconf 86' lang='lat' dir='ltr'><strong>idem</strong></span> <span class='ocrx_word' id='word_1_369' title='bbox 397 3048 512 3080; x_wconf 87' lang='lat' dir='ltr'><strong>ponitur.</strong></span> 
     </span>
    </p>

    <p class='ocr_par' dir='ltr' id='par_1_13' title="bbox 307 3090 1269 3478">
     <span class='ocr_line' id='line_1_52' title="bbox 378 3090 1266 3123; baseline -0.003 -6"><span class='ocrx_word' id='word_1_370' title='bbox 378 3091 389 3106; x_wconf 81' lang='lat'>⁶</span> <span class='ocrx_word' id='word_1_371' title='bbox 410 3092 483 3117; x_wconf 81' lang='lat' dir='ltr'><strong>Vers.</strong></span> <span class='ocrx_word' id='word_1_372' title='bbox 509 3092 550 3117; x_wconf 75' lang='grc'><strong>49.</strong></span> <span class='ocrx_word' id='word_1_373' title='bbox 569 3105 604 3111; x_wconf 90' lang='lat'><strong>-—</strong></span> <span class='ocrx_word' id='word_1_374' title='bbox 623 3090 765 3123; x_wconf 71' lang='lat' dir='ltr'><strong>chrysost„</strong></span> <span class='ocrx_word' id='word_1_375' title='bbox 794 3090 889 3116; x_wconf 89' lang='lat' dir='ltr'><strong>IIomiI.</strong></span> <span class='ocrx_word' id='word_1_376' title='bbox 918 3091 958 3116; x_wconf 81' lang='lat'><strong>38.</strong></span> <span class='ocrx_word' id='word_1_377' title='bbox 990 3090 1015 3115; x_wconf 88' lang='lat' dir='ltr'><strong>in</strong></span> <span class='ocrx_word' id='word_1_378' title='bbox 1041 3090 1130 3116; x_wconf 87' lang='lat' dir='ltr'><strong>Matth.</strong></span> <span class='ocrx_word' id='word_1_379' title='bbox 1155 3090 1204 3120; x_wconf 82' lang='lat'><strong>2¹,</strong></span> <span class='ocrx_word' id='word_1_380' title='bbox 1224 3090 1266 3115; x_wconf 69' lang='lat'><strong>⁴2.</strong></span> 
     </span>
     <span class='ocr_line' id='line_1_53' title="bbox 309 3134 1265 3170; baseline -0.003 -8"><span class='ocrx_word' id='word_1_381' title='bbox 309 3137 368 3170; x_wconf 87' lang='lat' dir='ltr'><strong>(Op.</strong></span> <span class='ocrx_word' id='word_1_382' title='bbox 386 3137 559 3169; x_wconf 75' lang='lat' dir='ltr'><strong>imperfect.&gt;:</strong></span> <span class='ocrx_word' id='word_1_383' title='bbox 578 3136 632 3162; x_wconf 87' lang='lat' dir='ltr'><strong>IIoc</strong></span> <span class='ocrx_word' id='word_1_384' title='bbox 645 3139 700 3161; x_wconf 88' lang='lat' dir='ltr'><strong>erat</strong></span> <span class='ocrx_word' id='word_1_385' title='bbox 713 3135 848 3168; x_wconf 87' lang='lat' dir='ltr'><strong>proprium</strong></span> <span class='ocrx_word' id='word_1_386' title='bbox 869 3134 931 3161; x_wconf 79' lang='lat' dir='ltr'><strong>boni</strong></span> <span class='ocrx_word' id='word_1_387' title='bbox 948 3134 1006 3169; x_wconf 75' lang='lat' dir='ltr'><strong>filii,</strong></span> <span class='ocrx_word' id='word_1_388' title='bbox 1026 3138 1093 3160; x_wconf 81' lang='lat' dir='ltr'><strong>utet</strong></span> <span class='ocrx_word' id='word_1_389' title='bbox 1111 3134 1220 3160; x_wconf 81' lang='lat' dir='ltr'><strong>veniens</strong></span> <span class='ocrx_word' id='word_1_390' title='bbox 1232 3134 1265 3159; x_wconf 92' lang='lat' dir='ltr'><strong>ad</strong></span> 
     </span>
     <span class='ocr_line' id='line_1_54' title="bbox 307 3177 1268 3211; baseline -0.003 -5"><span class='ocrx_word' id='word_1_391' title='bbox 307 3181 418 3207; x_wconf 88' lang='lat' dir='ltr'><strong>domum</strong></span> <span class='ocrx_word' id='word_1_392' title='bbox 437 3182 554 3206; x_wconf 83' lang='lat' dir='ltr'><strong>curreret</strong></span> <span class='ocrx_word' id='word_1_393' title='bbox 581 3180 663 3205; x_wconf 83' lang='lat' dir='ltr'><strong>Patris</strong></span> <span class='ocrx_word' id='word_1_394' title='bbox 691 3184 717 3205; x_wconf 91' lang='lat' dir='ltr'><strong>et</strong></span> <span class='ocrx_word' id='word_1_395' title='bbox 744 3179 778 3205; x_wconf 93' lang='lat' dir='ltr'><strong>illi</strong></span> <span class='ocrx_word' id='word_1_396' title='bbox 797 3181 923 3205; x_wconf 81' lang='lat' dir='ltr'><strong>honorem</strong></span> <span class='ocrx_word' id='word_1_397' title='bbox 953 3179 1089 3209; x_wconf 85' lang='lat' dir='ltr'><strong>redderet,</strong></span> <span class='ocrx_word' id='word_1_398' title='bbox 1112 3178 1158 3211; x_wconf 89' lang='lat' dir='ltr'><strong>qui</strong></span> <span class='ocrx_word' id='word_1_399' title='bbox 1178 3177 1268 3210; x_wconf 80' lang='lat' dir='ltr'><strong>genuit</strong></span> 
     </span>
     <span class='ocr_line' id='line_1_55' title="bbox 308 3222 1268 3256; baseline -0.004 -6"><span class='ocrx_word' id='word_1_400' title='bbox 308 3231 385 3256; x_wconf 88' lang='lat' dir='ltr'><strong>eum,</strong></span> <span class='ocrx_word' id='word_1_401' title='bbox 405 3227 433 3250; x_wconf 94' lang='lat' dir='ltr'><strong>ut</strong></span> <span class='ocrx_word' id='word_1_402' title='bbox 452 3227 492 3255; x_wconf 86' lang='lat' dir='ltr'><strong>tu,</strong></span> <span class='ocrx_word' id='word_1_403' title='bbox 512 3224 626 3249; x_wconf 81' lang='lat' dir='ltr'><strong>imitator</strong></span> <span class='ocrx_word' id='word_1_404' title='bbox 644 3223 738 3249; x_wconf 81' lang='lat' dir='ltr'><strong>Christi</strong></span> <span class='ocrx_word' id='word_1_405' title='bbox 759 3225 855 3254; x_wconf 84' lang='lat' dir='ltr'><strong>tactus,</strong></span> <span class='ocrx_word' id='word_1_406' title='bbox 875 3230 936 3248; x_wconf 89' lang='lat' dir='ltr'><strong>cum</strong></span> <span class='ocrx_word' id='word_1_407' title='bbox 954 3223 978 3248; x_wconf 92' lang='lat' dir='ltr'><strong>in</strong></span> <span class='ocrx_word' id='word_1_408' title='bbox 997 3223 1111 3255; x_wconf 81' lang='lat' dir='ltr'><strong>aliquam</strong></span> <span class='ocrx_word' id='word_1_409' title='bbox 1132 3222 1268 3253; x_wconf 79' lang='lat' dir='ltr'><strong>ingressus</strong></span> 
     </span>
     <span class='ocr_line' id='line_1_56' title="bbox 310 3266 1269 3300; baseline -0.003 -6"><span class='ocrx_word' id='word_1_410' title='bbox 310 3268 388 3294; x_wconf 79' lang='lat' dir='ltr'><strong>fueris</strong></span> <span class='ocrx_word' id='word_1_411' title='bbox 407 3268 548 3300; x_wconf 82' lang='lat' dir='ltr'><strong>civitatem,</strong></span> <span class='ocrx_word' id='word_1_412' title='bbox 568 3268 684 3300; x_wconf 87' lang='lat' dir='ltr'><strong>primum</strong></span> <span class='ocrx_word' id='word_1_413' title='bbox 703 3271 762 3293; x_wconf 89' lang='lat' dir='ltr'><strong>ante</strong></span> <span class='ocrx_word' id='word_1_414' title='bbox 780 3274 887 3293; x_wconf 85' lang='lat' dir='ltr'><strong>omnem</strong></span> <span class='ocrx_word' id='word_1_415' title='bbox 906 3270 995 3293; x_wconf 88' lang='lat' dir='ltr'><strong>actum</strong></span> <span class='ocrx_word' id='word_1_416' title='bbox 1014 3267 1046 3293; x_wconf 91' lang='lat' dir='ltr'><strong>ad</strong></span> <span class='ocrx_word' id='word_1_417' title='bbox 1061 3266 1197 3292; x_wconf 86' lang='lat' dir='ltr'><strong>ecclesiam</strong></span> <span class='ocrx_word' id='word_1_418' title='bbox 1211 3272 1269 3291; x_wconf 90' lang='lat' dir='ltr'><strong>cur-</strong></span> 
     </span>
     <span class='ocr_line' id='line_1_57' title="bbox 309 3302 1267 3344; baseline -0.003 -6"><span class='ocrx_word' id='word_1_419' title='bbox 309 3319 361 3338; x_wconf 83' lang='lat' dir='ltr'><strong>ras.</strong></span> <span class='ocrx_word' id='word_1_420' title='bbox 380 3312 434 3338; x_wconf 81' lang='lat' dir='ltr'><strong>Hoc</strong></span> <span class='ocrx_word' id='word_1_421' title='bbox 453 3315 508 3338; x_wconf 88' lang='lat' dir='ltr'><strong>erat</strong></span> <span class='ocrx_word' id='word_1_422' title='bbox 527 3310 590 3338; x_wconf 79' lang='lat' dir='ltr'><strong>bom&#39;</strong></span> <span class='ocrx_word' id='word_1_423' title='bbox 607 3311 717 3344; x_wconf 82' lang='lat' dir='ltr'><strong>medici,</strong></span> <span class='ocrx_word' id='word_1_424' title='bbox 737 3315 766 3337; x_wconf 91' lang='lat' dir='ltr'><strong>ut</strong></span> <span class='ocrx_word' id='word_1_425' title='bbox 778 3312 913 3343; x_wconf 80' lang='lat' dir='ltr'><strong>ingressus</strong></span> <span class='ocrx_word' id='word_1_426' title='bbox 931 3310 965 3336; x_wconf 90' lang='lat' dir='ltr'><strong>ad</strong></span> <span class='ocrx_word' id='word_1_427' title='bbox 985 3310 1116 3336; x_wconf 87' lang='lat' dir='ltr'><strong>inssrmam</strong></span> <span class='ocrx_word' id='word_1_428' title='bbox 1130 3302 1267 3336; x_wconf 64' lang='lat' dir='ltr'><strong>&gt;civitatem</strong></span> 
     </span>
     <span class='ocr_line' id='line_1_58' title="bbox 309 3354 1269 3389; baseline -0.005 -5"><span class='ocrx_word' id='word_1_429' title='bbox 309 3357 463 3384; x_wconf 76' lang='lat' dir='ltr'><strong>salvandam</strong></span> <span class='ocrx_word' id='word_1_430' title='bbox 483 3356 599 3389; x_wconf 86' lang='lat' dir='ltr'><strong>primum</strong></span> <span class='ocrx_word' id='word_1_431' title='bbox 615 3356 648 3383; x_wconf 87' lang='lat' dir='ltr'><strong>ad</strong></span> <span class='ocrx_word' id='word_1_432' title='bbox 661 3356 791 3388; x_wconf 75' lang='lat' dir='ltr'><strong>originem</strong></span> <span class='ocrx_word' id='word_1_433' title='bbox 811 3355 940 3388; x_wconf 81' lang='lat' dir='ltr'><strong>passionis</strong></span> <span class='ocrx_word' id='word_1_434' title='bbox 954 3355 1107 3381; x_wconf 82' lang='lat' dir='ltr'><strong>intenderet.</strong></span> <span class='ocrx_word' id='word_1_435' title='bbox 1121 3355 1186 3381; x_wconf 86' lang='lat' dir='ltr'><strong>Nam</strong></span> <span class='ocrx_word' id='word_1_436' title='bbox 1200 3354 1269 3380; x_wconf 82' lang='lat' dir='ltr'><strong>sieut</strong></span> 
     </span>
     <span class='ocr_line' id='line_1_59' title="bbox 310 3397 1269 3434; baseline -0.004 -8"><span class='ocrx_word' id='word_1_437' title='bbox 310 3401 344 3427; x_wconf 87' lang='lat' dir='ltr'><strong>de</strong></span> <span class='ocrx_word' id='word_1_438' title='bbox 364 3401 462 3433; x_wconf 86' lang='lat' dir='ltr'><strong>templo</strong></span> <span class='ocrx_word' id='word_1_439' title='bbox 488 3399 576 3434; x_wconf 86' lang='lat' dir='ltr'><strong>[bonis</strong></span> <span class='ocrx_word' id='word_1_440' title='bbox 599 3399 791 3434; x_wconf 85' lang='lat' dir='ltr'><strong>sacerdotibus]</strong></span> <span class='ocrx_word' id='word_1_441' title='bbox 820 3407 899 3425; x_wconf 87' lang='lat' dir='ltr'><strong>omne</strong></span> <span class='ocrx_word' id='word_1_442' title='bbox 927 3399 1027 3425; x_wconf 89' lang='lat' dir='ltr'><strong>bonum</strong></span> <span class='ocrx_word' id='word_1_443' title='bbox 1056 3398 1206 3431; x_wconf 80' lang='lat' dir='ltr'><strong>egreditur,</strong></span> <span class='ocrx_word' id='word_1_444' title='bbox 1231 3397 1269 3423; x_wconf 87' lang='lat' dir='ltr'><strong>sie</strong></span> 
     </span>
     <span class='ocr_line' id='line_1_60' title="bbox 310 3442 1245 3478; baseline -0.004 -7"><span class='ocrx_word' id='word_1_445' title='bbox 310 3448 335 3471; x_wconf 86' lang='lat' dir='ltr'><strong>et</strong></span> <span class='ocrx_word' id='word_1_446' title='bbox 354 3445 387 3471; x_wconf 85' lang='lat' dir='ltr'><strong>de</strong></span> <span class='ocrx_word' id='word_1_447' title='bbox 406 3445 504 3477; x_wconf 84' lang='lat' dir='ltr'><strong>templo</strong></span> <span class='ocrx_word' id='word_1_448' title='bbox 524 3443 610 3478; x_wconf 85' lang='lat' dir='ltr'><strong>[malis</strong></span> <span class='ocrx_word' id='word_1_449' title='bbox 628 3443 823 3478; x_wconf 82' lang='lat' dir='ltr'><strong>sacerdotibus]</strong></span> <span class='ocrx_word' id='word_1_450' title='bbox 841 3451 921 3470; x_wconf 89' lang='lat' dir='ltr'><strong>omne</strong></span> <span class='ocrx_word' id='word_1_451' title='bbox 939 3443 1037 3470; x_wconf 89' lang='lat' dir='ltr'><strong>malum</strong></span> <span class='ocrx_word' id='word_1_452' title='bbox 1058 3442 1178 3475; x_wconf 85' lang='lat' dir='ltr'><strong>procedit</strong></span> <span class='ocrx_word' id='word_1_453' title='bbox 1196 3446 1245 3467; x_wconf 88' lang='lat' dir='ltr'><strong>etc.</strong></span> 
     </span>
    </p>
   </div>
   <div class='ocr_carea' id='block_1_8' title="bbox 871 284 1686 318">
    <p class='ocr_par' dir='ltr' id='par_1_14' title="bbox 871 284 1686 318">
     <span class='ocr_line' id='line_1_61' title="bbox 871 284 1686 318; baseline -0.002 0"><span class='ocrx_word' id='word_1_454' title='bbox 871 285 1064 318; x_wconf 87' lang='lat' dir='ltr'><strong>COMMENT.</strong></span> <span class='ocrx_word' id='word_1_455' title='bbox 1091 285 1128 318; x_wconf 87' lang='lat' dir='ltr'><strong>IN</strong></span> <span class='ocrx_word' id='word_1_456' title='bbox 1153 285 1390 318; x_wconf 85' lang='lat' dir='ltr'><strong>EVANGELIUM</strong></span> <span class='ocrx_word' id='word_1_457' title='bbox 1414 284 1532 317; x_wconf 78' lang='lat' dir='ltr'><strong>LUCAE</strong></span> <span class='ocrx_word' id='word_1_458' title='bbox 1555 284 1586 316; x_wconf 90' lang='lat' dir='ltr'><strong>C.</strong></span> <span class='ocrx_word' id='word_1_459' title='bbox 1611 284 1686 316; x_wconf 89' lang='lat' dir='ltr'><strong>XIX.</strong></span> 
     </span>
    </p>
   </div>
   <div class='ocr_carea' id='block_1_9' title="bbox 1314 371 2277 679">
    <p class='ocr_par' dir='ltr' id='par_1_15' title="bbox 1314 371 2277 679">
     <span class='ocr_line' id='line_1_62' title="bbox 1316 371 2276 415; baseline 0.001 -10"><span class='ocrx_word' id='word_1_460' title='bbox 1316 372 1462 406; x_wconf 88' lang='lat' dir='ltr'><strong>iniuriam</strong></span> <span class='ocrx_word' id='word_1_461' title='bbox 1487 372 1667 415; x_wconf 89' lang='lat' dir='ltr'><strong>propriam,</strong></span> <span class='ocrx_word' id='word_1_462' title='bbox 1692 372 1865 405; x_wconf 88' lang='lat' dir='ltr'><strong>secundum</strong></span> <span class='ocrx_word' id='word_1_463' title='bbox 1900 371 1978 405; x_wconf 83' lang='lat' dir='ltr'><strong>illud</strong></span> <span class='ocrx_word' id='word_1_464' title='bbox 2003 372 2150 406; x_wconf 88' lang='lat' dir='ltr'><strong>Ieremiae</strong></span> <span class='ocrx_word' id='word_1_465' title='bbox 2176 373 2276 406; x_wconf 87' lang='lat' dir='ltr'><strong>unde-</strong></span> 
     </span>
     <span class='ocr_line' id='line_1_63' title="bbox 1315 424 2276 467; baseline 0 -9"><span class='ocrx_word' id='word_1_466' title='bbox 1315 425 1439 458; x_wconf 74' lang='lat' dir='ltr'><strong>cim0⁶:</strong></span> <span class='ocrx_word' id='word_1_467' title='bbox 1469 438 1484 453; x_wconf 75' lang='grc' dir='ltr'>α</span> <span class='ocrx_word' id='word_1_468' title='bbox 1502 425 1537 457; x_wconf 91' lang='lat' dir='ltr'><strong>Et</strong></span> <span class='ocrx_word' id='word_1_469' title='bbox 1560 433 1618 467; x_wconf 88' lang='lat' dir='ltr'><strong>ego</strong></span> <span class='ocrx_word' id='word_1_470' title='bbox 1641 424 1731 466; x_wconf 82' lang='lat' dir='ltr'><strong>quasi</strong></span> <span class='ocrx_word' id='word_1_471' title='bbox 1755 433 1856 467; x_wconf 84' lang='lat' dir='ltr'><strong>agnus</strong></span> <span class='ocrx_word' id='word_1_472' title='bbox 1872 428 2074 464; x_wconf 91' lang='lat' dir='ltr'><strong>mansuetus,</strong></span> <span class='ocrx_word' id='word_1_473' title='bbox 2090 425 2145 467; x_wconf 89' lang='lat' dir='ltr'><strong>qui</strong></span> <span class='ocrx_word' id='word_1_474' title='bbox 2170 429 2276 467; x_wconf 89' lang='lat' dir='ltr'><strong>porta-</strong></span> 
     </span>
     <span class='ocr_line' id='line_1_64' title="bbox 1316 476 2275 516; baseline 0 -5"><span class='ocrx_word' id='word_1_475' title='bbox 1316 481 1369 511; x_wconf 89' lang='lat' dir='ltr'><strong>tur</strong></span> <span class='ocrx_word' id='word_1_476' title='bbox 1391 478 1431 511; x_wconf 91' lang='lat' dir='ltr'><strong>ad</strong></span> <span class='ocrx_word' id='word_1_477' title='bbox 1466 477 1626 511; x_wconf 83' lang='lat' dir='ltr'><strong>victirnam</strong></span> <span class='ocrx_word' id='word_1_478' title='bbox 1644 489 1676 516; x_wconf 75' lang='lat'><strong>»;</strong></span> <span class='ocrx_word' id='word_1_479' title='bbox 1713 480 1816 510; x_wconf 84' lang='lat' dir='ltr'><strong>tamen</strong></span> <span class='ocrx_word' id='word_1_480' title='bbox 1847 476 1878 510; x_wconf 94' lang='lat' dir='ltr'><strong>in</strong></span> <span class='ocrx_word' id='word_1_481' title='bbox 1915 477 2096 510; x_wconf 90' lang='lat' dir='ltr'><strong>ulciscendo</strong></span> <span class='ocrx_word' id='word_1_482' title='bbox 2126 477 2275 511; x_wconf 91' lang='lat' dir='ltr'><strong>iniuriam</strong></span> 
     </span>
     <span class='ocr_line' id='line_1_65' title="bbox 1314 527 2276 574; baseline -0.001 -9"><span class='ocrx_word' id='word_1_483' title='bbox 1314 532 1451 565; x_wconf 91' lang='lat' dir='ltr'><strong>divinam</strong></span> <span class='ocrx_word' id='word_1_484' title='bbox 1474 531 1534 564; x_wconf 86' lang='lat' dir='ltr'><strong>fuit</strong></span> <span class='ocrx_word' id='word_1_485' title='bbox 1558 540 1690 564; x_wconf 87' lang='lat' dir='ltr'><strong>severus</strong></span> <span class='ocrx_word' id='word_1_486' title='bbox 1713 530 1811 564; x_wconf 82' lang='lat' dir='ltr'><strong>iudex</strong></span> <span class='ocrx_word' id='word_1_487' title='bbox 1846 534 1878 564; x_wconf 89' lang='lat' dir='ltr'><strong>et</strong></span> <span class='ocrx_word' id='word_1_488' title='bbox 1912 531 2027 564; x_wconf 77' lang='lat' dir='ltr'><strong>iustus,</strong></span> <span class='ocrx_word' id='word_1_489' title='bbox 2052 531 2089 564; x_wconf 89' lang='lat' dir='ltr'><strong>Et</strong></span> <span class='ocrx_word' id='word_1_490' title='bbox 2111 527 2187 574; x_wconf 87' lang='lat' dir='ltr'><strong>quia</strong></span> <span class='ocrx_word' id='word_1_491' title='bbox 2210 540 2276 564; x_wconf 90' lang='lat' dir='ltr'><strong>ma-</strong></span> 
     </span>
     <span class='ocr_line' id='line_1_66' title="bbox 1315 583 2277 627; baseline 0 -10"><span class='ocrx_word' id='word_1_492' title='bbox 1315 585 1402 627; x_wconf 81' lang='lat' dir='ltr'><strong>xIma</strong></span> <span class='ocrx_word' id='word_1_493' title='bbox 1424 584 1541 617; x_wconf 90' lang='lat' dir='ltr'><strong>iniuria</strong></span> <span class='ocrx_word' id='word_1_494' title='bbox 1563 584 1619 617; x_wconf 90' lang='lat' dir='ltr'><strong>Dei</strong></span> <span class='ocrx_word' id='word_1_495' title='bbox 1643 587 1708 623; x_wconf 90' lang='lat' dir='ltr'><strong>est,</strong></span> <span class='ocrx_word' id='word_1_496' title='bbox 1732 592 1805 617; x_wconf 90' lang='lat' dir='ltr'><strong>cum</strong></span> <span class='ocrx_word' id='word_1_497' title='bbox 1835 583 2081 623; x_wconf 88' lang='lat' dir='ltr'><strong>dehonestatur,</strong></span> <span class='ocrx_word' id='word_1_498' title='bbox 2105 584 2161 617; x_wconf 89' lang='lat' dir='ltr'><strong>ubi</strong></span> <span class='ocrx_word' id='word_1_499' title='bbox 2184 584 2277 618; x_wconf 89' lang='lat' dir='ltr'><strong>debet</strong></span> 
     </span>
     <span class='ocr_line' id='line_1_67' title="bbox 1314 629 2277 679; baseline 0 -9"><span class='ocrx_word' id='word_1_500' title='bbox 1314 637 1482 676; x_wconf 89' lang='lat' dir='ltr'><strong>honorari;</strong></span> <span class='ocrx_word' id='word_1_501' title='bbox 1507 637 1577 670; x_wconf 90' lang='lat' dir='ltr'><strong>ideo</strong></span> <span class='ocrx_word' id='word_1_502' title='bbox 1600 637 1735 676; x_wconf 80' lang='lat' dir='ltr'><strong>dIcitur,</strong></span> <span class='ocrx_word' id='word_1_503' title='bbox 1759 636 1845 679; x_wconf 92' lang='lat' dir='ltr'><strong>quod</strong></span> <span class='ocrx_word' id='word_1_504' title='bbox 1868 629 2112 679; x_wconf 66' lang='lat' dir='ltr'><strong>ingressu-sest</strong></span> <span class='ocrx_word' id='word_1_505' title='bbox 2134 636 2171 669; x_wconf 81' lang='lat' dir='ltr'><strong>in</strong></span> <span class='ocrx_word' id='word_1_506' title='bbox 2198 641 2277 670; x_wconf 81' lang='lat' dir='ltr'><strong>tem-</strong></span> 
     </span>
    </p>
   </div>
   <div class='ocr_carea' id='block_1_10' title="bbox 1311 689 2278 733">
    <p class='ocr_par' dir='ltr' id='par_1_16' title="bbox 1311 689 2278 733">
     <span class='ocr_line' id='line_1_68' title="bbox 1311 689 2278 733; baseline 0 -10"><span class='ocrx_word' id='word_1_507' title='bbox 1311 690 1425 733; x_wconf 81' lang='lat' dir='ltr'><strong>ptum,</strong></span> <span class='ocrx_word' id='word_1_508' title='bbox 1450 694 1487 723; x_wconf 90' lang='lat' dir='ltr'><strong>ut</strong></span> <span class='ocrx_word' id='word_1_509' title='bbox 1510 690 1551 723; x_wconf 89' lang='lat' dir='ltr'><strong>ibi</strong></span> <span class='ocrx_word' id='word_1_510' title='bbox 1576 690 1694 723; x_wconf 78' lang='lat' dir='ltr'><strong>faceret</strong></span> <span class='ocrx_word' id='word_1_511' title='bbox 1716 690 1887 729; x_wconf 90' lang='lat' dir='ltr'><strong>iudicium;</strong></span> <span class='ocrx_word' id='word_1_512' title='bbox 1911 689 1996 733; x_wconf 89' lang='lat' dir='ltr'><strong>quod</strong></span> <span class='ocrx_word' id='word_1_513' title='bbox 2012 689 2086 723; x_wconf 84' lang='lat' dir='ltr'><strong>fecit</strong></span> <span class='ocrx_word' id='word_1_514' title='bbox 2100 693 2132 723; x_wconf 90' lang='lat' dir='ltr'><strong>et</strong></span> <span class='ocrx_word' id='word_1_515' title='bbox 2148 689 2179 723; x_wconf 90' lang='lat' dir='ltr'><strong>in</strong></span> <span class='ocrx_word' id='word_1_516' title='bbox 2201 699 2278 723; x_wconf 87' lang='lat' dir='ltr'><strong>suae</strong></span> 
     </span>
    </p>
   </div>
   <div class='ocr_carea' id='block_1_11' title="bbox 1315 743 2293 2589">
    <p class='ocr_par' dir='ltr' id='par_1_17' title="bbox 1315 743 2293 2483">
     <span class='ocr_line' id='line_1_69' title="bbox 1315 743 2278 787; baseline -0.001 -10"><span class='ocrx_word' id='word_1_517' title='bbox 1315 744 1555 787; x_wconf 86' lang='lat' dir='ltr'><strong>praedicationis</strong></span> <span class='ocrx_word' id='word_1_518' title='bbox 1569 744 1716 783; x_wconf 70' lang='lat' dir='ltr'><strong>exordio,</strong></span> <span class='ocrx_word' id='word_1_519' title='bbox 1733 743 1907 777; x_wconf 89' lang='lat' dir='ltr'><strong>secundum</strong></span> <span class='ocrx_word' id='word_1_520' title='bbox 1925 743 2010 786; x_wconf 92' lang='lat' dir='ltr'><strong>quod</strong></span> <span class='ocrx_word' id='word_1_521' title='bbox 2023 746 2174 776; x_wconf 89' lang='lat' dir='ltr'><strong>narratur</strong></span> <span class='ocrx_word' id='word_1_522' title='bbox 2191 743 2278 776; x_wconf 90' lang='lat' dir='ltr'><strong>Ioan-</strong></span> 
     </span>
     <span class='ocr_line' id='line_1_70' title="bbox 1315 796 2277 839; baseline -0.001 -9"><span class='ocrx_word' id='word_1_523' title='bbox 1315 798 1364 830; x_wconf 89' lang='lat' dir='ltr'><strong>nis</strong></span> <span class='ocrx_word' id='word_1_524' title='bbox 1387 797 1550 831; x_wconf 86' lang='lat' dir='ltr'><strong>secundo⁷</strong></span> <span class='ocrx_word' id='word_1_525' title='bbox 1586 801 1657 839; x_wconf 89' lang='lat' dir='ltr'><strong>post</strong></span> <span class='ocrx_word' id='word_1_526' title='bbox 1680 797 1872 830; x_wconf 87' lang='lat' dir='ltr'><strong>miraculum</strong></span> <span class='ocrx_word' id='word_1_527' title='bbox 1902 796 1942 830; x_wconf 90' lang='lat' dir='ltr'><strong>de</strong></span> <span class='ocrx_word' id='word_1_528' title='bbox 1973 796 2148 830; x_wconf 88' lang='lat' dir='ltr'><strong>mutatione</strong></span> <span class='ocrx_word' id='word_1_529' title='bbox 2175 805 2277 839; x_wconf 88' lang='lat' dir='ltr'><strong>aquae</strong></span> 
     </span>
     <span class='ocr_line' id='line_1_71' title="bbox 1316 849 2277 893; baseline -0.002 -9"><span class='ocrx_word' id='word_1_530' title='bbox 1316 852 1348 884; x_wconf 90' lang='lat' dir='ltr'><strong>in</strong></span> <span class='ocrx_word' id='word_1_531' title='bbox 1373 851 1496 890; x_wconf 90' lang='lat' dir='ltr'><strong>vinum,</strong></span> <span class='ocrx_word' id='word_1_532' title='bbox 1520 853 1553 884; x_wconf 92' lang='lat' dir='ltr'><strong>et</strong></span> <span class='ocrx_word' id='word_1_533' title='bbox 1575 851 1607 883; x_wconf 92' lang='lat' dir='ltr'><strong>in</strong></span> <span class='ocrx_word' id='word_1_534' title='bbox 1632 850 1771 884; x_wconf 75' lang='lat' dir='ltr'><strong>termino</strong></span> <span class='ocrx_word' id='word_1_535' title='bbox 1794 853 1864 893; x_wconf 90' lang='lat' dir='ltr'><strong>post</strong></span> <span class='ocrx_word' id='word_1_536' title='bbox 1888 850 2081 883; x_wconf 87' lang='lat' dir='ltr'><strong>miraculum</strong></span> <span class='ocrx_word' id='word_1_537' title='bbox 2104 849 2143 883; x_wconf 89' lang='lat' dir='ltr'><strong>de</strong></span> <span class='ocrx_word' id='word_1_538' title='bbox 2159 850 2277 883; x_wconf 87' lang='lat' dir='ltr'><strong>Lazaro</strong></span> 
     </span>
     <span class='ocr_line' id='line_1_72' title="bbox 1317 902 2279 943; baseline -0.001 -7"><span class='ocrx_word' id='word_1_539' title='bbox 1317 904 1484 943; x_wconf 87' lang='lat' dir='ltr'><strong>suscitato,</strong></span> <span class='ocrx_word' id='word_1_540' title='bbox 1509 908 1545 937; x_wconf 85' lang='lat' dir='ltr'><strong>ut</strong></span> <span class='ocrx_word' id='word_1_541' title='bbox 1568 903 1612 937; x_wconf 89' lang='lat' dir='ltr'><strong>sic</strong></span> <span class='ocrx_word' id='word_1_542' title='bbox 1640 903 1823 937; x_wconf 80' lang='lat' dir='ltr'><strong>verificetur</strong></span> <span class='ocrx_word' id='word_1_543' title='bbox 1855 903 1934 936; x_wconf 91' lang='lat' dir='ltr'><strong>illud</strong></span> <span class='ocrx_word' id='word_1_544' title='bbox 1966 902 2123 936; x_wconf 68' lang='lat' dir='ltr'><strong>Psalmiss:</strong></span> <span class='ocrx_word' id='word_1_545' title='bbox 2153 915 2169 932; x_wconf 73' lang='grc' dir='ltr'><strong>α</strong></span> <span class='ocrx_word' id='word_1_546' title='bbox 2185 902 2279 939; x_wconf 80' lang='lat' dir='ltr'><strong>Zetus</strong></span> 
     </span>
     <span class='ocr_line' id='line_1_73' title="bbox 1317 955 2277 995; baseline 0 -6"><span class='ocrx_word' id='word_1_547' title='bbox 1317 956 1429 990; x_wconf 91' lang='lat' dir='ltr'><strong>domus</strong></span> <span class='ocrx_word' id='word_1_548' title='bbox 1462 960 1536 990; x_wconf 87' lang='lat' dir='ltr'><strong>tuae</strong></span> <span class='ocrx_word' id='word_1_549' title='bbox 1570 956 1704 990; x_wconf 89' lang='lat' dir='ltr'><strong>comedit</strong></span> <span class='ocrx_word' id='word_1_550' title='bbox 1728 965 1779 990; x_wconf 90' lang='lat' dir='ltr'><strong>me</strong></span> <span class='ocrx_word' id='word_1_551' title='bbox 1795 970 1811 986; x_wconf 66' lang='grc' dir='ltr'><strong>ι)</strong></span> <span class='ocrx_word' id='word_1_552' title='bbox 1839 959 1910 995; x_wconf 89' lang='lat' dir='ltr'><strong>etc.;</strong></span> <span class='ocrx_word' id='word_1_553' title='bbox 1934 959 1966 989; x_wconf 90' lang='lat' dir='ltr'><strong>et</strong></span> <span class='ocrx_word' id='word_1_554' title='bbox 1988 955 2111 991; x_wconf 89' lang='lat' dir='ltr'><strong>loannis</strong></span> <span class='ocrx_word' id='word_1_555' title='bbox 2139 955 2277 989; x_wconf 89' lang='lat' dir='ltr'><strong>secundo</strong></span> 
     </span>
     <span class='ocr_line' id='line_1_74' title="bbox 1317 1008 2277 1049; baseline -0.001 -7"><span class='ocrx_word' id='word_1_556' title='bbox 1317 1010 1444 1049; x_wconf 92' lang='lat' dir='ltr'><strong>dicitur,</strong></span> <span class='ocrx_word' id='word_1_557' title='bbox 1461 1010 1521 1043; x_wconf 88' lang='lat' dir='ltr'><strong>hoc</strong></span> <span class='ocrx_word' id='word_1_558' title='bbox 1538 1013 1613 1043; x_wconf 90' lang='lat' dir='ltr'><strong>tunc</strong></span> <span class='ocrx_word' id='word_1_559' title='bbox 1630 1010 1826 1043; x_wconf 87' lang='lat' dir='ltr'><strong>verificatum</strong></span> <span class='ocrx_word' id='word_1_560' title='bbox 1843 1018 1922 1043; x_wconf 88' lang='lat' dir='ltr'><strong>esse.</strong></span> <span class='ocrx_word' id='word_1_561' title='bbox 1936 1028 1979 1033; x_wconf 89' lang='lat'>—</span> <span class='ocrx_word' id='word_1_562' title='bbox 1992 1009 2028 1042; x_wconf 89' lang='lat' dir='ltr'><strong>Et</strong></span> <span class='ocrx_word' id='word_1_563' title='bbox 2039 1008 2277 1048; x_wconf 89' lang='lat' dir='ltr'><strong>attendendum,</strong></span> 
     </span>
     <span class='ocr_line' id='line_1_75' title="bbox 1318 1061 2278 1105; baseline -0.002 -9"><span class='ocrx_word' id='word_1_564' title='bbox 1318 1063 1403 1105; x_wconf 84' lang='lat' dir='ltr'><strong>quod</strong></span> <span class='ocrx_word' id='word_1_565' title='bbox 1433 1063 1586 1096; x_wconf 89' lang='lat' dir='ltr'><strong>Dominus</strong></span> <span class='ocrx_word' id='word_1_566' title='bbox 1620 1063 1725 1096; x_wconf 85' lang='lat' dir='ltr'><strong>statim</strong></span> <span class='ocrx_word' id='word_1_567' title='bbox 1761 1065 1832 1105; x_wconf 90' lang='lat' dir='ltr'><strong>post</strong></span> <span class='ocrx_word' id='word_1_568' title='bbox 1859 1062 2130 1095; x_wconf 88' lang='lat' dir='ltr'><strong>annuntiationem</strong></span> <span class='ocrx_word' id='word_1_569' title='bbox 2162 1061 2278 1095; x_wconf 83' lang='lat' dir='ltr'><strong>excidii</strong></span> 
     </span>
     <span class='ocr_line' id='line_1_76' title="bbox 1318 1115 2279 1158; baseline -0.001 -10"><span class='ocrx_word' id='word_1_570' title='bbox 1318 1116 1485 1149; x_wconf 87' lang='lat' dir='ltr'><strong>Ierusalem</strong></span> <span class='ocrx_word' id='word_1_571' title='bbox 1510 1116 1639 1148; x_wconf 88' lang='lat' dir='ltr'><strong>intravit</strong></span> <span class='ocrx_word' id='word_1_572' title='bbox 1663 1116 1815 1158; x_wconf 89' lang='lat' dir='ltr'><strong>templum</strong></span> <span class='ocrx_word' id='word_1_573' title='bbox 1831 1115 1870 1148; x_wconf 88' lang='lat' dir='ltr'><strong>ad</strong></span> <span class='ocrx_word' id='word_1_574' title='bbox 1887 1115 2087 1158; x_wconf 88' lang='lat' dir='ltr'><strong>purgandum</strong></span> <span class='ocrx_word' id='word_1_575' title='bbox 2098 1141 2106 1154; x_wconf 94' lang='lat'><strong>‚</strong></span> <span class='ocrx_word' id='word_1_576' title='bbox 2123 1118 2160 1148; x_wconf 88' lang='lat' dir='ltr'><strong>ut</strong></span> <span class='ocrx_word' id='word_1_577' title='bbox 2175 1118 2279 1148; x_wconf 90' lang='lat' dir='ltr'><strong>osten-</strong></span> 
     </span>
     <span class='ocr_line' id='line_1_77' title="bbox 1317 1167 2281 1211; baseline -0.001 -10"><span class='ocrx_word' id='word_1_578' title='bbox 1317 1168 1387 1207; x_wconf 89' lang='lat' dir='ltr'><strong>dat,</strong></span> <span class='ocrx_word' id='word_1_579' title='bbox 1412 1168 1496 1211; x_wconf 88' lang='lat' dir='ltr'><strong>quod</strong></span> <span class='ocrx_word' id='word_1_580' title='bbox 1521 1168 1661 1201; x_wconf 84' lang='lat' dir='ltr'><strong>maxima</strong></span> <span class='ocrx_word' id='word_1_581' title='bbox 1683 1177 1779 1201; x_wconf 87' lang='lat' dir='ltr'><strong>causa</strong></span> <span class='ocrx_word' id='word_1_582' title='bbox 1801 1167 2025 1201; x_wconf 87' lang='lat' dir='ltr'><strong>destructionis</strong></span> <span class='ocrx_word' id='word_1_583' title='bbox 2047 1167 2117 1200; x_wconf 91' lang='lat' dir='ltr'><strong>eius</strong></span> <span class='ocrx_word' id='word_1_584' title='bbox 2132 1167 2193 1200; x_wconf 78' lang='lat' dir='ltr'><strong>fuit</strong></span> <span class='ocrx_word' id='word_1_585' title='bbox 2207 1175 2281 1210; x_wconf 89' lang='lat' dir='ltr'><strong>pec-</strong></span> 
     </span>
     <span class='ocr_line' id='line_1_78' title="bbox 1316 1221 2280 1254; baseline -0.001 0"><span class='ocrx_word' id='word_1_586' title='bbox 1316 1225 1422 1254; x_wconf 84' lang='lat' dir='ltr'><strong>catum</strong></span> <span class='ocrx_word' id='word_1_587' title='bbox 1447 1221 1655 1254; x_wconf 89' lang='lat' dir='ltr'><strong>sacerdotnm.</strong></span> <span class='ocrx_word' id='word_1_588' title='bbox 1681 1221 1767 1254; x_wconf 89' lang='lat' dir='ltr'><strong>Unde</strong></span> <span class='ocrx_word' id='word_1_589' title='bbox 1790 1221 1942 1254; x_wconf 82' lang='lat' dir='ltr'><strong>Glossa⁹:</strong></span> <span class='ocrx_word' id='word_1_590' title='bbox 1972 1233 1988 1249; x_wconf 76' lang='grc' dir='ltr'><strong>α</strong></span> <span class='ocrx_word' id='word_1_591' title='bbox 2004 1221 2076 1253; x_wconf 92' lang='lat' dir='ltr'><strong>Post</strong></span> <span class='ocrx_word' id='word_1_592' title='bbox 2092 1224 2280 1254; x_wconf 88' lang='lat' dir='ltr'><strong>enumerata</strong></span> 
     </span>
     <span class='ocr_line' id='line_1_79' title="bbox 1318 1273 2279 1316; baseline -0.001 -9"><span class='ocrx_word' id='word_1_593' title='bbox 1318 1275 1399 1307; x_wconf 85' lang='lat' dir='ltr'><strong>mala</strong></span> <span class='ocrx_word' id='word_1_594' title='bbox 1422 1274 1584 1316; x_wconf 81' lang='lat' dir='ltr'><strong>ingressus</strong></span> <span class='ocrx_word' id='word_1_595' title='bbox 1608 1274 1779 1316; x_wconf 90' lang='lat' dir='ltr'><strong>templum,</strong></span> <span class='ocrx_word' id='word_1_596' title='bbox 1804 1273 1895 1307; x_wconf 90' lang='lat' dir='ltr'><strong>eiecit</strong></span> <span class='ocrx_word' id='word_1_597' title='bbox 1923 1273 2095 1306; x_wconf 91' lang='lat' dir='ltr'><strong>vendentes</strong></span> <span class='ocrx_word' id='word_1_598' title='bbox 2118 1275 2150 1306; x_wconf 88' lang='lat' dir='ltr'><strong>et</strong></span> <span class='ocrx_word' id='word_1_599' title='bbox 2172 1282 2279 1306; x_wconf 89' lang='lat' dir='ltr'><strong>emen-</strong></span> 
     </span>
     <span class='ocr_line' id='line_1_80' title="bbox 1319 1326 2280 1370; baseline -0.002 -9"><span class='ocrx_word' id='word_1_600' title='bbox 1319 1332 1383 1368; x_wconf 91' lang='lat' dir='ltr'><strong>tes,</strong></span> <span class='ocrx_word' id='word_1_601' title='bbox 1408 1338 1464 1370; x_wconf 85' lang='lat' dir='ltr'><strong>per</strong></span> <span class='ocrx_word' id='word_1_602' title='bbox 1488 1328 1547 1361; x_wconf 89' lang='lat' dir='ltr'><strong>hoc</strong></span> <span class='ocrx_word' id='word_1_603' title='bbox 1571 1328 1724 1367; x_wconf 89' lang='lat' dir='ltr'><strong>innuens,</strong></span> <span class='ocrx_word' id='word_1_604' title='bbox 1757 1327 1842 1370; x_wconf 88' lang='lat' dir='ltr'><strong>quod</strong></span> <span class='ocrx_word' id='word_1_605' title='bbox 1873 1327 1967 1360; x_wconf 87' lang='lat' dir='ltr'><strong>ruina</strong></span> <span class='ocrx_word' id='word_1_606' title='bbox 2001 1327 2108 1369; x_wconf 90' lang='lat' dir='ltr'><strong>populi</strong></span> <span class='ocrx_word' id='word_1_607' title='bbox 2142 1326 2280 1360; x_wconf 86' lang='lat' dir='ltr'><strong>maxime</strong></span> 
     </span>
     <span class='ocr_line' id='line_1_81' title="bbox 1319 1379 2280 1424; baseline -0.002 -10"><span class='ocrx_word' id='word_1_608' title='bbox 1319 1391 1360 1414; x_wconf 82' lang='lat' dir='ltr'><strong>ex</strong></span> <span class='ocrx_word' id='word_1_609' title='bbox 1383 1381 1476 1424; x_wconf 88' lang='lat' dir='ltr'><strong>culpa</strong></span> <span class='ocrx_word' id='word_1_610' title='bbox 1500 1380 1700 1414; x_wconf 89' lang='lat' dir='ltr'><strong>sacerdotum</strong></span> <span class='ocrx_word' id='word_1_611' title='bbox 1724 1380 1801 1419; x_wconf 84' lang='lat' dir='ltr'><strong>fuit;</strong></span> <span class='ocrx_word' id='word_1_612' title='bbox 1826 1390 1899 1413; x_wconf 89' lang='lat' dir='ltr'><strong>cum</strong></span> <span class='ocrx_word' id='word_1_613' title='bbox 1924 1379 2096 1413; x_wconf 90' lang='lat' dir='ltr'><strong>vendentes</strong></span> <span class='ocrx_word' id='word_1_614' title='bbox 2119 1382 2150 1413; x_wconf 87' lang='lat' dir='ltr'><strong>et</strong></span> <span class='ocrx_word' id='word_1_615' title='bbox 2174 1388 2280 1416; x_wconf 88' lang='lat' dir='ltr'><strong>emen-</strong></span> 
     </span>
     <span class='ocr_line' id='line_1_82' title="bbox 1319 1432 2282 1476; baseline -0.003 -9"><span class='ocrx_word' id='word_1_616' title='bbox 1319 1438 1366 1467; x_wconf 85' lang='lat' dir='ltr'><strong>tes</strong></span> <span class='ocrx_word' id='word_1_617' title='bbox 1389 1434 1544 1476; x_wconf 88' lang='lat' dir='ltr'><strong>percutit,</strong></span> <span class='ocrx_word' id='word_1_618' title='bbox 1568 1433 1721 1473; x_wconf 89' lang='lat' dir='ltr'><strong>ostendit,</strong></span> <span class='ocrx_word' id='word_1_619' title='bbox 1753 1433 1837 1466; x_wconf 91' lang='lat' dir='ltr'><strong>unde</strong></span> <span class='ocrx_word' id='word_1_620' title='bbox 1874 1432 1965 1466; x_wconf 83' lang='lat' dir='ltr'><strong>radix</strong></span> <span class='ocrx_word' id='word_1_621' title='bbox 2001 1432 2185 1475; x_wconf 88' lang='lat' dir='ltr'><strong>perditionis</strong></span> <span class='ocrx_word' id='word_1_622' title='bbox 2208 1441 2282 1474; x_wconf 91' lang='lat' dir='ltr'><strong>pro-</strong></span> 
     </span>
     <span class='ocr_line' id='line_1_83' title="bbox 1319 1485 2284 1527; baseline -0.002 -7"><span class='ocrx_word' id='word_1_623' title='bbox 1319 1488 1412 1521; x_wconf 86' lang='lat' dir='ltr'><strong>cessit</strong></span> <span class='ocrx_word' id='word_1_624' title='bbox 1427 1500 1459 1519; x_wconf 90' lang='lat'><strong>».</strong></span> <span class='ocrx_word' id='word_1_625' title='bbox 1476 1487 1562 1520; x_wconf 91' lang='lat' dir='ltr'><strong>Unde</strong></span> <span class='ocrx_word' id='word_1_626' title='bbox 1579 1487 1735 1520; x_wconf 89' lang='lat' dir='ltr'><strong>Michaeae</strong></span> <span class='ocrx_word' id='word_1_627' title='bbox 1758 1486 1852 1519; x_wconf 89' lang='lat' dir='ltr'><strong>tertio</strong></span> <span class='ocrx_word' id='word_1_628' title='bbox 1866 1486 1909 1518; x_wconf 86' lang='lat'><strong>¹⁰:</strong></span> <span class='ocrx_word' id='word_1_629' title='bbox 1931 1499 1947 1515; x_wconf 75' lang='grc' dir='ltr'>α</span> <span class='ocrx_word' id='word_1_630' title='bbox 1964 1485 2075 1518; x_wconf 83' lang='lat' dir='ltr'><strong>Audite</strong></span> <span class='ocrx_word' id='word_1_631' title='bbox 2090 1485 2179 1525; x_wconf 88' lang='lat' dir='ltr'><strong>haec,</strong></span> <span class='ocrx_word' id='word_1_632' title='bbox 2196 1485 2284 1527; x_wconf 91' lang='lat' dir='ltr'><strong>prin-</strong></span> 
     </span>
     <span class='ocr_line' id='line_1_84' title="bbox 1319 1538 2282 1583; baseline -0.002 -10"><span class='ocrx_word' id='word_1_633' title='bbox 1319 1541 1404 1583; x_wconf 90' lang='lat' dir='ltr'><strong>cipes</strong></span> <span class='ocrx_word' id='word_1_634' title='bbox 1426 1540 1540 1573; x_wconf 90' lang='lat' dir='ltr'><strong>domus</strong></span> <span class='ocrx_word' id='word_1_635' title='bbox 1564 1540 1654 1573; x_wconf 86' lang='lat' dir='ltr'><strong>Iacob</strong></span> <span class='ocrx_word' id='word_1_636' title='bbox 1677 1543 1709 1573; x_wconf 91' lang='lat' dir='ltr'><strong>et</strong></span> <span class='ocrx_word' id='word_1_637' title='bbox 1732 1539 1851 1573; x_wconf 88' lang='lat' dir='ltr'><strong>iudices</strong></span> <span class='ocrx_word' id='word_1_638' title='bbox 1874 1539 1987 1572; x_wconf 89' lang='lat' dir='ltr'><strong>domus</strong></span> <span class='ocrx_word' id='word_1_639' title='bbox 2012 1539 2124 1578; x_wconf 90' lang='lat' dir='ltr'><strong>Israel,</strong></span> <span class='ocrx_word' id='word_1_640' title='bbox 2148 1538 2204 1580; x_wconf 91' lang='lat' dir='ltr'><strong>qui</strong></span> <span class='ocrx_word' id='word_1_641' title='bbox 2228 1538 2282 1572; x_wconf 83' lang='lat' dir='ltr'><strong>ab·</strong></span> 
     </span>
     <span class='ocr_line' id='line_1_85' title="bbox 1319 1590 2283 1634; baseline -0.002 -9"><span class='ocrx_word' id='word_1_642' title='bbox 1319 1593 1501 1625; x_wconf 80' lang='lat' dir='ltr'><strong>ominarnini</strong></span> <span class='ocrx_word' id='word_1_643' title='bbox 1525 1592 1679 1625; x_wconf 88' lang='lat' dir='ltr'><strong>iudicium</strong></span> <span class='ocrx_word' id='word_1_644' title='bbox 1701 1596 1733 1625; x_wconf 90' lang='lat' dir='ltr'><strong>et</strong></span> <span class='ocrx_word' id='word_1_645' title='bbox 1756 1592 1861 1625; x_wconf 90' lang='lat' dir='ltr'><strong>omnia</strong></span> <span class='ocrx_word' id='word_1_646' title='bbox 1892 1595 1979 1625; x_wconf 89' lang='lat' dir='ltr'><strong>recta</strong></span> <span class='ocrx_word' id='word_1_647' title='bbox 2010 1590 2202 1634; x_wconf 85' lang='lat' dir='ltr'><strong>pervertitis,</strong></span> <span class='ocrx_word' id='word_1_648' title='bbox 2227 1590 2283 1632; x_wconf 89' lang='lat' dir='ltr'><strong>qui</strong></span> 
     </span>
     <span class='ocr_line' id='line_1_86' title="bbox 1319 1644 2284 1688; baseline -0.002 -9"><span class='ocrx_word' id='word_1_649' title='bbox 1319 1647 1489 1680; x_wconf 85' lang='lat' dir='ltr'><strong>aedificatis</strong></span> <span class='ocrx_word' id='word_1_650' title='bbox 1512 1646 1584 1679; x_wconf 87' lang='lat' dir='ltr'><strong>Sion</strong></span> <span class='ocrx_word' id='word_1_651' title='bbox 1615 1646 1647 1678; x_wconf 89' lang='lat' dir='ltr'><strong>in</strong></span> <span class='ocrx_word' id='word_1_652' title='bbox 1683 1646 1891 1688; x_wconf 83' lang='lat' dir='ltr'><strong>sanguinibus</strong></span> <span class='ocrx_word' id='word_1_653' title='bbox 1914 1649 1946 1679; x_wconf 91' lang='lat' dir='ltr'><strong>et</strong></span> <span class='ocrx_word' id='word_1_654' title='bbox 1969 1645 2139 1679; x_wconf 90' lang='lat' dir='ltr'><strong>Ierusalem</strong></span> <span class='ocrx_word' id='word_1_655' title='bbox 2168 1645 2200 1677; x_wconf 92' lang='lat' dir='ltr'><strong>in</strong></span> <span class='ocrx_word' id='word_1_656' title='bbox 2224 1644 2284 1677; x_wconf 90' lang='lat' dir='ltr'><strong>ini-</strong></span> 
     </span>
     <span class='ocr_line' id='line_1_87' title="bbox 1320 1698 2284 1742; baseline -0.003 -10"><span class='ocrx_word' id='word_1_657' title='bbox 1320 1700 1450 1742; x_wconf 86' lang='lat' dir='ltr'><strong>quitate.</strong></span> <span class='ocrx_word' id='word_1_658' title='bbox 1476 1699 1635 1741; x_wconf 88' lang='lat' dir='ltr'><strong>Principes</strong></span> <span class='ocrx_word' id='word_1_659' title='bbox 1658 1698 1728 1732; x_wconf 88' lang='lat' dir='ltr'><strong>eius</strong></span> <span class='ocrx_word' id='word_1_660' title='bbox 1751 1699 1783 1731; x_wconf 92' lang='lat' dir='ltr'><strong>in</strong></span> <span class='ocrx_word' id='word_1_661' title='bbox 1819 1699 2007 1732; x_wconf 89' lang='lat' dir='ltr'><strong>muneribus</strong></span> <span class='ocrx_word' id='word_1_662' title='bbox 2030 1698 2228 1737; x_wconf 82' lang='lat' dir='ltr'><strong>iudIcabant,</strong></span> <span class='ocrx_word' id='word_1_663' title='bbox 2252 1699 2284 1730; x_wconf 91' lang='lat' dir='ltr'><strong>et</strong></span> 
     </span>
     <span class='ocr_line' id='line_1_88' title="bbox 1321 1751 2283 1794; baseline -0.002 -8"><span class='ocrx_word' id='word_1_664' title='bbox 1321 1753 1499 1786; x_wconf 89' lang='lat' dir='ltr'><strong>sacerdotes</strong></span> <span class='ocrx_word' id='word_1_665' title='bbox 1522 1753 1591 1786; x_wconf 90' lang='lat' dir='ltr'><strong>eius</strong></span> <span class='ocrx_word' id='word_1_666' title='bbox 1614 1753 1646 1785; x_wconf 92' lang='lat' dir='ltr'><strong>in</strong></span> <span class='ocrx_word' id='word_1_667' title='bbox 1682 1752 1826 1785; x_wconf 87' lang='lat' dir='ltr'><strong>mercede</strong></span> <span class='ocrx_word' id='word_1_668' title='bbox 1861 1752 2030 1792; x_wconf 87' lang='lat' dir='ltr'><strong>docebant,</strong></span> <span class='ocrx_word' id='word_1_669' title='bbox 2054 1755 2086 1784; x_wconf 91' lang='lat' dir='ltr'><strong>et</strong></span> <span class='ocrx_word' id='word_1_670' title='bbox 2109 1751 2283 1794; x_wconf 90' lang='lat' dir='ltr'><strong>prophetae</strong></span> 
     </span>
     <span class='ocr_line' id='line_1_89' title="bbox 1321 1804 2283 1848; baseline -0.003 -9"><span class='ocrx_word' id='word_1_671' title='bbox 1321 1806 1390 1839; x_wconf 89' lang='lat' dir='ltr'><strong>eius</strong></span> <span class='ocrx_word' id='word_1_672' title='bbox 1413 1806 1444 1838; x_wconf 90' lang='lat' dir='ltr'><strong>in</strong></span> <span class='ocrx_word' id='word_1_673' title='bbox 1469 1805 1603 1848; x_wconf 87' lang='lat' dir='ltr'><strong>pecunia</strong></span> <span class='ocrx_word' id='word_1_674' title='bbox 1625 1805 1825 1845; x_wconf 81' lang='lat' dir='ltr'><strong>divinabant3</strong></span> <span class='ocrx_word' id='word_1_675' title='bbox 1851 1808 1981 1848; x_wconf 88' lang='lat' dir='ltr'><strong>propter</strong></span> <span class='ocrx_word' id='word_1_676' title='bbox 2003 1805 2064 1838; x_wconf 87' lang='lat' dir='ltr'><strong>hoc</strong></span> <span class='ocrx_word' id='word_1_677' title='bbox 2095 1805 2167 1838; x_wconf 92' lang='lat' dir='ltr'><strong>Sion</strong></span> <span class='ocrx_word' id='word_1_678' title='bbox 2192 1804 2283 1847; x_wconf 87' lang='lat' dir='ltr'><strong>quasi</strong></span> 
     </span>
     <span class='ocr_line' id='line_1_90' title="bbox 1322 1857 2283 1901; baseline -0.002 -9"><span class='ocrx_word' id='word_1_679' title='bbox 1322 1868 1396 1901; x_wconf 87' lang='lat' dir='ltr'><strong>ager</strong></span> <span class='ocrx_word' id='word_1_680' title='bbox 1420 1859 1582 1898; x_wconf 87' lang='lat' dir='ltr'><strong>arabitur,</strong></span> <span class='ocrx_word' id='word_1_681' title='bbox 1606 1862 1637 1892; x_wconf 89' lang='lat' dir='ltr'><strong>et</strong></span> <span class='ocrx_word' id='word_1_682' title='bbox 1661 1858 1831 1892; x_wconf 88' lang='lat' dir='ltr'><strong>Ierusalem</strong></span> <span class='ocrx_word' id='word_1_683' title='bbox 1854 1858 1944 1901; x_wconf 89' lang='lat' dir='ltr'><strong>quasi</strong></span> <span class='ocrx_word' id='word_1_684' title='bbox 1976 1867 2111 1891; x_wconf 87' lang='lat' dir='ltr'><strong>acervus</strong></span> <span class='ocrx_word' id='word_1_685' title='bbox 2143 1857 2283 1900; x_wconf 90' lang='lat' dir='ltr'><strong>lapidum</strong></span> 
     </span>
     <span class='ocr_line' id='line_1_91' title="bbox 1323 1910 2293 1953; baseline -0.001 -10"><span class='ocrx_word' id='word_1_686' title='bbox 1323 1911 1401 1950; x_wconf 91' lang='lat' dir='ltr'><strong>erit,</strong></span> <span class='ocrx_word' id='word_1_687' title='bbox 1425 1914 1456 1944; x_wconf 91' lang='lat' dir='ltr'><strong>et</strong></span> <span class='ocrx_word' id='word_1_688' title='bbox 1480 1920 1570 1943; x_wconf 89' lang='lat' dir='ltr'><strong>mons</strong></span> <span class='ocrx_word' id='word_1_689' title='bbox 1594 1911 1701 1953; x_wconf 90' lang='lat' dir='ltr'><strong>templi</strong></span> <span class='ocrx_word' id='word_1_690' title='bbox 1725 1911 1847 1944; x_wconf 92' lang='lat' dir='ltr'><strong>Domini</strong></span> <span class='ocrx_word' id='word_1_691' title='bbox 1872 1911 1904 1943; x_wconf 91' lang='lat' dir='ltr'><strong>in</strong></span> <span class='ocrx_word' id='word_1_692' title='bbox 1929 1910 2056 1944; x_wconf 86' lang='lat' dir='ltr'><strong>excelsa</strong></span> <span class='ocrx_word' id='word_1_693' title='bbox 2079 1910 2232 1943; x_wconf 87' lang='lat' dir='ltr'><strong>silvarum</strong></span> <span class='ocrx_word' id='word_1_694' title='bbox 2251 1921 2293 1948; x_wconf 72' lang='lat'><strong>113:</strong></span> 
     </span>
     <span class='ocr_line' id='line_1_92' title="bbox 1323 1963 2284 2007; baseline -0.002 -9"><span class='ocrx_word' id='word_1_695' title='bbox 1323 1968 1355 1998; x_wconf 90' lang='lat' dir='ltr'><strong>et</strong></span> <span class='ocrx_word' id='word_1_696' title='bbox 1377 1965 1576 1997; x_wconf 85' lang='lat' dir='ltr'><strong>Threnorum</strong></span> <span class='ocrx_word' id='word_1_697' title='bbox 1601 1968 1733 2006; x_wconf 91' lang='lat' dir='ltr'><strong>quarto:</strong></span> <span class='ocrx_word' id='word_1_698' title='bbox 1760 1978 1775 1994; x_wconf 72' lang='grc' dir='ltr'>α</span> <span class='ocrx_word' id='word_1_699' title='bbox 1794 1965 1923 2007; x_wconf 87' lang='lat' dir='ltr'><strong>Propter</strong></span> <span class='ocrx_word' id='word_1_700' title='bbox 1955 1967 2083 2007; x_wconf 88' lang='lat' dir='ltr'><strong>peccata</strong></span> <span class='ocrx_word' id='word_1_701' title='bbox 2113 1963 2284 2006; x_wconf 88' lang='lat' dir='ltr'><strong>propheta-</strong></span> 
     </span>
     <span class='ocr_line' id='line_1_93' title="bbox 1325 2015 2286 2060; baseline -0.003 -9"><span class='ocrx_word' id='word_1_702' title='bbox 1325 2027 1396 2051; x_wconf 92' lang='lat' dir='ltr'><strong>rum</strong></span> <span class='ocrx_word' id='word_1_703' title='bbox 1421 2018 1490 2051; x_wconf 91' lang='lat' dir='ltr'><strong>eius</strong></span> <span class='ocrx_word' id='word_1_704' title='bbox 1516 2020 1548 2050; x_wconf 90' lang='lat' dir='ltr'><strong>et</strong></span> <span class='ocrx_word' id='word_1_705' title='bbox 1579 2017 1761 2060; x_wconf 88' lang='lat' dir='ltr'><strong>iniquitates</strong></span> <span class='ocrx_word' id='word_1_706' title='bbox 1796 2018 1996 2051; x_wconf 89' lang='lat' dir='ltr'><strong>sacerdotum</strong></span> <span class='ocrx_word' id='word_1_707' title='bbox 2027 2017 2115 2057; x_wconf 89' lang='lat' dir='ltr'><strong>eius,</strong></span> <span class='ocrx_word' id='word_1_708' title='bbox 2150 2016 2205 2059; x_wconf 89' lang='lat' dir='ltr'><strong>qui</strong></span> <span class='ocrx_word' id='word_1_709' title='bbox 2241 2015 2286 2049; x_wconf 85' lang='lat' dir='ltr'><strong>ef-</strong></span> 
     </span>
     <span class='ocr_line' id='line_1_94' title="bbox 1323 2069 2285 2113; baseline -0.002 -9"><span class='ocrx_word' id='word_1_710' title='bbox 1323 2071 1476 2105; x_wconf 83' lang='lat' dir='ltr'><strong>fuderunt</strong></span> <span class='ocrx_word' id='word_1_711' title='bbox 1499 2071 1530 2104; x_wconf 92' lang='lat' dir='ltr'><strong>in</strong></span> <span class='ocrx_word' id='word_1_712' title='bbox 1560 2071 1662 2104; x_wconf 91' lang='lat' dir='ltr'><strong>medio</strong></span> <span class='ocrx_word' id='word_1_713' title='bbox 1697 2071 1766 2104; x_wconf 89' lang='lat' dir='ltr'><strong>eius</strong></span> <span class='ocrx_word' id='word_1_714' title='bbox 1799 2071 1983 2113; x_wconf 82' lang='lat' dir='ltr'><strong>sanguinem</strong></span> <span class='ocrx_word' id='word_1_715' title='bbox 2021 2071 2227 2104; x_wconf 77' lang='lat' dir='ltr'><strong>iustorum».</strong></span> <span class='ocrx_word' id='word_1_716' title='bbox 2253 2069 2285 2102; x_wconf 93' lang='lat' dir='ltr'><strong>In</strong></span> 
     </span>
     <span class='ocr_line' id='line_1_95' title="bbox 1324 2122 2288 2166; baseline -0.003 -8"><span class='ocrx_word' id='word_1_717' title='bbox 1324 2125 1384 2158; x_wconf 90' lang='lat' dir='ltr'><strong>hoc</strong></span> <span class='ocrx_word' id='word_1_718' title='bbox 1407 2128 1532 2163; x_wconf 90' lang='lat' dir='ltr'><strong>autem,</strong></span> <span class='ocrx_word' id='word_1_719' title='bbox 1555 2124 1641 2166; x_wconf 91' lang='lat' dir='ltr'><strong>quod</strong></span> <span class='ocrx_word' id='word_1_720' title='bbox 1665 2123 1817 2156; x_wconf 89' lang='lat' dir='ltr'><strong>Dominus</strong></span> <span class='ocrx_word' id='word_1_721' title='bbox 1840 2123 1931 2157; x_wconf 89' lang='lat' dir='ltr'><strong>eiecit</strong></span> <span class='ocrx_word' id='word_1_722' title='bbox 1946 2126 2088 2157; x_wconf 88' lang='lat' dir='ltr'><strong>ementes</strong></span> <span class='ocrx_word' id='word_1_723' title='bbox 2103 2127 2134 2156; x_wconf 90' lang='lat' dir='ltr'><strong>et</strong></span> <span class='ocrx_word' id='word_1_724' title='bbox 2149 2122 2288 2156; x_wconf 84' lang='lat' dir='ltr'><strong>venden-</strong></span> 
     </span>
     <span class='ocr_line' id='line_1_96' title="bbox 1325 2175 2287 2216; baseline -0.002 -6"><span class='ocrx_word' id='word_1_725' title='bbox 1325 2181 1388 2216; x_wconf 86' lang='lat' dir='ltr'><strong>tes,</strong></span> <span class='ocrx_word' id='word_1_726' title='bbox 1412 2176 1566 2216; x_wconf 89' lang='lat' dir='ltr'><strong>ostendit,</strong></span> <span class='ocrx_word' id='word_1_727' title='bbox 1590 2185 1624 2210; x_wconf 91' lang='lat' dir='ltr'><strong>se</strong></span> <span class='ocrx_word' id='word_1_728' title='bbox 1647 2176 1786 2209; x_wconf 88' lang='lat' dir='ltr'><strong>maxime</strong></span> <span class='ocrx_word' id='word_1_729' title='bbox 1806 2176 1957 2209; x_wconf 90' lang='lat' dir='ltr'><strong>damnare</strong></span> <span class='ocrx_word' id='word_1_730' title='bbox 1980 2176 2013 2208; x_wconf 91' lang='lat' dir='ltr'><strong>in</strong></span> <span class='ocrx_word' id='word_1_731' title='bbox 2037 2175 2161 2209; x_wconf 90' lang='lat' dir='ltr'><strong>clericis</strong></span> <span class='ocrx_word' id='word_1_732' title='bbox 2183 2175 2287 2208; x_wconf 90' lang='lat' dir='ltr'><strong>avari-</strong></span> 
     </span>
     <span class='ocr_line' id='line_1_97' title="bbox 1325 2220 2287 2273; baseline -0.002 -10"><span class='ocrx_word' id='word_1_733' title='bbox 1325 2231 1399 2263; x_wconf 85' lang='lat' dir='ltr'><strong>tiam</strong></span> <span class='ocrx_word' id='word_1_734' title='bbox 1422 2234 1453 2263; x_wconf 89' lang='lat' dir='ltr'><strong>et</strong></span> <span class='ocrx_word' id='word_1_735' title='bbox 1476 2230 1638 2273; x_wconf 89' lang='lat' dir='ltr'><strong>potissime</strong></span> <span class='ocrx_word' id='word_1_736' title='bbox 1661 2229 1836 2263; x_wconf 89' lang='lat' dir='ltr'><strong>simoniam.</strong></span> <span class='ocrx_word' id='word_1_737' title='bbox 1862 2229 1949 2262; x_wconf 91' lang='lat' dir='ltr'><strong>Unde</strong></span> <span class='ocrx_word' id='word_1_738' title='bbox 1972 2229 2119 2262; x_wconf 85' lang='lat' dir='ltr'><strong>Matthaei</strong></span> <span class='ocrx_word' id='word_1_739' title='bbox 2137 2220 2287 2271; x_wconf 85' lang='lat' dir='ltr'><strong>vigesimo</strong></span> 
     </span>
     <span class='ocr_line' id='line_1_98' title="bbox 1325 2281 2288 2325; baseline -0.002 -10"><span class='ocrx_word' id='word_1_740' title='bbox 1325 2283 1428 2325; x_wconf 89' lang='lat' dir='ltr'><strong>primo</strong></span> <span class='ocrx_word' id='word_1_741' title='bbox 1441 2284 1468 2302; x_wconf 86' lang='lat'><strong>11</strong></span> <span class='ocrx_word' id='word_1_742' title='bbox 1484 2282 1611 2322; x_wconf 89' lang='lat' dir='ltr'><strong>dicitur,</strong></span> <span class='ocrx_word' id='word_1_743' title='bbox 1628 2282 1713 2325; x_wconf 89' lang='lat' dir='ltr'><strong>quod</strong></span> <span class='ocrx_word' id='word_1_744' title='bbox 1734 2295 1750 2311; x_wconf 75' lang='grc' dir='ltr'><strong>α</strong></span> <span class='ocrx_word' id='word_1_745' title='bbox 1765 2281 1932 2316; x_wconf 85' lang='lat' dir='ltr'><strong>cathedras</strong></span> <span class='ocrx_word' id='word_1_746' title='bbox 1947 2281 2152 2315; x_wconf 90' lang='lat' dir='ltr'><strong>vendentium</strong></span> <span class='ocrx_word' id='word_1_747' title='bbox 2168 2281 2288 2314; x_wconf 87' lang='lat' dir='ltr'><strong>colum-</strong></span> 
     </span>
     <span class='ocr_line' id='line_1_99' title="bbox 1325 2334 2286 2368; baseline -0.002 0"><span class='ocrx_word' id='word_1_748' title='bbox 1325 2336 1382 2368; x_wconf 91' lang='lat' dir='ltr'><strong>bas</strong></span> <span class='ocrx_word' id='word_1_749' title='bbox 1404 2336 1564 2368; x_wconf 78' lang='lat' dir='ltr'><strong>evertit».</strong></span> <span class='ocrx_word' id='word_1_750' title='bbox 1590 2335 1745 2368; x_wconf 90' lang='lat' dir='ltr'><strong>Omnibus</strong></span> <span class='ocrx_word' id='word_1_751' title='bbox 1777 2335 1893 2368; x_wconf 91' lang='lat' dir='ltr'><strong>talibus</strong></span> <span class='ocrx_word' id='word_1_752' title='bbox 1917 2334 1994 2368; x_wconf 91' lang='lat' dir='ltr'><strong>dicit</strong></span> <span class='ocrx_word' id='word_1_753' title='bbox 2017 2334 2129 2367; x_wconf 90' lang='lat' dir='ltr'><strong>Petrus</strong></span> <span class='ocrx_word' id='word_1_754' title='bbox 2152 2334 2286 2366; x_wconf 81' lang='lat' dir='ltr'><strong>Actuum</strong></span> 
     </span>
     <span class='ocr_line' id='line_1_100' title="bbox 1325 2385 2286 2430; baseline -0.003 -9"><span class='ocrx_word' id='word_1_755' title='bbox 1325 2391 1452 2421; x_wconf 90' lang='lat' dir='ltr'><strong>octavo:</strong></span> <span class='ocrx_word' id='word_1_756' title='bbox 1484 2401 1499 2416; x_wconf 67' lang='lat' dir='ltr'><strong>a</strong></span> <span class='ocrx_word' id='word_1_757' title='bbox 1516 2388 1650 2421; x_wconf 87' lang='lat' dir='ltr'><strong>Pecunia</strong></span> <span class='ocrx_word' id='word_1_758' title='bbox 1674 2392 1730 2421; x_wconf 88' lang='lat' dir='ltr'><strong>tua</strong></span> <span class='ocrx_word' id='word_1_759' title='bbox 1746 2392 1850 2421; x_wconf 88' lang='lat' dir='ltr'><strong>tecum</strong></span> <span class='ocrx_word' id='word_1_760' title='bbox 1868 2387 1909 2421; x_wconf 90' lang='lat' dir='ltr'><strong>sit</strong></span> <span class='ocrx_word' id='word_1_761' title='bbox 1924 2387 1956 2420; x_wconf 93' lang='lat' dir='ltr'><strong>in</strong></span> <span class='ocrx_word' id='word_1_762' title='bbox 1974 2386 2193 2430; x_wconf 90' lang='lat' dir='ltr'><strong>perditionem,</strong></span> <span class='ocrx_word' id='word_1_763' title='bbox 2210 2385 2286 2429; x_wconf 89' lang='lat' dir='ltr'><strong>quia</strong></span> 
     </span>
     <span class='ocr_line' id='line_1_101' title="bbox 1326 2439 2132 2483; baseline -0.001 -9"><span class='ocrx_word' id='word_1_764' title='bbox 1326 2441 1533 2480; x_wconf 84' lang='lat' dir='ltr'><strong>existimasti,</strong></span> <span class='ocrx_word' id='word_1_765' title='bbox 1557 2441 1674 2473; x_wconf 92' lang='lat' dir='ltr'><strong>donum</strong></span> <span class='ocrx_word' id='word_1_766' title='bbox 1698 2441 1754 2474; x_wconf 90' lang='lat' dir='ltr'><strong>Dei</strong></span> <span class='ocrx_word' id='word_1_767' title='bbox 1778 2441 1912 2483; x_wconf 88' lang='lat' dir='ltr'><strong>pecunia</strong></span> <span class='ocrx_word' id='word_1_768' title='bbox 1935 2439 2132 2483; x_wconf 83' lang='lat' dir='ltr'><strong>possideri».</strong></span> 
     </span>
    </p>

    <p class='ocr_par' dir='ltr' id='par_1_18' title="bbox 1327 2491 2289 2589">
     <span class='ocr_line' id='line_1_102' title="bbox 1417 2491 2289 2536; baseline -0.001 -10"><span class='ocrx_word' id='word_1_769' title='bbox 1417 2496 1469 2527; x_wconf 89' lang='grc'><strong>71.</strong></span> <span class='ocrx_word' id='word_1_770' title='bbox 1495 2494 1597 2536; x_wconf 89' lang='lat' dir='ltr'><strong>(Vers.</strong></span> <span class='ocrx_word' id='word_1_771' title='bbox 1622 2494 1700 2535; x_wconf 87' lang='lat'><strong>46.).</strong></span> <span class='ocrx_word' id='word_1_772' title='bbox 1733 2494 1876 2527; x_wconf 91' lang='lat' dir='ltr'><strong>Secundo</strong></span> <span class='ocrx_word' id='word_1_773' title='bbox 1907 2497 2063 2536; x_wconf 89' lang='lat' dir='ltr'><strong>quantum</strong></span> <span class='ocrx_word' id='word_1_774' title='bbox 2096 2493 2135 2526; x_wconf 89' lang='lat' dir='ltr'><strong>ad</strong></span> <span class='ocrx_word' id='word_1_775' title='bbox 2163 2491 2289 2525; x_wconf 81' lang='lat' dir='ltr'><strong>verita-</strong></span> 
     </span>
     <span class='ocr_line' id='line_1_103' title="bbox 1327 2545 2289 2589; baseline -0.003 -8"><span class='ocrx_word' id='word_1_776' title='bbox 1327 2552 1389 2581; x_wconf 86' lang='lat' dir='ltr'><strong>tem</strong></span> <span class='ocrx_word' id='word_1_777' title='bbox 1401 2548 1426 2567; x_wconf 80' lang='lat'><strong>¹²</strong></span> <span class='ocrx_word' id='word_1_778' title='bbox 1443 2546 1672 2580; x_wconf 80' lang='lat' dir='ltr'><strong>turissubdit:</strong></span> <span class='ocrx_word' id='word_1_779' title='bbox 1692 2547 1808 2579; x_wconf 73' lang='lat' dir='ltr'><strong>Dicens</strong></span> <span class='ocrx_word' id='word_1_780' title='bbox 1825 2546 1910 2579; x_wconf 70' lang='lat' dir='ltr'><strong>iltis:</strong></span> <span class='ocrx_word' id='word_1_781' title='bbox 1929 2546 2099 2589; x_wconf 78' lang='lat' dir='ltr'><strong>Scriptum</strong></span> <span class='ocrx_word' id='word_1_782' title='bbox 2115 2549 2180 2579; x_wconf 77' lang='lat' dir='ltr'><strong>est.-</strong></span> <span class='ocrx_word' id='word_1_783' title='bbox 2199 2545 2289 2587; x_wconf 81' lang='lat' dir='ltr'><strong>Quia</strong></span> 
     </span>
    </p>
   </div>
   <div class='ocr_carea' id='block_1_12' title="bbox 1328 2734 2293 3429">
    <p class='ocr_par' dir='ltr' id='par_1_19' title="bbox 1328 2734 2292 2987">
     <span class='ocr_line' id='line_1_104' title="bbox 1399 2734 2290 2768; baseline -0.002 -7"><span class='ocrx_word' id='word_1_784' title='bbox 1399 2735 1408 2750; x_wconf 90' lang='lat'><strong>⁷</strong></span> <span class='ocrx_word' id='word_1_785' title='bbox 1430 2736 1504 2761; x_wconf 83' lang='lat' dir='ltr'><strong>Vers.</strong></span> <span class='ocrx_word' id='word_1_786' title='bbox 1526 2735 1567 2760; x_wconf 80' lang='lat' dir='ltr'><strong>t3.</strong></span> <span class='ocrx_word' id='word_1_787' title='bbox 1586 2742 1661 2768; x_wconf 85' lang='lat' dir='ltr'><strong>seqq.</strong></span> <span class='ocrx_word' id='word_1_788' title='bbox 1683 2748 1718 2753; x_wconf 98' lang='lat'><strong>—</strong></span> <span class='ocrx_word' id='word_1_789' title='bbox 1738 2735 1774 2760; x_wconf 91' lang='lat' dir='ltr'><strong>De</strong></span> <span class='ocrx_word' id='word_1_790' title='bbox 1792 2734 1910 2760; x_wconf 84' lang='lat' dir='ltr'><strong>secunda</strong></span> <span class='ocrx_word' id='word_1_791' title='bbox 1937 2734 2064 2760; x_wconf 72' lang='lat' dir='ltr'><strong>electione</strong></span> <span class='ocrx_word' id='word_1_792' title='bbox 2093 2737 2152 2766; x_wconf 82' lang='lat' dir='ltr'><strong>post</strong></span> <span class='ocrx_word' id='word_1_793' title='bbox 2178 2734 2290 2760; x_wconf 89' lang='lat' dir='ltr'><strong>miracu-</strong></span> 
     </span>
     <span class='ocr_line' id='line_1_105' title="bbox 1328 2777 2289 2811; baseline -0.003 -6"><span class='ocrx_word' id='word_1_794' title='bbox 1328 2781 1382 2805; x_wconf 85' lang='lat' dir='ltr'><strong>lum</strong></span> <span class='ocrx_word' id='word_1_795' title='bbox 1402 2779 1435 2805; x_wconf 89' lang='lat' dir='ltr'><strong>de</strong></span> <span class='ocrx_word' id='word_1_796' title='bbox 1456 2780 1551 2804; x_wconf 87' lang='lat' dir='ltr'><strong>Lazaro</strong></span> <span class='ocrx_word' id='word_1_797' title='bbox 1571 2779 1725 2804; x_wconf 81' lang='lat' dir='ltr'><strong>resuscitato</strong></span> <span class='ocrx_word' id='word_1_798' title='bbox 1745 2778 1801 2811; x_wconf 80' lang='lat' dir='ltr'><strong>(cfr.</strong></span> <span class='ocrx_word' id='word_1_799' title='bbox 1826 2785 1906 2810; x_wconf 85' lang='lat' dir='ltr'><strong>supra</strong></span> <span class='ocrx_word' id='word_1_800' title='bbox 1932 2785 1956 2803; x_wconf 91' lang='lat' dir='ltr'><strong>n.</strong></span> <span class='ocrx_word' id='word_1_801' title='bbox 1983 2778 2036 2810; x_wconf 78' lang='lat'><strong>55.)</strong></span> <span class='ocrx_word' id='word_1_802' title='bbox 2064 2777 2152 2810; x_wconf 86' lang='lat' dir='ltr'><strong>agitur</strong></span> <span class='ocrx_word' id='word_1_803' title='bbox 2172 2777 2213 2803; x_wconf 90' lang='lat' dir='ltr'><strong>hic</strong></span> <span class='ocrx_word' id='word_1_804' title='bbox 2233 2778 2289 2810; x_wconf 75' lang='lat' dir='ltr'><strong>(cfr.</strong></span> 
     </span>
     <span class='ocr_line' id='line_1_106' title="bbox 1328 2821 2290 2855; baseline -0.002 -6"><span class='ocrx_word' id='word_1_805' title='bbox 1328 2825 1415 2850; x_wconf 77' lang='lat' dir='ltr'><strong>hlatth.</strong></span> <span class='ocrx_word' id='word_1_806' title='bbox 1435 2824 1483 2854; x_wconf 79' lang='lat'><strong>21,</strong></span> <span class='ocrx_word' id='word_1_807' title='bbox 1505 2824 1545 2848; x_wconf 73' lang='lat'><strong>12.</strong></span> <span class='ocrx_word' id='word_1_808' title='bbox 1565 2826 1590 2849; x_wconf 90' lang='lat' dir='ltr'><strong>et</strong></span> <span class='ocrx_word' id='word_1_809' title='bbox 1609 2824 1685 2848; x_wconf 84' lang='lat' dir='ltr'><strong>Marc.</strong></span> <span class='ocrx_word' id='word_1_810' title='bbox 1707 2824 1754 2854; x_wconf 78' lang='lat' dir='ltr'><strong>tl,</strong></span> <span class='ocrx_word' id='word_1_811' title='bbox 1776 2822 1837 2855; x_wconf 60' lang='lat'><strong>47).</strong></span> <span class='ocrx_word' id='word_1_812' title='bbox 1864 2823 1933 2848; x_wconf 85' lang='lat' dir='ltr'><strong>Vide</strong></span> <span class='ocrx_word' id='word_1_813' title='bbox 1958 2823 1985 2848; x_wconf 87' lang='lat' dir='ltr'><strong>S.</strong></span> <span class='ocrx_word' id='word_1_814' title='bbox 2014 2823 2123 2854; x_wconf 82' lang='lat' dir='ltr'><strong>Bonav.,</strong></span> <span class='ocrx_word' id='word_1_815' title='bbox 2141 2821 2290 2848; x_wconf 78' lang='lat' dir='ltr'><strong>Commeat.</strong></span> 
     </span>
     <span class='ocr_line' id='line_1_107' title="bbox 1328 2865 2290 2899; baseline -0.002 -6"><span class='ocrx_word' id='word_1_816' title='bbox 1328 2869 1353 2894; x_wconf 81' lang='lat' dir='ltr'><strong>In</strong></span> <span class='ocrx_word' id='word_1_817' title='bbox 1374 2869 1441 2893; x_wconf 86' lang='lat' dir='ltr'><strong>Ioan.</strong></span> <span class='ocrx_word' id='word_1_818' title='bbox 1461 2875 1483 2893; x_wconf 83' lang='lat' dir='ltr'><strong>c</strong></span> <span class='ocrx_word' id='word_1_819' title='bbox 1498 2868 1522 2892; x_wconf 81' lang='lat'><strong>2.</strong></span> <span class='ocrx_word' id='word_1_820' title='bbox 1542 2874 1567 2892; x_wconf 94' lang='lat' dir='ltr'><strong>n.</strong></span> <span class='ocrx_word' id='word_1_821' title='bbox 1587 2867 1630 2892; x_wconf 77' lang='lat'><strong>26.</strong></span> <span class='ocrx_word' id='word_1_822' title='bbox 1650 2881 1684 2885; x_wconf 93' lang='lat'><strong>—-</strong></span> <span class='ocrx_word' id='word_1_823' title='bbox 1704 2867 1830 2899; x_wconf 86' lang='lat' dir='ltr'><strong>Superius</strong></span> <span class='ocrx_word' id='word_1_824' title='bbox 1849 2873 1897 2899; x_wconf 88' lang='lat' dir='ltr'><strong>pro</strong></span> <span class='ocrx_word' id='word_1_825' title='bbox 1916 2873 1979 2893; x_wconf 80' lang='lat' dir='ltr'><strong>cum</strong></span> <span class='ocrx_word' id='word_1_826' title='bbox 1998 2866 2188 2893; x_wconf 79' lang='lat' dir='ltr'><strong>dehonestatur</strong></span> <span class='ocrx_word' id='word_1_827' title='bbox 2208 2865 2290 2891; x_wconf 82' lang='lat' dir='ltr'><strong>ACII</strong></span> 
     </span>
     <span class='ocr_line' id='line_1_108' title="bbox 1328 2908 2292 2943; baseline -0.003 -5"><span class='ocrx_word' id='word_1_828' title='bbox 1328 2913 1359 2938; x_wconf 78' lang='lat' dir='ltr'><strong>ut</strong></span> <span class='ocrx_word' id='word_1_829' title='bbox 1377 2911 1559 2937; x_wconf 75' lang='lat' dir='ltr'><strong>dehonoretur</strong></span> <span class='ocrx_word' id='word_1_830' title='bbox 1578 2911 1623 2943; x_wconf 89' lang='lat' dir='ltr'><strong>(ita</strong></span> <span class='ocrx_word' id='word_1_831' title='bbox 1641 2911 1719 2936; x_wconf 88' lang='lat' dir='ltr'><strong>etiam</strong></span> <span class='ocrx_word' id='word_1_832' title='bbox 1740 2911 1762 2936; x_wconf 93' lang='lat' dir='ltr'><strong>D</strong></span> <span class='ocrx_word' id='word_1_833' title='bbox 1781 2910 1916 2942; x_wconf 75' lang='lat' dir='ltr'><strong>primitus,</strong></span> <span class='ocrx_word' id='word_1_834' title='bbox 1935 2910 1982 2936; x_wconf 86' lang='lat' dir='ltr'><strong>sed</strong></span> <span class='ocrx_word' id='word_1_835' title='bbox 1996 2910 2112 2936; x_wconf 87' lang='lat' dir='ltr'><strong>secunda</strong></span> <span class='ocrx_word' id='word_1_836' title='bbox 2126 2917 2219 2936; x_wconf 86' lang='lat' dir='ltr'><strong>manus</strong></span> <span class='ocrx_word' id='word_1_837' title='bbox 2231 2908 2292 2935; x_wconf 87' lang='lat' dir='ltr'><strong>sub-</strong></span> 
     </span>
     <span class='ocr_line' id='line_1_109' title="bbox 1329 2955 1981 2987; baseline -0.003 -6"><span class='ocrx_word' id='word_1_838' title='bbox 1329 2956 1410 2982; x_wconf 85' lang='lat' dir='ltr'><strong>stituit</strong></span> <span class='ocrx_word' id='word_1_839' title='bbox 1429 2955 1674 2983; x_wconf 77' lang='lat' dir='ltr'><strong>dehonestaretur).</strong></span> <span class='ocrx_word' id='word_1_840' title='bbox 1972 2971 1981 2987; x_wconf 38' lang='grc'><strong>,-</strong></span> 
     </span>
    </p>

    <p class='ocr_par' dir='ltr' id='par_1_20' title="bbox 1330 2998 2292 3076">
     <span class='ocr_line' id='line_1_110' title="bbox 1400 2998 2292 3030; baseline -0.001 -5"><span class='ocrx_word' id='word_1_841' title='bbox 1400 2999 1411 3014; x_wconf 67' lang='grc' dir='ltr'><strong>Β</strong></span> <span class='ocrx_word' id='word_1_842' title='bbox 1432 3000 1525 3025; x_wconf 79' lang='lat' dir='ltr'><strong>Psalm.</strong></span> <span class='ocrx_word' id='word_1_843' title='bbox 1544 3000 1593 3030; x_wconf 81' lang='grc'><strong>68,</strong></span> <span class='ocrx_word' id='word_1_844' title='bbox 1614 2999 1655 3024; x_wconf 77' lang='lat' dir='ltr'><strong>to.</strong></span> <span class='ocrx_word' id='word_1_845' title='bbox 1675 3002 1701 3024; x_wconf 86' lang='lat' dir='ltr'><strong>et</strong></span> <span class='ocrx_word' id='word_1_846' title='bbox 1719 2999 1816 3025; x_wconf 87' lang='lat' dir='ltr'><strong>deinde</strong></span> <span class='ocrx_word' id='word_1_847' title='bbox 1835 3000 1905 3024; x_wconf 85' lang='lat' dir='ltr'><strong>toan.</strong></span> <span class='ocrx_word' id='word_1_848' title='bbox 1936 3000 1966 3029; x_wconf 80' lang='lat'><strong>2,</strong></span> <span class='ocrx_word' id='word_1_849' title='bbox 1987 2999 2033 3024; x_wconf 69' lang='lat' dir='ltr'><strong>⁴I7:</strong></span> <span class='ocrx_word' id='word_1_850' title='bbox 2062 2998 2202 3025; x_wconf 84' lang='lat' dir='ltr'><strong>Recordati</strong></span> <span class='ocrx_word' id='word_1_851' title='bbox 2230 3001 2292 3024; x_wconf 85' lang='lat' dir='ltr'><strong>sunt</strong></span> 
     </span>
     <span class='ocr_line' id='line_1_111' title="bbox 1330 3042 2292 3076; baseline -0.001 -7"><span class='ocrx_word' id='word_1_852' title='bbox 1330 3051 1394 3070; x_wconf 81' lang='lat' dir='ltr'><strong>vero</strong></span> <span class='ocrx_word' id='word_1_853' title='bbox 1413 3044 1534 3075; x_wconf 84' lang='lat' dir='ltr'><strong>discipuli</strong></span> <span class='ocrx_word' id='word_1_854' title='bbox 1554 3044 1625 3075; x_wconf 86' lang='lat' dir='ltr'><strong>eius,</strong></span> <span class='ocrx_word' id='word_1_855' title='bbox 1644 3044 1706 3076; x_wconf 87' lang='lat' dir='ltr'><strong>quia</strong></span> <span class='ocrx_word' id='word_1_856' title='bbox 1726 3043 1854 3075; x_wconf 80' lang='lat' dir='ltr'><strong>scripturn</strong></span> <span class='ocrx_word' id='word_1_857' title='bbox 1873 3046 1926 3070; x_wconf 85' lang='lat' dir='ltr'><strong>est:</strong></span> <span class='ocrx_word' id='word_1_858' title='bbox 1945 3042 2025 3069; x_wconf 79' lang='lat' dir='ltr'><strong>Zetus</strong></span> <span class='ocrx_word' id='word_1_859' title='bbox 2045 3042 2141 3069; x_wconf 76' lang='lat' dir='ltr'><strong>domus</strong></span> <span class='ocrx_word' id='word_1_860' title='bbox 2160 3044 2223 3069; x_wconf 79' lang='lat' dir='ltr'><strong>tuae</strong></span> <span class='ocrx_word' id='word_1_861' title='bbox 2242 3046 2292 3068; x_wconf 88' lang='lat' dir='ltr'><strong>etc.</strong></span> 
     </span>
    </p>

    <p class='ocr_par' dir='ltr' id='par_1_21' title="bbox 1330 3086 2292 3209">
     <span class='ocr_line' id='line_1_112' title="bbox 1400 3086 2291 3120; baseline -0.002 -7"><span class='ocrx_word' id='word_1_862' title='bbox 1400 3086 1411 3101; x_wconf 84' lang='lat'>⁹</span> <span class='ocrx_word' id='word_1_863' title='bbox 1431 3088 1533 3113; x_wconf 81' lang='lat' dir='ltr'><strong>Scilicet</strong></span> <span class='ocrx_word' id='word_1_864' title='bbox 1558 3086 1701 3113; x_wconf 80' lang='lat' dir='ltr'><strong>ordinaria</strong></span> <span class='ocrx_word' id='word_1_865' title='bbox 1731 3087 1772 3120; x_wconf 86' lang='lat' dir='ltr'><strong>(ex</strong></span> <span class='ocrx_word' id='word_1_866' title='bbox 1791 3087 1876 3119; x_wconf 88' lang='lat' dir='ltr'><strong>Beda,</strong></span> <span class='ocrx_word' id='word_1_867' title='bbox 1904 3087 1950 3119; x_wconf 90' lang='lat' dir='ltr'><strong>qui</strong></span> <span class='ocrx_word' id='word_1_868' title='bbox 1975 3087 2094 3120; x_wconf 87' lang='lat' dir='ltr'><strong>sequitur</strong></span> <span class='ocrx_word' id='word_1_869' title='bbox 2117 3087 2245 3118; x_wconf 58' lang='lat' dir='ltr'><strong>Gregor„</strong></span> <span class='ocrx_word' id='word_1_870' title='bbox 2265 3086 2291 3111; x_wconf 87' lang='lat' dir='ltr'><strong>II.</strong></span> 
     </span>
     <span class='ocr_line' id='line_1_113' title="bbox 1330 3129 2292 3164; baseline -0.001 -7"><span class='ocrx_word' id='word_1_871' title='bbox 1330 3132 1424 3159; x_wconf 83' lang='lat' dir='ltr'><strong>IIomil.</strong></span> <span class='ocrx_word' id='word_1_872' title='bbox 1444 3132 1469 3157; x_wconf 92' lang='lat' dir='ltr'><strong>in</strong></span> <span class='ocrx_word' id='word_1_873' title='bbox 1489 3132 1588 3163; x_wconf 82' lang='lat' dir='ltr'><strong>Evang.</strong></span> <span class='ocrx_word' id='word_1_874' title='bbox 1609 3131 1698 3157; x_wconf 88' lang='lat' dir='ltr'><strong>homil.</strong></span> <span class='ocrx_word' id='word_1_875' title='bbox 1727 3132 1769 3157; x_wconf 83' lang='lat'><strong>39.</strong></span> <span class='ocrx_word' id='word_1_876' title='bbox 1798 3138 1824 3157; x_wconf 90' lang='lat' dir='ltr'><strong>n.</strong></span> <span class='ocrx_word' id='word_1_877' title='bbox 1852 3131 1898 3164; x_wconf 68' lang='grc'>2.).</span> <span class='ocrx_word' id='word_1_878' title='bbox 1918 3131 1978 3157; x_wconf 78' lang='lat' dir='ltr'><strong>Post</strong></span> <span class='ocrx_word' id='word_1_879' title='bbox 2005 3137 2068 3157; x_wconf 84' lang='lat' dir='ltr'><strong>cum</strong></span> <span class='ocrx_word' id='word_1_880' title='bbox 2087 3131 2109 3156; x_wconf 90' lang='lat' dir='ltr'><strong>II</strong></span> <span class='ocrx_word' id='word_1_881' title='bbox 2129 3130 2203 3156; x_wconf 87' lang='lat' dir='ltr'><strong>addit</strong></span> <span class='ocrx_word' id='word_1_882' title='bbox 2220 3129 2292 3157; x_wconf 79' lang='lat' dir='ltr'><strong>enim</strong></span> 
     </span>
     <span class='ocr_line' id='line_1_114' title="bbox 1332 3174 1711 3209; baseline -0.003 -8"><span class='ocrx_word' id='word_1_883' title='bbox 1332 3176 1433 3209; x_wconf 84' lang='lat' dir='ltr'><strong>(Glossa</strong></span> <span class='ocrx_word' id='word_1_884' title='bbox 1453 3176 1515 3207; x_wconf 82' lang='lat' dir='ltr'><strong>legit</strong></span> <span class='ocrx_word' id='word_1_885' title='bbox 1533 3174 1599 3201; x_wconf 79' lang='lat' dir='ltr'><strong>dum</strong></span> <span class='ocrx_word' id='word_1_886' title='bbox 1618 3174 1711 3205; x_wconf 84' lang='lat' dir='ltr'><strong>enim).</strong></span> 
     </span>
    </p>

    <p class='ocr_par' dir='ltr' id='par_1_22' title="bbox 1403 3219 1993 3252">
     <span class='ocr_line' id='line_1_115' title="bbox 1403 3219 1993 3252; baseline 0 -7"><span class='ocrx_word' id='word_1_887' title='bbox 1403 3220 1425 3234; x_wconf 92' lang='lat'><strong>¹⁰</strong></span> <span class='ocrx_word' id='word_1_888' title='bbox 1445 3220 1520 3245; x_wconf 73' lang='lat' dir='ltr'><strong>Vei-s.</strong></span> <span class='ocrx_word' id='word_1_889' title='bbox 1540 3220 1611 3245; x_wconf 76' lang='lat'><strong>9-12.</strong></span> <span class='ocrx_word' id='word_1_890' title='bbox 1626 3223 1652 3245; x_wconf 89' lang='lat' dir='ltr'><strong>et</strong></span> <span class='ocrx_word' id='word_1_891' title='bbox 1670 3219 1766 3246; x_wconf 88' lang='lat' dir='ltr'><strong>deiude</strong></span> <span class='ocrx_word' id='word_1_892' title='bbox 1786 3219 1881 3245; x_wconf 87' lang='lat' dir='ltr'><strong>Thren.</strong></span> <span class='ocrx_word' id='word_1_893' title='bbox 1903 3219 1931 3252; x_wconf 74' lang='lat' dir='ltr'><strong>t,</strong></span> <span class='ocrx_word' id='word_1_894' title='bbox 1955 3220 1993 3245; x_wconf 88' lang='grc'><strong>13.</strong></span> 
     </span>
    </p>

    <p class='ocr_par' dir='ltr' id='par_1_23' title="bbox 1331 3261 2293 3384">
     <span class='ocr_line' id='line_1_116' title="bbox 1403 3261 2292 3295; baseline 0 -7"><span class='ocrx_word' id='word_1_895' title='bbox 1403 3264 1424 3279; x_wconf 88' lang='lat'><strong>¹¹</strong></span> <span class='ocrx_word' id='word_1_896' title='bbox 1446 3264 1521 3290; x_wconf 84' lang='lat' dir='ltr'><strong>vers.</strong></span> <span class='ocrx_word' id='word_1_897' title='bbox 1541 3264 1583 3289; x_wconf 75' lang='grc'><strong>4-2.</strong></span> <span class='ocrx_word' id='word_1_898' title='bbox 1608 3263 1692 3289; x_wconf 89' lang='lat' dir='ltr'><strong>Codd.</strong></span> <span class='ocrx_word' id='word_1_899' title='bbox 1711 3264 1824 3295; x_wconf 78' lang='lat' dir='ltr'><strong>allegant</strong></span> <span class='ocrx_word' id='word_1_900' title='bbox 1843 3264 1918 3290; x_wconf 80' lang='lat' dir='ltr'><strong>toan.</strong></span> <span class='ocrx_word' id='word_1_901' title='bbox 1938 3262 1974 3295; x_wconf 79' lang='lat'><strong>2,</strong></span> <span class='ocrx_word' id='word_1_902' title='bbox 1996 3261 2044 3294; x_wconf 69' lang='lat'><strong>13,</strong></span> <span class='ocrx_word' id='word_1_903' title='bbox 2067 3262 2113 3288; x_wconf 89' lang='lat' dir='ltr'><strong>ubi</strong></span> <span class='ocrx_word' id='word_1_904' title='bbox 2141 3269 2193 3288; x_wconf 94' lang='lat' dir='ltr'><strong>non</strong></span> <span class='ocrx_word' id='word_1_905' title='bbox 2219 3269 2292 3295; x_wconf 83' lang='lat' dir='ltr'><strong>prae-</strong></span> 
     </span>
     <span class='ocr_line' id='line_1_117' title="bbox 1332 3306 2293 3341; baseline -0.002 -7"><span class='ocrx_word' id='word_1_906' title='bbox 1332 3309 1401 3335; x_wconf 86' lang='lat' dir='ltr'><strong>dicta</strong></span> <span class='ocrx_word' id='word_1_907' title='bbox 1411 3328 1417 3340; x_wconf 86' lang='lat'><strong>,</strong></span> <span class='ocrx_word' id='word_1_908' title='bbox 1436 3308 1483 3334; x_wconf 86' lang='lat' dir='ltr'><strong>sed</strong></span> <span class='ocrx_word' id='word_1_909' title='bbox 1504 3309 1568 3334; x_wconf 88' lang='lat' dir='ltr'><strong>haec</strong></span> <span class='ocrx_word' id='word_1_910' title='bbox 1587 3307 1730 3333; x_wconf 83' lang='lat' dir='ltr'><strong>habentur:</strong></span> <span class='ocrx_word' id='word_1_911' title='bbox 1745 3307 2005 3334; x_wconf 72' lang='lat' dir='ltr'><strong>Nummulariorum</strong></span> <span class='ocrx_word' id='word_1_912' title='bbox 2020 3306 2116 3341; x_wconf 78' lang='lat' dir='ltr'><strong>effudit</strong></span> <span class='ocrx_word' id='word_1_913' title='bbox 2127 3313 2173 3333; x_wconf 67' lang='lat' dir='ltr'><strong>aes</strong></span> <span class='ocrx_word' id='word_1_914' title='bbox 2186 3307 2210 3333; x_wconf 80' lang='lat' dir='ltr'><strong>et</strong></span> <span class='ocrx_word' id='word_1_915' title='bbox 2223 3313 2293 3332; x_wconf 83' lang='lat' dir='ltr'><strong>men-</strong></span> 
     </span>
     <span class='ocr_line' id='line_1_118' title="bbox 1331 3351 1921 3384; baseline -0.007 -4"><span class='ocrx_word' id='word_1_916' title='bbox 1331 3359 1377 3379; x_wconf 65' lang='lat' dir='ltr'><strong>sus</strong></span> <span class='ocrx_word' id='word_1_917' title='bbox 1396 3351 1534 3384; x_wconf 68' lang='lat' dir='ltr'><strong>subvertit,</strong></span> <span class='ocrx_word' id='word_1_918' title='bbox 1554 3365 1589 3370; x_wconf 98' lang='lat'><strong>—</strong></span> <span class='ocrx_word' id='word_1_919' title='bbox 1608 3352 1732 3384; x_wconf 86' lang='lat' dir='ltr'><strong>Sequitur</strong></span> <span class='ocrx_word' id='word_1_920' title='bbox 1751 3352 1806 3377; x_wconf 81' lang='lat' dir='ltr'><strong>Act.</strong></span> <span class='ocrx_word' id='word_1_921' title='bbox 1827 3352 1858 3383; x_wconf 88' lang='lat'><strong>8,</strong></span> <span class='ocrx_word' id='word_1_922' title='bbox 1878 3352 1921 3376; x_wconf 78' lang='lat'><strong>20.</strong></span> 
     </span>
    </p>

    <p class='ocr_par' dir='ltr' id='par_1_24' title="bbox 1405 3394 2015 3429">
     <span class='ocr_line' id='line_1_119' title="bbox 1405 3394 2015 3429; baseline -0.002 -7"><span class='ocrx_word' id='word_1_923' title='bbox 1405 3395 1427 3411; x_wconf 75' lang='lat'><strong>¹²</strong></span> <span class='ocrx_word' id='word_1_924' title='bbox 1449 3396 1508 3421; x_wconf 85' lang='lat' dir='ltr'><strong>Vat.</strong></span> <span class='ocrx_word' id='word_1_925' title='bbox 1527 3403 1588 3422; x_wconf 89' lang='lat' dir='ltr'><strong>cum</strong></span> <span class='ocrx_word' id='word_1_926' title='bbox 1608 3394 1727 3427; x_wconf 88' lang='lat' dir='ltr'><strong>pluribus</strong></span> <span class='ocrx_word' id='word_1_927' title='bbox 1746 3395 1824 3421; x_wconf 90' lang='lat' dir='ltr'><strong>codd.</strong></span> <span class='ocrx_word' id='word_1_928' title='bbox 1844 3394 2015 3429; x_wconf 74' lang='lat' dir='ltr'><strong>aequitatem.</strong></span> 
     </span>
    </p>
   </div>
   <div class='ocr_carea' id='block_1_13' title="bbox 2296 538 2423 562">
    <p class='ocr_par' dir='ltr' id='par_1_25' title="bbox 2296 538 2423 562">
     <span class='ocr_line' id='line_1_120' title="bbox 2296 538 2423 562; baseline 0.008 -1"><span class='ocrx_word' id='word_1_929' title='bbox 2296 538 2423 562; x_wconf 71' lang='lat' dir='ltr'><strong>Notandum.</strong></span> 
     </span>
    </p>
   </div>
   <div class='ocr_carea' id='block_1_14' title="bbox 2299 1015 2427 1039">
    <p class='ocr_par' dir='ltr' id='par_1_26' title="bbox 2299 1015 2427 1039">
     <span class='ocr_line' id='line_1_121' title="bbox 2299 1015 2427 1039; baseline 0.016 -2"><span class='ocrx_word' id='word_1_930' title='bbox 2299 1015 2427 1039; x_wconf 80' lang='lat' dir='ltr'><strong>Notandum.</strong></span> 
     </span>
    </p>
   </div>
   <div class='ocr_carea' id='block_1_15' title="bbox 2307 2078 2436 2100">
    <p class='ocr_par' dir='ltr' id='par_1_27' title="bbox 2307 2078 2436 2100">
     <span class='ocr_line' id='line_1_122' title="bbox 2307 2078 2436 2100; baseline -0.008 0"><span class='ocrx_word' id='word_1_931' title='bbox 2307 2078 2436 2100; x_wconf 74' lang='lat' dir='ltr'><strong>Notandum.</strong></span> 
     </span>
    </p>
   </div>
   <div class='ocr_carea' id='block_1_16' title="bbox 2309 2503 2441 2526">
    <p class='ocr_par' dir='ltr' id='par_1_28' title="bbox 2309 2503 2441 2526">
     <span class='ocr_line' id='line_1_123' title="bbox 2309 2503 2441 2526; baseline -0.008 0"><span class='ocrx_word' id='word_1_932' title='bbox 2309 2504 2395 2526; x_wconf 75' lang='lat' dir='ltr'><strong>Veritas</strong></span> <span class='ocrx_word' id='word_1_933' title='bbox 2409 2503 2441 2525; x_wconf 86' lang='lat' dir='ltr'><strong>iu-</strong></span> 
     </span>
    </p>
   </div>
  </div>
 </body>
</html>
