2476 3921
28 1021 158 1050 septiformis

51 1049 136 1071 offensa.

38 1659 120 1687 Septies
135 1661 156 1681 et

26 1686 167 1761 ,ἳὲμξῗιῗυζὲἶ

94 1746 113 1761 a.

36 2497 167 2530 ffitandnm.

749 227 942 260 COMMENT.
968 227 1005 259 ΙΝ
1029 226 1268 259 EVANGELIUM
1292 226 1410 259 LUCAE
1434 226 1466 259 C.
1492 227 1578 260 XVII.

2093 231 2157 263 429

175 320 329 356 dominica
352 318 497 352 Matthaei
521 320 612 351 sexto
626 318 655 349 ¹:
677 316 832 349 «Dimitte
848 315 1066 350 nobis‘debita
1081 323 1137 347 no-
1166 313 1171 361 l
1200 323 1263 346 non
1287 315 1403 356 petenti
1428 315 1546 348 offensa
1569 316 1703 355 remitti,
1729 317 1782 349 sed
1806 317 1896 349 aliter
1919 319 2048 359 petenti,
2066 319 2159 351 aliter

176 379 251 414 stra,
268 374 350 407 sicut
364 375 396 406 et
420 381 477 405 nos
492 371 679 404 dimittimus
701 369 899 402 debitoribus
919 368 1037 402 nostris
1052 380 1084 407 »3
1106 371 1137 401 et

176 427 335 470 sequitur:
365 426 426 458 «Si
463 425 546 458 enim
577 422 759 457 dimiseritis
794 421 975 455 hominibus
1009 423 1137 463 peccata

176 488 302 518 eorum,
326 478 461 511 dimittet
492 477 581 511 vobis
605 477 695 509 Pater
719 475 861 509 caelestis
892 474 997 507 debita
1020 476 1135 507 vestra.

176 533 206 565 Si
230 535 335 565 antem
352 540 413 563 non
430 529 611 563 dimiseritis
632 528 831 567 hominibus,
848 536 906 561 nec
923 527 1012 560 Pater
1034 530 1137 560 vester

175 582 317 619 caelestis
339 584 475 617 dimittet
497 583 586 616 vobis
610 585 737 624 peccata
760 585 865 615 vestra
878 594 908 613 ».
935 580 1005 614 Ideo
1020 580 1137 613 dicitur

176 637 380 672 Ecclesiastici
412 636 562 679 vigesimo
585 635 740 668 octavofl:
775 647 790 664 ιι
808 634 960 676 Relinque
990 633 1138 676 proximo

176 690 299 724 nocenti
324 693 371 729 te,
396 692 428 723 et
451 693 526 722 tunc
542 688 723 731 deprecanti
740 688 794 721 tibi
817 690 943 729 peccata
964 687 1136 720 solventur.

176 745 272 777 Homo
295 743 414 776 homini
438 745 544 776 servat
570 742 667 781 iram,
692 745 723 775 et
747 750 766 774 a
789 741 853 774 Deo
877 741 1003 783 quaerit
1034 740 1138 773 mede-

176 798 261 831 lam?
278 797 310 829 ln
327 797 485 830 hominem
513 796 646 829 similem
670 795 729 828 sibi
754 804 816 828 non
841 795 936 828 habet
959 794 1139 827 misericor-

176 851 273 890 diam,
298 850 383 883 etde
406 849 542 892 peccatis
566 849 633 882 suis
652 849 864 891 deprecatur?
881 848 958 890 lpse,
975 857 1048 881 cum
1065 856 1139 881 caro

176 904 234 943 sit,
257 907 399 936 reservat
421 903 519 942 iram,
544 906 575 936 et
598 902 850 945 propitiationem
870 901 946 944 petit
962 910 981 933 a
1004 901 1068 934 Deo
1081 904 1117 933 »ἵ

268 958 317 989 11.
343 957 444 998 (Vers.
477 956 533 996 4.).
559 956 595 988 Et
626 955 776 998 quoniam
808 954 1024 987 misericordia
1047 954 1140 987 debet

177 1010 332 1044 excedere
355 1009 524 1048 offensam,
548 1009 618 1042 ideo
642 1008 765 1041 subdit:
785 1007 872 1040 Etsi
893 1007 1010 1050 septies
1033 1007 1067 1040 in
1085 1007 1138 1040 die

173 1062 359 1107 peccaverit
382 1063 418 1096 in
442 1067 485 1101 te,
510 1071 567 1104 per
591 1062 758 1095 laesionem
776 1061 992 1103 multiplicem.
1018 1061 1138 1094 Beda³:

184 1130 198 1146 α
216 1117 299 1150 Solet
337 1116 527 1149 universitas
557 1109 735 1158 septenario
770 1115 975 1157 designari»,
1007 1118 1138 1157 propter

177 1171 261 1214 quod
284 1170 401 1203 dicitur
425 1170 518 1202 etiam
553 1169 795 1202 proverbiorum
827 1168 977 1210 vigesimo
1006 1171 1139 1210 quarto:

183 1238 198 1253 «
215 1224 334 1266 Septies
357 1223 389 1256 in
413 1223 464 1256 die
494 1222 576 1256 cadit
607 1222 711 1255 iustus
734 1226 765 1255 et
789 1225 981 1264 resurget».
1008 1222 1140 1255 Possunt

176 1280 282 1310 autem
306 1285 362 1319 per
386 1277 461 1309 istas
485 1279 604 1318 septem
630 1276 712 1308 vices
736 1275 934 1317 septiformes
957 1275 1059 1317 colligi
1085 1274 1140 1307 tri-

177 1330 371 1369 bulationes,
395 1329 513 1372 quibus
536 1329 608 1371 quis
632 1328 815 1370 proximum
833 1328 942 1367 laedit,
958 1328 1140 1360 seducendo

178 1384 389 1422 intellectum,
414 1382 660 1424 corrumpendo
685 1382 850 1420 affectum,
875 1381 1054 1424 affligendo
1071 1390 1141 1414 cor-

178 1446 256 1480 pus,
279 1435 505 1470 subtrahendo
537 1435 680 1478 propria,
714 1435 905 1477 deneyando
937 1444 1012 1474 sua,
1046 1434 1141 1467 verbo

178 1491 335 1524 laedendo
350 1490 464 1523 famam
489 1493 520 1522 et
543 1489 689 1531 exempto
712 1488 862 1521 vitiando
887 1488 1000 1527 vitam;
1017 1488 1056 1520 de
1072 1488 1142 1530 qui·
1165 1513 1169 1517 .

180 1544 240 1577 bus
263 1543 378 1577 dicitur
404 1543 456 1576 lob
479 1542 630 1585 quinto4:
661 1555 677 1571 α
694 1542 726 1574 ln
750 1550 808 1574 sex
832 1541 1090 1574 tribulationibus
1106 1541 1142 1573 li-

179 1597 302 1631 berabit
324 1600 373 1636 te,
397 1600 429 1630 et
452 1597 484 1629 in
507 1596 638 1638 septima
656 1605 717 1628 non
734 1598 841 1637 tanget
865 1598 894 1628 te
915 1595 1034 1627 malum
1051 1607 1081 1626 ».
1100 1613 1142 1618 —

181 1651 216 1684 Et
240 1651 317 1684 haec
340 1650 445 1683 omnia
467 1649 653 1682 dimittenda
675 1652 750 1682 sunt
767 1648 954 1690 poenitenti:
974 1649 1013 1680 Et
1028 1648 1143 1690 septies

181 1705 218 1738 in
241 1704 293 1737 die
315 1713 494 1737 conversus
517 1702 624 1746 fuerit
646 1703 692 1735 ad
709 1706 755 1741 te',
773 1702 900 1735 dicens:
919 1702 1066 1734 Poenitet
1080 1711 1142 1740 me,

181 1766 238 1800 per
263 1757 429 1790 mentalem
453 1756 746 1798 compunctionem;
771 1754 898 1787 dimitte
922 1754 986 1791 itti,
1013 1762 1069 1796 per
1085 1753 1143 1786 mi-

181 1810 370 1844 sericordem
394 1809 671 1847 condonationem,
688 1817 727 1841 ne
750 1807 830 1840 forte
846 1806 969 1839 dicatur
994 1806 1049 1839 tibi
1066 1806 1143 1838 illud

182 1862 267 1904 quod
301 1862 420 1895 dictum
456 1866 504 1895 est
538 1870 631 1894 servo
666 1869 802 1902 nequam
839 1859 985 1892 Matthaei
1022 1859 1143 1891 decimo

183 1919 293 1948 octavo
306 1915 336 1947 ⁵:
366 1928 383 1944 α
398 1915 494 1948 Serve
517 1923 652 1956 nequam
665 1939 673 1953 ,
689 1922 782 1946 omne
798 1913 939 1946 debitum
956 1912 1059 1945 dimisi
1076 1912 1143 1951 tibi,

183 1968 333 2011 quoniam
357 1968 472 2010 rogasti
498 1976 565 2006 me;
591 1975 694 2000 nonne
717 1975 792 2008 ergo
815 1965 965 2008 oportuit,
982 1969 1014 1998 et
1038 1968 1068 1997 te
1084 1964 1156 1997 mi-'

183 2021 281 2054 sereri
305 2020 447 2054 conservi
472 2020 536 2058 tui,
561 2019 643 2052 sicut
659 2022 690 2052 et
706 2028 762 2061 ego
786 2019 832 2051 tui
850 2018 999 2051 misertus
1022 2020 1143 2051 sum»?

186 2074 273 2108 Sicut
296 2083 371 2116 ergo
394 2074 479 2106 Deus
502 2073 585 2105 omni
610 2072 727 2115 petenti
752 2072 873 2105 veniam
889 2071 1015 2110 tribuit,
1032 2080 1145 2104 secun-

184 2128 260 2161 dum
293 2127 370 2160 illud
405 2127 574 2160 Ezechielis
605 2126 766 2168 trigesimo
797 2125 933 2158 tertioss:
969 2124 1145 2166 «lmpietas

185 2181 270 2223 impii
295 2190 358 2214 non
390 2181 513 2213 nocebit
537 2180 583 2220 ei,
607 2180 638 2212 in
670 2187 872 2221 quacumque
899 2178 949 2211 die
973 2185 1145 2210 conversus

185 2234 281 2267 suerit
298 2247 313 2264 a»
342 2237 416 2273 etc.;
441 2234 485 2267 sic
520 2237 551 2266 et
583 2241 640 2266 nos
673 2232 823 2265 debemus
849 2230 1017 2273 poenitenti
1041 2230 1145 2263 dimit—

186 2291 262 2320 tere.
287 2287 373 2320 Unde
397 2287 526 2328 ponitur
550 2286 601 2318 hic
625 2294 779 2318 numer-'us
795 2284 903 2317 finitus
927 2293 985 2326 pro
1008 2283 1145 2322 infinito;

186 2339 270 2373 unde
293 2339 537 2381 chrysostomus
550 2339 581 2371 ⁷:
610 2351 626 2367 «
645 2338 705 2371 Etsi
723 2337 900 2380 septuagies
917 2337 1031 2379 septies
1053 2336 1145 2369 dimi-

187 2393 284 2432 seris,
307 2396 430 2439 tamen,
455 2393 537 2425 sicut
564 2395 654 2434 gutta
681 2400 782 2434 aquae
812 2391 851 2424 ad
882 2391 1028 2433 pelagus,
1052 2390 1147 2422 immo

187 2445 287 2479 multo
310 2445 408 2487 magis
431 2445 536 2478 deficit
569 2448 622 2477 tua
658 2444 891 2486 philanthropia
921 2444 961 2476 ad
993 2443 1147 2476 infinitam

187 2499 356 2532 honitatem
381 2498 434 2531 Dei
450 2512 479 2530 ».
505 2498 625 2540 Debent
647 2498 744 2540 igitur
760 2507 870 2530 omnes
885 2497 1030 2536 offensae,
1048 2506 1147 2539 quan-

188 2556 376 2595 taecumque
399 2556 431 2585 et
454 2555 669 2594 quotcumque
701 2556 732 2584 et
766 2551 1032 2593 quandocumque
1063 2553 1095 2583 et
1129 2558 1148 2582 a

188 2614 389 2648 quocumque
412 2605 511 2638 factae
535 2604 670 2643 fuerint,
694 2604 823 2643 dimitti,
848 2604 873 2637 si
906 2603 1068 2636 humiliter
1093 2612 1149 2645 per

190 2668 296 2692 veram
319 2659 541 2701 poenitentiam
567 2658 657 2691 venia
679 2658 876 2700 postulatur;
893 2661 924 2690 et
940 2657 1033 2690 debet
1055 2656 1148 2688 etiam

264 2863 273 2878 ¹
293 2865 368 2890 Vers.
389 2864 432 2889 ⁴2.
451 2868 476 2890 et
497 2863 539 2889 ⁴4.
558 2870 612 2897 seq.

264 2906 275 2922 ⁹
295 2909 368 2934 Vers.
389 2909 441 2933 2-5.

264 2950 275 2966 ³
294 2952 365 2978 Libr.
384 2953 414 2978 V.
435 2953 460 2978 in
478 2953 541 2978 Luc.
561 2952 609 2983 ⁴7,
630 2951 659 2983 4;
678 2951 804 2977 sententia
823 2950 961 2976 exhibetur
975 2950 1064 2976 verbis
1082 2951 1152 2976 Glos-

193 3003 239 3021 sae
257 2995 424 3022 ordinariae.
452 3010 486 3014 —
515 2996 638 3028 Sequitur
662 2995 802 3026 From-24,
823 2995 865 3020 ⁴6.
888 3009 921 3013 —
944 2995 1034 3020 Glossa
1053 2993 1152 3021 interli-

193 3039 301 3066 nearis.-
316 3040 350 3066 Et
367 3039 392 3066 si
409 3040 504 3073 septies
521 3039 671 3073 peccaverit
690 3039 717 3065 in
737 3040 775 3071 te,
795 3039 816 3064 si
835 3039 905 3064 enirn
930 3038 957 3064 in
983 3039 1080 3070 Deum,
1100 3046 1152 3064 non

194 3085 244 3110 erit
262 3085 342 3110 nostri
361 3083 461 3110 arbitrii
482 3084 607 3117 (Hieron,
627 3084 664 3109 lll.
683 3083 709 3109 in
728 3084 816 3109 Matth.
839 3084 886 3114 ⁴8,
907 3083 949 3108 ⁴5.
967 3083 1063 3116 seqq).

265 3126 277 3142 ⁴
298 3129 369 3154 vers.
400 3128 442 3153 ⁴9.
460 3127 511 3153 Csr.
540 3134 619 3159 supra
648 3134 671 3153 c.
691 3127 732 3152 ⁴6.
764 3134 788 3152 n.
818 3126 861 3152 54.
879 3140 915 3146 —
933 3127 982 3152 Pro
1006 3125 1038 3152 de
1056 3125 1152 3160 quibus

196 3171 246 3198 AC
257 3172 278 3197 D
292 3178 347 3205 pro
367 3170 472 3205 quibus.

267 3213 278 3229 ⁵
299 3216 373 3240 Vers.
391 3215 433 3240 39..
462 3217 488 3240 et
515 3215 557 3240 33.
580 3228 612 3232 -
631 3215 757 3247 Superius
782 3222 831 3247 pro
854 3213 998 3241 mentalem
1026 3220 1153 3247 compun-

196 3258 310 3286 ctionem
329 3260 350 3285 G
368 3258 582 3293 poenitentialem
601 3258 840 3292 compunctionem,
860 3259 881 3284 H
910 3258 1000 3285 cordis
1027 3264 1153 3292 compun-

198 3302 312 3330 ctionem
330 3304 356 3330 et
373 3302 502 3329 humilem
520 3302 739 3336 satisfactionem.
1116 3297 1120 3300 ”

268 3345 280 3360 ⁰
299 3347 373 3380 Vei-s.
394 3347 435 3372 ⁴2.
454 3346 506 3373 Cir.
526 3353 605 3378 supra
624 3353 647 3372 c.
668 3347 711 3372 ⁴⁴.
729 3353 755 3372 n.
774 3346 817 3372 35.
837 3349 863 3372 et
881 3346 969 3372 Matth.
987 3345 1019 3377 7,
1040 3346 1082 3370 ⁴⁴.

269 3388 279 3404 '
298 3391 393 3416 Homil.
412 3391 454 3416 61.
475 3390 548 3421 (alias
566 3390 620 3424 62.)
640 3390 666 3415 in
686 3391 773 3416 Matth.
794 3397 820 3416 n.
842 3390 865 3416 ⁴.
884 3389 949 3416 lbid.
968 3390 1018 3415 ait:
1036 3389 1092 3415 Non
1105 3396 1154 3415 mi-

1198 369 1414 411 persequmti.
1439 368 1525 401 Unde
1549 369 1656 402 Glossa
1680 370 1819 402 Bedaessz
1841 383 1856 398 α
1874 371 1967 403 Aliter
1984 370 2092 413 fratri
2106 381 2161 413 pe-

1202 421 1296 459 tenti,
1320 421 1411 453 aliter
1435 421 1570 454 inimico
1592 423 1800 465 persequenti
1823 423 1945 455 veniam
1969 423 2045 456 dare
2071 433 2161 465 prae-

1201 473 1348 515 cipimur.
1373 474 1507 513 Fratri,
1532 483 1679 507 concessa
1703 475 1901 514 remissione,
1927 476 2009 508 socia
2033 477 2162 509 caritate

1202 525 1491 566 communicainus3
1519 527 1725 568 persecutori
1759 528 1876 559 malum
1910 528 1999 560 nobis·
2030 529 2161 568 volenti,

1203 579 1270 618 vel,
1294 579 1318 612 si
1344 583 1457 621 potest,
1482 580 1572 613 nobis
1595 580 1737 619 facienti,
1763 581 1843 613 bona
1865 581 2011 614 volumus
2035 585 2066 614 et
2089 582 2163 614 saci-

1202 641 1274 665 mus
1297 632 1382 674 quod
1407 641 1576 674 possumus
1591 645 1622 672 »;
1647 636 1678 666 et
1702 633 1761 665 hoc
1785 634 1931 675 exemplo
1959 633 2100 673 Christi,
2125 635 2163 667 de

1202 694 1267 727 quo
1283 685 1365 718 infra
1382 685 1531 728 vigesimo
1548 686 1640 718 tertio
1652 685 1682 717 ⁹:
1705 698 1720 714 ιι
1736 686 1838 725 Pater,
1856 686 1980 728 ignosce
1998 687 2072 725 illis,
2089 687 2164 729 quia

1203 738 1362 777 nesciunt,
1379 738 1456 781 quid
1472 738 1592 772 faciunt
1604 751 1635 777 »;
1653 739 1800 781 exemplo
1816 740 1934 778 David,
1951 740 2006 781 qui
2023 740 2163 773 dicebat:

1209 792 1271 824 «Si
1296 792 1416 825 reddidi
1442 792 1693 825 retribuentibus
1716 792 1793 824 mihi
1818 793 1925 825 mala»
1955 796 2031 831 etc.;
2056 802 2165 826 exem-

1204 846 1256 888 plo
1280 845 1521 888 protomartyris
1536 844 1711 888 Stephani,
1729 845 1767 878 de
1783 855 1847 888 quo
1866 847 1997 878 Actuum
2015 847 2163 887 septimo:

1210 899 1352 932 «Positis
1382 903 1488 932 autem
1519 899 1670 942 genibus,
1695 899 1840 932 clamavit
1876 908 1950 932 voce
1982 909 2094 941 magna
2117 900 2163 932 di-

1204 960 1296 984 cens:
1320 952 1469 991 Domine,
1494 952 1600 994 accipe
1624 952 1770 993 spiritum
1797 961 1901 985 meum
1926 956 1957 985 et
1981 962 2020 985 ne
2044 956 2164 985 statuas

1204 1005 1265 1038 illis
1289 1005 1348 1038 hoc
1373 1009 1545 1047 peccatum.
1570 1006 1606 1038 Et
1630 1014 1702 1038 cum
1725 1006 1784 1038 hoc
1800 1005 1949 1044 dixisset,
1974 1006 2166 1040 obdormivit

1204 1060 1237 1092 in
1261 1058 1393 1092 Domino
1409 1072 1439 1091 ».

1359 1173 1528 1217 Menuduetio
1547 1181 1591 1208 per
1610 1173 1704 1208 duplex
1723 1173 1865 1208 exemplum
1884 1173 2016 1201 sensibile.

1298 1274 1348 1305 12.
1375 1273 1414 1305 Et
1443 1272 1602 1305 dixerunt
1634 1272 1783 1314 Apostoli
1815 1273 1962 1305 Domino.
1998 1273 2163 1314 Postquam

1206 1325 1387 1359 informavit
1409 1325 1578 1367 discipulos
1601 1325 1640 1358 ad
1675 1326 1869 1367 spiritualem
1899 1326 2044 1367 pietatem
2071 1327 2166 1359 ratio-

1206 1379 1301 1412 nabili
1325 1379 1531 1418 documento,
1556 1379 1607 1411 hic
1635 1379 1773 1412 secundo
1796 1379 1994 1411 manuducit
2010 1380 2164 1422 exemplo.

1207 1433 1243 1465 Et
1266 1432 1414 1474 quoniam
1437 1431 1557 1473 duplex
1581 1435 1628 1465 est
1652 1432 1743 1464 radix
1768 1432 1891 1474 pietatis
1908 1432 2090 1474 spiritualis,
2109 1433 2168 1465 sci-

1207 1485 1279 1518 licet
1301 1484 1382 1527 fides
1404 1483 1538 1527 fervida
1561 1488 1592 1517 et
1608 1483 1781 1517 humilitas
1798 1485 1975 1523 timorata,
1993 1485 2167 1520 secundum

1207 1538 1285 1571 illud
1311 1538 1680 1580 Ecclesiasticivigesimo
1697 1538 1807 1580 quinto
1822 1538 1864 1569 ¹⁰:
1888 1551 1903 1566 α
1916 1538 2021 1570 Timor
2039 1538 2091 1570 Dei
2110 1538 2168 1570 ini-

1207 1592 1287 1624 tium
1310 1591 1484 1624 dilectionis
1507 1591 1593 1630 eius;
1618 1591 1688 1624 fidei
1706 1595 1810 1624 autem
1829 1591 1951 1623 initium
1970 1591 2167 1633 agglutinan-

1207 1644 1284 1677 dum
1307 1647 1355 1677 est
1378 1644 1473 1682 illi»;
1498 1644 1567 1676 ideo
1590 1644 1641 1676 hic
1666 1644 1767 1686 primo
1799 1644 1944 1686 proponit
1967 1645 2166 1686 exemplum,

1208 1707 1265 1740 per
1288 1696 1374 1740 quod
1397 1698 1622 1730 manuducitur
1646 1698 1685 1730 ad
1705 1697 1873 1740 fervidam
1889 1697 2007 1739 fidem;
2031 1698 2169 1730 secundo

1208 1761 1301 1791 vero,
1326 1761 1382 1794 per
1405 1751 1489 1794 quod
1516 1751 1739 1784 manuducitur
1763 1751 1802 1784 ad
1826 1752 2019 1784 timoratam
2036 1750 2170 1784 humiti-

1209 1809 1327 1848 tatem,
1351 1805 1393 1838 ibi
1409 1806 1453 1837 1¹:
1481 1805 1562 1845 Quis
1579 1809 1690 1837 autem
1710 1808 1856 1837 vestrum
1880 1804 2002 1837 habens
2024 1815 2168 1837 servum.

1297 1858 1387 1891 Circa
1410 1858 1507 1900 igitur
1530 1858 1730 1900 exemplum,
1749 1868 1813 1901 quo
1829 1859 2109 1890 manuducuntur
2125 1859 2171 1891 ad

1207 1911 1305 1953 sidem
1329 1911 1390 1944 tria
1412 1911 1633 1950 insinuantur,
1666 1920 1747 1953 quae
1779 1911 1818 1943 ad
1850 1911 2072 1952 perfectionem
2098 1911 2167 1944 fidei

1209 1967 1423 2003 concurrunt,
1447 1964 1565 1997 scilicet
1587 1963 1666 2005 fidei
1688 1968 1800 2003 ortus,
1815 1963 1987 2006 profectus
2003 1968 2034 1997 et
2050 1965 2168 1997 virtus.

1210 2017 1306 2050 Fidei
1328 2021 1423 2049 ortus
1446 2017 1587 2049 consistit
1611 2017 1641 2049 in
1659 2017 1857 2058 susceptione
1872 2017 1944 2049 doni
1961 2017 2073 2056 divini,
2087 2027 2169 2059 pro-

1209 2070 1315 2113 fectus
1339 2070 1371 2105 in
1395 2069 1612 2112 cooperatione
1637 2069 1726 2102 liberi
1750 2070 1883 2108 arbitrii,
1907 2070 2017 2102 virtus
2041 2070 2164 2103 veroin

1210 2123 1414 2157 exsecutione
1438 2122 1570 2155 mirandi
1595 2122 1729 2165 imperii.

1304 2176 1354 2209 13.
1380 2176 1482 2217 (Vers.
1508 2176 1561 2217 5.).
1595 2176 1698 2208 Primo
1732 2185 1807 2218 ergo
1838 2179 1992 2218 quantum
2027 2172 2071 2209 ad'
2092 2176 2171 2218 fidei

1210 2234 1322 2263 ortum
1344 2229 1564 2262 consistentem
1589 2228 1620 2261 in
1635 2229 1839 2271 susceptione
1854 2229 1934 2261 doni
1957 2229 2065 2261 divini
2080 2237 2171 2271 prae-

1211 2283 1323 2316 mittit:
1350 2283 1389 2315 Et
1411 2283 1569 2315 dixerunt
1595 2281 1742 2324 Apostoli
1767 2281 1924 2314 Domino:
1950 2282 2090 2324 Adauye
2112 2291 2171 2313 no-

1214 2336 1264 2369 his
1286 2336 1395 2378 fidem.
1420 2335 1567 2368 Videntes
1590 2335 1672 2368 enim
1703 2335 1914 2381 Apostoli,bse
1938 2344 1999 2367 non
2024 2335 2171 2367 sufficere

1212 2389 1250 2422 ad
1275 2389 1328 2422 illa
1362 2388 1510 2422 sublimia
1540 2397 1637 2430 opera
1671 2388 1812 2430 pietatis,
1837 2397 1918 2430 quae
1942 2388 2116 2421 consistunt
2139 2387 2172 2420 in

1213 2442 1366 2476 scandalis
1389 2441 1523 2474 vitandis
1554 2444 1586 2474 et
1616 2441 1740 2474 iniuriis
1772 2441 1983 2479 remittendis,
2016 2441 2083 2473 sine
2107 2449 2172 2473 ma-

1212 2495 1376 2538 gnitudine
1399 2494 1489 2533 fidei,
1513 2497 1639 2536 petunt,
1656 2493 1714 2526 sibi
1732 2493 1825 2527 fidem
1849 2493 1957 2535 augeri
1975 2502 2031 2535 per
2054 2493 2172 2526 donum

1213 2548 1374 2587 divinum,
1398 2557 1417 2580 a
1439 2557 1503 2590 quo
1527 2547 1604 2580 fides
1628 2547 1722 2580 habet
1744 2547 1916 2589 originem,
1940 2556 2021 2589 quae
2046 2556 2106 2579 non
2123 2550 2171 2579 est

1215 2601 1333 2634 homini
1350 2610 1368 2633 a
1384 2609 1417 2633 se
1433 2600 1500 2642 ipso
1511 2626 1518 2639 ‚
1536 2599 1590 2633 sed
1607 2608 1649 2632 ex
1665 2599 1746 2632 dono
1762 2604 1792 2632 et
1809 2608 1940 2632 munere
1956 2599 2069 2631 divino.
2088 2599 2173 2631 Unde

1215 2655 1336 2697 primae
1370 2654 1409 2687 ad
1444 2653 1621 2686 Corinthios
1655 2652 1839 2686 duodecimo
1854 2653 1897 2685 ¹⁸:
1928 2666 1943 2681 α
1963 2652 2018 2685 Alii
2047 2652 2172 2694 quidem

1215 2868 1319 2887 merum
1339 2860 1427 2886 statuit
1446 2860 1501 2892 hic,
1520 2859 1568 2885 sed
1586 2858 1699 2889 infinite,
1725 2861 1853 2890 perpetuo
1878 2861 1904 2883 et
1928 2864 2032 2889 semper
2052 2857 2174 2888 denotat;

1215 2906 1283 2931 sicut
1301 2905 1372 2931 euim
1400 2903 1497 2930 millies
1525 2910 1605 2935 saepe
1632 2902 1738 2934 saepius
1757 2902 1900 2934 significat,
1920 2902 1953 2927 ita
1972 2905 1997 2927 et
2016 2902 2115 2927 dictum
2135 2908 2175 2927 su-

1216 2949 1306 2982 perius
1326 2948 1487 2982 [septuayies
1506 2946 1623 2980 septies}

1287 2992 1298 3007 ⁸
1318 2993 1419 3019 Scilicet
1438 2990 1579 3018 ordinaria
1600 2991 1626 3016 in
1644 2991 1707 3016 Luc.
1728 2990 1774 3022 ⁴7,
1793 2991 1824 3021 3,
1845 2990 1871 3015 in
1890 2997 1940 3022 qua
1956 2996 2003 3021 pro
2014 2988 2115 3022 petenti
2127 2989 2173 3021 (ita

1216 3038 1295 3063 etiam
1315 3037 1384 3063 Beda
1404 3037 1430 3062 in
1449 3037 1512 3062 Luc.
1532 3035 1578 3066 ⁴7,
1598 3035 1634 3068 4.)
1655 3034 1890 3073 textusxoriginalis
1905 3033 2064 3067 poenitenti,
2086 3037 2110 3058 et
2125 3040 2174 3065 pro

1215 3081 1400 3116 praecipimur
1419 3079 1537 3106 nonnulli
1555 3079 1634 3105 codd.
1650 3078 1819 3112 praecipitur
1839 3078 1938 3111 (contra
1952 3077 2050 3103 Bedam
2065 3081 2090 3102 et
2102 3078 2176 3102 Glos-

1216 3125 1293 3158 sani).
1312 3138 1348 3144 —-
1367 3124 1493 3156 Superius
1512 3126 1572 3155 post
1590 3121 1814 3156 quandocumque
1832 3122 1890 3147 Vat.
1909 3121 1983 3146 addit
2001 3122 2027 3146 et
2044 3120 2072 3146 in
2085 3126 2176 3153 quem-

1217 3176 1339 3203 cumque,
1353 3171 1378 3194 et
1396 3167 1509 3194 subinde
1528 3173 1576 3199 pro
1595 3173 1652 3192 non
1666 3165 1767 3199 petenti
1778 3165 1835 3197 ipsa
1847 3164 1979 3190 substituit
1994 3163 2175 3198 persequenti.

1287 3211 1299 3227 ⁹
1321 3213 1393 3238 vers.
1412 3211 1460 3242 34,
1479 3211 1522 3237 cui
1540 3210 1737 3242 subiunguntur
1756 3210 1795 3235 ΡΞ.
1814 3208 1846 3241 7,
1866 3209 1890 3235 5.
1910 3212 1936 3234 et
1953 3208 2058 3240 Actj7,
2078 3208 2121 3234 59.

1289 3255 1311 3271 ¹⁰
1331 3257 1406 3282 Vers.
1427 3256 1469 3281 ⁴6.
1489 3269 1525 3274 —
1543 3254 1595 3281 Cir.
1613 3260 1694 3286 supra
1711 3260 1738 3279 n.
1757 3253 1782 3278 ⁴.

1290 3300 1311 3314 ¹¹
1332 3301 1406 3326 Vers.
1426 3299 1452 3325 7.

1289 3343 1312 3358 ¹⁹
1332 3344 1405 3369 Vers.
1426 3344 1450 3368 8.
1468 3346 1494 3368 et
1512 3343 1537 3368 9.
1556 3341 1609 3368 Cir.
1626 3340 1713 3373 Cyrill.
1742 3340 1877 3366 Alexandr.
1896 3340 1922 3366 in
1946 3340 2008 3365 Luc.
2028 3338 2075 3369 ⁴7,
2095 3338 2121 3363 5.
2140 3351 2177 3357 —

1217 3389 1308 3414 Glossa
1326 3385 1507 3414 interlinearis
1527 3385 1600 3419 (vide
1620 3384 1809 3417 Theophylact.
1824 3384 1851 3409 in
1864 3384 1925 3410 Luc.
1939 3383 1988 3415 ⁴7,
2002 3382 2051 3415 5.):
2064 3381 2177 3415 Adauqe

2187 1654 2276 1676 Divisio.

2190 1867 2220 1888 De
2234 1867 2304 1894 primo

2197 1895 2296 1924 exemplo

2222 1923 2271 1941 tna.

2188 2184 2294 2206 Primum.
