<?xml version="1.0" encoding="UTF-8"?>
<!DOCTYPE html PUBLIC "-//W3C//DTD XHTML 1.0 Transitional//EN"
    "http://www.w3.org/TR/xhtml1/DTD/xhtml1-transitional.dtd">
<html xmlns="http://www.w3.org/1999/xhtml" xml:lang="en" lang="en">
 <head>
  <title>
</title>
<meta http-equiv="Content-Type" content="text/html;charset=utf-8" />
  <meta name='ocr-system' content='tesseract 3.04.00' />
  <meta name='ocr-capabilities' content='ocr_page ocr_carea ocr_par ocr_line ocrx_word'/>
</head>
<body>
  <div class='ocr_page' id='page_1' title='image "./doctorisseraphic07bona_0329.png"; bbox 0 0 2476 3921; ppageno 0'>
   <div class='ocr_carea' id='block_1_1' title="bbox 3 623 175 646">
    <p class='ocr_par' dir='ltr' id='par_1_1' title="bbox 3 623 175 646">
     <span class='ocr_line' id='line_1_1' title="bbox 3 623 175 646; baseline -0.006 -1"><span class='ocrx_word' id='word_1_1' title='bbox 3 640 4 645; x_wconf 68' lang='grc'>.</span> <span class='ocrx_word' id='word_1_2' title='bbox 48 623 175 646; x_wconf 78' lang='lat' dir='ltr'>seeundum.</span> 
     </span>
    </p>
   </div>
   <div class='ocr_carea' id='block_1_2' title="bbox 38 2258 171 2361">
    <p class='ocr_par' dir='ltr' id='par_1_2' title="bbox 38 2258 171 2361">
     <span class='ocr_line' id='line_1_2' title="bbox 46 2258 160 2281; baseline 0 -1"><span class='ocrx_word' id='word_1_3' title='bbox 46 2258 160 2281; x_wconf 80' lang='lat' dir='ltr'>Damnatur</span> 
     </span>
     <span class='ocr_line' id='line_1_3' title="bbox 55 2286 149 2307; baseline 0 0"><span class='ocrx_word' id='word_1_4' title='bbox 55 2286 149 2307; x_wconf 75' lang='lat' dir='ltr'>haeresis</span> 
     </span>
     <span class='ocr_line' id='line_1_4' title="bbox 38 2311 171 2335; baseline 0.015 -2"><span class='ocrx_word' id='word_1_5' title='bbox 38 2311 171 2335; x_wconf 78' lang='lat' dir='ltr'>Manichaeo-</span> 
     </span>
     <span class='ocr_line' id='line_1_5' title="bbox 75 2345 130 2361; baseline 0 0"><span class='ocrx_word' id='word_1_6' title='bbox 75 2345 130 2361; x_wconf 86' lang='lat' dir='ltr'>rum.</span> 
     </span>
    </p>
   </div>
   <div class='ocr_carea' id='block_1_3' title="bbox 792 206 1586 245">
    <p class='ocr_par' dir='ltr' id='par_1_3' title="bbox 792 206 1586 245">
     <span class='ocr_line' id='line_1_6' title="bbox 792 206 1586 245; baseline 0.006 -6"><span class='ocrx_word' id='word_1_7' title='bbox 792 206 988 240; x_wconf 89' lang='lat' dir='ltr'>COMMENT.</span> <span class='ocrx_word' id='word_1_8' title='bbox 1013 207 1050 240; x_wconf 88' lang='lat' dir='ltr'>IN</span> <span class='ocrx_word' id='word_1_9' title='bbox 1074 207 1314 242; x_wconf 85' lang='lat' dir='ltr'>EVANGELIUM</span> <span class='ocrx_word' id='word_1_10' title='bbox 1338 210 1456 243; x_wconf 82' lang='lat' dir='ltr'>LUCAE</span> <span class='ocrx_word' id='word_1_11' title='bbox 1480 211 1512 243; x_wconf 92' lang='lat' dir='ltr'>C.</span> <span class='ocrx_word' id='word_1_12' title='bbox 1539 212 1586 245; x_wconf 92' lang='lat' dir='ltr'>Xl.</span> 
     </span>
    </p>
   </div>
   <div class='ocr_carea' id='block_1_4' title="bbox 186 296 1164 2372">
    <p class='ocr_par' dir='ltr' id='par_1_4' title="bbox 196 296 1164 551">
     <span class='ocr_line' id='line_1_7' title="bbox 198 296 1164 338; baseline 0 -9"><span class='ocrx_word' id='word_1_13' title='bbox 198 296 392 338; x_wconf 74' lang='lat' dir='ltr'>corporalem</span> <span class='ocrx_word' id='word_1_14' title='bbox 417 304 475 329; x_wconf 86' lang='lat' dir='ltr'>nec</span> <span class='ocrx_word' id='word_1_15' title='bbox 498 296 678 329; x_wconf 89' lang='lat' dir='ltr'>attendebat</span> <span class='ocrx_word' id='word_1_16' title='bbox 694 296 900 338; x_wconf 90' lang='lat' dir='ltr'>spiritualem.</span> <span class='ocrx_word' id='word_1_17' title='bbox 923 296 959 329; x_wconf 91' lang='lat' dir='ltr'>Et</span> <span class='ocrx_word' id='word_1_18' title='bbox 983 296 1052 329; x_wconf 88' lang='lat' dir='ltr'>ideo</span> <span class='ocrx_word' id='word_1_19' title='bbox 1068 296 1164 338; x_wconf 87' lang='lat' dir='ltr'>hypo·</span> 
     </span>
     <span class='ocr_line' id='line_1_8' title="bbox 198 349 1162 392; baseline 0 -10"><span class='ocrx_word' id='word_1_20' title='bbox 198 349 277 383; x_wconf 90' lang='lat' dir='ltr'>crita</span> <span class='ocrx_word' id='word_1_21' title='bbox 307 352 375 382; x_wconf 90' lang='lat' dir='ltr'>erat</span> <span class='ocrx_word' id='word_1_22' title='bbox 406 352 471 382; x_wconf 90' lang='lat' dir='ltr'>tam</span> <span class='ocrx_word' id='word_1_23' title='bbox 495 349 527 382; x_wconf 89' lang='lat' dir='ltr'>in</span> <span class='ocrx_word' id='word_1_24' title='bbox 558 353 729 392; x_wconf 90' lang='lat' dir='ltr'>conspectu</span> <span class='ocrx_word' id='word_1_25' title='bbox 760 349 926 382; x_wconf 90' lang='lat' dir='ltr'>hominum</span> <span class='ocrx_word' id='word_1_26' title='bbox 959 358 1055 392; x_wconf 88' lang='lat' dir='ltr'>quam</span> <span class='ocrx_word' id='word_1_27' title='bbox 1087 349 1162 389; x_wconf 90' lang='lat' dir='ltr'>Dei,</span> 
     </span>
     <span class='ocr_line' id='line_1_9' title="bbox 197 402 1161 445; baseline 0.001 -10"><span class='ocrx_word' id='word_1_28' title='bbox 197 406 307 436; x_wconf 87' lang='lat' dir='ltr'>contra</span> <span class='ocrx_word' id='word_1_29' title='bbox 330 402 407 435; x_wconf 92' lang='lat' dir='ltr'>illud</span> <span class='ocrx_word' id='word_1_30' title='bbox 432 403 637 436; x_wconf 86' lang='lat' dir='ltr'>Ecclesiastici</span> <span class='ocrx_word' id='word_1_31' title='bbox 662 403 804 445; x_wconf 82' lang='lat' dir='ltr'>prim01:</span> <span class='ocrx_word' id='word_1_32' title='bbox 835 416 851 432; x_wconf 73' lang='lat' dir='ltr'>&lt;x</span> <span class='ocrx_word' id='word_1_33' title='bbox 867 403 910 436; x_wconf 92' lang='lat' dir='ltr'>Ne</span> <span class='ocrx_word' id='word_1_34' title='bbox 932 403 1103 436; x_wconf 82' lang='lat' dir='ltr'><strong>accesseris</strong></span> <span class='ocrx_word' id='word_1_35' title='bbox 1122 403 1161 436; x_wconf 87' lang='lat' dir='ltr'>ad</span> 
     </span>
     <span class='ocr_line' id='line_1_10' title="bbox 196 455 1162 498; baseline 0.001 -10"><span class='ocrx_word' id='word_1_36' title='bbox 196 456 286 489; x_wconf 92' lang='lat' dir='ltr'>illum</span> <span class='ocrx_word' id='word_1_37' title='bbox 310 455 427 498; x_wconf 79' lang='lat' dir='ltr'>duplici</span> <span class='ocrx_word' id='word_1_38' title='bbox 451 456 563 495; x_wconf 90' lang='lat' dir='ltr'>corde,</span> <span class='ocrx_word' id='word_1_39' title='bbox 587 459 620 489; x_wconf 90' lang='lat' dir='ltr'>et</span> <span class='ocrx_word' id='word_1_40' title='bbox 650 465 689 489; x_wconf 91' lang='lat' dir='ltr'>ne</span> <span class='ocrx_word' id='word_1_41' title='bbox 712 456 812 490; x_wconf 88' lang='lat' dir='ltr'>fueris</span> <span class='ocrx_word' id='word_1_42' title='bbox 835 456 1002 498; x_wconf 82' lang='lat' dir='ltr'>hypocrita</span> <span class='ocrx_word' id='word_1_43' title='bbox 1031 456 1064 489; x_wconf 92' lang='lat' dir='ltr'>in</span> <span class='ocrx_word' id='word_1_44' title='bbox 1087 465 1162 489; x_wconf 88' lang='lat' dir='ltr'>con-</span> 
     </span>
     <span class='ocr_line' id='line_1_11' title="bbox 197 509 543 551; baseline 0 -9"><span class='ocrx_word' id='word_1_45' title='bbox 197 511 306 551; x_wconf 89' lang='lat' dir='ltr'>spectu</span> <span class='ocrx_word' id='word_1_46' title='bbox 332 509 496 542; x_wconf 85' lang='lat' dir='ltr'>hominum</span> <span class='ocrx_word' id='word_1_47' title='bbox 513 523 543 542; x_wconf 72' lang='lat' dir='ltr'>n.</span> 
     </span>
    </p>

    <p class='ocr_par' dir='ltr' id='par_1_5' title="bbox 186 561 1162 2103">
     <span class='ocr_line' id='line_1_12' title="bbox 285 561 1161 605; baseline -0.001 -10"><span class='ocrx_word' id='word_1_48' title='bbox 285 563 338 596; x_wconf 91' lang='grc'>80.</span> <span class='ocrx_word' id='word_1_49' title='bbox 364 563 466 605; x_wconf 88' lang='lat' dir='ltr'>(Vers.</span> <span class='ocrx_word' id='word_1_50' title='bbox 492 563 569 604; x_wconf 65' lang='lat'>39).</span> <span class='ocrx_word' id='word_1_51' title='bbox 599 562 742 596; x_wconf 91' lang='lat' dir='ltr'>Secundo</span> <span class='ocrx_word' id='word_1_52' title='bbox 765 565 921 605; x_wconf 90' lang='lat' dir='ltr'>quantum</span> <span class='ocrx_word' id='word_1_53' title='bbox 945 561 984 595; x_wconf 87' lang='lat' dir='ltr'>ad</span> <span class='ocrx_word' id='word_1_54' title='bbox 1007 562 1161 605; x_wconf 85' lang='lat' dir='ltr'>inerepa-</span> 
     </span>
     <span class='ocr_line' id='line_1_13' title="bbox 196 615 1162 659; baseline -0.001 -10"><span class='ocrx_word' id='word_1_55' title='bbox 196 616 296 650; x_wconf 83' lang='lat' dir='ltr'>lionis</span> <span class='ocrx_word' id='word_1_56' title='bbox 317 616 522 650; x_wconf 79' lang='lat' dir='ltr'>severitatem</span> <span class='ocrx_word' id='word_1_57' title='bbox 546 625 587 650; x_wconf 88' lang='lat' dir='ltr'>ex</span> <span class='ocrx_word' id='word_1_58' title='bbox 612 619 701 659; x_wconf 90' lang='lat' dir='ltr'>parte</span> <span class='ocrx_word' id='word_1_59' title='bbox 725 616 863 659; x_wconf 83' lang='lat' dir='ltr'>Magistri</span> <span class='ocrx_word' id='word_1_60' title='bbox 888 615 1018 648; x_wconf 85' lang='lat' dir='ltr'>subdit:</span> <span class='ocrx_word' id='word_1_61' title='bbox 1047 616 1089 648; x_wconf 81' lang='lat' dir='ltr'>Et</span> <span class='ocrx_word' id='word_1_62' title='bbox 1111 615 1162 648; x_wconf 81' lang='lat' dir='ltr'>ait</span> 
     </span>
     <span class='ocr_line' id='line_1_14' title="bbox 196 669 1160 713; baseline -0.001 -10"><span class='ocrx_word' id='word_1_63' title='bbox 196 671 360 704; x_wconf 79' lang='lat' dir='ltr'>Dominus</span> <span class='ocrx_word' id='word_1_64' title='bbox 376 670 423 703; x_wconf 81' lang='lat' dir='ltr'>ad</span> <span class='ocrx_word' id='word_1_65' title='bbox 438 670 552 704; x_wconf 86' lang='lat' dir='ltr'>illum:</span> <span class='ocrx_word' id='word_1_66' title='bbox 577 670 675 703; x_wconf 90' lang='lat' dir='ltr'>Nune</span> <span class='ocrx_word' id='word_1_67' title='bbox 690 679 759 708; x_wconf 85' lang='lat' dir='ltr'>vos,</span> <span class='ocrx_word' id='word_1_68' title='bbox 779 669 977 708; x_wconf 78' lang='lat' dir='ltr'>Pharisaei,</span> <span class='ocrx_word' id='word_1_69' title='bbox 1002 669 1091 713; x_wconf 80' lang='lat' dir='ltr'>quod</span> <span class='ocrx_word' id='word_1_70' title='bbox 1106 669 1160 702; x_wconf 85' lang='lat' dir='ltr'>de-</span> 
     </span>
     <span class='ocr_line' id='line_1_15' title="bbox 194 723 1160 767; baseline -0.001 -10"><span class='ocrx_word' id='word_1_71' title='bbox 194 723 282 767; x_wconf 84' lang='lat' dir='ltr'>foris</span> <span class='ocrx_word' id='word_1_72' title='bbox 306 728 352 757; x_wconf 86' lang='lat' dir='ltr'>esl</span> <span class='ocrx_word' id='word_1_73' title='bbox 375 724 491 757; x_wconf 80' lang='lat' dir='ltr'>calicis</span> <span class='ocrx_word' id='word_1_74' title='bbox 513 728 543 757; x_wconf 81' lang='lat' dir='ltr'>et</span> <span class='ocrx_word' id='word_1_75' title='bbox 566 723 673 756; x_wconf 72' lang='lat' dir='ltr'>salini</span> <span class='ocrx_word' id='word_1_76' title='bbox 694 723 877 756; x_wconf 81' lang='lat' dir='ltr'>mundatis.</span> <span class='ocrx_word' id='word_1_77' title='bbox 906 723 1003 756; x_wconf 78' lang='lat' dir='ltr'>Calix</span> <span class='ocrx_word' id='word_1_78' title='bbox 1034 726 1082 756; x_wconf 89' lang='lat' dir='ltr'>est</span> <span class='ocrx_word' id='word_1_79' title='bbox 1106 732 1160 756; x_wconf 90' lang='lat' dir='ltr'>vas</span> 
     </span>
     <span class='ocr_line' id='line_1_16' title="bbox 195 776 1160 817; baseline -0.001 -7"><span class='ocrx_word' id='word_1_80' title='bbox 195 777 234 810; x_wconf 92' lang='lat' dir='ltr'>ad</span> <span class='ocrx_word' id='word_1_81' title='bbox 258 777 446 817; x_wconf 91' lang='lat' dir='ltr'>bibendum,</span> <span class='ocrx_word' id='word_1_82' title='bbox 471 778 622 810; x_wconf 80' lang='lat' dir='ltr'>calinum</span> <span class='ocrx_word' id='word_1_83' title='bbox 654 777 693 810; x_wconf 91' lang='lat' dir='ltr'>ad</span> <span class='ocrx_word' id='word_1_84' title='bbox 724 776 997 816; x_wconf 89' lang='lat' dir='ltr'>manducandum;</span> <span class='ocrx_word' id='word_1_85' title='bbox 1026 780 1058 810; x_wconf 93' lang='lat' dir='ltr'>et</span> <span class='ocrx_word' id='word_1_86' title='bbox 1081 777 1160 810; x_wconf 89' lang='lat' dir='ltr'>haec</span> 
     </span>
     <span class='ocr_line' id='line_1_17' title="bbox 195 830 1160 872; baseline -0.002 -8"><span class='ocrx_word' id='word_1_87' title='bbox 195 840 270 864; x_wconf 89' lang='lat' dir='ltr'>vasa</span> <span class='ocrx_word' id='word_1_88' title='bbox 293 831 432 864; x_wconf 81' lang='lat' dir='ltr'>maxime</span> <span class='ocrx_word' id='word_1_89' title='bbox 463 831 658 864; x_wconf 89' lang='lat' dir='ltr'>mundabant</span> <span class='ocrx_word' id='word_1_90' title='bbox 681 830 837 864; x_wconf 79' lang='lat' dir='ltr'>Pharisaei</span> <span class='ocrx_word' id='word_1_91' title='bbox 867 833 898 863; x_wconf 92' lang='lat' dir='ltr'>et</span> <span class='ocrx_word' id='word_1_92' title='bbox 930 830 1052 869; x_wconf 85' lang='lat' dir='ltr'>ludaei,</span> <span class='ocrx_word' id='word_1_93' title='bbox 1084 830 1160 872; x_wconf 89' lang='lat' dir='ltr'>quia</span> 
     </span>
     <span class='ocr_line' id='line_1_18' title="bbox 194 884 1158 927; baseline -0.002 -9"><span class='ocrx_word' id='word_1_94' title='bbox 194 894 228 919; x_wconf 82' lang='lat' dir='ltr'>se</span> <span class='ocrx_word' id='word_1_95' title='bbox 262 885 416 927; x_wconf 87' lang='lat' dir='ltr'>putabant</span> <span class='ocrx_word' id='word_1_96' title='bbox 451 885 612 927; x_wconf 88' lang='lat' dir='ltr'>inquinari</span> <span class='ocrx_word' id='word_1_97' title='bbox 642 894 700 927; x_wconf 88' lang='lat' dir='ltr'>per</span> <span class='ocrx_word' id='word_1_98' title='bbox 735 884 967 918; x_wconf 86' lang='lat' dir='ltr'>immunditiam</span> <span class='ocrx_word' id='word_1_99' title='bbox 998 893 1158 917; x_wconf 89' lang='lat' dir='ltr'>vasorum.</span> 
     </span>
     <span class='ocr_line' id='line_1_19' title="bbox 194 937 1159 981; baseline -0.001 -10"><span class='ocrx_word' id='word_1_100' title='bbox 194 938 280 972; x_wconf 91' lang='lat' dir='ltr'>Unde</span> <span class='ocrx_word' id='word_1_101' title='bbox 304 938 398 971; x_wconf 90' lang='lat' dir='ltr'>Marci</span> <span class='ocrx_word' id='word_1_102' title='bbox 415 938 549 981; x_wconf 90' lang='lat' dir='ltr'>septimo</span> <span class='ocrx_word' id='word_1_103' title='bbox 562 939 574 958; x_wconf 59' lang='grc' dir='ltr'><strong>Β</strong></span> <span class='ocrx_word' id='word_1_104' title='bbox 590 938 717 978; x_wconf 90' lang='lat' dir='ltr'>dicitur,</span> <span class='ocrx_word' id='word_1_105' title='bbox 734 937 818 980; x_wconf 87' lang='lat' dir='ltr'>quod</span> <span class='ocrx_word' id='word_1_106' title='bbox 848 950 864 966; x_wconf 78' lang='grc' dir='ltr'>α</span> <span class='ocrx_word' id='word_1_107' title='bbox 881 938 981 970; x_wconf 90' lang='lat' dir='ltr'>multa</span> <span class='ocrx_word' id='word_1_108' title='bbox 1003 941 1078 971; x_wconf 90' lang='lat' dir='ltr'>sunt</span> <span class='ocrx_word' id='word_1_109' title='bbox 1098 937 1159 970; x_wconf 92' lang='lat' dir='ltr'>illis</span> 
     </span>
     <span class='ocr_line' id='line_1_20' title="bbox 194 991 1160 1034; baseline -0.002 -9"><span class='ocrx_word' id='word_1_110' title='bbox 194 992 309 1025; x_wconf 87' lang='lat' dir='ltr'>tradita</span> <span class='ocrx_word' id='word_1_111' title='bbox 332 1001 477 1025; x_wconf 90' lang='lat' dir='ltr'>servare:</span> <span class='ocrx_word' id='word_1_112' title='bbox 502 992 691 1034; x_wconf 79' lang='lat' dir='ltr'>baptismata</span> <span class='ocrx_word' id='word_1_113' title='bbox 714 991 846 1025; x_wconf 89' lang='lat' dir='ltr'>calicum</span> <span class='ocrx_word' id='word_1_114' title='bbox 871 994 902 1024; x_wconf 92' lang='lat' dir='ltr'>et</span> <span class='ocrx_word' id='word_1_115' title='bbox 933 1000 1103 1024; x_wconf 84' lang='lat' dir='ltr'>urceorum</span> <span class='ocrx_word' id='word_1_116' title='bbox 1128 994 1160 1023; x_wconf 88' lang='lat' dir='ltr'>et</span> 
     </span>
     <span class='ocr_line' id='line_1_21' title="bbox 193 1044 1157 1087; baseline -0.001 -9"><span class='ocrx_word' id='word_1_117' title='bbox 193 1049 447 1079; x_wconf 85' lang='lat' dir='ltr'>aeramentorum</span> <span class='ocrx_word' id='word_1_118' title='bbox 465 1059 496 1078; x_wconf 73' lang='grc' dir='ltr'>ιι.</span> <span class='ocrx_word' id='word_1_119' title='bbox 529 1045 609 1087; x_wconf 85' lang='lat' dir='ltr'>Quia</span> <span class='ocrx_word' id='word_1_120' title='bbox 640 1054 731 1085; x_wconf 87' lang='lat' dir='ltr'>vero,</span> <span class='ocrx_word' id='word_1_121' title='bbox 762 1048 799 1078; x_wconf 88' lang='lat' dir='ltr'>ut</span> <span class='ocrx_word' id='word_1_122' title='bbox 828 1045 904 1078; x_wconf 89' lang='lat' dir='ltr'>dicit</span> <span class='ocrx_word' id='word_1_123' title='bbox 935 1044 1118 1078; x_wconf 79' lang='lat' dir='ltr'>Ambrosius</span> <span class='ocrx_word' id='word_1_124' title='bbox 1134 1044 1157 1084; x_wconf 78' lang='lat'>³,</span> 
     </span>
     <span class='ocr_line' id='line_1_22' title="bbox 198 1098 1158 1138; baseline -0.003 -5"><span class='ocrx_word' id='word_1_125' title='bbox 198 1113 214 1128; x_wconf 83' lang='lat'>«</span> <span class='ocrx_word' id='word_1_126' title='bbox 230 1099 314 1132; x_wconf 86' lang='lat' dir='ltr'>calix</span> <span class='ocrx_word' id='word_1_127' title='bbox 336 1103 384 1133; x_wconf 91' lang='lat' dir='ltr'>est</span> <span class='ocrx_word' id='word_1_128' title='bbox 407 1109 462 1133; x_wconf 87' lang='lat' dir='ltr'>vas</span> <span class='ocrx_word' id='word_1_129' title='bbox 486 1100 639 1138; x_wconf 87' lang='lat' dir='ltr'>vitreum,</span> <span class='ocrx_word' id='word_1_130' title='bbox 664 1102 696 1132; x_wconf 88' lang='lat' dir='ltr'>et</span> <span class='ocrx_word' id='word_1_131' title='bbox 718 1098 857 1135; x_wconf 86' lang='lat' dir='ltr'>catinum</span> <span class='ocrx_word' id='word_1_132' title='bbox 874 1107 929 1131; x_wconf 89' lang='lat' dir='ltr'>vas</span> <span class='ocrx_word' id='word_1_133' title='bbox 952 1098 1048 1131; x_wconf 87' lang='lat' dir='ltr'>fictile</span> <span class='ocrx_word' id='word_1_134' title='bbox 1065 1109 1102 1136; x_wconf 77' lang='lat'>»3</span> <span class='ocrx_word' id='word_1_135' title='bbox 1122 1101 1158 1130; x_wconf 87' lang='lat' dir='ltr'>et</span> 
     </span>
     <span class='ocr_line' id='line_1_23' title="bbox 193 1151 1157 1196; baseline -0.004 -9"><span class='ocrx_word' id='word_1_136' title='bbox 193 1153 268 1196; x_wconf 90' lang='lat' dir='ltr'>quia</span> <span class='ocrx_word' id='word_1_137' title='bbox 299 1157 474 1196; x_wconf 89' lang='lat' dir='ltr'>utrumque</span> <span class='ocrx_word' id='word_1_138' title='bbox 504 1153 632 1196; x_wconf 81' lang='lat' dir='ltr'>fragile,</span> <span class='ocrx_word' id='word_1_139' title='bbox 665 1156 750 1186; x_wconf 89' lang='lat' dir='ltr'>recte</span> <span class='ocrx_word' id='word_1_140' title='bbox 781 1152 923 1194; x_wconf 85' lang='lat' dir='ltr'>designat</span> <span class='ocrx_word' id='word_1_141' title='bbox 957 1151 1157 1194; x_wconf 86' lang='lat' dir='ltr'>fragilitatem</span> 
     </span>
     <span class='ocr_line' id='line_1_24' title="bbox 193 1205 1157 1250; baseline -0.003 -10"><span class='ocrx_word' id='word_1_142' title='bbox 193 1207 322 1240; x_wconf 84' lang='lat' dir='ltr'>humani</span> <span class='ocrx_word' id='word_1_143' title='bbox 347 1207 507 1250; x_wconf 90' lang='lat' dir='ltr'>corporis,</span> <span class='ocrx_word' id='word_1_144' title='bbox 532 1207 616 1240; x_wconf 89' lang='lat' dir='ltr'>circa</span> <span class='ocrx_word' id='word_1_145' title='bbox 637 1216 733 1250; x_wconf 89' lang='lat' dir='ltr'>quam</span> <span class='ocrx_word' id='word_1_146' title='bbox 762 1205 922 1239; x_wconf 86' lang='lat' dir='ltr'>Pharisaei</span> <span class='ocrx_word' id='word_1_147' title='bbox 947 1210 1037 1238; x_wconf 91' lang='lat' dir='ltr'>erant</span> <span class='ocrx_word' id='word_1_148' title='bbox 1059 1205 1157 1247; x_wconf 88' lang='lat' dir='ltr'>potis-</span> 
     </span>
     <span class='ocr_line' id='line_1_25' title="bbox 193 1259 1158 1304; baseline -0.003 -10"><span class='ocrx_word' id='word_1_149' title='bbox 193 1261 270 1294; x_wconf 88' lang='lat' dir='ltr'>sime</span> <span class='ocrx_word' id='word_1_150' title='bbox 293 1261 422 1301; x_wconf 85' lang='lat' dir='ltr'>intenti,</span> <span class='ocrx_word' id='word_1_151' title='bbox 447 1261 589 1304; x_wconf 83' lang='lat' dir='ltr'>neglecta</span> <span class='ocrx_word' id='word_1_152' title='bbox 611 1260 766 1294; x_wconf 87' lang='lat' dir='ltr'>munditia</span> <span class='ocrx_word' id='word_1_153' title='bbox 789 1259 1018 1297; x_wconf 88' lang='lat' dir='ltr'>conscientiae;</span> <span class='ocrx_word' id='word_1_154' title='bbox 1043 1263 1074 1292; x_wconf 92' lang='lat' dir='ltr'>et</span> <span class='ocrx_word' id='word_1_155' title='bbox 1098 1259 1158 1291; x_wconf 91' lang='lat' dir='ltr'>hoc</span> 
     </span>
     <span class='ocr_line' id='line_1_26' title="bbox 192 1312 1158 1357; baseline -0.003 -10"><span class='ocrx_word' id='word_1_156' title='bbox 192 1318 260 1347; x_wconf 86' lang='lat' dir='ltr'>erat</span> <span class='ocrx_word' id='word_1_157' title='bbox 284 1315 541 1357; x_wconf 82' lang='lat' dir='ltr'>reprehensibile.</span> <span class='ocrx_word' id='word_1_158' title='bbox 559 1315 635 1347; x_wconf 90' lang='lat' dir='ltr'>Nam</span> <span class='ocrx_word' id='word_1_159' title='bbox 659 1314 776 1347; x_wconf 91' lang='lat' dir='ltr'>dicitur</span> <span class='ocrx_word' id='word_1_160' title='bbox 792 1313 887 1346; x_wconf 87' lang='lat' dir='ltr'>Isaiae</span> <span class='ocrx_word' id='word_1_161' title='bbox 904 1312 1047 1355; x_wconf 72' lang='lat' dir='ltr'>prim04:</span> <span class='ocrx_word' id='word_1_162' title='bbox 1070 1325 1086 1341; x_wconf 89' lang='lat'><strong><em>«</em></strong></span> <span class='ocrx_word' id='word_1_163' title='bbox 1102 1312 1158 1344; x_wconf 90' lang='lat' dir='ltr'>La—</span> 
     </span>
     <span class='ocr_line' id='line_1_27' title="bbox 192 1366 1156 1408; baseline -0.003 -7"><span class='ocrx_word' id='word_1_164' title='bbox 192 1368 325 1408; x_wconf 90' lang='lat' dir='ltr'>vamini,</span> <span class='ocrx_word' id='word_1_165' title='bbox 349 1369 458 1401; x_wconf 90' lang='lat' dir='ltr'>mundi</span> <span class='ocrx_word' id='word_1_166' title='bbox 491 1372 608 1407; x_wconf 91' lang='lat' dir='ltr'>estote,</span> <span class='ocrx_word' id='word_1_167' title='bbox 632 1368 754 1401; x_wconf 88' lang='lat' dir='ltr'>auferte</span> <span class='ocrx_word' id='word_1_168' title='bbox 781 1367 899 1400; x_wconf 88' lang='lat' dir='ltr'>malum</span> <span class='ocrx_word' id='word_1_169' title='bbox 932 1366 1156 1408; x_wconf 84' lang='lat' dir='ltr'>cogitationum</span> 
     </span>
     <span class='ocr_line' id='line_1_28' title="bbox 192 1419 1156 1461; baseline -0.003 -7"><span class='ocrx_word' id='word_1_170' title='bbox 192 1425 370 1455; x_wconf 89' lang='lat' dir='ltr'>vestrarum</span> <span class='ocrx_word' id='word_1_171' title='bbox 407 1422 448 1455; x_wconf 89' lang='lat' dir='ltr'>ab</span> <span class='ocrx_word' id='word_1_172' title='bbox 479 1421 580 1455; x_wconf 90' lang='lat' dir='ltr'>oculis</span> <span class='ocrx_word' id='word_1_173' title='bbox 614 1421 745 1460; x_wconf 75' lang='lat' dir='ltr'>meis»;</span> <span class='ocrx_word' id='word_1_174' title='bbox 778 1424 809 1453; x_wconf 89' lang='lat' dir='ltr'>et</span> <span class='ocrx_word' id='word_1_175' title='bbox 845 1419 993 1453; x_wconf 90' lang='lat' dir='ltr'>Ieremiae</span> <span class='ocrx_word' id='word_1_176' title='bbox 1024 1422 1156 1461; x_wconf 89' lang='lat' dir='ltr'>quarto:</span> 
     </span>
     <span class='ocr_line' id='line_1_29' title="bbox 197 1471 1155 1514; baseline -0.005 -6"><span class='ocrx_word' id='word_1_177' title='bbox 197 1487 213 1503; x_wconf 85' lang='lat'>«</span> <span class='ocrx_word' id='word_1_178' title='bbox 225 1475 306 1508; x_wconf 89' lang='lat' dir='ltr'>Lava</span> <span class='ocrx_word' id='word_1_179' title='bbox 322 1484 340 1507; x_wconf 90' lang='lat' dir='ltr'>a</span> <span class='ocrx_word' id='word_1_180' title='bbox 355 1475 473 1508; x_wconf 90' lang='lat' dir='ltr'>malitia</span> <span class='ocrx_word' id='word_1_181' title='bbox 489 1484 544 1508; x_wconf 91' lang='lat' dir='ltr'>cor</span> <span class='ocrx_word' id='word_1_182' title='bbox 562 1479 669 1514; x_wconf 89' lang='lat' dir='ltr'>tuum,</span> <span class='ocrx_word' id='word_1_183' title='bbox 693 1473 878 1512; x_wconf 88' lang='lat' dir='ltr'>Ierusalem,</span> <span class='ocrx_word' id='word_1_184' title='bbox 898 1475 935 1505; x_wconf 92' lang='lat' dir='ltr'>ut</span> <span class='ocrx_word' id='word_1_185' title='bbox 950 1472 1036 1505; x_wconf 88' lang='lat' dir='ltr'>salva</span> <span class='ocrx_word' id='word_1_186' title='bbox 1056 1471 1113 1504; x_wconf 88' lang='lat' dir='ltr'>fias</span> <span class='ocrx_word' id='word_1_187' title='bbox 1124 1482 1155 1510; x_wconf 79' lang='lat'>»3</span> 
     </span>
     <span class='ocr_line' id='line_1_30' title="bbox 191 1524 1156 1570; baseline -0.006 -8"><span class='ocrx_word' id='word_1_188' title='bbox 191 1528 275 1570; x_wconf 83' lang='lat' dir='ltr'>quod</span> <span class='ocrx_word' id='word_1_189' title='bbox 293 1528 448 1562; x_wconf 86' lang='lat' dir='ltr'>Pharisaei</span> <span class='ocrx_word' id='word_1_190' title='bbox 466 1538 528 1562; x_wconf 92' lang='lat' dir='ltr'>non</span> <span class='ocrx_word' id='word_1_191' title='bbox 552 1528 771 1561; x_wconf 89' lang='lat' dir='ltr'>observabant.</span> <span class='ocrx_word' id='word_1_192' title='bbox 790 1546 834 1552; x_wconf 91' lang='lat'>—</span> <span class='ocrx_word' id='word_1_193' title='bbox 850 1527 981 1568; x_wconf 86' lang='lat' dir='ltr'>Propter</span> <span class='ocrx_word' id='word_1_194' title='bbox 1001 1524 1086 1568; x_wconf 90' lang='lat' dir='ltr'>quod</span> <span class='ocrx_word' id='word_1_195' title='bbox 1102 1524 1156 1557; x_wconf 88' lang='lat' dir='ltr'>ad-</span> 
     </span>
     <span class='ocr_line' id='line_1_31' title="bbox 189 1579 1155 1622; baseline -0.004 -9"><span class='ocrx_word' id='word_1_196' title='bbox 189 1581 252 1614; x_wconf 89' lang='lat' dir='ltr'>dit:</span> <span class='ocrx_word' id='word_1_197' title='bbox 278 1582 373 1622; x_wconf 82' lang='lat' dir='ltr'>Quod</span> <span class='ocrx_word' id='word_1_198' title='bbox 395 1587 507 1615; x_wconf 80' lang='lat' dir='ltr'>autem</span> <span class='ocrx_word' id='word_1_199' title='bbox 531 1581 622 1614; x_wconf 77' lang='lat' dir='ltr'>intus</span> <span class='ocrx_word' id='word_1_200' title='bbox 644 1584 690 1614; x_wconf 85' lang='lat' dir='ltr'>esl</span> <span class='ocrx_word' id='word_1_201' title='bbox 713 1584 861 1613; x_wconf 78' lang='lat' dir='ltr'>vest-rum</span> <span class='ocrx_word' id='word_1_202' title='bbox 875 1579 1011 1622; x_wconf 84' lang='lat' dir='ltr'>plenum</span> <span class='ocrx_word' id='word_1_203' title='bbox 1034 1582 1082 1611; x_wconf 80' lang='lat' dir='ltr'>esc</span> <span class='ocrx_word' id='word_1_204' title='bbox 1097 1587 1155 1610; x_wconf 83' lang='lat' dir='ltr'>ra-</span> 
     </span>
     <span class='ocr_line' id='line_1_32' title="bbox 186 1631 1155 1679; baseline -0.004 -12"><span class='ocrx_word' id='word_1_205' title='bbox 186 1635 272 1676; x_wconf 81' lang='lat' dir='ltr'>pina</span> <span class='ocrx_word' id='word_1_206' title='bbox 295 1638 323 1668; x_wconf 77' lang='lat' dir='ltr'>el</span> <span class='ocrx_word' id='word_1_207' title='bbox 347 1635 541 1679; x_wconf 74' lang='lat' dir='ltr'>iniquitate,</span> <span class='ocrx_word' id='word_1_208' title='bbox 565 1643 602 1668; x_wconf 88' lang='lat' dir='ltr'>ac</span> <span class='ocrx_word' id='word_1_209' title='bbox 626 1643 683 1677; x_wconf 90' lang='lat' dir='ltr'>per</span> <span class='ocrx_word' id='word_1_210' title='bbox 708 1635 768 1667; x_wconf 83' lang='lat' dir='ltr'>hoc</span> <span class='ocrx_word' id='word_1_211' title='bbox 800 1632 1000 1666; x_wconf 89' lang='lat' dir='ltr'>immundum</span> <span class='ocrx_word' id='word_1_212' title='bbox 1026 1635 1058 1664; x_wconf 90' lang='lat' dir='ltr'>et</span> <span class='ocrx_word' id='word_1_213' title='bbox 1080 1631 1155 1663; x_wconf 91' lang='lat' dir='ltr'>abo-</span> 
     </span>
     <span class='ocr_line' id='line_1_33' title="bbox 188 1685 1154 1730; baseline -0.004 -9"><span class='ocrx_word' id='word_1_214' title='bbox 188 1688 346 1722; x_wconf 91' lang='lat' dir='ltr'>minabile.</span> <span class='ocrx_word' id='word_1_215' title='bbox 378 1688 465 1722; x_wconf 84' lang='lat' dir='ltr'>Unde</span> <span class='ocrx_word' id='word_1_216' title='bbox 498 1689 537 1722; x_wconf 91' lang='lat' dir='ltr'>de</span> <span class='ocrx_word' id='word_1_217' title='bbox 570 1688 616 1722; x_wconf 89' lang='lat' dir='ltr'>eis</span> <span class='ocrx_word' id='word_1_218' title='bbox 650 1691 773 1730; x_wconf 90' lang='lat' dir='ltr'>poterat</span> <span class='ocrx_word' id='word_1_219' title='bbox 805 1687 865 1720; x_wconf 89' lang='lat' dir='ltr'>dici</span> <span class='ocrx_word' id='word_1_220' title='bbox 897 1686 975 1719; x_wconf 92' lang='lat' dir='ltr'>illud</span> <span class='ocrx_word' id='word_1_221' title='bbox 999 1685 1154 1719; x_wconf 90' lang='lat' dir='ltr'>Michaeae</span> 
     </span>
     <span class='ocr_line' id='line_1_34' title="bbox 188 1738 1154 1784; baseline -0.005 -9"><span class='ocrx_word' id='word_1_222' title='bbox 188 1747 280 1775; x_wconf 87' lang='lat' dir='ltr'>sexto</span> <span class='ocrx_word' id='word_1_223' title='bbox 293 1742 335 1774; x_wconf 81' lang='lat'>⁵:-</span> <span class='ocrx_word' id='word_1_224' title='bbox 354 1755 369 1771; x_wconf 73' lang='grc' dir='ltr'>(ι</span> <span class='ocrx_word' id='word_1_225' title='bbox 385 1742 504 1775; x_wconf 90' lang='lat' dir='ltr'>Divites</span> <span class='ocrx_word' id='word_1_226' title='bbox 527 1742 596 1775; x_wconf 93' lang='lat' dir='ltr'>eius</span> <span class='ocrx_word' id='word_1_227' title='bbox 613 1741 724 1784; x_wconf 90' lang='lat' dir='ltr'>repleti</span> <span class='ocrx_word' id='word_1_228' title='bbox 748 1744 823 1775; x_wconf 90' lang='lat' dir='ltr'>sunt</span> <span class='ocrx_word' id='word_1_229' title='bbox 848 1740 1027 1782; x_wconf 87' lang='lat' dir='ltr'>iniquitate,</span> <span class='ocrx_word' id='word_1_230' title='bbox 1051 1742 1084 1771; x_wconf 92' lang='lat' dir='ltr'>et</span> <span class='ocrx_word' id='word_1_231' title='bbox 1099 1738 1154 1770; x_wconf 90' lang='lat' dir='ltr'>ha-</span> 
     </span>
     <span class='ocr_line' id='line_1_35' title="bbox 187 1791 1153 1838; baseline -0.005 -9"><span class='ocrx_word' id='word_1_232' title='bbox 187 1795 323 1829; x_wconf 87' lang='lat' dir='ltr'>bitantes</span> <span class='ocrx_word' id='word_1_233' title='bbox 337 1796 369 1829; x_wconf 92' lang='lat' dir='ltr'>in</span> <span class='ocrx_word' id='word_1_234' title='bbox 386 1805 423 1829; x_wconf 89' lang='lat' dir='ltr'>ea</span> <span class='ocrx_word' id='word_1_235' title='bbox 447 1796 658 1838; x_wconf 82' lang='lat' dir='ltr'>loquebantur</span> <span class='ocrx_word' id='word_1_236' title='bbox 683 1795 881 1829; x_wconf 86' lang='lat' dir='ltr'>mendacium</span> <span class='ocrx_word' id='word_1_237' title='bbox 899 1806 930 1833; x_wconf 83' lang='grc'>»;</span> <span class='ocrx_word' id='word_1_238' title='bbox 949 1791 1153 1826; x_wconf 84' lang='lat' dir='ltr'>Ecclesiastici</span> 
     </span>
     <span class='ocr_line' id='line_1_36' title="bbox 188 1848 1153 1892; baseline -0.004 -10"><span class='ocrx_word' id='word_1_239' title='bbox 188 1849 305 1891; x_wconf 90' lang='lat' dir='ltr'>primo:</span> <span class='ocrx_word' id='word_1_240' title='bbox 334 1862 350 1878; x_wconf 79' lang='grc' dir='ltr'>α</span> <span class='ocrx_word' id='word_1_241' title='bbox 372 1849 531 1883; x_wconf 85' lang='lat' dir='ltr'>Accessisti</span> <span class='ocrx_word' id='word_1_242' title='bbox 569 1849 705 1892; x_wconf 84' lang='lat' dir='ltr'>maligne</span> <span class='ocrx_word' id='word_1_243' title='bbox 739 1849 778 1882; x_wconf 88' lang='lat' dir='ltr'>ad</span> <span class='ocrx_word' id='word_1_244' title='bbox 813 1848 1001 1886; x_wconf 88' lang='lat' dir='ltr'>Dominum,</span> <span class='ocrx_word' id='word_1_245' title='bbox 1036 1850 1068 1879; x_wconf 90' lang='lat' dir='ltr'>et</span> <span class='ocrx_word' id='word_1_246' title='bbox 1098 1855 1153 1879; x_wconf 87' lang='lat' dir='ltr'>cor</span> 
     </span>
     <span class='ocr_line' id='line_1_37' title="bbox 188 1899 1153 1945; baseline -0.004 -10"><span class='ocrx_word' id='word_1_247' title='bbox 188 1906 281 1935; x_wconf 91' lang='lat' dir='ltr'>tuum</span> <span class='ocrx_word' id='word_1_248' title='bbox 295 1903 432 1945; x_wconf 83' lang='lat' dir='ltr'>&#39;plenum</span> <span class='ocrx_word' id='word_1_249' title='bbox 456 1907 504 1936; x_wconf 83' lang='lat' dir='ltr'>est</span> <span class='ocrx_word' id='word_1_250' title='bbox 527 1903 598 1936; x_wconf 91' lang='lat' dir='ltr'>dolo</span> <span class='ocrx_word' id='word_1_251' title='bbox 621 1907 652 1936; x_wconf 86' lang='lat' dir='ltr'>et</span> <span class='ocrx_word' id='word_1_252' title='bbox 675 1903 796 1936; x_wconf 85' lang='lat' dir='ltr'>fallacia</span> <span class='ocrx_word' id='word_1_253' title='bbox 813 1914 847 1942; x_wconf 75' lang='lat'>³³3</span> <span class='ocrx_word' id='word_1_254' title='bbox 873 1901 948 1944; x_wconf 85' lang='lat' dir='ltr'>quia</span> <span class='ocrx_word' id='word_1_255' title='bbox 972 1910 1032 1933; x_wconf 92' lang='lat' dir='ltr'>non</span> <span class='ocrx_word' id='word_1_256' title='bbox 1058 1899 1153 1932; x_wconf 82' lang='lat' dir='ltr'>habet</span> 
     </span>
     <span class='ocr_line' id='line_1_38' title="bbox 188 1956 1150 1998; baseline -0.004 -10"><span class='ocrx_word' id='word_1_257' title='bbox 188 1956 271 1988; x_wconf 89' lang='lat' dir='ltr'>intra</span> <span class='ocrx_word' id='word_1_258' title='bbox 294 1956 379 1998; x_wconf 89' lang='lat' dir='ltr'>quod</span> <span class='ocrx_word' id='word_1_259' title='bbox 410 1956 539 1989; x_wconf 90' lang='lat' dir='ltr'>simulat</span> <span class='ocrx_word' id='word_1_260' title='bbox 561 1960 664 1989; x_wconf 86' lang='lat' dir='ltr'>extra.</span> <span class='ocrx_word' id='word_1_261' title='bbox 699 1956 733 1989; x_wconf 88' lang='lat' dir='ltr'>Et</span> <span class='ocrx_word' id='word_1_262' title='bbox 757 1956 816 1990; x_wconf 88' lang='lat' dir='ltr'>ista</span> <span class='ocrx_word' id='word_1_263' title='bbox 844 1958 912 1988; x_wconf 85' lang='lat' dir='ltr'>erat</span> <span class='ocrx_word' id='word_1_264' title='bbox 943 1963 1004 1987; x_wconf 89' lang='lat' dir='ltr'>non</span> <span class='ocrx_word' id='word_1_265' title='bbox 1029 1956 1150 1985; x_wconf 86' lang='lat' dir='ltr'>tantum</span> 
     </span>
     <span class='ocr_line' id='line_1_39' title="bbox 187 2005 1151 2052; baseline -0.003 -12"><span class='ocrx_word' id='word_1_266' title='bbox 187 2008 336 2047; x_wconf 76' lang='lat' dir='ltr'>malicia,</span> <span class='ocrx_word' id='word_1_267' title='bbox 361 2008 415 2041; x_wconf 90' lang='lat' dir='ltr'>sed</span> <span class='ocrx_word' id='word_1_268' title='bbox 438 2008 531 2041; x_wconf 90' lang='lat' dir='ltr'>etiam</span> <span class='ocrx_word' id='word_1_269' title='bbox 555 2009 716 2049; x_wconf 78' lang='lat' dir='ltr'>stultitia,</span> <span class='ocrx_word' id='word_1_270' title='bbox 741 2009 832 2052; x_wconf 90' lang='lat' dir='ltr'>quia,</span> <span class='ocrx_word' id='word_1_271' title='bbox 854 2008 995 2050; x_wconf 84' lang='lat' dir='ltr'>neglecto</span> <span class='ocrx_word' id='word_1_272' title='bbox 1011 2005 1151 2045; x_wconf 89' lang='lat' dir='ltr'>meliori,</span> 
     </span>
     <span class='ocr_line' id='line_1_40' title="bbox 188 2060 689 2103; baseline 0.002 -9"><span class='ocrx_word' id='word_1_273' title='bbox 188 2060 226 2094; x_wconf 91' lang='lat' dir='ltr'>de</span> <span class='ocrx_word' id='word_1_274' title='bbox 248 2061 354 2103; x_wconf 89' lang='lat' dir='ltr'>peiore</span> <span class='ocrx_word' id='word_1_275' title='bbox 378 2064 502 2094; x_wconf 88' lang='lat' dir='ltr'>tantum</span> <span class='ocrx_word' id='word_1_276' title='bbox 525 2062 689 2096; x_wconf 85' lang='lat' dir='ltr'>curabant.</span> 
     </span>
    </p>

    <p class='ocr_par' dir='ltr' id='par_1_6' title="bbox 186 2113 1152 2372">
     <span class='ocr_line' id='line_1_41' title="bbox 277 2113 1152 2157; baseline -0.003 -10"><span class='ocrx_word' id='word_1_277' title='bbox 277 2115 330 2147; x_wconf 88' lang='lat'>81.</span> <span class='ocrx_word' id='word_1_278' title='bbox 355 2114 457 2156; x_wconf 92' lang='lat' dir='ltr'>(Vers.</span> <span class='ocrx_word' id='word_1_279' title='bbox 483 2115 561 2157; x_wconf 79' lang='grc'>40.).</span> <span class='ocrx_word' id='word_1_280' title='bbox 586 2116 673 2149; x_wconf 87' lang='lat' dir='ltr'>Unde</span> <span class='ocrx_word' id='word_1_281' title='bbox 703 2116 869 2149; x_wconf 90' lang='lat' dir='ltr'>subditur:</span> <span class='ocrx_word' id='word_1_282' title='bbox 896 2113 1013 2153; x_wconf 76' lang='lat' dir='ltr'>Stulti,</span> <span class='ocrx_word' id='word_1_283' title='bbox 1045 2122 1152 2145; x_wconf 83' lang='lat' dir='ltr'>nonne</span> 
     </span>
     <span class='ocr_line' id='line_1_42' title="bbox 187 2165 1150 2211; baseline -0.002 -12"><span class='ocrx_word' id='word_1_284' title='bbox 187 2167 247 2211; x_wconf 87' lang='lat' dir='ltr'>qui</span> <span class='ocrx_word' id='word_1_285' title='bbox 268 2165 345 2209; x_wconf 82' lang='lat' dir='ltr'>feeit</span> <span class='ocrx_word' id='word_1_286' title='bbox 368 2167 456 2211; x_wconf 79' lang='lat' dir='ltr'>quod</span> <span class='ocrx_word' id='word_1_287' title='bbox 479 2167 518 2200; x_wconf 87' lang='lat' dir='ltr'>de</span> <span class='ocrx_word' id='word_1_288' title='bbox 533 2167 621 2211; x_wconf 78' lang='lat' dir='ltr'>soris</span> <span class='ocrx_word' id='word_1_289' title='bbox 643 2173 709 2208; x_wconf 80' lang='lat' dir='ltr'>esc,</span> <span class='ocrx_word' id='word_1_290' title='bbox 734 2168 853 2202; x_wconf 86' lang='lat' dir='ltr'>scilicet</span> <span class='ocrx_word' id='word_1_291' title='bbox 868 2175 1001 2208; x_wconf 89' lang='lat' dir='ltr'>corpus,</span> <span class='ocrx_word' id='word_1_292' title='bbox 1025 2165 1150 2198; x_wconf 77' lang='lat' dir='ltr'>eliam⁶</span> 
     </span>
     <span class='ocr_line' id='line_1_43' title="bbox 187 2219 1151 2264; baseline -0.003 -11"><span class='ocrx_word' id='word_1_293' title='bbox 187 2220 275 2264; x_wconf 81' lang='lat' dir='ltr'>quod</span> <span class='ocrx_word' id='word_1_294' title='bbox 297 2221 336 2254; x_wconf 72' lang='lat' dir='ltr'>cle</span> <span class='ocrx_word' id='word_1_295' title='bbox 360 2221 451 2254; x_wconf 82' lang='lat' dir='ltr'>inlus</span> <span class='ocrx_word' id='word_1_296' title='bbox 481 2226 528 2255; x_wconf 83' lang='lat' dir='ltr'>esc</span> <span class='ocrx_word' id='word_1_297' title='bbox 557 2221 659 2264; x_wconf 75' lang='lat' dir='ltr'>feeit?</span> <span class='ocrx_word' id='word_1_298' title='bbox 690 2222 808 2256; x_wconf 88' lang='lat' dir='ltr'>scilicet</span> <span class='ocrx_word' id='word_1_299' title='bbox 840 2221 996 2263; x_wconf 89' lang='lat' dir='ltr'>spiritum.</span> <span class='ocrx_word' id='word_1_300' title='bbox 1032 2219 1062 2251; x_wconf 92' lang='lat' dir='ltr'>ln</span> <span class='ocrx_word' id='word_1_301' title='bbox 1087 2227 1151 2260; x_wconf 89' lang='lat' dir='ltr'>quo</span> 
     </span>
     <span class='ocr_line' id='line_1_44' title="bbox 187 2272 1151 2314; baseline -0.002 -8"><span class='ocrx_word' id='word_1_302' title='bbox 187 2274 281 2307; x_wconf 91' lang='lat' dir='ltr'>simul</span> <span class='ocrx_word' id='word_1_303' title='bbox 309 2274 477 2308; x_wconf 88' lang='lat' dir='ltr'>damnatur</span> <span class='ocrx_word' id='word_1_304' title='bbox 501 2274 648 2309; x_wconf 76' lang='lat' dir='ltr'>haeresis</span> <span class='ocrx_word' id='word_1_305' title='bbox 679 2274 972 2311; x_wconf 69' lang='lat' dir='ltr'>Manichaeorum,</span> <span class='ocrx_word' id='word_1_306' title='bbox 1003 2272 1058 2314; x_wconf 90' lang='lat' dir='ltr'>qui</span> <span class='ocrx_word' id='word_1_307' title='bbox 1087 2272 1151 2304; x_wconf 87' lang='lat' dir='ltr'>Deo</span> 
     </span>
     <span class='ocr_line' id='line_1_45' title="bbox 186 2328 1151 2372; baseline -0.003 -12"><span class='ocrx_word' id='word_1_308' title='bbox 186 2328 307 2360; x_wconf 88' lang='lat' dir='ltr'>auctori</span> <span class='ocrx_word' id='word_1_309' title='bbox 332 2328 479 2362; x_wconf 89' lang='lat' dir='ltr'>tribuunt</span> <span class='ocrx_word' id='word_1_310' title='bbox 503 2329 650 2372; x_wconf 90' lang='lat' dir='ltr'>spiritum</span> <span class='ocrx_word' id='word_1_311' title='bbox 667 2333 698 2362; x_wconf 90' lang='lat' dir='ltr'>et</span> <span class='ocrx_word' id='word_1_312' title='bbox 721 2328 845 2361; x_wconf 84' lang='lat' dir='ltr'>diabolo</span> <span class='ocrx_word' id='word_1_313' title='bbox 860 2335 995 2368; x_wconf 87' lang='lat' dir='ltr'>corpus;</span> <span class='ocrx_word' id='word_1_314' title='bbox 1019 2334 1091 2358; x_wconf 90' lang='lat' dir='ltr'>cum</span> <span class='ocrx_word' id='word_1_315' title='bbox 1110 2329 1151 2357; x_wconf 89' lang='lat' dir='ltr'>ta-</span> 
     </span>
    </p>
   </div>
   <div class='ocr_carea' id='block_1_5' title="bbox 181 2529 1150 3407">
    <p class='ocr_par' dir='ltr' id='par_1_7' title="bbox 257 2529 532 2557">
     <span class='ocr_line' id='line_1_46' title="bbox 257 2529 532 2557; baseline 0 0"><span class='ocrx_word' id='word_1_316' title='bbox 257 2529 266 2545; x_wconf 91' lang='lat'>¹</span> <span class='ocrx_word' id='word_1_317' title='bbox 288 2531 361 2557; x_wconf 88' lang='lat' dir='ltr'>Vers.</span> <span class='ocrx_word' id='word_1_318' title='bbox 381 2532 424 2557; x_wconf 87' lang='lat'>36.</span> <span class='ocrx_word' id='word_1_319' title='bbox 444 2536 468 2557; x_wconf 86' lang='lat' dir='ltr'>et</span> <span class='ocrx_word' id='word_1_320' title='bbox 489 2532 532 2557; x_wconf 86' lang='grc'>37.</span> 
     </span>
    </p>

    <p class='ocr_par' dir='ltr' id='par_1_8' title="bbox 181 2571 1150 2653">
     <span class='ocr_line' id='line_1_47' title="bbox 256 2571 1150 2609; baseline -0.003 -7"><span class='ocrx_word' id='word_1_321' title='bbox 256 2573 267 2589; x_wconf 76' lang='grc'><strong><em>’</em></strong></span> <span class='ocrx_word' id='word_1_322' title='bbox 287 2576 363 2602; x_wconf 89' lang='lat' dir='ltr'>Vers.</span> <span class='ocrx_word' id='word_1_323' title='bbox 382 2576 406 2602; x_wconf 91' lang='grc'>4.</span> <span class='ocrx_word' id='word_1_324' title='bbox 425 2590 461 2595; x_wconf 95' lang='grc'>-</span> <span class='ocrx_word' id='word_1_325' title='bbox 481 2575 607 2608; x_wconf 84' lang='lat' dir='ltr'>Superius</span> <span class='ocrx_word' id='word_1_326' title='bbox 626 2582 674 2607; x_wconf 90' lang='lat' dir='ltr'>pro</span> <span class='ocrx_word' id='word_1_327' title='bbox 694 2573 758 2609; x_wconf 80' lang='lat' dir='ltr'>quia</span> <span class='ocrx_word' id='word_1_328' title='bbox 781 2580 809 2600; x_wconf 85' lang='lat' dir='ltr'>se</span> <span class='ocrx_word' id='word_1_329' title='bbox 823 2571 959 2607; x_wconf 82' lang='lat' dir='ltr'>putabant</span> <span class='ocrx_word' id='word_1_330' title='bbox 981 2572 1001 2599; x_wconf 92' lang='lat' dir='ltr'>C</span> <span class='ocrx_word' id='word_1_331' title='bbox 1014 2573 1035 2598; x_wconf 87' lang='lat' dir='ltr'>D</span> <span class='ocrx_word' id='word_1_332' title='bbox 1055 2572 1103 2607; x_wconf 85' lang='lat' dir='ltr'>qui</span> <span class='ocrx_word' id='word_1_333' title='bbox 1122 2580 1150 2600; x_wconf 85' lang='lat' dir='ltr'>se</span> 
     </span>
     <span class='ocr_line' id='line_1_48' title="bbox 181 2618 324 2653; baseline 0 -7"><span class='ocrx_word' id='word_1_334' title='bbox 181 2618 324 2653; x_wconf 78' lang='lat' dir='ltr'>putabant.</span> 
     </span>
    </p>

    <p class='ocr_par' dir='ltr' id='par_1_9' title="bbox 182 2661 1150 3053">
     <span class='ocr_line' id='line_1_49' title="bbox 256 2661 1149 2696; baseline -0.001 -6"><span class='ocrx_word' id='word_1_335' title='bbox 256 2662 267 2678; x_wconf 80' lang='lat'>⁸</span> <span class='ocrx_word' id='word_1_336' title='bbox 286 2665 376 2690; x_wconf 79' lang='lat' dir='ltr'>Glossa</span> <span class='ocrx_word' id='word_1_337' title='bbox 396 2663 540 2691; x_wconf 82' lang='lat' dir='ltr'>ordinaria</span> <span class='ocrx_word' id='word_1_338' title='bbox 559 2664 616 2696; x_wconf 78' lang='lat' dir='ltr'>(cfr.</span> <span class='ocrx_word' id='word_1_339' title='bbox 634 2661 770 2694; x_wconf 86' lang='lat' dir='ltr'>Ambros.,</span> <span class='ocrx_word' id='word_1_340' title='bbox 795 2662 848 2688; x_wconf 92' lang='lat' dir='ltr'>Vll.</span> <span class='ocrx_word' id='word_1_341' title='bbox 873 2662 901 2687; x_wconf 93' lang='lat' dir='ltr'>in</span> <span class='ocrx_word' id='word_1_342' title='bbox 920 2662 983 2688; x_wconf 88' lang='lat' dir='ltr'>Luc.</span> <span class='ocrx_word' id='word_1_343' title='bbox 1005 2669 1028 2688; x_wconf 92' lang='lat' dir='ltr'>c.</span> <span class='ocrx_word' id='word_1_344' title='bbox 1050 2663 1091 2688; x_wconf 86' lang='grc'>111.</span> <span class='ocrx_word' id='word_1_345' title='bbox 1123 2670 1149 2689; x_wconf 92' lang='grc'>11.</span> 
     </span>
     <span class='ocr_line' id='line_1_50' title="bbox 186 2706 1149 2743; baseline -0.001 -10"><span class='ocrx_word' id='word_1_346' title='bbox 186 2708 274 2743; x_wconf 79' lang='grc'><strong>100.);</strong></span> <span class='ocrx_word' id='word_1_347' title='bbox 296 2718 308 2732; x_wconf 77' lang='grc' dir='ltr'>ι</span> <span class='ocrx_word' id='word_1_348' title='bbox 323 2708 413 2741; x_wconf 63' lang='lat' dir='ltr'>Calue,</span> <span class='ocrx_word' id='word_1_349' title='bbox 433 2715 480 2734; x_wconf 83' lang='lat' dir='ltr'>vas</span> <span class='ocrx_word' id='word_1_350' title='bbox 499 2708 628 2738; x_wconf 78' lang='lat' dir='ltr'>vitreum3</span> <span class='ocrx_word' id='word_1_351' title='bbox 647 2706 768 2738; x_wconf 81' lang='lat' dir='ltr'>catinus,</span> <span class='ocrx_word' id='word_1_352' title='bbox 787 2707 865 2732; x_wconf 82' lang='lat' dir='ltr'>fictile</span> <span class='ocrx_word' id='word_1_353' title='bbox 884 2706 918 2732; x_wconf 89' lang='lat' dir='ltr'>de</span> <span class='ocrx_word' id='word_1_354' title='bbox 937 2710 1019 2739; x_wconf 85' lang='lat' dir='ltr'>terra;</span> <span class='ocrx_word' id='word_1_355' title='bbox 1033 2714 1080 2739; x_wconf 85' lang='lat' dir='ltr'>per</span> <span class='ocrx_word' id='word_1_356' title='bbox 1099 2708 1149 2733; x_wconf 84' lang='lat' dir='ltr'>hoc</span> 
     </span>
     <span class='ocr_line' id='line_1_51' title="bbox 185 2751 1150 2785; baseline -0.001 -6"><span class='ocrx_word' id='word_1_357' title='bbox 185 2753 314 2784; x_wconf 80' lang='lat' dir='ltr'>figuratur</span> <span class='ocrx_word' id='word_1_358' title='bbox 328 2753 451 2785; x_wconf 78' lang='lat' dir='ltr'>fragilitas</span> <span class='ocrx_word' id='word_1_359' title='bbox 470 2752 577 2778; x_wconf 88' lang='lat' dir='ltr'>humani</span> <span class='ocrx_word' id='word_1_360' title='bbox 590 2751 722 2783; x_wconf 79' lang='lat' dir='ltr'>corporis.</span> <span class='ocrx_word' id='word_1_361' title='bbox 737 2751 762 2777; x_wconf 88' lang='lat' dir='ltr'>in</span> <span class='ocrx_word' id='word_1_362' title='bbox 781 2758 835 2784; x_wconf 87' lang='lat' dir='ltr'>quo</span> <span class='ocrx_word' id='word_1_363' title='bbox 849 2751 961 2777; x_wconf 84' lang='lat' dir='ltr'>exterius</span> <span class='ocrx_word' id='word_1_364' title='bbox 974 2752 1150 2784; x_wconf 85' lang='lat' dir='ltr'>praetendunt</span> 
     </span>
     <span class='ocr_line' id='line_1_52' title="bbox 183 2795 1149 2828; baseline 0 -6"><span class='ocrx_word' id='word_1_365' title='bbox 183 2797 344 2823; x_wconf 84' lang='lat' dir='ltr'>sanctitatem</span> <span class='ocrx_word' id='word_1_366' title='bbox 365 2799 390 2822; x_wconf 89' lang='lat' dir='ltr'>et</span> <span class='ocrx_word' id='word_1_367' title='bbox 403 2796 525 2822; x_wconf 88' lang='lat' dir='ltr'>simulant</span> <span class='ocrx_word' id='word_1_368' title='bbox 539 2795 676 2826; x_wconf 65' lang='lat' dir='ltr'>iustitiam</span> <span class='ocrx_word' id='word_1_369' title='bbox 691 2795 763 2828; x_wconf 88' lang='lat' dir='ltr'>quod</span> <span class='ocrx_word' id='word_1_370' title='bbox 778 2795 840 2821; x_wconf 85' lang='lat' dir='ltr'>foris</span> <span class='ocrx_word' id='word_1_371' title='bbox 854 2799 909 2821; x_wconf 86' lang='lat' dir='ltr'>erat</span> <span class='ocrx_word' id='word_1_372' title='bbox 922 2795 1059 2827; x_wconf 73' lang='lat' dir='ltr'>lavabant,</span> <span class='ocrx_word' id='word_1_373' title='bbox 1079 2797 1149 2822; x_wconf 83' lang='lat' dir='ltr'>intus</span> 
     </span>
     <span class='ocr_line' id='line_1_53' title="bbox 183 2839 1148 2874; baseline 0.001 -7"><span class='ocrx_word' id='word_1_374' title='bbox 183 2842 337 2874; x_wconf 85' lang='lat' dir='ltr'>nequissimi</span> <span class='ocrx_word' id='word_1_375' title='bbox 353 2851 378 2866; x_wconf 70' lang='grc' dir='ltr'>ι».</span> <span class='ocrx_word' id='word_1_376' title='bbox 391 2841 441 2867; x_wconf 84' lang='lat' dir='ltr'>Pro</span> <span class='ocrx_word' id='word_1_377' title='bbox 454 2840 575 2867; x_wconf 80' lang='lat' dir='ltr'>cati-num</span> <span class='ocrx_word' id='word_1_378' title='bbox 593 2840 671 2865; x_wconf 79' lang='lat' dir='ltr'>etiam</span> <span class='ocrx_word' id='word_1_379' title='bbox 691 2839 710 2866; x_wconf 95' lang='lat' dir='ltr'>C</span> <span class='ocrx_word' id='word_1_380' title='bbox 721 2840 742 2865; x_wconf 92' lang='lat' dir='ltr'>D</span> <span class='ocrx_word' id='word_1_381' title='bbox 761 2840 886 2873; x_wconf 80' lang='lat' dir='ltr'>catinus,·</span> <span class='ocrx_word' id='word_1_382' title='bbox 905 2842 950 2867; x_wconf 86' lang='lat' dir='ltr'>cfr.</span> <span class='ocrx_word' id='word_1_383' title='bbox 965 2842 1069 2873; x_wconf 65' lang='lat' dir='ltr'>Isidor„</span> <span class='ocrx_word' id='word_1_384' title='bbox 1089 2842 1148 2868; x_wconf 87' lang='lat' dir='ltr'>XX.</span> 
     </span>
     <span class='ocr_line' id='line_1_54' title="bbox 184 2883 1148 2922; baseline 0.001 -10"><span class='ocrx_word' id='word_1_385' title='bbox 184 2886 330 2922; x_wconf 78' lang='lat' dir='ltr'>Etymolog.</span> <span class='ocrx_word' id='word_1_386' title='bbox 350 2893 374 2911; x_wconf 91' lang='lat' dir='ltr'>c.</span> <span class='ocrx_word' id='word_1_387' title='bbox 394 2885 419 2911; x_wconf 87' lang='lat'>6.</span> <span class='ocrx_word' id='word_1_388' title='bbox 438 2892 465 2910; x_wconf 92' lang='grc'>11.</span> <span class='ocrx_word' id='word_1_389' title='bbox 483 2885 508 2910; x_wconf 83' lang='lat'>5.</span> <span class='ocrx_word' id='word_1_390' title='bbox 529 2883 655 2911; x_wconf 76' lang='lat' dir='ltr'>Catinam</span> <span class='ocrx_word' id='word_1_391' title='bbox 674 2891 722 2910; x_wconf 76' lang='lat' dir='ltr'>vas</span> <span class='ocrx_word' id='word_1_392' title='bbox 735 2884 826 2915; x_wconf 81' lang='lat' dir='ltr'>fletile.</span> <span class='ocrx_word' id='word_1_393' title='bbox 846 2886 919 2919; x_wconf 89' lang='lat' dir='ltr'>quod</span> <span class='ocrx_word' id='word_1_394' title='bbox 943 2886 1036 2912; x_wconf 83' lang='lat' dir='ltr'>melius</span> <span class='ocrx_word' id='word_1_395' title='bbox 1055 2890 1148 2913; x_wconf 89' lang='lat' dir='ltr'>neutro</span> 
     </span>
     <span class='ocr_line' id='line_1_55' title="bbox 184 2929 1148 2962; baseline 0.001 -6"><span class='ocrx_word' id='word_1_396' title='bbox 184 2937 280 2962; x_wconf 80' lang='lat' dir='ltr'>genere</span> <span class='ocrx_word' id='word_1_397' title='bbox 299 2929 394 2956; x_wconf 85' lang='lat' dir='ltr'>dicitur</span> <span class='ocrx_word' id='word_1_398' title='bbox 418 2936 498 2962; x_wconf 87' lang='lat' dir='ltr'>quam</span> <span class='ocrx_word' id='word_1_399' title='bbox 527 2929 686 2961; x_wconf 80' lang='lat' dir='ltr'>masculino,</span> <span class='ocrx_word' id='word_1_400' title='bbox 705 2929 772 2955; x_wconf 90' lang='lat' dir='ltr'>sicut</span> <span class='ocrx_word' id='word_1_401' title='bbox 790 2933 816 2955; x_wconf 89' lang='lat' dir='ltr'>et</span> <span class='ocrx_word' id='word_1_402' title='bbox 833 2929 955 2957; x_wconf 83' lang='lat' dir='ltr'>salinum</span> <span class='ocrx_word' id='word_1_403' title='bbox 979 2931 1076 2957; x_wconf 88' lang='lat' dir='ltr'>dicitur</span> <span class='ocrx_word' id='word_1_404' title='bbox 1100 2939 1148 2957; x_wconf 84' lang='lat' dir='ltr'>vas</span> 
     </span>
     <span class='ocr_line' id='line_1_56' title="bbox 183 2972 1148 3009; baseline 0.003 -9"><span class='ocrx_word' id='word_1_405' title='bbox 183 2978 274 3006; x_wconf 87' lang='lat' dir='ltr'>aptum</span> <span class='ocrx_word' id='word_1_406' title='bbox 293 2973 405 3000; x_wconf 80' lang='lat' dir='ltr'>salibus.</span> <span class='ocrx_word' id='word_1_407' title='bbox 423 2987 457 2992; x_wconf 81' lang='lat'>-—</span> <span class='ocrx_word' id='word_1_408' title='bbox 472 2972 590 2999; x_wconf 86' lang='lat' dir='ltr'>Subinde</span> <span class='ocrx_word' id='word_1_409' title='bbox 608 2980 657 3005; x_wconf 90' lang='lat' dir='ltr'>pro</span> <span class='ocrx_word' id='word_1_410' title='bbox 676 2975 701 3000; x_wconf 83' lang='lat' dir='ltr'>el</span> <span class='ocrx_word' id='word_1_411' title='bbox 719 2973 784 3008; x_wconf 81' lang='lat' dir='ltr'>quia</span> <span class='ocrx_word' id='word_1_412' title='bbox 797 2976 944 3009; x_wconf 79' lang='lat' dir='ltr'>utrumque</span> <span class='ocrx_word' id='word_1_413' title='bbox 962 2975 981 3002; x_wconf 89' lang='lat' dir='ltr'>C</span> <span class='ocrx_word' id='word_1_414' title='bbox 992 2976 1014 3001; x_wconf 93' lang='lat' dir='ltr'>D</span> <span class='ocrx_word' id='word_1_415' title='bbox 1025 2976 1045 3001; x_wconf 82' lang='lat' dir='ltr'>ll</span> <span class='ocrx_word' id='word_1_416' title='bbox 1063 2977 1088 3003; x_wconf 87' lang='lat' dir='ltr'>el</span> <span class='ocrx_word' id='word_1_417' title='bbox 1109 2975 1148 3003; x_wconf 81' lang='lat' dir='ltr'>ita</span> 
     </span>
     <span class='ocr_line' id='line_1_57' title="bbox 182 3016 1147 3053; baseline 0.001 -8"><span class='ocrx_word' id='word_1_418' title='bbox 182 3020 338 3052; x_wconf 82' lang='lat' dir='ltr'>utrumque.</span> <span class='ocrx_word' id='word_1_419' title='bbox 612 3016 623 3031; x_wconf 80' lang='lat'><strong>⁴</strong></span> <span class='ocrx_word' id='word_1_420' title='bbox 644 3018 719 3044; x_wconf 84' lang='lat' dir='ltr'>Vers.</span> <span class='ocrx_word' id='word_1_421' title='bbox 739 3019 787 3050; x_wconf 86' lang='grc'>16,</span> <span class='ocrx_word' id='word_1_422' title='bbox 806 3022 866 3052; x_wconf 77' lang='lat' dir='ltr'>post</span> <span class='ocrx_word' id='word_1_423' title='bbox 884 3027 965 3053; x_wconf 85' lang='lat' dir='ltr'>quem</span> <span class='ocrx_word' id='word_1_424' title='bbox 986 3021 1032 3046; x_wconf 88' lang='lat' dir='ltr'>ler.</span> <span class='ocrx_word' id='word_1_425' title='bbox 1053 3020 1083 3052; x_wconf 86' lang='grc'>4,</span> <span class='ocrx_word' id='word_1_426' title='bbox 1104 3020 1147 3046; x_wconf 79' lang='grc'>14.</span> 
     </span>
    </p>

    <p class='ocr_par' dir='ltr' id='par_1_10' title="bbox 183 3061 1147 3274">
     <span class='ocr_line' id='line_1_58' title="bbox 254 3061 1147 3095; baseline 0.004 -8"><span class='ocrx_word' id='word_1_427' title='bbox 254 3061 265 3076; x_wconf 81' lang='lat'>¹⁵</span> <span class='ocrx_word' id='word_1_428' title='bbox 287 3062 425 3092; x_wconf 60' lang='lat' dir='ltr'>Vers.,l2‚</span> <span class='ocrx_word' id='word_1_429' title='bbox 445 3061 486 3087; x_wconf 82' lang='lat' dir='ltr'>cui</span> <span class='ocrx_word' id='word_1_430' title='bbox 500 3061 669 3094; x_wconf 80' lang='lat' dir='ltr'>subiungitur</span> <span class='ocrx_word' id='word_1_431' title='bbox 688 3064 766 3090; x_wconf 87' lang='lat' dir='ltr'>Eccli.</span> <span class='ocrx_word' id='word_1_432' title='bbox 781 3064 810 3095; x_wconf 87' lang='grc'>1,</span> <span class='ocrx_word' id='word_1_433' title='bbox 825 3064 868 3090; x_wconf 92' lang='grc'>40.</span> <span class='ocrx_word' id='word_1_434' title='bbox 885 3065 977 3091; x_wconf 76' lang='grc'><strong>0105511</strong></span> <span class='ocrx_word' id='word_1_435' title='bbox 996 3064 1147 3092; x_wconf 80' lang='lat' dir='ltr'>inlerlinea-</span> 
     </span>
     <span class='ocr_line' id='line_1_59' title="bbox 183 3104 1145 3143; baseline 0.003 -11"><span class='ocrx_word' id='word_1_436' title='bbox 183 3105 223 3133; x_wconf 76' lang='lat' dir='ltr'>ris</span> <span class='ocrx_word' id='word_1_437' title='bbox 240 3106 299 3139; x_wconf 77' lang='lat' dir='ltr'>(cfr.</span> <span class='ocrx_word' id='word_1_438' title='bbox 319 3105 414 3138; x_wconf 82' lang='lat' dir='ltr'>Beda):</span> <span class='ocrx_word' id='word_1_439' title='bbox 435 3104 515 3132; x_wconf 79' lang='lat' dir='ltr'>Nune</span> <span class='ocrx_word' id='word_1_440' title='bbox 533 3112 598 3138; x_wconf 78' lang='lat' dir='ltr'>vos,</span> <span class='ocrx_word' id='word_1_441' title='bbox 618 3106 776 3141; x_wconf 73' lang='lat' dir='ltr'>Pharisaei,</span> <span class='ocrx_word' id='word_1_442' title='bbox 796 3107 869 3142; x_wconf 83' lang='lat' dir='ltr'>quod</span> <span class='ocrx_word' id='word_1_443' title='bbox 887 3107 918 3135; x_wconf 82' lang='lat' dir='ltr'>de</span> <span class='ocrx_word' id='word_1_444' title='bbox 937 3108 1005 3143; x_wconf 80' lang='lat' dir='ltr'>soris</span> <span class='ocrx_word' id='word_1_445' title='bbox 1024 3110 1063 3135; x_wconf 77' lang='lat' dir='ltr'>est</span> <span class='ocrx_word' id='word_1_446' title='bbox 1081 3112 1145 3140; x_wconf 60' lang='lat' dir='ltr'>etc„</span> 
     </span>
     <span class='ocr_line' id='line_1_60' title="bbox 183 3149 1145 3186; baseline 0.003 -10"><span class='ocrx_word' id='word_1_447' title='bbox 183 3150 339 3176; x_wconf 80' lang='lat' dir='ltr'>munditiam</span> <span class='ocrx_word' id='word_1_448' title='bbox 352 3149 437 3175; x_wconf 76' lang='lat' dir='ltr'>corula</span> <span class='ocrx_word' id='word_1_449' title='bbox 449 3150 562 3176; x_wconf 85' lang='lat' dir='ltr'>exterius</span> <span class='ocrx_word' id='word_1_450' title='bbox 574 3150 721 3178; x_wconf 81' lang='lat' dir='ltr'>observatis</span> <span class='ocrx_word' id='word_1_451' title='bbox 729 3171 736 3184; x_wconf 91' lang='lat'><em>‚</em></span> <span class='ocrx_word' id='word_1_452' title='bbox 749 3151 822 3186; x_wconf 82' lang='lat' dir='ltr'>quod</span> <span class='ocrx_word' id='word_1_453' title='bbox 833 3154 926 3185; x_wconf 84' lang='lat' dir='ltr'>autem</span> <span class='ocrx_word' id='word_1_454' title='bbox 939 3152 1012 3179; x_wconf 78' lang='lat' dir='ltr'>inlus</span> <span class='ocrx_word' id='word_1_455' title='bbox 1032 3154 1072 3179; x_wconf 80' lang='lat' dir='ltr'>est</span> <span class='ocrx_word' id='word_1_456' title='bbox 1083 3156 1145 3185; x_wconf 86' lang='lat' dir='ltr'>etc.,</span> 
     </span>
     <span class='ocr_line' id='line_1_61' title="bbox 183 3193 1145 3231; baseline 0.003 -11"><span class='ocrx_word' id='word_1_457' title='bbox 183 3195 286 3222; x_wconf 82' lang='lat' dir='ltr'>animae</span> <span class='ocrx_word' id='word_1_458' title='bbox 305 3193 494 3226; x_wconf 89' lang='lat' dir='ltr'>turpitudinem</span> <span class='ocrx_word' id='word_1_459' title='bbox 513 3195 637 3221; x_wconf 80' lang='lat' dir='ltr'>retinetis.</span> <span class='ocrx_word' id='word_1_460' title='bbox 655 3209 691 3216; x_wconf 95' lang='lat'>—</span> <span class='ocrx_word' id='word_1_461' title='bbox 709 3196 847 3230; x_wconf 78' lang='lat' dir='ltr'>Aliquanto</span> <span class='ocrx_word' id='word_1_462' title='bbox 861 3197 968 3223; x_wconf 84' lang='lat' dir='ltr'>inferius</span> <span class='ocrx_word' id='word_1_463' title='bbox 987 3204 1036 3229; x_wconf 90' lang='lat' dir='ltr'>pro</span> <span class='ocrx_word' id='word_1_464' title='bbox 1055 3196 1087 3223; x_wconf 78' lang='lat' dir='ltr'>de</span> <span class='ocrx_word' id='word_1_465' title='bbox 1102 3204 1145 3231; x_wconf 85' lang='lat' dir='ltr'>pe-</span> 
     </span>
     <span class='ocr_line' id='line_1_62' title="bbox 183 3237 1144 3274; baseline 0.003 -11"><span class='ocrx_word' id='word_1_466' title='bbox 183 3237 240 3264; x_wconf 85' lang='lat' dir='ltr'>iore</span> <span class='ocrx_word' id='word_1_467' title='bbox 251 3239 357 3264; x_wconf 80' lang='lat' dir='ltr'>tantum</span> <span class='ocrx_word' id='word_1_468' title='bbox 378 3237 408 3271; x_wconf 84' lang='lat' dir='ltr'>[A</span> <span class='ocrx_word' id='word_1_469' title='bbox 419 3237 438 3265; x_wconf 92' lang='lat' dir='ltr'>C</span> <span class='ocrx_word' id='word_1_470' title='bbox 450 3238 470 3263; x_wconf 92' lang='lat' dir='ltr'>D</span> <span class='ocrx_word' id='word_1_471' title='bbox 480 3240 500 3265; x_wconf 87' lang='lat' dir='ltr'>G</span> <span class='ocrx_word' id='word_1_472' title='bbox 514 3239 636 3265; x_wconf 85' lang='lat' dir='ltr'>omittunt</span> <span class='ocrx_word' id='word_1_473' title='bbox 648 3240 765 3274; x_wconf 80' lang='lat' dir='ltr'>tantum]</span> <span class='ocrx_word' id='word_1_474' title='bbox 781 3241 839 3266; x_wconf 83' lang='lat' dir='ltr'>Vat.</span> <span class='ocrx_word' id='word_1_475' title='bbox 852 3240 884 3267; x_wconf 87' lang='lat' dir='ltr'>de</span> <span class='ocrx_word' id='word_1_476' title='bbox 902 3247 1015 3274; x_wconf 81' lang='lat' dir='ltr'>corpore</span> <span class='ocrx_word' id='word_1_477' title='bbox 1028 3242 1144 3267; x_wconf 76' lang='lat' dir='ltr'>lantum.</span> 
     </span>
    </p>

    <p class='ocr_par' dir='ltr' id='par_1_11' title="bbox 183 3279 1145 3407">
     <span class='ocr_line' id='line_1_63' title="bbox 253 3279 1145 3317; baseline 0.003 -10"><span class='ocrx_word' id='word_1_478' title='bbox 253 3279 265 3295; x_wconf 82' lang='lat'><strong>⁶</strong></span> <span class='ocrx_word' id='word_1_479' title='bbox 284 3282 395 3314; x_wconf 78' lang='lat' dir='ltr'>Vulgata</span> <span class='ocrx_word' id='word_1_480' title='bbox 414 3286 440 3308; x_wconf 89' lang='lat' dir='ltr'>et</span> <span class='ocrx_word' id='word_1_481' title='bbox 459 3283 480 3310; x_wconf 84' lang='lat' dir='ltr'>H</span> <span class='ocrx_word' id='word_1_482' title='bbox 496 3283 576 3310; x_wconf 83' lang='lat' dir='ltr'>etiam</span> <span class='ocrx_word' id='word_1_483' title='bbox 595 3283 635 3315; x_wconf 87' lang='lat' dir='ltr'>id,</span> <span class='ocrx_word' id='word_1_484' title='bbox 654 3284 706 3311; x_wconf 93' lang='lat' dir='ltr'>CD</span> <span class='ocrx_word' id='word_1_485' title='bbox 724 3284 802 3311; x_wconf 78' lang='lat' dir='ltr'>illud.</span> <span class='ocrx_word' id='word_1_486' title='bbox 823 3298 859 3305; x_wconf 93' lang='lat'><strong>—</strong></span> <span class='ocrx_word' id='word_1_487' title='bbox 881 3284 1000 3311; x_wconf 86' lang='lat' dir='ltr'>Subinde</span> <span class='ocrx_word' id='word_1_488' title='bbox 1018 3285 1145 3317; x_wconf 84' lang='lat' dir='ltr'>allegatur</span> 
     </span>
     <span class='ocr_line' id='line_1_64' title="bbox 183 3326 1143 3362; baseline 0.004 -11"><span class='ocrx_word' id='word_1_489' title='bbox 183 3326 247 3352; x_wconf 90' lang='lat' dir='ltr'>Gen.</span> <span class='ocrx_word' id='word_1_490' title='bbox 267 3327 296 3357; x_wconf 83' lang='lat'>2,</span> <span class='ocrx_word' id='word_1_491' title='bbox 315 3326 346 3359; x_wconf 90' lang='grc'>7,</span> <span class='ocrx_word' id='word_1_492' title='bbox 366 3327 393 3352; x_wconf 85' lang='grc'>111</span> <span class='ocrx_word' id='word_1_493' title='bbox 412 3334 464 3360; x_wconf 94' lang='lat' dir='ltr'>quo</span> <span class='ocrx_word' id='word_1_494' title='bbox 483 3327 574 3360; x_wconf 80' lang='lat' dir='ltr'>proin</span> <span class='ocrx_word' id='word_1_495' title='bbox 592 3327 688 3362; x_wconf 83' lang='lat' dir='ltr'>faciem</span> <span class='ocrx_word' id='word_1_496' title='bbox 707 3328 765 3356; x_wconf 75' lang='lat' dir='ltr'>eius</span> <span class='ocrx_word' id='word_1_497' title='bbox 778 3329 800 3354; x_wconf 93' lang='lat' dir='ltr'>G</span> <span class='ocrx_word' id='word_1_498' title='bbox 819 3328 847 3356; x_wconf 82' lang='lat' dir='ltr'>in</span> <span class='ocrx_word' id='word_1_499' title='bbox 866 3336 943 3362; x_wconf 82' lang='lat' dir='ltr'>eum,</span> <span class='ocrx_word' id='word_1_500' title='bbox 962 3328 1085 3356; x_wconf 77' lang='lat' dir='ltr'>ACDt&#39;n</span> <span class='ocrx_word' id='word_1_501' title='bbox 1105 3336 1143 3356; x_wconf 85' lang='lat' dir='ltr'>eo.</span> 
     </span>
     <span class='ocr_line' id='line_1_65' title="bbox 183 3370 1144 3407; baseline 0.004 -11"><span class='ocrx_word' id='word_1_502' title='bbox 183 3383 218 3389; x_wconf 90' lang='lat'>—</span> <span class='ocrx_word' id='word_1_503' title='bbox 236 3370 319 3404; x_wconf 84' lang='lat' dir='ltr'>Beda,</span> <span class='ocrx_word' id='word_1_504' title='bbox 339 3371 380 3397; x_wconf 93' lang='lat' dir='ltr'>lV.</span> <span class='ocrx_word' id='word_1_505' title='bbox 401 3371 426 3397; x_wconf 91' lang='lat' dir='ltr'>in</span> <span class='ocrx_word' id='word_1_506' title='bbox 447 3373 509 3398; x_wconf 90' lang='lat' dir='ltr'>Luc.</span> <span class='ocrx_word' id='word_1_507' title='bbox 530 3373 578 3404; x_wconf 84' lang='grc'>11,</span> <span class='ocrx_word' id='word_1_508' title='bbox 598 3372 643 3399; x_wconf 75' lang='lat'>40:</span> <span class='ocrx_word' id='word_1_509' title='bbox 664 3373 728 3407; x_wconf 88' lang='lat' dir='ltr'>Qui,</span> <span class='ocrx_word' id='word_1_510' title='bbox 747 3374 846 3407; x_wconf 88' lang='lat' dir='ltr'>inquit,</span> <span class='ocrx_word' id='word_1_511' title='bbox 865 3377 1005 3407; x_wconf 88' lang='lat' dir='ltr'>utramque</span> <span class='ocrx_word' id='word_1_512' title='bbox 1030 3373 1144 3400; x_wconf 85' lang='lat' dir='ltr'>hominis</span> 
     </span>
    </p>
   </div>
   <div class='ocr_carea' id='block_1_6' title="bbox 1182 1032 1191 2349">
    <p class='ocr_par' dir='ltr' id='par_1_12' title="bbox 1182 1032 1191 2349">
     <span class='ocr_line' id='line_1_66' title="bbox 1182 1032 1191 2349; baseline 0 0"><span class='ocrx_word' id='word_1_513' title='bbox 1182 1032 1191 2349; x_wconf 95' lang='lat' dir='ltr'> </span> 
     </span>
    </p>
   </div>
   <div class='ocr_carea' id='block_1_7' title="bbox 2126 216 2191 250">
    <p class='ocr_par' dir='ltr' id='par_1_13' title="bbox 2126 216 2191 250">
     <span class='ocr_line' id='line_1_67' title="bbox 2126 216 2191 250; baseline 0.015 -1"><span class='ocrx_word' id='word_1_514' title='bbox 2126 216 2191 250; x_wconf 84' lang='lat'>303</span> 
     </span>
    </p>
   </div>
   <div class='ocr_carea' id='block_1_8' title="bbox 1226 298 2192 399">
    <p class='ocr_par' dir='ltr' id='par_1_14' title="bbox 1226 298 2192 399">
     <span class='ocr_line' id='line_1_68' title="bbox 1226 298 2192 346; baseline 0.008 -16"><span class='ocrx_word' id='word_1_515' title='bbox 1226 307 1298 331; x_wconf 90' lang='lat' dir='ltr'>men</span> <span class='ocrx_word' id='word_1_516' title='bbox 1322 298 1447 332; x_wconf 87' lang='lat' dir='ltr'>dicatur</span> <span class='ocrx_word' id='word_1_517' title='bbox 1474 300 1603 334; x_wconf 89' lang='lat' dir='ltr'>Genesis</span> <span class='ocrx_word' id='word_1_518' title='bbox 1626 302 1782 342; x_wconf 88' lang='lat' dir='ltr'>secundo,</span> <span class='ocrx_word' id='word_1_519' title='bbox 1810 303 1895 346; x_wconf 88' lang='lat' dir='ltr'>quod</span> <span class='ocrx_word' id='word_1_520' title='bbox 1926 304 2105 337; x_wconf 85' lang='lat' dir='ltr'>«formavit</span> <span class='ocrx_word' id='word_1_521' title='bbox 2129 305 2192 338; x_wconf 92' lang='lat' dir='ltr'>Do-</span> 
     </span>
     <span class='ocr_line' id='line_1_69' title="bbox 1226 351 2190 399; baseline 0.008 -16"><span class='ocrx_word' id='word_1_522' title='bbox 1226 351 1333 384; x_wconf 90' lang='lat' dir='ltr'>minus</span> <span class='ocrx_word' id='word_1_523' title='bbox 1356 352 1441 385; x_wconf 90' lang='lat' dir='ltr'>Deus</span> <span class='ocrx_word' id='word_1_524' title='bbox 1465 353 1622 387; x_wconf 90' lang='lat' dir='ltr'>hominem</span> <span class='ocrx_word' id='word_1_525' title='bbox 1639 354 1678 387; x_wconf 91' lang='lat' dir='ltr'>de</span> <span class='ocrx_word' id='word_1_526' title='bbox 1703 355 1776 388; x_wconf 94' lang='lat' dir='ltr'>limo</span> <span class='ocrx_word' id='word_1_527' title='bbox 1794 359 1898 389; x_wconf 90' lang='lat' dir='ltr'>terrae</span> <span class='ocrx_word' id='word_1_528' title='bbox 1921 360 1953 389; x_wconf 90' lang='lat' dir='ltr'>et</span> <span class='ocrx_word' id='word_1_529' title='bbox 1977 357 2142 399; x_wconf 87' lang='lat' dir='ltr'>inspiravit</span> <span class='ocrx_word' id='word_1_530' title='bbox 2159 358 2190 390; x_wconf 90' lang='lat' dir='ltr'>in</span> 
     </span>
    </p>
   </div>
   <div class='ocr_carea' id='block_1_9' title="bbox 1221 403 2350 506">
    <p class='ocr_par' dir='ltr' id='par_1_15' title="bbox 1221 403 2350 506">
     <span class='ocr_line' id='line_1_70' title="bbox 1225 403 2350 455; baseline 0.005 -19"><span class='ocrx_word' id='word_1_531' title='bbox 1225 403 1337 437; x_wconf 78' lang='lat' dir='ltr'>faelem</span> <span class='ocrx_word' id='word_1_532' title='bbox 1362 405 1430 438; x_wconf 91' lang='lat' dir='ltr'>eius</span> <span class='ocrx_word' id='word_1_533' title='bbox 1454 406 1646 448; x_wconf 88' lang='lat' dir='ltr'>spiraculum</span> <span class='ocrx_word' id='word_1_534' title='bbox 1665 408 1746 444; x_wconf 80' lang='lat' dir='ltr'>vitae</span> <span class='ocrx_word' id='word_1_535' title='bbox 1762 422 1793 441; x_wconf 74' lang='grc' dir='ltr'>ι).</span> <span class='ocrx_word' id='word_1_536' title='bbox 1819 409 2007 442; x_wconf 86' lang='lat' dir='ltr'>confutatur</span> <span class='ocrx_word' id='word_1_537' title='bbox 2023 411 2116 444; x_wconf 78' lang='lat' dir='ltr'>etiam</span> <span class='ocrx_word' id='word_1_538' title='bbox 2134 410 2194 455; x_wconf 77' lang='lat' dir='ltr'>hy-</span> <span class='ocrx_word' id='word_1_539' title='bbox 2212 420 2238 441; x_wconf 73' lang='lat' dir='ltr'>m</span> <span class='ocrx_word' id='word_1_540' title='bbox 2252 420 2278 447; x_wconf 74' lang='lat' dir='ltr'>hy</span> <span class='ocrx_word' id='word_1_541' title='bbox 2295 427 2350 451; x_wconf 57' lang='grc' dir='ltr'>οω-</span> 
     </span>
     <span class='ocr_line' id='line_1_71' title="bbox 1221 448 2349 506; baseline 0.007 -16"><span class='ocrx_word' id='word_1_542' title='bbox 1221 458 1369 500; x_wconf 83' lang='lat' dir='ltr'>poerisis</span> <span class='ocrx_word' id='word_1_543' title='bbox 1393 457 1677 500; x_wconf 75' lang='lat' dir='ltr'>Pharisaeorum,</span> <span class='ocrx_word' id='word_1_544' title='bbox 1698 462 1752 503; x_wconf 91' lang='lat' dir='ltr'>qui</span> <span class='ocrx_word' id='word_1_545' title='bbox 1777 462 1841 495; x_wconf 91' lang='lat' dir='ltr'>Deo</span> <span class='ocrx_word' id='word_1_546' title='bbox 1862 463 2044 505; x_wconf 84' lang='lat' dir='ltr'>satagebant</span> <span class='ocrx_word' id='word_1_547' title='bbox 2068 464 2192 506; x_wconf 89' lang='lat' dir='ltr'>placere</span> <span class='ocrx_word' id='word_1_548' title='bbox 2225 448 2349 495; x_wconf 54' lang='lat' dir='ltr'>noorffis¹&#39;</span> 
     </span>
    </p>
   </div>
   <div class='ocr_carea' id='block_1_10' title="bbox 1215 511 2192 2371">
    <p class='ocr_par' dir='ltr' id='par_1_16' title="bbox 1220 511 2192 1514">
     <span class='ocr_line' id='line_1_72' title="bbox 1224 511 2192 555; baseline 0.007 -11"><span class='ocrx_word' id='word_1_549' title='bbox 1224 511 1323 545; x_wconf 87' lang='lat' dir='ltr'>solius</span> <span class='ocrx_word' id='word_1_550' title='bbox 1347 512 1490 554; x_wconf 89' lang='lat' dir='ltr'>corporis</span> <span class='ocrx_word' id='word_1_551' title='bbox 1507 513 1743 555; x_wconf 81' lang='lat' dir='ltr'>purificatione,</span> <span class='ocrx_word' id='word_1_552' title='bbox 1768 524 1841 548; x_wconf 91' lang='lat' dir='ltr'>cum</span> <span class='ocrx_word' id='word_1_553' title='bbox 1859 519 1962 549; x_wconf 87' lang='lat' dir='ltr'>tamen</span> <span class='ocrx_word' id='word_1_554' title='bbox 1981 517 2134 551; x_wconf 88' lang='lat' dir='ltr'>Dominus</span> <span class='ocrx_word' id='word_1_555' title='bbox 2151 517 2192 551; x_wconf 92' lang='lat' dir='ltr'>fe-</span> 
     </span>
     <span class='ocr_line' id='line_1_73' title="bbox 1224 565 2192 610; baseline 0.007 -13"><span class='ocrx_word' id='word_1_556' title='bbox 1224 565 1302 598; x_wconf 86' lang='lat' dir='ltr'>cerit</span> <span class='ocrx_word' id='word_1_557' title='bbox 1327 568 1521 608; x_wconf 89' lang='lat' dir='ltr'>utrumque,</span> <span class='ocrx_word' id='word_1_558' title='bbox 1545 570 1576 599; x_wconf 91' lang='lat' dir='ltr'>et</span> <span class='ocrx_word' id='word_1_559' title='bbox 1599 567 1738 601; x_wconf 90' lang='lat' dir='ltr'>maxime</span> <span class='ocrx_word' id='word_1_560' title='bbox 1761 568 1802 601; x_wconf 89' lang='lat' dir='ltr'>sit</span> <span class='ocrx_word' id='word_1_561' title='bbox 1818 569 1960 602; x_wconf 87' lang='lat' dir='ltr'>conditor</span> <span class='ocrx_word' id='word_1_562' title='bbox 1983 571 2119 610; x_wconf 88' lang='lat' dir='ltr'>animae,</span> <span class='ocrx_word' id='word_1_563' title='bbox 2144 580 2192 604; x_wconf 86' lang='lat' dir='ltr'>se-</span> 
     </span>
     <span class='ocr_line' id='line_1_74' title="bbox 1224 618 2190 664; baseline 0.007 -14"><span class='ocrx_word' id='word_1_564' title='bbox 1224 618 1365 651; x_wconf 91' lang='lat' dir='ltr'>cundum</span> <span class='ocrx_word' id='word_1_565' title='bbox 1389 618 1467 652; x_wconf 90' lang='lat' dir='ltr'>illud</span> <span class='ocrx_word' id='word_1_566' title='bbox 1492 619 1695 653; x_wconf 87' lang='lat' dir='ltr'>Ecclesiastae</span> <span class='ocrx_word' id='word_1_567' title='bbox 1712 621 1824 654; x_wconf 91' lang='lat' dir='ltr'>ultimo</span> <span class='ocrx_word' id='word_1_568' title='bbox 1837 622 1867 654; x_wconf 86' lang='lat'>⁷:</span> <span class='ocrx_word' id='word_1_569' title='bbox 1897 635 1912 651; x_wconf 74' lang='grc' dir='ltr'><strong>α</strong></span> <span class='ocrx_word' id='word_1_570' title='bbox 1930 623 2066 664; x_wconf 84' lang='lat' dir='ltr'>Spiritus</span> <span class='ocrx_word' id='word_1_571' title='bbox 2083 624 2190 657; x_wconf 86' lang='lat' dir='ltr'>redeat</span> 
     </span>
     <span class='ocr_line' id='line_1_75' title="bbox 1223 671 2189 719; baseline 0.007 -16"><span class='ocrx_word' id='word_1_572' title='bbox 1223 671 1262 703; x_wconf 85' lang='lat' dir='ltr'>ad</span> <span class='ocrx_word' id='word_1_573' title='bbox 1288 672 1406 711; x_wconf 74' lang='lat' dir='ltr'>Deum,</span> <span class='ocrx_word' id='word_1_574' title='bbox 1431 672 1484 714; x_wconf 87' lang='lat' dir='ltr'>qui</span> <span class='ocrx_word' id='word_1_575' title='bbox 1510 672 1595 706; x_wconf 92' lang='lat' dir='ltr'>dedit</span> <span class='ocrx_word' id='word_1_576' title='bbox 1619 673 1708 706; x_wconf 91' lang='lat' dir='ltr'>illum</span> <span class='ocrx_word' id='word_1_577' title='bbox 1724 686 1760 713; x_wconf 81' lang='grc'>»;</span> <span class='ocrx_word' id='word_1_578' title='bbox 1786 678 1817 707; x_wconf 91' lang='lat' dir='ltr'>et</span> <span class='ocrx_word' id='word_1_579' title='bbox 1841 675 1992 708; x_wconf 91' lang='lat' dir='ltr'>Dominus</span> <span class='ocrx_word' id='word_1_580' title='bbox 2021 677 2189 719; x_wconf 86' lang='lat' dir='ltr'>praecipue</span> 
     </span>
     <span class='ocr_line' id='line_1_76' title="bbox 1224 725 2190 766; baseline 0.006 -9"><span class='ocrx_word' id='word_1_581' title='bbox 1224 733 1258 757; x_wconf 89' lang='lat' dir='ltr'>se</span> <span class='ocrx_word' id='word_1_582' title='bbox 1275 728 1364 758; x_wconf 87' lang='lat' dir='ltr'>vocat</span> <span class='ocrx_word' id='word_1_583' title='bbox 1383 725 1484 758; x_wconf 87' lang='lat' dir='ltr'>Deum</span> <span class='ocrx_word' id='word_1_584' title='bbox 1503 726 1722 766; x_wconf 84' lang='lat' dir='ltr'>animarum,·</span> <span class='ocrx_word' id='word_1_585' title='bbox 1744 728 1913 762; x_wconf 87' lang='lat' dir='ltr'>Ezechielis</span> <span class='ocrx_word' id='word_1_586' title='bbox 1929 728 2050 762; x_wconf 88' lang='lat' dir='ltr'>decimo</span> <span class='ocrx_word' id='word_1_587' title='bbox 2066 734 2190 763; x_wconf 85' lang='lat' dir='ltr'>octavo:</span> 
     </span>
     <span class='ocr_line' id='line_1_77' title="bbox 1228 778 2192 821; baseline 0.006 -11"><span class='ocrx_word' id='word_1_588' title='bbox 1228 791 1244 806; x_wconf 67' lang='grc' dir='ltr'><strong>α</strong></span> <span class='ocrx_word' id='word_1_589' title='bbox 1262 778 1346 811; x_wconf 90' lang='lat' dir='ltr'>Meae</span> <span class='ocrx_word' id='word_1_590' title='bbox 1370 782 1445 811; x_wconf 89' lang='lat' dir='ltr'>sunt</span> <span class='ocrx_word' id='word_1_591' title='bbox 1460 788 1570 812; x_wconf 89' lang='lat' dir='ltr'>omnes</span> <span class='ocrx_word' id='word_1_592' title='bbox 1592 780 1729 819; x_wconf 86' lang='lat' dir='ltr'>animae,</span> <span class='ocrx_word' id='word_1_593' title='bbox 1753 781 1829 814; x_wconf 89' lang='lat' dir='ltr'>dicit</span> <span class='ocrx_word' id='word_1_594' title='bbox 1845 781 2012 821; x_wconf 86' lang='lat' dir='ltr'>Dominus,</span> <span class='ocrx_word' id='word_1_595' title='bbox 2036 786 2072 815; x_wconf 91' lang='lat' dir='ltr'>ut</span> <span class='ocrx_word' id='word_1_596' title='bbox 2087 784 2192 816; x_wconf 88' lang='lat' dir='ltr'>anima</span> 
     </span>
     <span class='ocr_line' id='line_1_78' title="bbox 1223 831 2192 877; baseline 0.007 -14"><span class='ocrx_word' id='word_1_597' title='bbox 1223 831 1341 873; x_wconf 88' lang='lat' dir='ltr'>patris,</span> <span class='ocrx_word' id='word_1_598' title='bbox 1367 832 1410 864; x_wconf 81' lang='lat' dir='ltr'>ita</span> <span class='ocrx_word' id='word_1_599' title='bbox 1433 836 1465 865; x_wconf 93' lang='lat' dir='ltr'>et</span> <span class='ocrx_word' id='word_1_600' title='bbox 1488 833 1592 866; x_wconf 90' lang='lat' dir='ltr'>anima</span> <span class='ocrx_word' id='word_1_601' title='bbox 1616 833 1670 866; x_wconf 82' lang='lat' dir='ltr'>filii</span> <span class='ocrx_word' id='word_1_602' title='bbox 1693 848 1723 866; x_wconf 72' lang='lat' dir='ltr'>n.</span> <span class='ocrx_word' id='word_1_603' title='bbox 1749 834 1785 867; x_wconf 92' lang='lat' dir='ltr'>Et</span> <span class='ocrx_word' id='word_1_604' title='bbox 1808 839 1939 877; x_wconf 90' lang='lat' dir='ltr'>propter</span> <span class='ocrx_word' id='word_1_605' title='bbox 1963 836 2023 869; x_wconf 91' lang='lat' dir='ltr'>hoc</span> <span class='ocrx_word' id='word_1_606' title='bbox 2053 837 2192 870; x_wconf 86' lang='lat' dir='ltr'>maxime</span> 
     </span>
     <span class='ocr_line' id='line_1_79' title="bbox 1223 885 2190 931; baseline 0.006 -14"><span class='ocrx_word' id='word_1_607' title='bbox 1223 885 1292 918; x_wconf 86' lang='lat' dir='ltr'>vult</span> <span class='ocrx_word' id='word_1_608' title='bbox 1323 886 1501 919; x_wconf 91' lang='lat' dir='ltr'>animarum</span> <span class='ocrx_word' id='word_1_609' title='bbox 1533 887 1738 927; x_wconf 87' lang='lat' dir='ltr'>munditiam;</span> <span class='ocrx_word' id='word_1_610' title='bbox 1774 892 1807 921; x_wconf 88' lang='lat' dir='ltr'>et</span> <span class='ocrx_word' id='word_1_611' title='bbox 1837 889 1890 921; x_wconf 91' lang='lat' dir='ltr'>tali</span> <span class='ocrx_word' id='word_1_612' title='bbox 1922 889 2077 931; x_wconf 87' lang='lat' dir='ltr'>promittit</span> <span class='ocrx_word' id='word_1_613' title='bbox 2100 899 2190 923; x_wconf 88' lang='lat' dir='ltr'>suam</span> 
     </span>
     <span class='ocr_line' id='line_1_80' title="bbox 1223 939 2189 984; baseline 0.005 -14"><span class='ocrx_word' id='word_1_614' title='bbox 1223 939 1447 980; x_wconf 90' lang='lat' dir='ltr'>praesentiam,</span> <span class='ocrx_word' id='word_1_615' title='bbox 1473 940 1646 973; x_wconf 91' lang='lat' dir='ltr'>secundum</span> <span class='ocrx_word' id='word_1_616' title='bbox 1664 940 1742 974; x_wconf 90' lang='lat' dir='ltr'>illud</span> <span class='ocrx_word' id='word_1_617' title='bbox 1766 942 1911 975; x_wconf 87' lang='lat' dir='ltr'>Matthaei</span> <span class='ocrx_word' id='word_1_618' title='bbox 1929 942 2055 984; x_wconf 90' lang='lat' dir='ltr'>quinto:</span> <span class='ocrx_word' id='word_1_619' title='bbox 2077 955 2092 971; x_wconf 76' lang='grc' dir='ltr'><strong>α</strong></span> <span class='ocrx_word' id='word_1_620' title='bbox 2106 943 2189 976; x_wconf 90' lang='lat' dir='ltr'>Beati</span> 
     </span>
     <span class='ocr_line' id='line_1_81' title="bbox 1223 991 2190 1036; baseline 0.006 -12"><span class='ocrx_word' id='word_1_621' title='bbox 1223 991 1342 1024; x_wconf 89' lang='lat' dir='ltr'>mundo</span> <span class='ocrx_word' id='word_1_622' title='bbox 1357 992 1466 1032; x_wconf 89' lang='lat' dir='ltr'>corde,</span> <span class='ocrx_word' id='word_1_623' title='bbox 1484 993 1632 1035; x_wconf 90' lang='lat' dir='ltr'>quoniam</span> <span class='ocrx_word' id='word_1_624' title='bbox 1654 994 1712 1036; x_wconf 90' lang='lat' dir='ltr'>ipsi</span> <span class='ocrx_word' id='word_1_625' title='bbox 1730 994 1830 1028; x_wconf 91' lang='lat' dir='ltr'>Deum</span> <span class='ocrx_word' id='word_1_626' title='bbox 1847 995 1997 1029; x_wconf 84' lang='lat' dir='ltr'>videbunt</span> <span class='ocrx_word' id='word_1_627' title='bbox 2012 1009 2047 1035; x_wconf 78' lang='grc'>»;</span> <span class='ocrx_word' id='word_1_628' title='bbox 2073 1000 2104 1029; x_wconf 91' lang='lat' dir='ltr'>et</span> <span class='ocrx_word' id='word_1_629' title='bbox 2120 996 2190 1030; x_wconf 92' lang='lat' dir='ltr'>ideo</span> 
     </span>
     <span class='ocr_line' id='line_1_82' title="bbox 1224 1045 2187 1088; baseline 0.005 -11"><span class='ocrx_word' id='word_1_630' title='bbox 1224 1045 1396 1085; x_wconf 87' lang='lat' dir='ltr'>Pharisaei,</span> <span class='ocrx_word' id='word_1_631' title='bbox 1421 1046 1475 1088; x_wconf 90' lang='lat' dir='ltr'>qui</span> <span class='ocrx_word' id='word_1_632' title='bbox 1501 1046 1539 1079; x_wconf 92' lang='lat' dir='ltr'>de</span> <span class='ocrx_word' id='word_1_633' title='bbox 1564 1047 1623 1080; x_wconf 88' lang='lat' dir='ltr'>hac</span> <span class='ocrx_word' id='word_1_634' title='bbox 1644 1057 1706 1080; x_wconf 90' lang='lat' dir='ltr'>non</span> <span class='ocrx_word' id='word_1_635' title='bbox 1729 1048 1901 1088; x_wconf 87' lang='lat' dir='ltr'>curabant,</span> <span class='ocrx_word' id='word_1_636' title='bbox 1926 1053 1962 1082; x_wconf 92' lang='lat' dir='ltr'>ut</span> <span class='ocrx_word' id='word_1_637' title='bbox 1984 1049 2071 1082; x_wconf 91' lang='lat' dir='ltr'>stulti</span> <span class='ocrx_word' id='word_1_638' title='bbox 2088 1053 2187 1083; x_wconf 91' lang='lat' dir='ltr'>erant.</span> 
     </span>
     <span class='ocr_line' id='line_1_83' title="bbox 1222 1099 2189 1145; baseline 0.005 -14"><span class='ocrx_word' id='word_1_639' title='bbox 1222 1099 1309 1132; x_wconf 89' lang='lat' dir='ltr'>Unde</span> <span class='ocrx_word' id='word_1_640' title='bbox 1332 1099 1620 1141; x_wconf 65' lang='lat' dir='ltr'>Chrysostomusss:</span> <span class='ocrx_word' id='word_1_641' title='bbox 1642 1114 1657 1129; x_wconf 76' lang='grc' dir='ltr'><strong>α</strong></span> <span class='ocrx_word' id='word_1_642' title='bbox 1674 1101 1760 1135; x_wconf 91' lang='lat' dir='ltr'>Deus</span> <span class='ocrx_word' id='word_1_643' title='bbox 1783 1111 1886 1145; x_wconf 90' lang='lat' dir='ltr'>neque</span> <span class='ocrx_word' id='word_1_644' title='bbox 1902 1111 2071 1145; x_wconf 90' lang='lat' dir='ltr'>corporum</span> <span class='ocrx_word' id='word_1_645' title='bbox 2096 1112 2189 1136; x_wconf 90' lang='lat' dir='ltr'>mun-</span> 
     </span>
     <span class='ocr_line' id='line_1_84' title="bbox 1221 1151 2186 1196; baseline 0.005 -12"><span class='ocrx_word' id='word_1_646' title='bbox 1221 1151 1330 1185; x_wconf 90' lang='lat' dir='ltr'>ditiam</span> <span class='ocrx_word' id='word_1_647' title='bbox 1355 1152 1462 1185; x_wconf 89' lang='lat' dir='ltr'>laudat</span> <span class='ocrx_word' id='word_1_648' title='bbox 1486 1162 1589 1196; x_wconf 89' lang='lat' dir='ltr'>neque</span> <span class='ocrx_word' id='word_1_649' title='bbox 1613 1154 1722 1188; x_wconf 89' lang='lat' dir='ltr'>sordes</span> <span class='ocrx_word' id='word_1_650' title='bbox 1745 1155 1942 1189; x_wconf 83' lang='lat' dir='ltr'>condemnat.</span> <span class='ocrx_word' id='word_1_651' title='bbox 1962 1157 2042 1189; x_wconf 86' lang='lat' dir='ltr'>Pone</span> <span class='ocrx_word' id='word_1_652' title='bbox 2067 1160 2186 1196; x_wconf 89' lang='lat' dir='ltr'>tamen,</span> 
     </span>
     <span class='ocr_line' id='line_1_85' title="bbox 1221 1205 2187 1252; baseline 0.005 -15"><span class='ocrx_word' id='word_1_653' title='bbox 1221 1205 1306 1247; x_wconf 90' lang='lat' dir='ltr'>quod</span> <span class='ocrx_word' id='word_1_654' title='bbox 1324 1205 1433 1239; x_wconf 86' lang='lat' dir='ltr'>sordes</span> <span class='ocrx_word' id='word_1_655' title='bbox 1456 1206 1522 1239; x_wconf 89' lang='lat' dir='ltr'>odit</span> <span class='ocrx_word' id='word_1_656' title='bbox 1538 1216 1704 1247; x_wconf 89' lang='lat' dir='ltr'>vasorum,</span> <span class='ocrx_word' id='word_1_657' title='bbox 1729 1212 1848 1251; x_wconf 84' lang='lat' dir='ltr'>quanto</span> <span class='ocrx_word' id='word_1_658' title='bbox 1866 1209 1964 1252; x_wconf 78' lang='lat' dir='ltr'>magis</span> <span class='ocrx_word' id='word_1_659' title='bbox 1980 1209 2187 1242; x_wconf 87' lang='lat' dir='ltr'>conscientiae</span> 
     </span>
     <span class='ocr_line' id='line_1_86' title="bbox 1221 1259 2185 1305; baseline 0.006 -14"><span class='ocrx_word' id='word_1_660' title='bbox 1221 1259 1330 1292; x_wconf 88' lang='lat' dir='ltr'>sordes</span> <span class='ocrx_word' id='word_1_661' title='bbox 1352 1259 1417 1292; x_wconf 90' lang='lat' dir='ltr'>odit</span> <span class='ocrx_word' id='word_1_662' title='bbox 1442 1263 1487 1292; x_wconf 75' lang='lat' dir='ltr'>n?</span> <span class='ocrx_word' id='word_1_663' title='bbox 1519 1260 1605 1293; x_wconf 89' lang='lat' dir='ltr'>Unde</span> <span class='ocrx_word' id='word_1_664' title='bbox 1636 1261 1675 1294; x_wconf 91' lang='lat' dir='ltr'>de</span> <span class='ocrx_word' id='word_1_665' title='bbox 1699 1261 1758 1295; x_wconf 90' lang='lat' dir='ltr'>hac</span> <span class='ocrx_word' id='word_1_666' title='bbox 1791 1263 1960 1305; x_wconf 87' lang='lat' dir='ltr'>praecipue</span> <span class='ocrx_word' id='word_1_667' title='bbox 1990 1263 2185 1302; x_wconf 90' lang='lat' dir='ltr'>curandum,</span> 
     </span>
     <span class='ocr_line' id='line_1_87' title="bbox 1221 1312 2182 1361; baseline 0.005 -16"><span class='ocrx_word' id='word_1_668' title='bbox 1221 1312 1296 1355; x_wconf 89' lang='lat' dir='ltr'>quia</span> <span class='ocrx_word' id='word_1_669' title='bbox 1313 1313 1380 1346; x_wconf 89' lang='lat' dir='ltr'>sine</span> <span class='ocrx_word' id='word_1_670' title='bbox 1396 1313 1551 1346; x_wconf 89' lang='lat' dir='ltr'>munditia</span> <span class='ocrx_word' id='word_1_671' title='bbox 1567 1314 1775 1348; x_wconf 86' lang='lat' dir='ltr'>conscientiae</span> <span class='ocrx_word' id='word_1_672' title='bbox 1792 1316 1870 1349; x_wconf 91' lang='lat' dir='ltr'>nihil</span> <span class='ocrx_word' id='word_1_673' title='bbox 1885 1320 1933 1349; x_wconf 87' lang='lat' dir='ltr'>est</span> <span class='ocrx_word' id='word_1_674' title='bbox 1956 1316 2127 1361; x_wconf 53' lang='lat' dir='ltr'>mundum,</span> <span class='ocrx_word' id='word_1_675' title='bbox 2144 1316 2182 1349; x_wconf 87' lang='lat' dir='ltr'>ad</span> 
     </span>
     <span class='ocr_line' id='line_1_88' title="bbox 1221 1366 2187 1412; baseline 0.004 -14"><span class='ocrx_word' id='word_1_676' title='bbox 1221 1366 1326 1398; x_wconf 92' lang='lat' dir='ltr'>Titum</span> <span class='ocrx_word' id='word_1_677' title='bbox 1352 1366 1498 1408; x_wconf 73' lang='lat' dir='ltr'>prim091</span> <span class='ocrx_word' id='word_1_678' title='bbox 1529 1380 1544 1395; x_wconf 70' lang='grc' dir='ltr'>(ι</span> <span class='ocrx_word' id='word_1_679' title='bbox 1561 1366 1671 1400; x_wconf 87' lang='lat' dir='ltr'>Omnia</span> <span class='ocrx_word' id='word_1_680' title='bbox 1696 1368 1814 1401; x_wconf 91' lang='lat' dir='ltr'>munda</span> <span class='ocrx_word' id='word_1_681' title='bbox 1837 1369 1980 1409; x_wconf 88' lang='lat' dir='ltr'>mundis,</span> <span class='ocrx_word' id='word_1_682' title='bbox 2004 1369 2187 1412; x_wconf 84' lang='lat' dir='ltr'>coinquina-</span> 
     </span>
     <span class='ocr_line' id='line_1_89' title="bbox 1221 1419 2186 1462; baseline 0.005 -11"><span class='ocrx_word' id='word_1_683' title='bbox 1221 1419 1261 1452; x_wconf 88' lang='lat' dir='ltr'>tis</span> <span class='ocrx_word' id='word_1_684' title='bbox 1284 1422 1390 1452; x_wconf 90' lang='lat' dir='ltr'>autem</span> <span class='ocrx_word' id='word_1_685' title='bbox 1416 1423 1447 1452; x_wconf 89' lang='lat' dir='ltr'>et</span> <span class='ocrx_word' id='word_1_686' title='bbox 1471 1420 1652 1453; x_wconf 82' lang='lat' dir='ltr'>infidelibus</span> <span class='ocrx_word' id='word_1_687' title='bbox 1675 1421 1754 1454; x_wconf 86' lang='lat' dir='ltr'>nihil</span> <span class='ocrx_word' id='word_1_688' title='bbox 1786 1426 1833 1455; x_wconf 87' lang='lat' dir='ltr'>est</span> <span class='ocrx_word' id='word_1_689' title='bbox 1856 1423 2029 1462; x_wconf 89' lang='lat' dir='ltr'>mundum,</span> <span class='ocrx_word' id='word_1_690' title='bbox 2062 1422 2115 1455; x_wconf 89' lang='lat' dir='ltr'>sed</span> <span class='ocrx_word' id='word_1_691' title='bbox 2140 1423 2186 1455; x_wconf 91' lang='lat' dir='ltr'>in-</span> 
     </span>
     <span class='ocr_line' id='line_1_90' title="bbox 1220 1471 2024 1514; baseline 0.005 -11"><span class='ocrx_word' id='word_1_692' title='bbox 1220 1471 1369 1514; x_wconf 86' lang='lat' dir='ltr'>quinatae</span> <span class='ocrx_word' id='word_1_693' title='bbox 1386 1476 1461 1504; x_wconf 89' lang='lat' dir='ltr'>sunt</span> <span class='ocrx_word' id='word_1_694' title='bbox 1484 1481 1595 1505; x_wconf 90' lang='lat' dir='ltr'>eorum</span> <span class='ocrx_word' id='word_1_695' title='bbox 1620 1482 1709 1507; x_wconf 90' lang='lat' dir='ltr'>mens</span> <span class='ocrx_word' id='word_1_696' title='bbox 1732 1477 1763 1507; x_wconf 92' lang='lat' dir='ltr'>et</span> <span class='ocrx_word' id='word_1_697' title='bbox 1787 1475 1977 1508; x_wconf 91' lang='lat' dir='ltr'>conscientia</span> <span class='ocrx_word' id='word_1_698' title='bbox 1994 1489 2024 1507; x_wconf 72' lang='lat' dir='ltr'>n.</span> 
     </span>
    </p>

    <p class='ocr_par' dir='ltr' id='par_1_17' title="bbox 1215 1524 2186 2371">
     <span class='ocr_line' id='line_1_91' title="bbox 1309 1524 2185 1569; baseline 0.006 -13"><span class='ocrx_word' id='word_1_699' title='bbox 1309 1525 1362 1557; x_wconf 68' lang='lat'>82.</span> <span class='ocrx_word' id='word_1_700' title='bbox 1388 1524 1490 1564; x_wconf 91' lang='lat' dir='ltr'>(Vers.</span> <span class='ocrx_word' id='word_1_701' title='bbox 1515 1525 1593 1565; x_wconf 55' lang='lat' dir='ltr'>lar).</span> <span class='ocrx_word' id='word_1_702' title='bbox 1619 1526 1725 1559; x_wconf 90' lang='lat' dir='ltr'>Tertio</span> <span class='ocrx_word' id='word_1_703' title='bbox 1749 1530 1904 1569; x_wconf 89' lang='lat' dir='ltr'>quantum</span> <span class='ocrx_word' id='word_1_704' title='bbox 1927 1528 1966 1560; x_wconf 86' lang='lat' dir='ltr'>ad</span> <span class='ocrx_word' id='word_1_705' title='bbox 1986 1528 2185 1560; x_wconf 79' lang='lat' dir='ltr'>admonitio-</span> 
     </span>
     <span class='ocr_line' id='line_1_92' title="bbox 1219 1578 2185 1622; baseline 0.003 -12"><span class='ocrx_word' id='word_1_706' title='bbox 1219 1578 1274 1611; x_wconf 86' lang='lat' dir='ltr'>nis</span> <span class='ocrx_word' id='word_1_707' title='bbox 1296 1578 1495 1610; x_wconf 74' lang='lat' dir='ltr'>suavitatem</span> <span class='ocrx_word' id='word_1_708' title='bbox 1521 1587 1563 1611; x_wconf 85' lang='lat' dir='ltr'>ex</span> <span class='ocrx_word' id='word_1_709' title='bbox 1588 1583 1678 1620; x_wconf 90' lang='lat' dir='ltr'>parte</span> <span class='ocrx_word' id='word_1_710' title='bbox 1701 1579 1811 1613; x_wconf 87' lang='lat' dir='ltr'>medici</span> <span class='ocrx_word' id='word_1_711' title='bbox 1837 1580 2017 1622; x_wconf 84' lang='lat' dir='ltr'>subiungit:</span> <span class='ocrx_word' id='word_1_712' title='bbox 2050 1581 2185 1613; x_wconf 80' lang='lat' dir='ltr'>Verum-</span> 
     </span>
     <span class='ocr_line' id='line_1_93' title="bbox 1218 1632 2186 1677; baseline 0.003 -13"><span class='ocrx_word' id='word_1_713' title='bbox 1218 1636 1341 1671; x_wconf 83' lang='lat' dir='ltr'>lame-n,</span> <span class='ocrx_word' id='word_1_714' title='bbox 1365 1632 1454 1675; x_wconf 84' lang='lat' dir='ltr'>quod</span> <span class='ocrx_word' id='word_1_715' title='bbox 1468 1636 1628 1674; x_wconf 77' lang='lat' dir='ltr'>superest,</span> <span class='ocrx_word' id='word_1_716' title='bbox 1645 1633 1721 1665; x_wconf 83' lang='lat' dir='ltr'>dale</span> <span class='ocrx_word' id='word_1_717' title='bbox 1736 1633 1971 1677; x_wconf 77' lang='lat' dir='ltr'>eleemosynam</span> <span class='ocrx_word' id='word_1_718' title='bbox 1982 1646 1993 1672; x_wconf 93' lang='lat'>,·</span> <span class='ocrx_word' id='word_1_719' title='bbox 2016 1634 2105 1677; x_wconf 83' lang='lat' dir='ltr'>quod</span> <span class='ocrx_word' id='word_1_720' title='bbox 2128 1644 2186 1667; x_wconf 89' lang='lat' dir='ltr'>su-</span> 
     </span>
     <span class='ocr_line' id='line_1_94' title="bbox 1215 1685 2186 1730; baseline 0.003 -13"><span class='ocrx_word' id='word_1_721' title='bbox 1215 1689 1343 1728; x_wconf 81' lang='lat' dir='ltr'>perest,</span> <span class='ocrx_word' id='word_1_722' title='bbox 1369 1685 1428 1718; x_wconf 89' lang='lat' dir='ltr'>hoc</span> <span class='ocrx_word' id='word_1_723' title='bbox 1445 1689 1507 1724; x_wconf 87' lang='lat' dir='ltr'>est,</span> <span class='ocrx_word' id='word_1_724' title='bbox 1525 1685 1715 1725; x_wconf 90' lang='lat' dir='ltr'>remedium,</span> <span class='ocrx_word' id='word_1_725' title='bbox 1740 1686 1825 1728; x_wconf 90' lang='lat' dir='ltr'>quod</span> <span class='ocrx_word' id='word_1_726' title='bbox 1850 1690 1964 1725; x_wconf 87' lang='lat' dir='ltr'>restat,</span> <span class='ocrx_word' id='word_1_727' title='bbox 1981 1691 2045 1725; x_wconf 88' lang='lat' dir='ltr'>est,</span> <span class='ocrx_word' id='word_1_728' title='bbox 2069 1690 2107 1720; x_wconf 92' lang='lat' dir='ltr'>ut</span> <span class='ocrx_word' id='word_1_729' title='bbox 2129 1696 2186 1730; x_wconf 89' lang='lat' dir='ltr'>per</span> 
     </span>
     <span class='ocr_line' id='line_1_95' title="bbox 1217 1738 2181 1783; baseline 0.004 -13"><span class='ocrx_word' id='word_1_730' title='bbox 1217 1738 1456 1782; x_wconf 79' lang='lat' dir='ltr'>eleemosynam</span> <span class='ocrx_word' id='word_1_731' title='bbox 1477 1739 1629 1781; x_wconf 70' lang='lat' dir='ltr'>purqelis</span> <span class='ocrx_word' id='word_1_732' title='bbox 1652 1740 1846 1783; x_wconf 78' lang='lat' dir='ltr'>nequiciam.</span> <span class='ocrx_word' id='word_1_733' title='bbox 1885 1753 1901 1769; x_wconf 78' lang='grc' dir='ltr'><em>α</em></span> <span class='ocrx_word' id='word_1_734' title='bbox 1925 1741 2068 1774; x_wconf 89' lang='lat' dir='ltr'>Secunda</span> <span class='ocrx_word' id='word_1_735' title='bbox 2099 1741 2181 1774; x_wconf 89' lang='lat' dir='ltr'>enim</span> 
     </span>
     <span class='ocr_line' id='line_1_96' title="bbox 1218 1792 2184 1836; baseline 0.003 -12"><span class='ocrx_word' id='word_1_736' title='bbox 1218 1792 1343 1831; x_wconf 90' lang='lat' dir='ltr'>tabula,</span> <span class='ocrx_word' id='word_1_737' title='bbox 1368 1801 1449 1834; x_wconf 89' lang='lat' dir='ltr'>quae</span> <span class='ocrx_word' id='word_1_738' title='bbox 1479 1795 1577 1825; x_wconf 82' lang='lat' dir='ltr'>restat</span> <span class='ocrx_word' id='word_1_739' title='bbox 1608 1796 1679 1835; x_wconf 89' lang='lat' dir='ltr'>post</span> <span class='ocrx_word' id='word_1_740' title='bbox 1701 1793 1921 1835; x_wconf 76' lang='lat' dir='ltr'>naufragium,</span> <span class='ocrx_word' id='word_1_741' title='bbox 1945 1797 1993 1827; x_wconf 87' lang='lat' dir='ltr'>est</span> <span class='ocrx_word' id='word_1_742' title='bbox 2023 1794 2184 1836; x_wconf 89' lang='lat' dir='ltr'>poeniten-</span> 
     </span>
     <span class='ocr_line' id='line_1_97' title="bbox 1220 1845 2184 1892; baseline 0.003 -14"><span class='ocrx_word' id='word_1_743' title='bbox 1220 1845 1261 1878; x_wconf 88' lang='lat' dir='ltr'>tia</span> <span class='ocrx_word' id='word_1_744' title='bbox 1274 1845 1300 1865; x_wconf 92' lang='lat'>¹⁰</span> <span class='ocrx_word' id='word_1_745' title='bbox 1320 1858 1351 1878; x_wconf 83' lang='lat'>».</span> <span class='ocrx_word' id='word_1_746' title='bbox 1377 1865 1421 1869; x_wconf 97' lang='lat'><strong>—</strong></span> <span class='ocrx_word' id='word_1_747' title='bbox 1446 1845 1481 1878; x_wconf 85' lang='lat' dir='ltr'>Et</span> <span class='ocrx_word' id='word_1_748' title='bbox 1505 1846 1565 1879; x_wconf 90' lang='lat' dir='ltr'>hoc</span> <span class='ocrx_word' id='word_1_749' title='bbox 1589 1846 1681 1879; x_wconf 89' lang='lat' dir='ltr'>modo</span> <span class='ocrx_word' id='word_1_750' title='bbox 1704 1847 1858 1889; x_wconf 90' lang='lat' dir='ltr'>accipitur</span> <span class='ocrx_word' id='word_1_751' title='bbox 1887 1848 1938 1881; x_wconf 88' lang='lat' dir='ltr'>hic</span> <span class='ocrx_word' id='word_1_752' title='bbox 1961 1847 2163 1892; x_wconf 80' lang='lat' dir='ltr'>eleemosyna</span> <span class='ocrx_word' id='word_1_753' title='bbox 2172 1860 2184 1886; x_wconf 90' lang='lat'><em>;</em></span> 
     </span>
     <span class='ocr_line' id='line_1_98' title="bbox 1216 1898 2184 1942; baseline 0.003 -12"><span class='ocrx_word' id='word_1_754' title='bbox 1216 1898 1301 1941; x_wconf 88' lang='lat' dir='ltr'>quod</span> <span class='ocrx_word' id='word_1_755' title='bbox 1315 1901 1400 1940; x_wconf 89' lang='lat' dir='ltr'>patet</span> <span class='ocrx_word' id='word_1_756' title='bbox 1412 1898 1443 1930; x_wconf 91' lang='lat' dir='ltr'>in</span> <span class='ocrx_word' id='word_1_757' title='bbox 1458 1899 1517 1931; x_wconf 90' lang='lat' dir='ltr'>hoc</span> <span class='ocrx_word' id='word_1_758' title='bbox 1534 1899 1618 1941; x_wconf 89' lang='lat' dir='ltr'>quod</span> <span class='ocrx_word' id='word_1_759' title='bbox 1635 1899 1795 1942; x_wconf 90' lang='lat' dir='ltr'>sequitur:</span> <span class='ocrx_word' id='word_1_760' title='bbox 1814 1901 1852 1932; x_wconf 80' lang='lat' dir='ltr'>El</span> <span class='ocrx_word' id='word_1_761' title='bbox 1867 1901 1892 1920; x_wconf 82' lang='lat'>¹¹</span> <span class='ocrx_word' id='word_1_762' title='bbox 1917 1900 2030 1933; x_wconf 83' lang='lat' dir='ltr'>omnia</span> <span class='ocrx_word' id='word_1_763' title='bbox 2054 1901 2184 1933; x_wconf 78' lang='lat' dir='ltr'>munda</span> 
     </span>
     <span class='ocr_line' id='line_1_99' title="bbox 1215 1950 2183 1995; baseline 0.003 -12"><span class='ocrx_word' id='word_1_764' title='bbox 1215 1956 1294 1983; x_wconf 80' lang='lat' dir='ltr'>sunt</span> <span class='ocrx_word' id='word_1_765' title='bbox 1310 1950 1410 1983; x_wconf 84' lang='lat' dir='ltr'>vobis.</span> <span class='ocrx_word' id='word_1_766' title='bbox 1436 1951 1628 1993; x_wconf 87' lang='lat' dir='ltr'>Impossibile</span> <span class='ocrx_word' id='word_1_767' title='bbox 1644 1955 1708 1991; x_wconf 91' lang='lat' dir='ltr'>est,</span> <span class='ocrx_word' id='word_1_768' title='bbox 1723 1952 1828 1985; x_wconf 91' lang='lat' dir='ltr'>omnia</span> <span class='ocrx_word' id='word_1_769' title='bbox 1845 1952 1990 1985; x_wconf 89' lang='lat' dir='ltr'>mundari</span> <span class='ocrx_word' id='word_1_770' title='bbox 2012 1962 2068 1995; x_wconf 91' lang='lat' dir='ltr'>per</span> <span class='ocrx_word' id='word_1_771' title='bbox 2086 1954 2183 1987; x_wconf 92' lang='lat' dir='ltr'>solius</span> 
     </span>
     <span class='ocr_line' id='line_1_100' title="bbox 1215 2004 2182 2048; baseline 0.003 -11"><span class='ocrx_word' id='word_1_772' title='bbox 1215 2004 1390 2037; x_wconf 74' lang='lat' dir='ltr'>exterioris</span> <span class='ocrx_word' id='word_1_773' title='bbox 1413 2004 1633 2048; x_wconf 76' lang='lat' dir='ltr'>eleemosynae</span> <span class='ocrx_word' id='word_1_774' title='bbox 1655 2006 1885 2048; x_wconf 84' lang='lat' dir='ltr'>erogationem;</span> <span class='ocrx_word' id='word_1_775' title='bbox 1911 2006 1965 2039; x_wconf 88' lang='lat' dir='ltr'>sed</span> <span class='ocrx_word' id='word_1_776' title='bbox 1981 2011 2113 2039; x_wconf 88' lang='lat' dir='ltr'>vocatur</span> <span class='ocrx_word' id='word_1_777' title='bbox 2131 2007 2182 2040; x_wconf 89' lang='lat' dir='ltr'>hic</span> 
     </span>
     <span class='ocr_line' id='line_1_101' title="bbox 1215 2058 2183 2102; baseline 0.003 -12"><span class='ocrx_word' id='word_1_778' title='bbox 1215 2058 1342 2091; x_wconf 87' lang='lat' dir='ltr'>donatio</span> <span class='ocrx_word' id='word_1_779' title='bbox 1374 2058 1589 2100; x_wconf 89' lang='lat' dir='ltr'>eleemosynae</span> <span class='ocrx_word' id='word_1_780' title='bbox 1621 2058 1784 2102; x_wconf 78' lang='lat' dir='ltr'>quodlibet</span> <span class='ocrx_word' id='word_1_781' title='bbox 1818 2069 1902 2102; x_wconf 84' lang='lat' dir='ltr'>opus</span> <span class='ocrx_word' id='word_1_782' title='bbox 1932 2060 2183 2093; x_wconf 81' lang='lat' dir='ltr'>misericordiae</span> 
     </span>
     <span class='ocr_line' id='line_1_102' title="bbox 1215 2111 2181 2154; baseline 0.004 -11"><span class='ocrx_word' id='word_1_783' title='bbox 1215 2111 1412 2150; x_wconf 81' lang='lat' dir='ltr'>ordinatae,</span> <span class='ocrx_word' id='word_1_784' title='bbox 1437 2120 1519 2153; x_wconf 86' lang='lat' dir='ltr'>quae</span> <span class='ocrx_word' id='word_1_785' title='bbox 1543 2111 1646 2153; x_wconf 91' lang='lat' dir='ltr'>primo</span> <span class='ocrx_word' id='word_1_786' title='bbox 1669 2112 1778 2154; x_wconf 89' lang='lat' dir='ltr'>incipit</span> <span class='ocrx_word' id='word_1_787' title='bbox 1794 2123 1812 2145; x_wconf 88' lang='lat' dir='ltr'>a</span> <span class='ocrx_word' id='word_1_788' title='bbox 1829 2122 1878 2152; x_wconf 81' lang='lat' dir='ltr'>se,</span> <span class='ocrx_word' id='word_1_789' title='bbox 1903 2113 2076 2146; x_wconf 87' lang='lat' dir='ltr'>secundum</span> <span class='ocrx_word' id='word_1_790' title='bbox 2103 2114 2181 2147; x_wconf 91' lang='lat' dir='ltr'>illud</span> 
     </span>
     <span class='ocr_line' id='line_1_103' title="bbox 1216 2164 2182 2210; baseline 0.004 -13"><span class='ocrx_word' id='word_1_791' title='bbox 1216 2164 1422 2198; x_wconf 90' lang='lat' dir='ltr'>Ecclesiastici</span> <span class='ocrx_word' id='word_1_792' title='bbox 1440 2165 1601 2207; x_wconf 85' lang='lat' dir='ltr'>trigesimo</span> <span class='ocrx_word' id='word_1_793' title='bbox 1615 2166 1660 2198; x_wconf 77' lang='lat'>¹²:</span> <span class='ocrx_word' id='word_1_794' title='bbox 1683 2179 1699 2195; x_wconf 74' lang='lat' dir='ltr'>cz</span> <span class='ocrx_word' id='word_1_795' title='bbox 1713 2166 1860 2200; x_wconf 89' lang='lat' dir='ltr'>Miserere</span> <span class='ocrx_word' id='word_1_796' title='bbox 1877 2167 1998 2200; x_wconf 88' lang='lat' dir='ltr'>animae</span> <span class='ocrx_word' id='word_1_797' title='bbox 2015 2172 2099 2207; x_wconf 89' lang='lat' dir='ltr'>tuae,</span> <span class='ocrx_word' id='word_1_798' title='bbox 2116 2168 2182 2210; x_wconf 85' lang='lat' dir='ltr'>pla-</span> 
     </span>
     <span class='ocr_line' id='line_1_104' title="bbox 1215 2219 2181 2263; baseline 0.003 -12"><span class='ocrx_word' id='word_1_799' title='bbox 1215 2227 1289 2251; x_wconf 89' lang='lat' dir='ltr'>cens</span> <span class='ocrx_word' id='word_1_800' title='bbox 1312 2219 1377 2251; x_wconf 85' lang='lat' dir='ltr'>Deo</span> <span class='ocrx_word' id='word_1_801' title='bbox 1394 2232 1424 2250; x_wconf 83' lang='lat'>».</span> <span class='ocrx_word' id='word_1_802' title='bbox 1450 2219 1533 2252; x_wconf 87' lang='lat' dir='ltr'>llanc</span> <span class='ocrx_word' id='word_1_803' title='bbox 1554 2219 1801 2253; x_wconf 84' lang='lat' dir='ltr'>misericordiam</span> <span class='ocrx_word' id='word_1_804' title='bbox 1826 2221 1884 2254; x_wconf 89' lang='lat' dir='ltr'>sibi</span> <span class='ocrx_word' id='word_1_805' title='bbox 1910 2221 2079 2263; x_wconf 91' lang='lat' dir='ltr'>impendit,</span> <span class='ocrx_word' id='word_1_806' title='bbox 2108 2231 2181 2254; x_wconf 90' lang='lat' dir='ltr'>cum</span> 
     </span>
     <span class='ocr_line' id='line_1_105' title="bbox 1215 2272 2181 2316; baseline 0.004 -12"><span class='ocrx_word' id='word_1_807' title='bbox 1215 2280 1249 2305; x_wconf 90' lang='lat' dir='ltr'>se</span> <span class='ocrx_word' id='word_1_808' title='bbox 1273 2281 1329 2314; x_wconf 92' lang='lat' dir='ltr'>per</span> <span class='ocrx_word' id='word_1_809' title='bbox 1354 2272 1575 2314; x_wconf 86' lang='lat' dir='ltr'>poenitentiam</span> <span class='ocrx_word' id='word_1_810' title='bbox 1601 2277 1716 2316; x_wconf 84' lang='lat' dir='ltr'>purgat</span> <span class='ocrx_word' id='word_1_811' title='bbox 1739 2283 1758 2306; x_wconf 86' lang='lat' dir='ltr'>a</span> <span class='ocrx_word' id='word_1_812' title='bbox 1780 2274 1878 2314; x_wconf 89' lang='lat' dir='ltr'>vitiis;</span> <span class='ocrx_word' id='word_1_813' title='bbox 1896 2284 1969 2307; x_wconf 88' lang='lat' dir='ltr'>nam</span> <span class='ocrx_word' id='word_1_814' title='bbox 1992 2275 2083 2308; x_wconf 89' lang='lat' dir='ltr'>aliter</span> <span class='ocrx_word' id='word_1_815' title='bbox 2108 2284 2181 2308; x_wconf 84' lang='lat' dir='ltr'>cru-</span> 
     </span>
     <span class='ocr_line' id='line_1_106' title="bbox 1215 2324 2180 2371; baseline 0.004 -14"><span class='ocrx_word' id='word_1_816' title='bbox 1215 2324 1293 2357; x_wconf 89' lang='lat' dir='ltr'>delis</span> <span class='ocrx_word' id='word_1_817' title='bbox 1317 2330 1364 2358; x_wconf 90' lang='lat' dir='ltr'>est</span> <span class='ocrx_word' id='word_1_818' title='bbox 1388 2326 1458 2365; x_wconf 87' lang='lat' dir='ltr'>sibi,</span> <span class='ocrx_word' id='word_1_819' title='bbox 1483 2326 1659 2359; x_wconf 88' lang='lat' dir='ltr'>secundum</span> <span class='ocrx_word' id='word_1_820' title='bbox 1694 2327 1772 2360; x_wconf 91' lang='lat' dir='ltr'>illud</span> <span class='ocrx_word' id='word_1_821' title='bbox 1801 2328 1932 2361; x_wconf 87' lang='lat' dir='ltr'>Psalmi:</span> <span class='ocrx_word' id='word_1_822' title='bbox 1964 2341 1980 2357; x_wconf 74' lang='lat' dir='ltr'>ct</span> <span class='ocrx_word' id='word_1_823' title='bbox 1996 2329 2056 2370; x_wconf 90' lang='lat' dir='ltr'>Qui</span> <span class='ocrx_word' id='word_1_824' title='bbox 2080 2328 2180 2371; x_wconf 83' lang='lat' dir='ltr'>diligit</span> 
     </span>
    </p>
   </div>
   <div class='ocr_carea' id='block_1_11' title="bbox 1208 2529 2180 3405">
    <p class='ocr_par' dir='ltr' id='par_1_18' title="bbox 1213 2529 2180 2644">
     <span class='ocr_line' id='line_1_107' title="bbox 1214 2529 2180 2563; baseline 0.003 -9"><span class='ocrx_word' id='word_1_825' title='bbox 1214 2532 1336 2554; x_wconf 83' lang='lat' dir='ltr'>naturam</span> <span class='ocrx_word' id='word_1_826' title='bbox 1367 2529 1426 2555; x_wconf 86' lang='lat' dir='ltr'>fecit</span> <span class='ocrx_word' id='word_1_827' title='bbox 1452 2533 1591 2563; x_wconf 81' lang='lat' dir='ltr'>utramque</span> <span class='ocrx_word' id='word_1_828' title='bbox 1611 2530 1735 2556; x_wconf 88' lang='lat' dir='ltr'>mundari</span> <span class='ocrx_word' id='word_1_829' title='bbox 1754 2531 1894 2557; x_wconf 80' lang='lat' dir='ltr'>desiderat.</span> <span class='ocrx_word' id='word_1_830' title='bbox 1914 2532 1967 2557; x_wconf 85' lang='lat' dir='ltr'>Hoc</span> <span class='ocrx_word' id='word_1_831' title='bbox 1992 2534 2082 2557; x_wconf 85' lang='lat' dir='ltr'>contra</span> <span class='ocrx_word' id='word_1_832' title='bbox 2102 2531 2180 2557; x_wconf 86' lang='lat' dir='ltr'>Mani-</span> 
     </span>
     <span class='ocr_line' id='line_1_108' title="bbox 1213 2574 2180 2608; baseline 0.003 -9"><span class='ocrx_word' id='word_1_833' title='bbox 1213 2575 1324 2605; x_wconf 80' lang='lat' dir='ltr'>cliaeos,</span> <span class='ocrx_word' id='word_1_834' title='bbox 1343 2574 1389 2607; x_wconf 89' lang='lat' dir='ltr'>qui</span> <span class='ocrx_word' id='word_1_835' title='bbox 1408 2574 1524 2600; x_wconf 83' lang='lat' dir='ltr'>animam</span> <span class='ocrx_word' id='word_1_836' title='bbox 1544 2578 1643 2600; x_wconf 72' lang='lat' dir='ltr'>mutum</span> <span class='ocrx_word' id='word_1_837' title='bbox 1658 2583 1671 2600; x_wconf 86' lang='lat' dir='ltr'>a</span> <span class='ocrx_word' id='word_1_838' title='bbox 1692 2575 1761 2606; x_wconf 86' lang='lat' dir='ltr'>Deo,</span> <span class='ocrx_word' id='word_1_839' title='bbox 1780 2583 1885 2602; x_wconf 80' lang='lat' dir='ltr'>carnem</span> <span class='ocrx_word' id='word_1_840' title='bbox 1899 2582 1963 2602; x_wconf 72' lang='lat' dir='ltr'>vero</span> <span class='ocrx_word' id='word_1_841' title='bbox 1983 2579 2077 2608; x_wconf 87' lang='lat' dir='ltr'>putant</span> <span class='ocrx_word' id='word_1_842' title='bbox 2095 2583 2109 2602; x_wconf 86' lang='lat' dir='ltr'>a</span> <span class='ocrx_word' id='word_1_843' title='bbox 2127 2576 2180 2602; x_wconf 86' lang='lat' dir='ltr'>dia-</span> 
     </span>
     <span class='ocr_line' id='line_1_109' title="bbox 1213 2617 1417 2644; baseline -0.005 0"><span class='ocrx_word' id='word_1_844' title='bbox 1213 2617 1274 2644; x_wconf 89' lang='lat' dir='ltr'>bolo</span> <span class='ocrx_word' id='word_1_845' title='bbox 1293 2622 1417 2644; x_wconf 84' lang='lat' dir='ltr'>creatam.</span> 
     </span>
    </p>

    <p class='ocr_par' dir='ltr' id='par_1_19' title="bbox 1213 2661 2180 2738">
     <span class='ocr_line' id='line_1_110' title="bbox 1284 2661 2180 2698; baseline 0.001 -9"><span class='ocrx_word' id='word_1_846' title='bbox 1284 2661 1294 2676; x_wconf 83' lang='lat'>⁷</span> <span class='ocrx_word' id='word_1_847' title='bbox 1317 2663 1391 2689; x_wconf 85' lang='lat' dir='ltr'>Vers.</span> <span class='ocrx_word' id='word_1_848' title='bbox 1419 2663 1445 2689; x_wconf 87' lang='lat'>7.</span> <span class='ocrx_word' id='word_1_849' title='bbox 1473 2677 1508 2683; x_wconf 95' lang='lat'><em>-</em></span> <span class='ocrx_word' id='word_1_850' title='bbox 1536 2664 1594 2690; x_wconf 93' lang='lat' dir='ltr'>Duo</span> <span class='ocrx_word' id='word_1_851' title='bbox 1625 2671 1699 2698; x_wconf 85' lang='lat' dir='ltr'>seqq.</span> <span class='ocrx_word' id='word_1_852' title='bbox 1728 2665 1777 2691; x_wconf 91' lang='lat' dir='ltr'>loci</span> <span class='ocrx_word' id='word_1_853' title='bbox 1809 2668 1870 2691; x_wconf 89' lang='lat' dir='ltr'>sunt</span> <span class='ocrx_word' id='word_1_854' title='bbox 1898 2666 1989 2691; x_wconf 85' lang='lat' dir='ltr'>Ezech.</span> <span class='ocrx_word' id='word_1_855' title='bbox 2019 2665 2069 2696; x_wconf 84' lang='grc'>18,</span> <span class='ocrx_word' id='word_1_856' title='bbox 2086 2665 2126 2690; x_wconf 83' lang='grc'>’4.</span> <span class='ocrx_word' id='word_1_857' title='bbox 2154 2668 2180 2690; x_wconf 85' lang='lat' dir='ltr'>et</span> 
     </span>
     <span class='ocr_line' id='line_1_111' title="bbox 1213 2707 1391 2738; baseline 0 -5"><span class='ocrx_word' id='word_1_858' title='bbox 1213 2707 1300 2733; x_wconf 74' lang='lat' dir='ltr'>Mattli.</span> <span class='ocrx_word' id='word_1_859' title='bbox 1321 2708 1350 2738; x_wconf 84' lang='lat'>5,</span> <span class='ocrx_word' id='word_1_860' title='bbox 1366 2708 1391 2733; x_wconf 88' lang='lat'>8.</span> 
     </span>
    </p>

    <p class='ocr_par' dir='ltr' id='par_1_20' title="bbox 1212 2750 2179 2965">
     <span class='ocr_line' id='line_1_112' title="bbox 1284 2750 2179 2787; baseline 0.001 -10"><span class='ocrx_word' id='word_1_861' title='bbox 1284 2750 1295 2765; x_wconf 80' lang='lat'>⁸</span> <span class='ocrx_word' id='word_1_862' title='bbox 1314 2752 1407 2778; x_wconf 90' lang='lat' dir='ltr'>llomil.</span> <span class='ocrx_word' id='word_1_863' title='bbox 1429 2752 1471 2778; x_wconf 79' lang='grc'>44.</span> <span class='ocrx_word' id='word_1_864' title='bbox 1492 2752 1516 2778; x_wconf 93' lang='grc'>111</span> <span class='ocrx_word' id='word_1_865' title='bbox 1536 2753 1624 2779; x_wconf 88' lang='lat' dir='ltr'>Matth.</span> <span class='ocrx_word' id='word_1_866' title='bbox 1646 2754 1695 2785; x_wconf 83' lang='lat'>-23,</span> <span class='ocrx_word' id='word_1_867' title='bbox 1716 2754 1759 2779; x_wconf 77' lang='lat'>25.</span> <span class='ocrx_word' id='word_1_868' title='bbox 1782 2753 1842 2786; x_wconf 85' lang='lat' dir='ltr'>(Op.</span> <span class='ocrx_word' id='word_1_869' title='bbox 1863 2754 2031 2787; x_wconf 84' lang='lat' dir='ltr'>imperfect.),</span> <span class='ocrx_word' id='word_1_870' title='bbox 2051 2752 2096 2779; x_wconf 89' lang='lat' dir='ltr'>ubi</span> <span class='ocrx_word' id='word_1_871' title='bbox 2119 2758 2179 2785; x_wconf 84' lang='lat' dir='ltr'>post</span> 
     </span>
     <span class='ocr_line' id='line_1_113' title="bbox 1214 2797 2177 2832; baseline 0.001 -9"><span class='ocrx_word' id='word_1_872' title='bbox 1214 2797 1285 2824; x_wconf 83' lang='lat' dir='ltr'>Pone</span> <span class='ocrx_word' id='word_1_873' title='bbox 1304 2799 1394 2824; x_wconf 77' lang='lat' dir='ltr'>tamen</span> <span class='ocrx_word' id='word_1_874' title='bbox 1414 2800 1498 2823; x_wconf 86' lang='lat' dir='ltr'>textus</span> <span class='ocrx_word' id='word_1_875' title='bbox 1516 2797 1652 2829; x_wconf 78' lang='lat' dir='ltr'>originalis</span> <span class='ocrx_word' id='word_1_876' title='bbox 1671 2798 1841 2831; x_wconf 84' lang='lat' dir='ltr'>prosequitur</span> <span class='ocrx_word' id='word_1_877' title='bbox 1865 2798 1929 2832; x_wconf 78' lang='lat' dir='ltr'>quia</span> <span class='ocrx_word' id='word_1_878' title='bbox 1949 2798 2020 2824; x_wconf 76' lang='lat' dir='ltr'>Dens</span> <span class='ocrx_word' id='word_1_879' title='bbox 2046 2797 2103 2824; x_wconf 82' lang='lat' dir='ltr'>odit</span> <span class='ocrx_word' id='word_1_880' title='bbox 2120 2804 2177 2824; x_wconf 81' lang='lat' dir='ltr'>sor-</span> 
     </span>
     <span class='ocr_line' id='line_1_114' title="bbox 1212 2842 2178 2877; baseline 0 -8"><span class='ocrx_word' id='word_1_881' title='bbox 1212 2842 1258 2869; x_wconf 79' lang='lat' dir='ltr'>des</span> <span class='ocrx_word' id='word_1_882' title='bbox 1277 2849 1425 2876; x_wconf 80' lang='lat' dir='ltr'>corporum</span> <span class='ocrx_word' id='word_1_883' title='bbox 1450 2844 1474 2868; x_wconf 83' lang='lat' dir='ltr'>el</span> <span class='ocrx_word' id='word_1_884' title='bbox 1498 2849 1594 2869; x_wconf 84' lang='lat' dir='ltr'>rerum</span> <span class='ocrx_word' id='word_1_885' title='bbox 1618 2844 1644 2869; x_wconf 74' lang='lat' dir='ltr'>et</span> <span class='ocrx_word' id='word_1_886' title='bbox 1662 2850 1800 2869; x_wconf 78' lang='lat' dir='ltr'>vasorum.</span> <span class='ocrx_word' id='word_1_887' title='bbox 1827 2842 1859 2870; x_wconf 80' lang='lat' dir='ltr'>Si</span> <span class='ocrx_word' id='word_1_888' title='bbox 1875 2850 1940 2877; x_wconf 70' lang='lat' dir='ltr'>erqo</span> <span class='ocrx_word' id='word_1_889' title='bbox 1965 2850 2060 2869; x_wconf 79' lang='lat' dir='ltr'>rerum</span> <span class='ocrx_word' id='word_1_890' title='bbox 2084 2843 2178 2870; x_wconf 79' lang='lat' dir='ltr'>sordes</span> 
     </span>
     <span class='ocr_line' id='line_1_115' title="bbox 1212 2886 2177 2921; baseline -0.001 -7"><span class='ocrx_word' id='word_1_891' title='bbox 1212 2886 1296 2914; x_wconf 81' lang='lat' dir='ltr'>odit...</span> <span class='ocrx_word' id='word_1_892' title='bbox 1317 2888 1418 2921; x_wconf 80' lang='lat' dir='ltr'>quanto</span> <span class='ocrx_word' id='word_1_893' title='bbox 1438 2886 1527 2921; x_wconf 64' lang='lat' dir='ltr'>mauis</span> <span class='ocrx_word' id='word_1_894' title='bbox 1547 2887 1617 2913; x_wconf 83' lang='lat' dir='ltr'>Deus</span> <span class='ocrx_word' id='word_1_895' title='bbox 1637 2886 1730 2914; x_wconf 80' lang='lat' dir='ltr'>sordes</span> <span class='ocrx_word' id='word_1_896' title='bbox 1749 2887 1925 2914; x_wconf 82' lang='lat' dir='ltr'>conscientiae</span> <span class='ocrx_word' id='word_1_897' title='bbox 1943 2887 2038 2914; x_wconf 81' lang='lat' dir='ltr'>horret</span> <span class='ocrx_word' id='word_1_898' title='bbox 2059 2891 2108 2913; x_wconf 84' lang='lat' dir='ltr'>etc.</span> <span class='ocrx_word' id='word_1_899' title='bbox 2128 2888 2177 2913; x_wconf 82' lang='lat' dir='ltr'>Pro</span> 
     </span>
     <span class='ocr_line' id='line_1_116' title="bbox 1213 2929 1695 2965; baseline -0.004 -7"><span class='ocrx_word' id='word_1_900' title='bbox 1213 2930 1286 2965; x_wconf 79' lang='lat' dir='ltr'>quod</span> <span class='ocrx_word' id='word_1_901' title='bbox 1303 2930 1397 2958; x_wconf 74' lang='lat' dir='ltr'>sordes</span> <span class='ocrx_word' id='word_1_902' title='bbox 1416 2931 1435 2957; x_wconf 91' lang='lat' dir='ltr'>C</span> <span class='ocrx_word' id='word_1_903' title='bbox 1447 2931 1497 2956; x_wconf 90' lang='lat' dir='ltr'>DG</span> <span class='ocrx_word' id='word_1_904' title='bbox 1510 2931 1531 2956; x_wconf 93' lang='lat' dir='ltr'>ll</span> <span class='ocrx_word' id='word_1_905' title='bbox 1550 2929 1576 2957; x_wconf 82' lang='lat' dir='ltr'>si</span> <span class='ocrx_word' id='word_1_906' title='bbox 1591 2930 1695 2958; x_wconf 76' lang='lat' dir='ltr'>sordes.</span> 
     </span>
    </p>

    <p class='ocr_par' dir='ltr' id='par_1_21' title="bbox 1284 2974 1453 3001">
     <span class='ocr_line' id='line_1_117' title="bbox 1284 2974 1453 3001; baseline -0.006 0"><span class='ocrx_word' id='word_1_907' title='bbox 1284 2974 1295 2989; x_wconf 81' lang='lat'><strong>⁹</strong></span> <span class='ocrx_word' id='word_1_908' title='bbox 1315 2976 1388 3001; x_wconf 82' lang='lat' dir='ltr'>Vers.</span> <span class='ocrx_word' id='word_1_909' title='bbox 1413 2975 1453 3001; x_wconf 79' lang='grc'>15.</span> 
     </span>
    </p>

    <p class='ocr_par' dir='ltr' id='par_1_22' title="bbox 1209 3018 2178 3187">
     <span class='ocr_line' id='line_1_118' title="bbox 1283 3018 2178 3052; baseline 0.001 -7"><span class='ocrx_word' id='word_1_910' title='bbox 1283 3018 1305 3034; x_wconf 89' lang='lat'>¹⁰</span> <span class='ocrx_word' id='word_1_911' title='bbox 1323 3021 1355 3046; x_wconf 88' lang='lat' dir='ltr'>Ut</span> <span class='ocrx_word' id='word_1_912' title='bbox 1374 3019 1436 3046; x_wconf 80' lang='lat' dir='ltr'>dicit</span> <span class='ocrx_word' id='word_1_913' title='bbox 1455 3019 1559 3045; x_wconf 82' lang='lat' dir='ltr'>Hieron.</span> <span class='ocrx_word' id='word_1_914' title='bbox 1569 3040 1575 3052; x_wconf 85' lang='lat'>,</span> <span class='ocrx_word' id='word_1_915' title='bbox 1587 3019 1667 3051; x_wconf 87' lang='lat' dir='ltr'>Epist.</span> <span class='ocrx_word' id='word_1_916' title='bbox 1689 3020 1748 3045; x_wconf 91' lang='grc'><strong>130.</strong></span> <span class='ocrx_word' id='word_1_917' title='bbox 1764 3019 1837 3050; x_wconf 83' lang='lat' dir='ltr'>(alias</span> <span class='ocrx_word' id='word_1_918' title='bbox 1851 3020 1889 3052; x_wconf 87' lang='grc'>8.)</span> <span class='ocrx_word' id='word_1_919' title='bbox 1903 3027 1930 3045; x_wconf 90' lang='lat' dir='ltr'>n.</span> <span class='ocrx_word' id='word_1_920' title='bbox 1946 3020 1971 3045; x_wconf 80' lang='lat'>9.</span> <span class='ocrx_word' id='word_1_921' title='bbox 1984 3019 2035 3046; x_wconf 71' lang='lat' dir='ltr'>Cir.</span> <span class='ocrx_word' id='word_1_922' title='bbox 2049 3021 2092 3046; x_wconf 82' lang='lat' dir='ltr'>lV.</span> <span class='ocrx_word' id='word_1_923' title='bbox 2106 3021 2178 3046; x_wconf 77' lang='lat' dir='ltr'>sent.</span> 
     </span>
     <span class='ocr_line' id='line_1_119' title="bbox 1210 3063 2176 3097; baseline 0 -7"><span class='ocrx_word' id='word_1_924' title='bbox 1210 3065 1245 3090; x_wconf 91' lang='lat' dir='ltr'>lit.</span> <span class='ocrx_word' id='word_1_925' title='bbox 1265 3064 1393 3096; x_wconf 82' lang='lat' dir='ltr'>Magistri,</span> <span class='ocrx_word' id='word_1_926' title='bbox 1408 3063 1434 3089; x_wconf 88' lang='lat' dir='ltr'>d.</span> <span class='ocrx_word' id='word_1_927' title='bbox 1449 3063 1516 3089; x_wconf 90' lang='lat' dir='ltr'>XlV.</span> <span class='ocrx_word' id='word_1_928' title='bbox 1531 3071 1554 3089; x_wconf 91' lang='lat' dir='ltr'>c.</span> <span class='ocrx_word' id='word_1_929' title='bbox 1574 3063 1598 3088; x_wconf 91' lang='grc'>1.</span> <span class='ocrx_word' id='word_1_930' title='bbox 1618 3067 1643 3089; x_wconf 86' lang='lat' dir='ltr'>et</span> <span class='ocrx_word' id='word_1_931' title='bbox 1661 3063 1687 3089; x_wconf 92' lang='lat' dir='ltr'>d.</span> <span class='ocrx_word' id='word_1_932' title='bbox 1701 3064 1744 3089; x_wconf 78' lang='lat'>22.</span> <span class='ocrx_word' id='word_1_933' title='bbox 1758 3070 1781 3089; x_wconf 88' lang='lat' dir='ltr'>a.</span> <span class='ocrx_word' id='word_1_934' title='bbox 1795 3064 1820 3089; x_wconf 89' lang='lat'>3.</span> <span class='ocrx_word' id='word_1_935' title='bbox 1833 3071 1859 3097; x_wconf 83' lang='lat' dir='ltr'>q.</span> <span class='ocrx_word' id='word_1_936' title='bbox 1874 3065 1899 3089; x_wconf 80' lang='lat'>2.</span> <span class='ocrx_word' id='word_1_937' title='bbox 1913 3078 1947 3083; x_wconf 95' lang='lat'>—</span> <span class='ocrx_word' id='word_1_938' title='bbox 1959 3064 2043 3090; x_wconf 89' lang='lat' dir='ltr'>Codd.</span> <span class='ocrx_word' id='word_1_939' title='bbox 2063 3066 2084 3090; x_wconf 77' lang='lat' dir='ltr'>A</span> <span class='ocrx_word' id='word_1_940' title='bbox 2095 3065 2113 3091; x_wconf 94' lang='lat' dir='ltr'>C</span> <span class='ocrx_word' id='word_1_941' title='bbox 2124 3065 2145 3090; x_wconf 94' lang='lat' dir='ltr'>D</span> <span class='ocrx_word' id='word_1_942' title='bbox 2155 3065 2176 3090; x_wconf 84' lang='lat' dir='ltr'>Il</span> 
     </span>
     <span class='ocr_line' id='line_1_120' title="bbox 1210 3106 2177 3143; baseline 0.001 -9"><span class='ocrx_word' id='word_1_943' title='bbox 1210 3112 1269 3141; x_wconf 89' lang='lat' dir='ltr'>post</span> <span class='ocrx_word' id='word_1_944' title='bbox 1282 3108 1362 3134; x_wconf 78' lang='lat' dir='ltr'>verba</span> <span class='ocrx_word' id='word_1_945' title='bbox 1378 3106 1450 3142; x_wconf 87' lang='lat' dir='ltr'>quod</span> <span class='ocrx_word' id='word_1_946' title='bbox 1467 3109 1551 3134; x_wconf 80' lang='lat' dir='ltr'>restat</span> <span class='ocrx_word' id='word_1_947' title='bbox 1569 3107 1692 3133; x_wconf 89' lang='lat' dir='ltr'>omittunt</span> <span class='ocrx_word' id='word_1_948' title='bbox 1710 3109 1763 3139; x_wconf 77' lang='lat' dir='ltr'>est,</span> <span class='ocrx_word' id='word_1_949' title='bbox 1783 3109 1813 3134; x_wconf 80' lang='lat' dir='ltr'>ut</span> <span class='ocrx_word' id='word_1_950' title='bbox 1827 3115 1879 3142; x_wconf 80' lang='lat' dir='ltr'>per</span> <span class='ocrx_word' id='word_1_951' title='bbox 1901 3107 2098 3143; x_wconf 77' lang='lat' dir='ltr'>eleemosynam</span> <span class='ocrx_word' id='word_1_952' title='bbox 2108 3116 2177 3143; x_wconf 80' lang='lat' dir='ltr'>pm·-</span> 
     </span>
     <span class='ocr_line' id='line_1_121' title="bbox 1209 3150 2015 3187; baseline 0 -8"><span class='ocrx_word' id='word_1_953' title='bbox 1209 3152 1275 3187; x_wconf 78' lang='lat' dir='ltr'>9etis</span> <span class='ocrx_word' id='word_1_954' title='bbox 1294 3151 1451 3186; x_wconf 79' lang='lat' dir='ltr'>nequitiam.</span> <span class='ocrx_word' id='word_1_955' title='bbox 1470 3150 1596 3178; x_wconf 80' lang='lat' dir='ltr'>Secunda</span> <span class='ocrx_word' id='word_1_956' title='bbox 1614 3150 1686 3178; x_wconf 81' lang='lat' dir='ltr'>enim</span> <span class='ocrx_word' id='word_1_957' title='bbox 1704 3150 1812 3184; x_wconf 78' lang='lat' dir='ltr'>tabula,</span> <span class='ocrx_word' id='word_1_958' title='bbox 1835 3159 1904 3186; x_wconf 79' lang='lat' dir='ltr'>quae</span> <span class='ocrx_word' id='word_1_959' title='bbox 1922 3154 2015 3179; x_wconf 73' lang='lat' dir='ltr'>restat.</span> 
     </span>
    </p>

    <p class='ocr_par' dir='ltr' id='par_1_23' title="bbox 1208 3195 2175 3274">
     <span class='ocr_line' id='line_1_122' title="bbox 1281 3195 2175 3228; baseline 0.002 -6"><span class='ocrx_word' id='word_1_960' title='bbox 1281 3195 1301 3211; x_wconf 81' lang='lat'>¹¹</span> <span class='ocrx_word' id='word_1_961' title='bbox 1323 3197 1434 3228; x_wconf 80' lang='lat' dir='ltr'>Vulgata</span> <span class='ocrx_word' id='word_1_962' title='bbox 1455 3199 1480 3221; x_wconf 88' lang='lat' dir='ltr'>et</span> <span class='ocrx_word' id='word_1_963' title='bbox 1500 3196 1558 3221; x_wconf 85' lang='lat' dir='ltr'>Vat.</span> <span class='ocrx_word' id='word_1_964' title='bbox 1587 3195 1687 3222; x_wconf 85' lang='lat' dir='ltr'>addunt</span> <span class='ocrx_word' id='word_1_965' title='bbox 1710 3202 1775 3222; x_wconf 83' lang='lat' dir='ltr'>ecce.</span> <span class='ocrx_word' id='word_1_966' title='bbox 1805 3195 1924 3223; x_wconf 88' lang='lat' dir='ltr'>Subinde</span> <span class='ocrx_word' id='word_1_967' title='bbox 1951 3197 2065 3224; x_wconf 80' lang='lat' dir='ltr'>vocibus</span> <span class='ocrx_word' id='word_1_968' title='bbox 2084 3198 2175 3225; x_wconf 81' lang='lat' dir='ltr'>omnia</span> 
     </span>
     <span class='ocr_line' id='line_1_123' title="bbox 1208 3239 1674 3274; baseline -0.004 -7"><span class='ocrx_word' id='word_1_969' title='bbox 1208 3239 1340 3267; x_wconf 81' lang='lat' dir='ltr'>mundari</span> <span class='ocrx_word' id='word_1_970' title='bbox 1358 3240 1418 3265; x_wconf 83' lang='lat' dir='ltr'>Vat.</span> <span class='ocrx_word' id='word_1_971' title='bbox 1439 3239 1570 3266; x_wconf 81' lang='lat' dir='ltr'>interserit</span> <span class='ocrx_word' id='word_1_972' title='bbox 1584 3246 1674 3274; x_wconf 81' lang='lat' dir='ltr'>posse.</span> 
     </span>
    </p>

    <p class='ocr_par' dir='ltr' id='par_1_24' title="bbox 1208 3283 2176 3405">
     <span class='ocr_line' id='line_1_124' title="bbox 1280 3283 2176 3319; baseline 0.002 -9"><span class='ocrx_word' id='word_1_973' title='bbox 1280 3283 1302 3299; x_wconf 79' lang='lat'>¹¹</span> <span class='ocrx_word' id='word_1_974' title='bbox 1323 3284 1395 3310; x_wconf 75' lang='lat' dir='ltr'>Vera.</span> <span class='ocrx_word' id='word_1_975' title='bbox 1410 3283 1453 3310; x_wconf 82' lang='grc'>24.</span> <span class='ocrx_word' id='word_1_976' title='bbox 1467 3297 1501 3302; x_wconf 90' lang='lat'>—-</span> <span class='ocrx_word' id='word_1_977' title='bbox 1520 3284 1643 3317; x_wconf 83' lang='lat' dir='ltr'>Sequitur</span> <span class='ocrx_word' id='word_1_978' title='bbox 1657 3284 1697 3310; x_wconf 82' lang='lat' dir='ltr'>Ps.</span> <span class='ocrx_word' id='word_1_979' title='bbox 1712 3284 1744 3310; x_wconf 87' lang='grc'>10</span> <span class='ocrx_word' id='word_1_980' title='bbox 1754 3305 1760 3317; x_wconf 85' lang='grc'><em>,</em></span> <span class='ocrx_word' id='word_1_981' title='bbox 1773 3285 1798 3310; x_wconf 89' lang='grc'>6.</span> <span class='ocrx_word' id='word_1_982' title='bbox 1812 3284 1864 3311; x_wconf 78' lang='lat' dir='ltr'>Cfr.</span> <span class='ocrx_word' id='word_1_983' title='bbox 1878 3285 2003 3318; x_wconf 59' lang='lat' dir='ltr'>August,</span> <span class='ocrx_word' id='word_1_984' title='bbox 2017 3286 2176 3319; x_wconf 49' lang='lat' dir='ltr'>SermstOG.</span> 
     </span>
     <span class='ocr_line' id='line_1_125' title="bbox 1209 3327 2175 3362; baseline 0.001 -7"><span class='ocrx_word' id='word_1_985' title='bbox 1209 3329 1283 3362; x_wconf 82' lang='lat' dir='ltr'>(alias</span> <span class='ocrx_word' id='word_1_986' title='bbox 1302 3329 1345 3360; x_wconf 86' lang='lat'>30,</span> <span class='ocrx_word' id='word_1_987' title='bbox 1364 3328 1398 3354; x_wconf 89' lang='lat' dir='ltr'>de</span> <span class='ocrx_word' id='word_1_988' title='bbox 1417 3327 1512 3354; x_wconf 83' lang='lat' dir='ltr'>Verbis</span> <span class='ocrx_word' id='word_1_989' title='bbox 1530 3328 1645 3362; x_wconf 91' lang='lat' dir='ltr'>Domini)</span> <span class='ocrx_word' id='word_1_990' title='bbox 1666 3335 1689 3355; x_wconf 82' lang='lat' dir='ltr'>c.</span> <span class='ocrx_word' id='word_1_991' title='bbox 1709 3329 1735 3355; x_wconf 83' lang='lat'>3.</span> <span class='ocrx_word' id='word_1_992' title='bbox 1753 3336 1779 3355; x_wconf 94' lang='lat' dir='ltr'>n.</span> <span class='ocrx_word' id='word_1_993' title='bbox 1801 3329 1830 3362; x_wconf 79' lang='grc'>4;</span> <span class='ocrx_word' id='word_1_994' title='bbox 1850 3332 1876 3355; x_wconf 85' lang='lat' dir='ltr'>et</span> <span class='ocrx_word' id='word_1_995' title='bbox 1888 3330 1930 3356; x_wconf 89' lang='lat' dir='ltr'>IV.</span> <span class='ocrx_word' id='word_1_996' title='bbox 1945 3331 2016 3356; x_wconf 76' lang='lat' dir='ltr'>Sent.</span> <span class='ocrx_word' id='word_1_997' title='bbox 2035 3331 2072 3356; x_wconf 84' lang='lat' dir='ltr'>lit.</span> <span class='ocrx_word' id='word_1_998' title='bbox 2093 3330 2175 3362; x_wconf 76' lang='lat' dir='ltr'>Magi-</span> 
     </span>
     <span class='ocr_line' id='line_1_126' title="bbox 1208 3372 1480 3405; baseline -0.004 -6"><span class='ocrx_word' id='word_1_999' title='bbox 1208 3374 1264 3405; x_wconf 83' lang='lat' dir='ltr'>strj,</span> <span class='ocrx_word' id='word_1_1000' title='bbox 1283 3373 1310 3399; x_wconf 91' lang='lat' dir='ltr'>d.</span> <span class='ocrx_word' id='word_1_1001' title='bbox 1329 3373 1388 3399; x_wconf 84' lang='lat' dir='ltr'>XV.</span> <span class='ocrx_word' id='word_1_1002' title='bbox 1411 3379 1433 3398; x_wconf 78' lang='lat' dir='ltr'>c.</span> <span class='ocrx_word' id='word_1_1003' title='bbox 1454 3372 1480 3399; x_wconf 80' lang='lat'>5.</span> 
     </span>
    </p>
   </div>
   <div class='ocr_carea' id='block_1_12' title="bbox 2204 1540 2308 1561">
    <p class='ocr_par' dir='ltr' id='par_1_25' title="bbox 2204 1540 2308 1561">
     <span class='ocr_line' id='line_1_127' title="bbox 2204 1540 2308 1561; baseline -0.01 0"><span class='ocrx_word' id='word_1_1004' title='bbox 2204 1540 2308 1561; x_wconf 84' lang='lat' dir='ltr'>Tertium.</span> 
     </span>
    </p>
   </div>
   <div class='ocr_carea' id='block_1_13' title="bbox 2203 1859 2348 1887">
    <p class='ocr_par' dir='ltr' id='par_1_26' title="bbox 2203 1859 2348 1887">
     <span class='ocr_line' id='line_1_128' title="bbox 2203 1859 2348 1887; baseline 0.007 -7"><span class='ocrx_word' id='word_1_1005' title='bbox 2203 1859 2313 1887; x_wconf 78' lang='lat' dir='ltr'>Exposilio</span> <span class='ocrx_word' id='word_1_1006' title='bbox 2329 1860 2348 1881; x_wconf 77' lang='lat' dir='ltr'>l.</span> 
     </span>
    </p>
   </div>
  </div>
 </body>
</html>
