2427 3872
294 246 359 277 798

578 288 647 314 MUN

347 333 452 358 Munnus
471 347 504 351 -
524 332 619 358 dicitur
637 335 743 363 natura,
762 333 804 357 vel
818 332 936 358 homines

293 377 427 403 mundane
446 377 565 402 viventes
586 377 617 402 Vl
639 376 689 402 489
709 377 742 402 67
761 391 796 395 ——
812 380 851 402 est
863 384 937 403 mun-

293 421 361 446 dana
387 421 552 446 conversatio
579 420 629 446 472
650 421 693 446 26.
716 420 766 446 473
787 421 819 446 28
839 434 874 440 -
892 421 937 446 ali-

293 465 400 497 quando
426 464 520 490 dicitur
544 465 699 490 universitas
723 468 873 496 creaturae,
892 465 937 490 ali-

292 508 400 541 quando
429 509 600 540 congregatio
628 509 769 540 Ecclesiae,
794 509 936 541 aliquando

292 555 423 577 amatores
442 552 562 577 vanitatis
582 553 730 578 mundanae
749 553 801 578 605
816 561 841 578 ν.
855 554 887 578 18
903 567 937 573 —-

292 599 321 622 ut
339 599 379 622 est
397 596 469 621 orbis
488 596 565 622 nobis
584 596 707 628 visibilis,
726 597 789 622 dicit
800 600 936 627 naturam;

292 642 321 665 ut
346 643 385 665 est
409 643 490 665 status
516 643 620 666 nostrae
639 641 856 673 conversationis,
874 641 937 667 dicit

292 686 414 709 naturam
435 687 460 709 et
480 685 627 716 miseriam3
647 688 676 710 ut
694 688 733 711 est
757 688 839 711 status
864 692 937 717 prae-

292 729 372 753 sentis
391 729 605 760 conversationis,
625 729 687 754 dicit
705 732 826 755 naturam
846 732 871 754 et
890 729 937 754 mi-

293 772 388 797 seriam
402 775 427 797 et
441 773 559 804 culpa1n3
573 776 601 799 ut
614 776 653 799 est
662 773 812 805 reprobatio
823 776 937 804 aeterna,

294 816 357 841 dicit
381 819 500 842 naturam
526 820 551 842 et
577 818 709 843 miseriam
734 820 760 842 et
785 818 889 849 culpam
912 820 938 842 et

292 860 504 892 reprobationem
524 862 641 887 divinam
663 861 713 887 472
733 863 766 887 22

346 919 380 923 —
393 905 430 930 De
444 907 493 931 hoc
507 906 606 931 mundo
620 909 681 931 sunt
701 906 747 938 qui
761 905 821 930 huic
835 905 935 930 mundo

294 949 435 975 adhaerent
460 957 507 981 per
531 957 649 975 amorem
670 950 702 975 Vl
722 949 769 974 364
794 949 828 974 33
847 962 882 967 —
901 949 937 974 di-

293 996 387 1018 cuntur
405 994 533 1019 mundani
552 1000 604 1025 -per
623 993 810 1024 metonymiam
832 992 882 1018 252
903 992 936 1017 25

293 1051 328 1056 -
347 1037 470 1063 dicuntur
496 1037 596 1063 mundo
622 1036 702 1062 dediti
728 1043 776 1068 per
794 1036 935 1062 amicitiam

293 1080 339 1106 421
365 1082 408 1107 52.
429 1081 479 1106 470
503 1081 533 1106 16
551 1094 587 1099 -
605 1080 701 1106 dicitur
721 1081 800 1106 homo
827 1081 937 1106 munda-

292 1132 342 1151 nus
362 1128 387 1151 et
409 1128 532 1157 peccator
555 1125 605 1150 282
629 1125 662 1150 26

346 1183 380 1187 -
403 1176 434 1194 ex
459 1169 566 1194 materia
593 1169 767 1200 praeiacend,
796 1169 869 1201 prius
899 1172 936 1195 ta-

292 1220 354 1238 men
377 1216 462 1238 creata
488 1213 608 1243 informi,
628 1214 754 1238 formatus
773 1216 812 1239 est
832 1214 864 1239 Vl
885 1214 929 1239 484

292 1264 318 1283 v.
342 1258 374 1282 48
388 1271 422 1276 -
436 1257 550 1283 Medium
571 1258 662 1283 mundi
675 1260 714 1283 est
732 1258 812 1283 fixum
830 1258 880 1283 259
901 1258 934 1283 59

346 1316 380 1319 -
397 1301 496 1333 optime
521 1302 716 1327 administratur
736 1309 749 1327 a
763 1303 817 1328 Deo
831 1302 863 1327 Vl
884 1303 933 1327 196

292 1352 318 1371 v.
339 1346 354 1370 3
379 1359 414 1364 -
438 1349 606 1377 comparatur
628 1346 805 1378 pulcherrimo
825 1346 933 1372 carmini

293 1389 327 1415 34
346 1397 373 1422 q.
386 1403 421 1408 —
441 1391 466 1415 ln
486 1390 609 1416 universo
628 1391 735 1416 resultat
753 1397 860 1415 carmen
878 1398 934 1422 per-

293 1434 387 1459 fectum
408 1434 442 1459 32
461 1442 488 1466 q.

346 1491 381 1497 —
400 1485 526 1509 praesens
548 1481 588 1504 est
612 1478 685 1503 locus
709 1478 882 1509 poenitentiae
901 1479 933 1504 Vl

294 1521 343 1546 189
364 1529 389 1546 ν.
411 1522 442 1547 19

344 1578 380 1584 —-
393 1568 432 1591 est
444 1565 577 1591 mutabilis
591 1565 616 1590 in
630 1566 755 1597 temporis
768 1566 852 1597 spatio
862 1573 935 1598 prae-

293 1609 344 1634 fixo
365 1609 395 1633 Vl
417 1609 450 1633 28
470 1616 497 1634 v.
517 1610 526 1633 4
552 1623 586 1626 -—
606 1608 725 1635 transibit
744 1609 794 1634 274
815 1610 935 1636 25—-et

292 1653 393 1682 omnia,
412 1659 482 1684 quae
501 1655 561 1678 sunt
579 1653 604 1677 in
624 1653 696 1684 ipso,
710 1653 854 1678 transitoria
876 1657 936 1680 sunt

294 1696 337 1721 Vll
357 1696 410 1721 135
429 1696 444 1721 3
466 1709 499 1714 --
519 1697 609 1722 transit
633 1700 761 1729 quantum
788 1697 820 1722 ad
841 1704 933 1729 omne,

294 1740 367 1772 quod
396 1739 473 1765 habet
502 1740 527 1765 in
551 1747 580 1766 se
604 1740 746 1772 appetibile
771 1741 823 1766 537
849 1741 881 1767 54
901 1756 936 1760 —

293 1783 412 1809 transibit
431 1787 557 1816 quantum
583 1785 615 1811 ad
642 1785 795 1812 exteriorem
823 1786 935 1818 figuram

293 1826 328 1853 ib.
350 1828 382 1853 53

346 1887 380 1890 -—
396 1873 593 1899 Praenuntiatur
606 1874 662 1900 eius
674 1874 817 1900 destructio
829 1875 869 1900 Vll
884 1875 934 1901 524

294 1916 326 1941 12
346 1931 380 1934 -
400 1917 425 1942 in
445 1918 513 1943 finali
533 1918 628 1944 iudicio
647 1919 821 1945 confundetur
835 1919 886 1945 526
902 1919 934 1944 17

291 1974 326 1979 -
345 1961 372 1986 in
390 1962 458 1987 exitu
473 1969 520 1988 suo
535 1963 630 1988 multos
642 1963 754 1995 patietur
767 1971 869 1989 errores
883 1964 933 1989 439

293 2005 334 2031 40.
358 2006 409 2031 525
438 2006 468 2032 14
493 2020 529 2026 ·-
553 2007 683 2033 sensibilis
713 2007 880 2034 innovabitur
900 2009 933 2034 vt

292 2046 325 2075 29
346 2057 371 2082 q.
392 2052 406 2076 2

345 2108 380 2114 —
398 2098 438 2121 est
456 2102 554 2126 vanuS,
573 2096 635 2127 quia
654 2103 706 2121 non
729 2096 835 2128 praebet
854 2097 933 2129 pleni-

292 2139 409 2165 tudinem
435 2140 574 2165 continenti
595 2140 626 2165 Vl
647 2140 661 2166 4
681 2140 697 2165 7
716 2154 752 2159 -
770 2143 810 2166 est
833 2148 932 2173 vanus,

291 2184 352 2216 quia
376 2191 429 2209 non
454 2184 499 2209 dat
523 2184 638 2216 quietem
664 2184 792 2210 laboranti
811 2184 846 2210 ib.
864 2185 879 2210 8
898 2199 933 2204 —

292 2234 352 2253 cum
373 2228 427 2254 suis
444 2235 532 2254 vanus
549 2232 603 2259 est,
622 2229 684 2261 quia
702 2236 754 2254 non
769 2228 878 2260 prat-bet
890 2229 934 2255 sul-

292 2272 434 2298 cimentum
462 2273 576 2298 innitenti
602 2272 636 2299 ib.
656 2273 671 2297 6
698 2287 731 2292 -
749 2276 776 2299 et
800 2273 932 2299 mundana

292 2319 320 2342 ut
339 2315 448 2342 baculus
466 2317 625 2343 arundineus
644 2324 696 2343 non
716 2317 843 2350 praebent
865 2317 934 2343 sulci-

292 2364 424 2393 mentum‚
444 2361 491 2387 sed
509 2368 601 2387 omnes
615 2362 640 2387 in
653 2362 690 2387 eis
703 2362 864 2388 confidentes
878 2362 934 2388 red-

292 2404 358 2429 dunt
376 2404 476 2431 debiles
495 2411 520 2431 et
539 2406 655 2432 infirmos
673 2409 699 2432 et
718 2406 752 2432 ad
770 2413 850 2432 omne
866 2414 934 2439 opus

292 2447 392 2474 bonum
422 2449 523 2481 ineptos
548 2449 609 2476 ibid.
628 2465 663 2468 —
682 2458 766 2476 vanus
794 2454 846 2483 est,
871 2452 932 2484 quia

292 2498 344 2517 non
358 2492 466 2523 praebet
479 2494 590 2519 fructum
604 2494 732 2525 diligenti,
746 2495 791 2521 sed
805 2496 931 2521 damnum

291 2534 327 2561 ib.
347 2535 362 2560 9
382 2549 415 2554 —-
435 2537 548 2568 Sperans
566 2538 593 2562 in
612 2539 711 2564 mundo
724 2540 856 2565 evanescit
869 2539 902 2566 ib.
917 2540 932 2565 6

292 2592 328 2598 -—-
347 2586 416 2604 vane
436 2581 532 2611 gaudet
552 2581 603 2606 462
624 2582 651 2607 31

346 2638 381 2641 -—
403 2624 524 2655 praeterit
550 2627 673 2656 tanquam
699 2625 793 2651 umbra
819 2630 932 2652 mentem

294 2666 476 2698 obscurando,
496 2675 543 2693 suo
562 2669 669 2693 transitu
685 2672 798 2694 mentem
812 2676 932 2695 amoven-

293 2712 341 2743 do,
360 2711 540 2737 tribulationes
559 2712 652 2737 multas
669 2713 820 2738 sustinendo
835 2713 867 2738 Vl
884 2713 933 2738 440

293 2763 318 2781 v.
340 2757 354 2780 9
376 2770 408 2774 -—-
429 2757 551 2787 praeterit
571 2758 695 2788 tanquam
716 2756 772 2781 avis
797 2757 822 2782 in
846 2764 935 2788 super-

292 2799 363 2826 biam
384 2804 409 2826 et
422 2800 555 2826 lasciviam
568 2800 704 2826 exaltando
718 2799 750 2826 ib.
765 2801 793 2825 11
811 2814 846 2819 -
859 2808 933 2832 prae-

293 2843 351 2868 terit
377 2846 500 2876 tanquam
526 2843 619 2875 sagitta
644 2850 689 2868 cor
713 2843 821 2869 letaliter
845 2844 934 2869 vulne-

291 2887 374 2913 raudo
394 2886 425 2913 ib.
448 2888 479 2913 12
499 2902 532 2906 —-
554 2888 656 2918 u‘anait,
677 2891 754 2920 prout
773 2891 812 2913 est
830 2888 933 2913 occasio

293 2931 435 2962 voluptatis
455 2932 487 2956 29
506 2939 532 2964 q.
553 2933 577 2957 2.
597 2931 625 2957 2·

346 2989 381 2993 -
400 2975 527 3006 figuratur
545 2976 571 3001 in
588 2976 647 3001 luna
662 2976 703 3002 Vll
719 2976 769 3002 473
784 2977 799 3001 5
813 2991 848 2996 -
860 2984 934 3009 prac-

293 3025 353 3044 sens
378 3021 416 3044 est
441 3019 521 3051 quasi*
542 3026 614 3045 mare
638 3020 667 3045 Vl
689 3020 739 3045 497
760 3028 787 3046 v.
805 3021 821 3046 5
843 3035 874 3040 -—
895 3025 933 3047 est

291 3069 404 3094 regnum
424 3063 538 3088 divisum
559 3064 610 3088 644
632 3064 641 3089 4
660 3078 694 3083 —
709 3065 872 3096 significatur
886 3073 933 3098 pcr

293 3107 442 3138 castellum,
462 3107 534 3140 quod
553 3110 592 3133 est
604 3111 694 3133 eontra
708 3109 850 3140 discipulos
863 3109 933 3136 Chri-

293 3151 324 3176 sti
346 3150 387 3176 Vll
410 3150 458 3175 488
480 3150 513 3177 45

348 3208 381 3212 ——
401 3195 426 3219 ln
447 3195 577 3220 mundum
597 3196 668 3221 missi
688 3200 748 3221 sunt
766 3196 885 3228 discipuli
899 3198 932 3224 ad

295 3238 501 3269 praedicandum
523 3240 564 3265 Vll
585 3239 635 3265 488
657 3239 690 3266 45
703 3253 737 3259 ——
751 3241 881 3272 Sapientia
895 3248 933 3267 sa-

294 3282 366 3307 navit
391 3282 530 3314 mundum,
548 3283 635 3315 ipsum
655 3290 669 3309 a
690 3284 764 3310 malis
778 3285 933 3311 ‘hominibus

293 3326 433 3357 purgando
453 3327 484 3352 Vl
505 3327 554 3352 472
574 3334 600 3353 v.
621 3327 635 3353 4
654 3341 690 3348 —
709 3328 735 3353 ln
755 3328 856 3354 mundo
881 3336 933 3355 non

294 3372 332 3394 est
350 3376 462 3401 regnum
481 3370 573 3397 Christi
594 3371 644 3397 488
665 3372 706 3398 64.
727 3372 778 3398 489
798 3373 832 3399 67

1161 244 1275 277 INDEX
1299 244 1427 278 RERUM

1026 345 1061 352 —
1080 332 1131 365 Qui
1150 333 1293 358 adhaerent
1318 333 1418 359 mundo
1441 340 1549 360 necesse
1572 336 1615 360 ha-

974 376 1036 402 bent
1061 376 1172 402 circuire
1197 377 1253 401 sine
1276 376 1363 409 quiete
1387 378 1419 403 Vl
1440 377 1454 403 4
1475 379 1489 403 8
1509 393 1545 397 -
1562 386 1615 404 non

973 423 1059 452 potest
1077 421 1141 446 dare
1159 420 1290 452 quietem,
1310 421 1370 453 quia
1384 428 1432 447 nec
1444 422 1501 454 ipse
1514 429 1615 454 perma-

973 467 1029 495 net,
1049 464 1131 489 immo
1147 471 1253 495 semper
1266 464 1357 490 circuit
1369 464 1430 491 ibid.
1443 481 1479 485 —
1491 466 1614 492 Mundani

974 515 1025 534 non
1046 507 1142 533 habent
1159 507 1257 533 bonam
1276 510 1460 535 conscientiam
1480 511 1531 536 583
1551 511 1566 535 9
1580 524 1614 529 --

973 552 1018 578 dat
1037 559 1130 583 pacem
1151 552 1294 585 carnaliter,
1314 555 1491 586 temporaliter
1511 558 1535 580 et
1548 557 1614 580 exte·

974 596 1028 621 rius
1048 596 1098 621 444
1119 596 1147 621 41

1027 654 1061 658 --
1080 640 1195 666 Lucrans
1220 641 1348 667 mundum
1374 643 1461 674 perdit
1485 643 1568 668 Deum
1588 645 1614 668 et

974 684 1060 716 perdit
1078 691 1106 709 se
1126 684 1211 716 ipsum
1232 685 1265 711 Vl
1286 686 1300 711 4
1313 687 1328 711 9
1343 700 1378 706 —
1390 687 1475 713 Homo
1487 687 1614 713 lucrando

975 728 1102 758 mundum
1130 729 1226 760 patitur
1245 731 1348 756 animae
1373 731 1560 757 detrimentum
1580 730 1613 757 ib.

976 773 1007 797 10
1027 786 1062 791 -
1081 773 1155 805 Quae
1173 777 1233 799 sunt
1252 775 1277 799 in
1303 776 1402 801 mundo
1426 783 1478 802 non
1504 778 1614 808 possunt

974 823 1067 842 nocere
1086 817 1124 841 eis
1142 817 1186 849 qui
1206 821 1266 843 sunt
1278 822 1347 844 extra
1361 820 1490 846 mundum
1504 821 1547 846 Vll
1562 820 1613 845 526

976 861 1008 885 15
1032 874 1068 879 -
1092 861 1181 886 Mundi
1208 863 1417 894 concupiscentia
1446 865 1506 896 plus
1533 870 1613 897 quam

974 903 1117 929 substantia
1136 908 1213 930 nocet
1233 905 1282 931 464
1304 907 1336 932 43

1027 962 1061 965 —
1080 950 1119 973 est
1138 949 1213 981 quasi
1231 950 1339 982 quidam
1359 953 1451 978 anulus
1471 952 1547 978 datus
1561 952 1614 977 ani-

974 998 1033 1017 mae
1052 998 1067 1016 a
1086 999 1197 1023 sponso,
1217 993 1364 1025 diligendus
1383 1002 1474 1022 amore
1496 999 1568 1022 casto
1586 996 1614 1021 in

974 1036 1128 1061 memoriam
1148 1037 1236 1068 sponsi
1252 1041 1278 1063 et
1291 1042 1397 1070 propter
1410 1040 1466 1065 eius
1479 1048 1597 1066 amorem
1606 1060 1612 1072 ,

973 1087 1027 1105 non
1052 1081 1198 1106 adulterino
1224 1082 1283 1113 plus
1308 1090 1387 1115 quam
1412 1091 1525 1115 sponsus
1546 1086 1577 1111 Vl
1597 1085 1613 1110 6

973 1132 998 1158 q.
1021 1125 1030 1150 4
1056 1138 1090 1144 -
1110 1132 1164 1150 non
1182 1128 1221 1151 est
1240 1128 1447 1153 contemnendus
1460 1132 1488 1154 ut
1501 1136 1613 1160 parvum

973 1172 998 1194 et
1016 1169 1067 1194 vile
1086 1169 1186 1195 donum
1207 1170 1266 1200 Dei,
1285 1170 1332 1195 sed
1351 1174 1389 1196 est
1408 1172 1483 1203 quasi
1500 1173 1563 1198 nihil
1576 1181 1614 1199 re-

972 1214 1105 1245 putandus
1133 1214 1332 1246 comparatione
1359 1215 1457 1240 amoris
1482 1216 1528 1241 Dei
1552 1216 1613 1242 ibid.

972 1273 1007 1277 —
1025 1261 1065 1284 est
1089 1259 1298 1284 contemnendus
1323 1258 1357 1285 ib.
1380 1260 1394 1284 f.
1417 1259 1445 1289 4,
1465 1260 1480 1284 2
1499 1273 1535 1279 —
1553 1267 1615 1286 con-

972 1302 1128 1328 temnendus
1154 1305 1193 1328 est
1216 1303 1363 1329 secundum
1390 1303 1438 1328 tria
1458 1304 1482 1329 in
1502 1310 1533 1329 eo
1553 1310 1615 1329 con-

957 1350 1039 1372 tenta
1059 1347 1102 1372 Vll
1123 1347 1155 1372 48
1177 1347 1209 1372 16

1023 1405 1058 1409 —
1077 1392 1097 1416 A
1123 1392 1223 1417 mundo
1251 1392 1431 1418 recedendum
1460 1395 1499 1418 est
1526 1395 1552 1417 et
1580 1392 1614 1418 ad

972 1435 1054 1461 Deum
1083 1436 1354 1469 appropinquandum
1381 1437 1424 1463 Vll
1450 1437 1500 1462 122
1527 1437 1561 1462 35
1580 1451 1615 1455 -—

971 1480 1166 1512 Relinquendae
1184 1484 1247 1506 sunt
1264 1481 1414 1507 mundanae
1427 1481 1615 1514 prosperitates

971 1523 1004 1549 Vl
1023 1524 1069 1548 611
1095 1532 1121 1550 ν.
1141 1525 1173 1550 33
1195 1539 1228 1543 —-—
1248 1526 1408 1552 Perversitas
1426 1526 1559 1552 mundana
1575 1529 1614 1552 est

970 1568 1104 1599 arguenda
1123 1568 1158 1595 ib.
1178 1577 1202 1594 v.
1225 1570 1252 1594 44
1276 1583 1311 1589 -
1324 1570 1450 1596 Mundum
1464 1571 1613 1603 relinquere

971 1611 1100 1637 debemus
1119 1613 1169 1637 606
1183 1620 1210 1638 v.
1221 1613 1238 1637 7
1252 1628 1286 1632 —
1299 1614 1426 1639 Mundum
1445 1618 1613 1640 contemnere

972 1662 1019 1680 nos
1045 1655 1134 1681 docuit
1161 1656 1279 1682 Christus
1298 1658 1464 1689 spiritualiter
1482 1659 1612 1690 vivendo,

972 1699 1019 1724 sed
1047 1699 1176 1724 mundum
1202 1707 1329 1732 quaerere
1353 1701 1443 1726 docuit
1467 1702 1551 1727 Adam
1577 1702 1614 1727 vi-

973 1743 1060 1767 vendo
1086 1743 1222 1768 carnaliter
1250 1744 1296 1768 604
1321 1751 1347 1770 v.
1374 1745 1407 1770 15
1426 1759 1460 1763 -
1480 1745 1612 1770 Debemus

973 1787 1056 1812 Deum
1071 1787 1166 1812 imitari
1180 1787 1203 1812 in
1217 1788 1367 1819 superando
1381 1788 1510 1814 mundum
1530 1789 1576 1814 551
1596 1789 1612 1814 5

972 1845 1006 1849 -
1025 1830 1102 1856 Filius
1116 1831 1162 1856 Dei
1180 1830 1259 1857 debet
1277 1832 1383 1857 vincere
1402 1832 1530 1858 mundum
1551 1832 1611 1858 ibid.

1006 1889 1059 1896 .—
1078 1875 1204 1901 Mundum
1226 1876 1310 1907 magis
1334 1876 1440 1908 expedit
1464 1876 1612 1909 relinquere

970 1925 1051 1952 quam
1070 1920 1181 1952 relinqui
1197 1920 1239 1946 Vll
1254 1920 1305 1946 465
1320 1920 1353 1946 47
1367 1934 1401 1940 —-
1415 1921 1539 1947 Mundum
1554 1928 1613 1947 con-

971 1966 1115 1989 temnentes
1133 1964 1188 1990 Dco
1206 1965 1310 1997 placent
1330 1965 1361 1991 Vl
1375 1965 1426 1990 598
1439 1973 1466 1991 v.
1481 1965 1495 1991 4
1508 1980 1543 1984 —
1557 1972 1614 1992 cru-

970 2008 1116 2040 cifigendus
1134 2012 1174 2034 est
1192 2012 1220 2035 ut
1239 2009 1303 2035 latro
1322 2010 1425 2036 sinister
1444 2010 1487 2036 Vll
1507 2010 1558 2036 576
1578 2010 1612 2036 40

969 2065 1005 2071 -
1024 2052 1218 2085 crucifigendus
1237 2057 1275 2080 est
1293 2061 1341 2086 per
1359 2057 1541 2086 paupertatem
1560 2055 1613 2087 spi-

970 2097 1035 2122 ritus
1054 2096 1115 2123 ibid.

1024 2155 1058 2159 —-
1078 2142 1106 2166 ln
1121 2142 1222 2168 mundo
1236 2145 1356 2169 manetur
1368 2150 1417 2175 per
1430 2151 1540 2175 pravam
1554 2151 1613 2171 con·

971 2185 1137 2211 suetudinem
1157 2186 1190 2211 Vl
1211 2186 1260 2212 453
1281 2187 1315 2212 32
1334 2201 1369 2206 -
1388 2188 1414 2213 ln
1439 2189 1540 2215 mundo
1562 2196 1615 2215 ser-

971 2231 1064 2254 vantur
1083 2230 1128 2261 qui
1148 2237 1200 2255 non
1219 2234 1406 2257 convertuntur
1424 2232 1458 2257 ad
1482 2233 1612 2259 mundum

971 2278 1018 2303 per
1036 2279 1153 2299 amorem
1174 2274 1224 2299 473
1245 2275 1278 2300 28
1297 2288 1333 2294 —
1350 2282 1476 2307 praesens
1492 2279 1532 2302 est
1545 2280 1613 2302 terra

971 2316 1138 2343 morientium
1161 2318 1205 2342 444
1228 2325 1244 2343 a

1024 2375 1059 2380 —
1078 2362 1170 2393 plenus
1190 2365 1234 2387 est
1252 2362 1389 2395 iniquitate
1408 2363 1441 2389 Vl
1462 2364 1513 2389 435
1532 2371 1559 2389 v.
1579 2364 1611 2389 44

970 2419 1006 2425 —
1025 2408 1106 2431 tentat
1129 2408 1174 2431 aut
1199 2413 1246 2438 per
1272 2407 1481 2438 fraudulentiam,
1501 2410 1546 2433 aut
1564 2414 1612 2440 per

971 2450 1119 2476 violentiam
1141 2450 1191 2476 475
1211 2458 1238 2476 v.
1259 2451 1290 2476 44
1313 2465 1344 2470 ——
1363 2452 1489 2483 pertrahit
1508 2452 1542 2478 ad
1555 2459 1613 2484 per-

971 2502 1075 2520 versam
1100 2495 1263 2521 affectionem
1290 2495 1340 2521 473
1361 2496 1394 2522 27
1413 2510 1448 2516 -
1467 2497 1613 2529 praetendit

970 2539 1147 2571 altitudinem,
1177 2540 1357 2573 dulcedinem,
1382 2541 1562 2567 sufficientiam
1586 2545 1612 2568 et

970 2584 1124 2615 sapientiam
1138 2588 1163 2610 et
1177 2592 1223 2616 per
1237 2586 1300 2611 hacc
1313 2585 1390 2617 erigit
1402 2586 1437 2611 ad
1450 2585 1611 2618 superbiam,

971 2627 1114 2654 inflammat
1133 2629 1167 2654 ad
1186 2629 1329 2660 luxuriam,
1352 2630 1430 2656 trahit
1453 2630 1486 2656 ad
1512 2631 1611 2662 cupidi-

971 2673 1049 2696 tatem
1074 2675 1099 2697 et
1124 2673 1201 2698 allicit
1225 2673 1258 2698 ad
1282 2674 1460 2700 curiositatem
1488 2674 1502 2699 4
1524 2675 1556 2699 40
1575 2689 1610 2693 -

970 2716 1040 2737 amat
1062 2714 1194 2744 privatum
1214 2714 1313 2740 bonum
1334 2717 1375 2742 Vll
1395 2716 1446 2741 500
1466 2716 1500 2742 74
1520 2730 1553 2735 -
1573 2717 1611 2743 Ci-

970 2755 1021 2781 bus
1041 2757 1131 2782 mundi
1151 2761 1210 2782 sunt
1228 2758 1335 2784 divitiae
1354 2760 1387 2784 Vl
1407 2759 1457 2785 557
1477 2761 1487 2784 4
1505 2774 1540 2779 —
1553 2767 1611 2792 pro-

972 2799 1043 2830 pinat
1062 2800 1148 2825 avaris
1168 2801 1272 2827 divitias
1290 2802 1323 2827 ad
1342 2803 1502 2828 credentiam
1521 2803 1582 2829 ibid.

1024 2858 1058 2862 -—-
1078 2851 1129 2869 non
1150 2845 1279 2876 vituperat
1298 2852 1344 2871 eos
1361 2847 1407 2879 qui
1421 2846 1506 2878 ipsum
1519 2850 1545 2873 ct
1558 2848 1610 2879 glo-

971 2888 1036 2913 riam
1057 2888 1112 2914 eius
1133 2889 1245 2920 diligunt
1264 2889 1295 2915 Vl
1316 2889 1367 2915 340
1387 2891 1401 2915 8
1419 2903 1456 2909 ——
1474 2890 1528 2916 odit
1554 2891 1610 2917 illos

971 2932 1016 2964 qui
1035 2933 1186 2965 relinquunt
1221 2934 1368 2959 mundanas
1399 2935 1610 2960 conversationes

971 2976 1022 3002 453
1043 2978 1075 3002 32

1023 3036 1058 3040 -
1078 3021 1201 3047 Mundani
1220 3021 1287 3048 licite
1306 3024 1412 3047 utuntur
1437 3029 1506 3055 quae
1531 3023 1610 3054 possi-

971 3065 1048 3096 dent,
1067 3066 1087 3091 si
1108 3069 1194 3091 tamen
1215 3069 1302 3092 mente
1322 3066 1428 3092 tendant
1446 3067 1479 3092 ad
1505 3070 1609 3092 aeterna

971 3109 1013 3136 Vll
1033 3110 1084 3135 380
1104 3111 1137 3135 66
1158 3124 1190 3130 -
1211 3110 1257 3143 qui
1277 3109 1355 3136 habet
1374 3111 1506 3136 mundana
1531 3110 1610 3137 ebno-

970 3154 1027 3180 xius
1050 3158 1089 3180 est
1110 3154 1213 3180 Caesari
1233 3155 1279 3180 511
1305 3155 1337 3180 32
1358 3169 1391 3174 -
1412 3155 1533 3181 Mundani
1552 3162 1610 3187 pro·

971 3201 1028 3230 pter
1042 3199 1194 3231 temporalia
1212 3199 1354 3225 Dominum
1373 3199 1563 3226 obliviscuntur
1576 3199 1608 3225 Vl

971 3242 1022 3268 540
1043 3243 1058 3267 9

1022 3299 1058 3306 -
1076 3289 1115 3312 est
1133 3286 1254 3313 inimicus
1272 3287 1326 3313 Deo
1348 3287 1379 3313 Vl
1399 3288 1414 3312 6
1434 3295 1460 3320 q.
1481 3288 1491 3313 4
1517 3288 1556 3313 1.1
1575 3302 1609 3306 -

970 3330 1092 3356 Mundani
1117 3334 1177 3357 sunt
1200 3338 1280 3357 verae
1298 3331 1358 3357 tldei
1379 3331 1476 3358 inimici
1498 3332 1539 3358 vlt
1559 3332 1610 3358 225

971 3374 998 3400 31
1020 3388 1057 3394 -
1076 3381 1170 3401 caecus
1188 3381 1235 3407 per
1255 3375 1430 3401 infidelitatem
1450 3382 1502 3402 non
1515 3383 1611 3409 cogno-

1941 293 2009 319 MUT

1653 334 1701 360 scit
1719 341 1767 360 nec
1786 335 1880 368 accipit
1899 337 2025 368 Spiritum
2050 341 2167 364 sanctum
2187 339 2221 366 Vl
2242 340 2288 367 444

1653 379 1686 404 26
1707 393 1740 397 -
1759 386 1810 405 non
1830 381 1964 412 cognoscit
1982 382 2066 408 Deum
2086 386 2194 415 propter
2212 385 2293 411 caeci-

1654 425 1732 448 tatem
1751 423 1908 450 infldeljtatis
1927 425 1977 451 454
1992 425 2025 451 34
2038 439 2074 446 —
2086 434 2137 452 non
2151 434 2294 460 cognosce-

1652 465 1698 492 bat
1716 466 1901 494 sublimitatem
1922 469 2067 496 Divinitatis
2086 471 2136 496 253
2157 472 2185 497 31
2203 487 2239 491 -
2252 480 2295 499 ne·

1652 510 1700 536 scit
1719 511 1817 542 Deum,
1836 512 1897 545 quia
1916 513 1951 539 de
1969 514 2030 539 solis
2043 514 2183 540 mundanis
2197 516 2294 548 cogitat

1653 553 1703 579 540
1723 554 1738 579 9

1706 611 1740 617 —-
1759 599 1848 625 Mundi
1867 600 2004 627 infidelitas
2021 602 2140 634 arguitur
2158 609 2172 628 a
2193 603 2292 635 Spiritu

1651 644 1741 668 sancto
1760 643 1794 668 Vl
1814 643 1863 670 458
1885 645 1916 670 48
1933 659 1968 664 —
1981 645 2146 672 detinebatur
2159 653 2173 672 a
2186 647 2292 674 diabolo

1651 689 1760 718 propter
1777 691 1915 719 peccatum
1928 689 2087 716 infidelitatis
2100 689 2162 717 ibid.
2174 705 2210 709 —-
2222 691 2292 718 Mun-

1651 730 1686 756 do
1705 730 1786 757 dediti
1804 735 1866 758 sunt
1883 734 2013 760 excaecati
2033 734 2083 760 470
2104 735 2137 760 46

1703 787 1739 793 —
1758 774 1888 801 Christum
1909 777 2040 808 ignoravit
2059 782 2087 805 ut
2106 785 2213 810 caecus,
2233 779 2290 806 odi-

1653 818 1690 843 vit
1709 821 1736 844 ut
1755 819 1867 852 invidus,
1887 821 1981 847 occidit
1995 825 2023 848 ut
2035 823 2179 855 sacrilegus
2192 824 2224 849 Vl
2238 824 2289 849 570

1652 869 1677 887 v.
1705 862 1722 887 7
1749 876 1785 881 —
1810 864 1916 889 Amicus
1944 865 2022 891 huius
2050 867 2144 893 mundi
2172 867 2292 894 inimicus

1651 905 1745 931 Christi
1764 907 1928 932 constituitur
1952 907 2015 934 ibid.
2033 923 2068 928 —
2087 910 2218 937 Christum
2238 912 2292 938 odi-

1650 951 1689 975 vit
1710 950 1777 975 sicut
1799 950 1920 982 invidus,
1943 951 2124 984 adversarius,
2147 956 2207 981 mali
2230 963 2290 982 con-

1651 994 1722 1019 scius
1740 993 1803 1020 ibid.
1821 1008 1857 1013 —
1875 994 1959 1020 odivit
1985 995 2130 1027 Christum,
2156 999 2218 1030 quia
2237 1007 2290 1025 ma-

1651 1045 1720 1070 gnus
1738 1038 1910 1070 reputabatur
1929 1042 1954 1064 et
1973 1039 2035 1072 quia
2055 1039 2104 1071 ipsi
2127 1040 2174 1065 suit
2192 1045 2292 1067 contra-

1641 1082 1706 1108 vrius
1724 1082 1787 1109 ibid.
1806 1097 1841 1102 —
1860 1086 1930 1109 totus
1949 1083 2095 1109 coniuravit
2113 1086 2202 1110 contra
2221 1083 2293 1110 Chri-

1650 1131 1721 1153 stum
1740 1127 1783 1152 Vll
1804 1127 1856 1153 500
1875 1127 1909 1153 74
1939 1142 1973 1145 -
1998 1128 2141 1153 contemnit
2158 1127 2291 1154 Christum

1650 1170 1713 1197 ibid.

1704 1229 1739 1234 —
1758 1216 1813 1242 odit
1831 1215 1962 1241 Christum
1983 1216 2166 1242 inhonorando
2185 1216 2218 1242 Vl
2238 1216 2289 1242 340

1652 1260 1667 1284 8
1687 1273 1722 1278 -
1740 1260 1796 1285 odit
1814 1260 1945 1286 Christum
1965 1264 1990 1286 et
2003 1260 2124 1286 membra
2143 1261 2208 1292 eius,
2227 1261 2290 1294 quia

1652 1303 1701 1334 ipsi
1720 1310 1781 1328 cum
1808 1311 1839 1329 eo
1865 1304 2100 1331 disconveniebant
2119 1305 2170 1331 453
2191 1305 2239 1337 34,
2259 1305 2291 1330 33

1652 1360 1686 1364 --
1706 1349 1731 1371 et
1750 1347 1874 1373 mundani
1894 1348 2011 1374 odientes
2030 1348 2163 1375 Christum
2176 1356 2229 1375 non
2241 1355 2293 1374 ser·

1653 1392 1716 1415 vant
1734 1390 1791 1416 eius
1810 1391 1933 1417 mandata
1954 1392 2004 1417 442
2031 1393 2063 1418 33
2082 1406 2119 1412 -
2138 1395 2293 1425 persecutus

1652 1436 1691 1459 est
1718 1435 1856 1466 Apostolos
1884 1436 1909 1461 in
1938 1437 2004 1461 sacto
2033 1439 2058 1462 et
2085 1437 2242 1470 contempsit
2266 1437 2292 1463 in

1652 1479 1731 1504 corde
1759 1479 1808 1504 453
1838 1480 1871 1505 33
1890 1494 1925 1498 -
1944 1480 2067 1506 Mundani
2095 1484 2291 1515 persequuntur

1652 1522 1770 1549 membra
1790 1523 1883 1549 Christi
1902 1528 2011 1556 propter
2029 1528 2109 1556 caput
2127 1525 2190 1552 ibid.

1704 1568 1792 1593 Munus
1811 1582 1844 1586 ——
1864 1575 1878 1593 a
1898 1568 1967 1594 bona
1994 1569 2130 1595 voluntate
2158 1569 2291 1602 dependet

1651 1612 1693 1637 Vll
1713 1612 1759 1637 521
1785 1612 1799 1638 4
1819 1627 1854 1631 -
1874 1620 1925 1639 non
1943 1613 2124 1640 consideratur
2143 1614 2170 1639 in
2190 1621 2226 1647 se,
2245 1614 2293 1640 sed

1650 1663 1665 1681 a
1685 1657 1789 1682 fervore
1808 1657 1896 1683 cordis
1915 1657 1967 1683 522
1987 1659 2002 1683 6
2022 1671 2057 1677 -
2076 1661 2215 1684 excaecant
2233 1665 2292 1684 ocu-

1651 1700 1689 1725 los
1708 1701 1759 1725 259
1779 1701 1812 1725 20

1703 1743 1870 1769 ΜυιιΜυκΑτιο
1901 1757 1936 1762 -
1967 1745 2084 1770 Murmur
2108 1748 2147 1770 est
2174 1745 2293 1771 susurrio

1651 1785 1727 1811 verbi
1753 1786 1836 1811 dolosi
1866 1787 1910 1812 Vll
1939 1787 1990 1812 475
2011 1788 2043 1812 40
2062 1801 2098 1806 —
2128 1788 2292 1814 Murmurans

1650 1829 1726 1862 quasi
1752 1830 1816 1855 intra
1844 1830 1936 1856 dentes
1963 1837 2025 1856 suas
2050 1831 2211 1856 tumultuans
2235 1839 2289 1857 non

1650 1874 1719 1899 clare
1738 1875 1855 1900 enuntiat
1874 1874 1907 1900 Vl
1928 1875 1937 1899 4
1951 1875 1978 1900 45
1993 1882 2018 1900 v.
2034 1875 2066 1899 40
2079 1889 2115 1894 —
2128 1875 2292 1901 Murmurare

1650 1918 1744 1944 dicitur
1763 1926 1778 1944 a
1797 1919 1894 1950 mutio,
1924 1919 2016 1950 mutis,
2041 1919 2116 1952 quasi
2135 1919 2201 1945 velle
2219 1920 2291 1953 loqui

1649 1966 1675 1989 ot
1693 1970 1745 1989 uon
1765 1963 1863 1989 audere
1882 1963 1926 1989 Vll
1945 1964 1997 1989 382
2018 1963 2033 1989 4

1702 2021 1738 2026 -
1756 2007 1874 2034 Verbum
1894 2008 2040 2034 murmuris
2059 2010 2098 2034 est
2112 2009 2243 2034 occultum
2258 2009 2291 2035 Vl

1651 2052 1701 2078 115
1721 2059 1748 2077 v.
1768 2052 1796 2078 44
1820 2066 1855 2071 —
1874 2055 1913 2078 est
1931 2053 2032 2079 occulta
2051 2053 2177 2079 detractio
2191 2053 2241 2080 329
2256 2053 2290 2079 65

1650 2110 1684 2115 -
1704 2099 1743 2122 est
1761 2096 1907 2128 oblocutio,
1927 2104 1997 2130 quae
2015 2104 2064 2124 nec
2082 2098 2190 2124 omnino
2208 2098 2291 2130 expri-

1648 2140 1730 2166 mitur
1749 2147 1797 2167 nec
1816 2141 1925 2167 omnino
1943 2141 2067 2168 reticetur
2088 2143 2128 2168 Vll
2148 2143 2199 2168 382
2220 2142 2235 2168 4
2253 2155 2290 2161 -

1651 2185 1734 2210 oritur
1753 2192 1785 2210 ex
1810 2185 1970 2218 infirmitate,
1990 2193 2021 2212 ex
2040 2187 2187 2218 ignorantia
2205 2190 2230 2213 et
2248 2194 2289 2212 er-

1649 2236 1709 2254 rore
1727 2231 1753 2254 et
1771 2229 1849 2255 etiam
1869 2236 1900 2254 ex
1920 2230 2079 2261 malignitate
2098 2229 2160 2257 ibid.
2179 2245 2213 2250 ——
2226 2237 2289 2263 pro-

1649 2272 1720 2298 cedit
1738 2271 1771 2297 ab
1790 2279 1836 2297 ore
1855 2273 1971 2304 maligno
1991 2272 2052 2299 ibid.

1703 2329 1738 2334 —
1756 2315 1812 2341 sine
1837 2322 1921 2347 poena
1946 2323 1999 2342 non
2021 2317 2166 2344 remanebit
2185 2319 2289 2345 Vl-445

1650 2366 1676 2384 v.
1696 2360 1723 2384 4l
1747 2373 1783 2378 —
1802 2360 1918 2385 Murmur
1936 2363 1975 2385 est
1993 2361 2070 2386 valde
2089 2362 2226 2389 vitandum
2245 2363 2289 2389 Vll

1650 2403 1701 2429 475
1733 2403 1765 2428 10
1796 2417 1831 2422 -
1862 2404 1973 2429 multum
2005 2404 2124 2436 displicet
2157 2406 2211 2431 Deo
2241 2413 2289 2438 per

1649 2454 1754 2473 omnem
1770 2448 1879 2474 modum
1893 2447 1955 2474 ibid.
1967 2463 2002 2466 —
2015 2452 2053 2474 est
2073 2449 2211 2481 prohibita,
2224 2450 2286 2483 quia

1649 2492 1710 2518 nihil
1731 2493 1846 2524 prodest,
1865 2493 1913 2518 sed
1932 2492 2007 2518 obest
2027 2493 2058 2519 Vl
2079 2493 2129 2518 329
2149 2493 2183 2518 67
2197 2507 2231 2512 -
2243 2494 2283 2520 ni-

1649 2537 1683 2562 hil
1703 2537 1810 2569 prodest
1829 2540 1855 2563 et
1872 2540 1911 2563 est
1928 2537 2041 2563 Domino
2059 2536 2164 2563 odibilis
2178 2538 2221 2564 Vll
2235 2538 2286 2564 382

1649 2581 1664 2606 4
1683 2595 1718 2600 -
1737 2585 1826 2608 contra
1852 2582 1936 2607 Deum
1964 2581 2026 2606 nihil
2055 2581 2176 2613 prodest,
2205 2582 2287 2608 immo

1648 2627 1759 2652 multum
1787 2630 1863 2653 nocet
1892 2627 1924 2652 Vl
1952 2627 2002 2652 445
2032 2633 2058 2652 v.
2090 2626 2117 2650 44
2141 2639 2177 2645 —
2197 2625 2287 2652 Turba

1648 2669 1830 2696 murmurabat
1848 2671 1882 2697 de
1900 2670 2011 2701 Christo,
2032 2670 2093 2704 quia
2107 2670 2194 2702 palam
2214 2670 2286 2703 loqui

1647 2721 1701 2740 non
1718 2714 1834 2740 audebat
1853 2715 1903 2741 348
1924 2714 1957 2740 47

1701 2758 1802 2784 Musica
1821 2772 1856 2778 —
1875 2759 1944 2785 idem
1963 2762 2003 2785 est
2021 2766 2051 2785 ac
2069 2758 2285 2791 gazophylacium

1648 2802 1688 2827 vel
1707 2801 1821 2827 corbona
1842 2803 1885 2828 Vll
1905 2803 1956 2829 520
1978 2804 1987 2828 1
2011 2817 2047 2822 -
2066 2806 2105 2829 est
2125 2803 2229 2828 tertium
2247 2809 2286 2827 re-

1647 2845 1801 2876 positorium
1830 2846 1863 2871 Vt
1891 2846 1941 2872 359
1972 2847 2005 2873 26
2024 2862 2060 2866 -
2086 2850 2143 2873 erat
2166 2854 2241 2878 arca,
2261 2846 2286 2872 iu

1647 2896 1727 2921 quam
1748 2889 1885 2916 mittebant
1898 2891 2047 2918 sacerdotes
2059 2892 2199 2924 pecunias,
2218 2898 2286 2925 quae

1648 2933 1877 2964 congregabantur
1901 2935 1936 2961 ad
1961 2936 2121 2962 necessarios
2140 2943 2204 2961 usus
2223 2938 2285 2961 tem-

1647 2977 1682 3008 pli
1702 2975 1749 3002 Vls
1765 2977 1815 3003 520
1838 2978 1846 3003 4

1700 3021 1869 3048 ΜυτΑυιιιτΑε
1885 3036 1921 3042 -
1940 3026 1979 3049 est
1996 3024 2022 3049 in
2042 3023 2122 3050 rebus
2140 3023 2233 3049 creatis
2251 3022 2285 3048 Vl

1648 3064 1680 3090 34
1699 3072 1725 3098 q.
1745 3079 1780 3084 -
1798 3069 1837 3091 est
1855 3067 1968 3100 vanitas,
1988 3068 2030 3094 cui
2053 3067 2139 3094 omnis
2166 3069 2284 3093 creatura

1647 3112 1686 3134 est
1703 3108 1820 3136 subiecta
1839 3111 1855 3136 7
1874 3118 1898 3137 a.
1921 3113 1949 3137 11
1973 3119 1988 3138 a
2013 3127 2048 3131 -
2076 3115 2115 3139 est
2143 3112 2167 3137 in
2193 3113 2286 3137 natura

1646 3153 1804 3185 elementari,
1824 3155 1848 3181 in
1869 3155 1929 3181 aere
1947 3160 1973 3182 et
1990 3156 2016 3183 in
2036 3163 2103 3190 aqua
2118 3157 2151 3182 12
2165 3163 2192 3181 ν.
2212 3156 2226 3181 6
2246 3168 2281 3174 -

1634 3187 1686 3224 (est
1714 3198 1740 3224 in
1764 3199 1896 3226 existentia
1927 3203 2106 3227 creaturarum
2134 3199 2283 3226 secundum

1646 3242 1742 3275 duplex
1760 3237 1817 3269 esse
1845 3250 1936 3270 carum
1962 3245 1989 3270 44
2013 3244 2031 3270 b
2051 3258 2084 3263 —
2103 3245 2284 3271 consideratur

1648 3286 1671 3313 in
1691 3287 1771 3314 rebus
1789 3291 1917 3321 quantum
1937 3289 1970 3315 ad
1996 3289 2238 3315 transmutationem
2258 3290 2284 3313 et

1647 3335 1773 3364 quantum
1793 3333 1827 3359 ad
1845 3336 1950 3365 tempus
1969 3332 2030 3359 ibid.
2049 3347 2084 3352 -—-
2097 3334 2181 3359 Homo
2195 3340 2209 3358 a
2228 3338 2282 3358 mu-

1647 3375 1770 3403 tabilitate
1789 3377 1858 3404 nullo
1878 3377 1957 3404 modo
1977 3380 2062 3410 potest
2080 3378 2144 3410 eripi
2166 3378 2197 3404 12
2217 3384 2244 3403 v.
2266 3377 2281 3402 3
