2427 3872
306 260 372 294 744

590 300 649 327 acc

360 362 396 367 —-
416 347 532 379 gentium
552 345 713 377 significatur
732 343 841 369 muliere
854 342 947 367 amicta

307 393 362 419 sole
382 392 415 417 Vl
435 392 467 416 93
487 398 513 415 v.
534 391 549 415 2
568 404 602 408 -
622 388 684 414 Filia
703 388 765 413 Sion
778 389 817 412 est
836 386 948 412 Ecclesia

307 437 358 463 414
378 437 406 461 21
431 450 465 454 -
485 435 518 460 de
538 432 661 466 gentibus
675 433 835 464 congregata
854 430 948 462 figura-

306 485 348 507 tur
368 486 415 512 per
444 478 552 504 viduam
580 476 769 509 pauperculam
795 475 838 500 Vll
858 474 909 500 522
930 474 945 499 8

305 538 340 544 -
366 522 567 549 commendatur
594 522 620 546 in
648 520 729 546 vidua
753 518 815 545 ibid.
834 533 870 537 —
888 525 949 550 gen-

309 569 374 594 tium
395 567 428 593 ad
449 566 587 592 Christum
617 571 745 590 conversa
774 564 901 595 figuratur
923 562 948 587 in

306 611 380 638 Raab
400 611 449 637 474
470 611 486 636 7
512 624 547 628 -
572 609 691 641 gentium
719 607 872 639 designatur
900 613 948 638 per

307 657 455 682 Zachaeum
475 655 525 680 475
547 654 588 679 10.
608 653 660 679 476
682 653 709 678 11
727 659 804 677 -ex
824 650 946 683 gentibus

308 702 467 732 congregata
487 706 534 731 per
560 698 689 730 triplicem
718 702 848 722 annorum
878 701 949 720 sena-

307 745 376 770 rium
397 744 442 769 fuit
468 750 578 768 recurva
599 741 650 767 345
669 741 703 767 35
723 755 758 758 —
776 739 887 766 solvitur
905 739 948 764 die

308 788 415 815 Sabbati
435 787 496 813 ibid.
515 801 551 805 —
569 787 596 812 in
616 788 670 812 toto
689 784 754 811 orbe
772 784 865 810 diffusa
884 783 949 815 figu-

308 836 380 858 ratur
400 833 424 858 in
444 832 575 858 divisione
599 831 702 856 tunicae
728 828 822 855 Christi
844 828 867 853 in
886 834 949 860 qua-

309 880 368 903 tuor
387 879 475 909 partes
494 876 545 901 577
566 875 599 900 42
621 889 652 893 -
672 873 802 899 Ecclesiae
830 872 947 904 gentium

309 921 369 947 data
388 924 427 946 est
445 927 535 946 sacrae
554 919 704 951 Scripturae
718 918 794 949 plena
808 916 949 947 intelligen-

310 966 344 991 tia
365 966 396 990 Vl
423 965 456 989 93
485 972 511 989 v.
536 965 551 989 2
577 977 613 982 —
641 962 811 994 particulares
831 960 948 992 gentium

310 1015 497 1035 conversarum
517 1008 657 1040 deputatae
677 1008 736 1031 sunt
749 1004 886 1036 discipulis
905 1003 948 1028 Vll

313 1053 359 1079 491
384 1053 417 1078 52
436 1066 471 1072 -
490 1053 517 1077 111
537 1051 651 1077 Ecclesia
671 1050 789 1082 gentium
809 1048 950 1080 suscipitur

309 1096 427 1123 Christus
445 1099 546 1128 septem
566 1095 652 1120 modis
673 1090 722 1120 476
744 1093 771 1118 11

365 1154 400 1160 -
419 1140 554 1166 aedificata
581 1141 621 1164 est
649 1144 730 1169 super
758 1136 889 1163 Christum
918 1135 950 1160 Vl

311 1185 362 1211 263
383 1185 415 1209 80
435 1198 470 1203 -
491 1183 597 1209 fundata
617 1184 655 1208 est
683 1189 698 1207 a
727 1181 830 1207 Christo
850 1180 876 1205 in
896 1186 952 1212 per-

312 1231 377 1255 fecta
397 1228 458 1254 fidei
486 1228 575 1254 notitia
594 1227 637 1252 Vll
658 1226 710 1252 227
732 1226 765 1251 36
784 1239 821 1244 -
840 1225 950 1250 formata

311 1276 350 1298 est
368 1272 402 1298 de
420 1273 500 1297 latere
519 1270 613 1297 Christi
638 1269 792 1295 dormientis
820 1268 846 1293 in
874 1274 952 1293 cruce

311 1317 345 1342 Vl
365 1317 416 1342 502
436 1316 469 1341 60
489 1329 524 1334 -
544 1314 668 1340 fabricata
697 1313 744 1340 suit
763 1319 777 1337 a
797 1311 898 1338 Christo
918 1311 952 1337 ad

312 1361 424 1387 modum
437 1366 514 1385 arcae
533 1359 565 1385 de
584 1358 662 1390 lignis
675 1357 811 1389 laevigatis
824 1355 953 1381 bitumine

312 1405 425 1431 caritatis
452 1406 586 1430 contextae
616 1403 657 1427 Vll
688 1401 738 1427 440
769 1400 800 1426 46
822 1415 855 1418 —
874 1399 953 1425 habet

313 1449 454 1475 coenacula
473 1451 499 1473 et
521 1448 627 1479 tristega
656 1448 764 1478 propter
790 1445 953 1470 diversitates

313 1493 475 1523 officiorum,
495 1492 627 1524 graduum
649 1493 675 1516 et
698 1489 855 1521 dignitatum
874 1487 936 1515 ibid.

367 1551 402 1556 —
420 1537 537 1563 ordinata
559 1536 606 1562 suit
625 1536 649 1561 in
679 1535 732 1560 suis
760 1533 888 1566 gradibus
906 1540 953 1565 per

313 1582 406 1608 Christi
427 1581 606 1607 ascensionem
627 1580 668 1605 Vll
688 1579 740 1604 603
760 1578 794 1604 64
813 1591 848 1597 -
868 1578 953 1603 Eccle-

314 1628 367 1653 siae
386 1626 534 1657 longitudo,
554 1625 677 1655 altitudo,
697 1623 805 1649 latitudo
828 1622 877 1648 erit
894 1628 953 1647 con-

315 1674 445 1697 summata
474 1670 499 1695 in
528 1675 652 1695 mensura
677 1668 767 1693 aetatis
786 1666 954 1699 plenitudinis

315 1716 408 1743 Christi
429 1715 479 1740 440
501 1714 532 1739 46

367 1775 402 1778 -
430 1759 562 1790 duplicem
591 1757 670 1783 habet
697 1756 823 1789 parietem
849 1755 954 1781 coniun-

315 1807 386 1830 ctum
405 1811 452 1836 per
471 1803 584 1835 lapidem
612 1802 766 1834 angularem
788 1801 829 1825 Vll
850 1799 895 1825 481
920 1799 953 1824 25

313 1863 349 1868 -
368 1849 444 1874 lanua
464 1847 593 1873 Ecclesiae
606 1849 644 1871 est
655 1848 770 1877 potestas
788 1843 956 1870 sacerdotalis

317 1894 367 1919 128
387 1893 415 1918 61
441 1906 474 1910 -
502 1891 646 1917 Columnae
675 1889 804 1915 Ecclesiae
829 1891 891 1914 sunt
918 1895 956 1913 se-

314 1940 387 1970 ptem
408 1937 575 1962 Sacramenta
602 1933 663 1960 ibid.
683 1948 718 1951 —
739 1932 849 1965 Quando
878 1932 955 1957 ianua

317 1981 445 2007 Ecclesiae
463 1980 587 2011 impletur
606 1977 689 2004 turbis
709 1980 870 2002 terrenarum
890 1975 956 2001 solli-

316 2026 476 2054 citudinum,
497 2027 558 2049 tunc
576 2029 629 2048 non
658 2021 767 2054 praebet
794 2020 895 2046 aditum
923 2019 955 2045 ad

317 2071 401 2096 lesum
421 2067 482 2095 ibid.

372 2128 404 2132 —
425 2116 464 2138 est
486 2113 563 2138 vinea
589 2110 692 2137 Domini
717 2110 760 2135 Vll
788 2109 841 2135 504
870 2109 903 2134 12
922 2122 957 2127 —-

318 2159 401 2184 locata
420 2160 459 2183 est
477 2157 583 2187 colonis,
602 2163 616 2181 a
636 2154 734 2188 quibus
753 2154 865 2186 exigitur
893 2160 957 2185 pen-

318 2203 357 2229 sio
385 2201 446 2228 ibid.
471 2215 506 2221 —
531 2201 615 2227 coloni
640 2202 701 2226 sunt
728 2198 845 2231 episcopi
872 2201 897 2224 et
920 2204 958 2223 sa-

318 2248 438 2274 cerdotes
465 2245 526 2273 ibid.
545 2259 579 2264 —
599 2245 627 2270 ln
657 2251 721 2276 agro
748 2243 874 2270 Ecclesiae
904 2249 956 2268 cre-

318 2294 393 2318 scunt
412 2292 510 2317 tructus
523 2289 653 2316 bonorum
667 2295 778 2320 operum
788 2307 794 2319 ‚
807 2294 883 2313 rosae
897 2287 959 2312 Mar-

318 2339 421 2368 tyrum,
440 2336 488 2361 lilia
509 2334 650 2366 Virginum
675 2336 700 2358 et
718 2333 803 2358 violae
822 2331 960 2358 Confessu-

319 2387 377 2406 rum
399 2380 449 2405 447
469 2380 502 2404 60

373 2438 408 2443 —
427 2426 465 2449 est
494 2422 613 2448 membra
635 2424 660 2447 et
688 2428 785 2453 corpus
813 2420 907 2446 Christi
926 2419 959 2445 Vl

321 2469 371 2494 335
393 2469 425 2493 92
446 2467 474 2493 2*
492 2481 528 2486 -
548 2467 574 2491 111
595 2466 707 2492 Ecclesia
731 2465 877 2491 continetur
897 2471 960 2497 grex

320 2513 467 2538 dominicus
487 2512 537 2536 383
558 2512 572 2536 2
586 2525 621 2529 —-
634 2512 673 2536 est
690 2513 757 2541 rete,
778 2509 803 2534 in
823 2516 876 2542 quo
890 2516 958 2534 com-

320 2557 519 2590 prehenduntur
538 2555 627 2581 fideles
648 2555 694 2580 521
720 2555 753 2579 12
767 2568 802 2573 -
815 2556 960 2586 congregat

320 2601 439 2627 homines
452 2600 503 2626 567
519 2607 544 2624 v.
559 2600 591 2624 19
605 2614 639 2617 -
649 2602 688 2624 est
701 2598 870 2630 congregatio
884 2598 960 2623 iusto-

320 2652 380 2671 rum
401 2645 444 2670 Vll
464 2644 514 2669 399
544 2643 576 2668 44
596 2657 631 2661 —
651 2643 767 2675 Quatuor
794 2645 856 2667 sunt
878 2644 960 2667 status

321 2689 458 2715 hominum
487 2688 652 2713 existentium
681 2686 707 2711 in
736 2686 849 2711 Ecclesia
873 2685 907 2710 Vl
927 2686 955 2710 31

321 2740 347 2758 v.
369 2733 383 2758 8
403 2746 438 2751 —
458 2733 484 2757 ln
498 2732 610 2757 Ecclesia
630 2731 690 2756 mali
704 2732 765 2756 sunt
784 2729 905 2761 permixti
917 2729 962 2754 bo-

321 2777 361 2803 nis
374 2777 417 2801 Vll
432 2776 482 2801 142
502 2776 535 2801 33
552 2790 584 2793 -
598 2776 751 2800 Peccatores
763 2776 823 2799 sunt
842 2773 876 2799 de
889 2780 961 2805 prae-

313 2821 388 2847 senti
398 2820 510 2846 Ecclesia
523 2823 650 2852 quantum
664 2818 698 2844 ad
712 2824 851 2844 numerum
866 2818 897 2843 Vl
909 2817 960 2843 364

322 2865 356 2890 50
368 2879 403 2884 -
417 2871 540 2896 praesens
559 2863 642 2889 bonos
660 2863 737 2889 simul
750 2869 780 2888 ac
796 2862 879 2887 malos
892 2862 961 2887 colli—

322 2910 368 2942 git,
378 2909 490 2935 Ecclesia
503 2909 646 2934 electorum
665 2907 735 2933 solos
752 2906 837 2932 bonos
856 2906 902 2931 521
928 2906 961 2931 16

375 2968 410 2973 -
430 2953 469 2978 Ab
489 2953 586 2978 unitate
607 2952 735 2977 Ecclesiae
761 2953 897 2983 separatur
915 2950 961 2983 qui

322 3005 375 3024 non
395 3000 483 3023 manet
496 2997 521 3022 in
540 2996 642 3023 Christo
658 2996 690 3021 Vl
705 2995 755 3021 447
775 2995 792 3020 7
805 3008 840 3014 —
854 2995 891 3020 De
909 2994 962 3019 vite

322 3042 451 3068 Ecclesiae
470 3041 565 3067 tollitur
585 3041 686 3072 palmes
707 3039 802 3065 inutilis
820 3038 962 3071 aliquando

322 3093 370 3118 per
388 3086 506 3111 divinam
519 3084 745 3117 reprobationem,
759 3083 899 3116 aliquando
913 3089 962 3114 per

323 3130 633 3161 excommunicationem,
652 3128 794 3161 aliquando
814 3134 860 3159 per
878 3130 961 3152 aeter-

323 3181 384 3200 nam
403 3174 599 3199 damnationem
624 3172 674 3198 604
695 3180 722 3198 v.
741 3173 756 3197 2
775 3185 810 3191 -
835 3172 962 3202 Egressus

325 3218 359 3244 de
372 3218 482 3243 Ecclesia
497 3224 544 3250 per
557 3217 734 3243 infidelitatem
748 3216 832 3241 malus
845 3218 896 3246 est,
910 3221 963 3240 non

325 3269 390 3287 vero
409 3269 531 3294 egressus
549 3261 583 3287 ad
602 3261 732 3287 actionem
749 3261 800 3286 386
822 3260 855 3286 15
868 3273 902 3278 -
916 3260 963 3285 Re-

324 3305 400 3338 probi
421 3306 543 3332 scindunt
560 3309 615 3331 rete
634 3304 764 3331 Ecclesiae
782 3303 834 3330 524
854 3304 886 3329 26

377 3364 413 3369 -
437 3350 477 3375 Ad
505 3350 631 3375 unitatem
660 3348 788 3374 Ecclesiae
807 3348 963 3379 colliguntur

321 3401 415 3420 omnes
442 3394 628 3426 praedestinati
653 3394 686 3419 Vl
711 3393 761 3418 408
781 3392 815 3418 70
834 3406 869 3412 —-
895 3392 963 3418 colli-

1169 252 1283 285 lNDEX
1309 251 1437 284 RERUM

985 343 1062 374 gatur
1080 341 1108 366 in
1121 341 1214 367 ordine
1226 340 1357 372 potentiae
1372 342 1397 364 et
1410 338 1575 371 praelationis
1588 337 1622 362 96

985 392 1010 410 v.
1029 385 1046 410 7
1065 398 1101 405 —
1119 392 1171 410 non
1191 387 1291 410 tantum
1319 383 1399 409 habet
1425 383 1549 408 unitatem
1575 388 1623 413 per

985 436 1120 461 amorem,
1148 436 1242 454 verum
1270 428 1347 453 etiam
1377 422 1547 452 humilitatem
1575 431 1623 457 per

985 473 1172 505 gratitudinem
1186 476 1211 499 et
1229 473 1350 498 timorem
1364 471 1407 497 Vll
1422 471 1472 496 436
1493 470 1520 495 31
1538 483 1574 488 -
1587 470 1624 494 Ne

985 525 1033 550 per
1046 518 1237 544 contentionem
1248 515 1388 548 superbiae
1401 516 1568 546 rumperetur
1581 514 1624 539 Ec-

986 562 1079 587 clesiae
1098 562 1197 593 unitas,
1223 561 1351 586 Dominus
1376 559 1448 585 dedit
1473 558 1623 589 exemplum

985 606 1151 637 humilitatis,
1172 608 1200 631 ut
1212 604 1322 638 quilibet
1334 604 1406 629 alteri
1425 602 1578 629 subiiciatur
1592 602 1624 627 Vl

986 650 1037 676 429
1057 650 1091 676 25
1109 663 1145 669 -
1164 649 1292 675 Ecclesiae
1320 649 1404 674 unitas
1429 647 1574 673 continetur
1598 646 1625 671 in

986 695 1090 720 vinculo
1115 693 1229 720 caritatis
1248 693 1290 718 Vll
1310 692 1361 718 577
1391 691 1423 717 42
1442 705 1477 711 -
1496 690 1626 716 Ecclesiae

986 738 1070 764 unitas
1083 738 1109 763 in
1122 738 1183 768 tide,
1196 737 1359 763 consessione
1369 739 1394 761 et
1408 735 1566 767 praelatione
1579 741 1626 767 per

985 782 1176 808 contessionem
1188 781 1255 807 Petri
1265 780 1465 806 commendatur
1479 780 1529 804 226
1546 779 1578 804 33
1591 792 1626 798 -

985 828 1011 853 111
1020 827 1131 852 Ecclesia
1138 832 1275 858 nunquam
1283 825 1386 851 deficiet
1393 831 1455 849 vera
1462 824 1527 850 tides
1533 823 1583 848 227
1593 823 1626 848 34

1039 884 1073 889 -
1103 870 1231 895 Ecclesiae
1259 869 1345 894 unitas
1369 860 1626 894 commendatur'ab

986 915 1111 947 Apostolo
1133 914 1158 939 in
1179 914 1346 939 Sacramenta
1365 912 1440 944 panis
1459 912 1502 937 Vll
1522 911 1573 937 597
1593 911 1626 935 38

985 972 1021 978 —-
1039 958 1217 984 Ecclesiastica
1237 957 1322 983 unitas
1344 956 1494 987 intelligitur
1521 955 1627 980 nomine

987 1003 1064 1033 caeli,
1082 1002 1144 1035 quia
1159 1002 1228 1027 Deus
1242 1001 1265 1026 in
1286 1001 1341 1032 ipsa
1361 999 1460 1025 habitat
1478 1000 1530 1024 393
1547 999 1580 1024 30
1592 1012 1629 1018 —

988 1046 1027 1072 Ad
1057 1046 1162 1071 unitatis
1192 1045 1381 1071 ecclesiasticae
1413 1044 1545 1069 caritatem
1577 1049 1628 1068 non

988 1093 1074 1122 potest
1097 1090 1202 1115 introire
1226 1089 1273 1122 qui
1296 1096 1350 1114 non
1377 1090 1495 1119 acceptat.
1522 1088 1629 1113 affluen-

988 1135 1050 1161 tiam
1069 1134 1265 1160 misericordiae
1278 1133 1325 1159 Dei
1340 1132 1390 1158 400
1406 1132 1438 1157 47
1451 1146 1486 1150 -
1501 1131 1629 1157 Ecclesiae

990 1179 1074 1205 unitas
1100 1177 1249 1210 intelligitur
1271 1177 1297 1202 in
1322 1177 1425 1209 leproso
1450 1182 1570 1208 regresso
1595 1175 1629 1201 ad

990 1223 1086 1254 gratias
1105 1222 1222 1254 agendas
1248 1221 1299 1247 435
1324 1221 1352 1246 31
1376 1234 1411 1240 -
1430 1220 1478 1246 erit
1503 1220 1573 1246 unita
1598 1226 1629 1245 ex

990 1267 1090 1293 ludaeis
1112 1269 1137 1291 et
1156 1265 1277 1297 gentibus
1296 1265 1329 1290 Vl
1353 1264 1403 1290 387
1429 1264 1458 1290 21
1485 1277 1521 1283 --
1542 1264 1629 1289 Sacra-

990 1314 1075 1337 menta
1095 1310 1241 1336 secundum
1260 1309 1362 1342 aliquos
1380 1309 1468 1334 valent
1485 1308 1511 1333 in
1524 1308 1630 1334 caritate

991 1355 1119 1381 Ecclesiae
1135 1355 1186 1380 5l5
1204 1354 1237 1379 53

1044 1414 1077 1417 —
1098 1400 1163 1424 lntra
1177 1398 1377 1424 ecclesiasticam
1392 1397 1515 1423 unitatem
1530 1398 1629 1422 tantum

990 1444 1076 1470 sanari
1096 1446 1180 1475 potest
1201 1443 1244 1469 Vll
1259 1442 1309 1468 436
1329 1443 1358 1468 31
1382 1455 1418 1460 -
1436 1441 1486 1473 Qui
1506 1441 1572 1466 intra
1588 1441 1630 1465 Ec-

991 1488 1096 1514 clesiam
1109 1491 1169 1513 sunt
1182 1488 1314 1513 salvantur
1328 1493 1375 1519 per
1387 1493 1483 1519 aquam
1497 1488 1523 1511 et
1536 1484 1631 1516 baptis-

991 1540 1064 1559 mum
1085 1532 1136 1558 440
1157 1532 1188 1558 46
1202 1539 1238 1551 -“-
1257 1532 1307 1564 Qui
1329 1534 1399 1557 extra
1414 1530 1553 1556 Ecclesiam
1571 1531 1632 1555 sunt

991 1584 1037 1610 per
1056 1577 1132 1602 finale
1152 1576 1278 1602 iudicium
1291 1574 1485 1601 damnabuntur
1501 1573 1563 1600 ibid.
1579 1573 1625 1599 441

992 1622 1023 1647 48
1044 1636 1079 1640 -
1099 1622 1173 1647 Extra
1193 1620 1332 1647 Ecclesiam
1351 1619 1439 1645 nullus
1462 1619 1578 1644 salvatur
1598 1618 1630 1643 Vl

991 1667 1043 1692 335
1063 1667 1095 1691 92
1116 1665 1144 1691 2*
1157 1679 1192 1685 -
1205 1666 1280 1690 Extra
1299 1664 1440 1690 Ecclesiam
1459 1663 1532 1696 quod
1544 1665 1584 1689 est
1596 1662 1631 1688 ni-

991 1711 1024 1736 hil
1046 1713 1084 1736 est
1104 1709 1154 1735 114
1175 1717 1201 1735 v.
1220 1709 1236 1735 7

1047 1769 1080 1772 —
1100 1761 1147 1786 per
1160 1761 1251 1779 omnes
1263 1756 1346 1779 terras
1360 1753 1464 1779 dilatata
1480 1754 1519 1778 est
1533 1752 1564 1777 Vl
1580 1751 1631 1777 114

992 1807 1019 1825 v.
1031 1799 1047 1824 7
1061 1812 1095 1816 -
1114 1798 1171 1824 orbi
1191 1801 1319 1823 terrarum
1340 1799 1508 1828 comparatur
1524 1798 1631 1827 propter

992 1843 1033 1869 sui
1045 1843 1232 1873 dilatationem,
1245 1841 1440 1874 perfectionem,
1453 1839 1633 1872 stabilitatem,

993 1887 1217 1919 compressionem
1236 1889 1262 1912 et
1274 1885 1446 1917 attritionem,
1465 1886 1574 1916 propter
1588 1885 1634 1909 hu-

994 1931 1065 1957 mani
1085 1931 1189 1962 generis
1208 1930 1422 1956 sustentationem
1441 1932 1467 1954 et
1482 1927 1633 1953 vivificatio-

992 1982 1066 2006 nem,
1080 1978 1188 2007 propter
1201 1977 1322 2000 ornatum
1336 1974 1455 1999 omnium
1469 1973 1596 1999 virtutum
1609 1974 1635 1997 et

993 2020 1208 2052 productionem,
1224 2021 1332 2051 propter
1345 2018 1488 2050 sapientiae
1500 2016 1635 2043 doctrinae

993 2064 1113 2090 salutaris
1131 2063 1261 2095 originem
1280 2061 1342 2089 ibid.

1046 2122 1081 2128 —
1100 2108 1196 2140 accipit
1213 2107 1325 2140 gratiam
1344 2106 1379 2133 de
1391 2106 1553 2139 plenitudine
1565 2105 1636 2131 Chri-

994 2153 1027 2179 sti
1046 2153 1080 2178 Vl
1099 2153 1150 2179 538
1172 2153 1182 2177 1
1205 2166 1241 2171 —
1260 2151 1405 2184 gaudenter
1418 2150 1527 2182 suscipit
1545 2156 1636 2182 pecca-

994 2200 1078 2223 torem
1098 2197 1276 2229 poenitentem
1297 2196 1340 2221 Vll
1361 2195 1410 2221 173
1430 2195 1463 2220 32
1487 2208 1523 2214 -
1548 2195 1572 2219 111
1592 2195 1636 2220 Ec-

995 2242 1072 2268 clesia
1085 2241 1208 2267 vehimur
1221 2248 1268 2273 per
1282 2240 1393 2273 gratiam
1414 2239 1539 2265 virtutum
1554 2241 1579 2264 et
1592 2238 1637 2264 do-

983 2293 1090 2323 rnorum
1110 2286 1161 2312 272
1182 2285 1216 2310 64

1048 2345 1082 2350 -
1102 2330 1241 2355 Armatura
1259 2329 1401 2361 spiritualis
1420 2334 1557 2361 nunquam
1576 2327 1636 2353 dee-

996 2375 1028 2400 rit
1047 2375 1175 2400 Ecclesiae
1204 2374 1245 2398 Vll
1274 2373 1326 2399 555
1347 2372 1379 2398 49
1399 2386 1434 2391 —
1459 2371 1581 2398 Doctrina
1601 2371 1636 2397 ad

996 2419 1189 2445 defendendam
1215 2417 1355 2443 Ecclesiam
1380 2416 1555 2442 universalem
1579 2422 1638 2441 con-

996 2464 1091 2489 tinetur
1110 2463 1137 2488 111
1156 2462 1297 2494 Scripturis
1316 2460 1350 2487 ib.
1370 2461 1404 2486 50

1050 2522 1084 2526 -
1103 2507 1241 2533 abscondit
1262 2507 1419 2531 fermentum
1443 2504 1586 2530 dilectionis
1611 2503 1638 2529 in

997 2552 1094 2578 tarinae
1112 2555 1166 2578 sata
1184 2551 1231 2577 tria
1253 2551 1294 2576 Vll
1314 2550 1365 2576 348
1386 2549 1419 2575 44
1438 2563 1473 2568 -
1491 2550 1566 2575 offert
1584 2548 1638 2574 duo

997 2597 1108 2629 minuta,
1127 2596 1155 2622 id
1175 2598 1214 2621 est
1233 2595 1312 2620 tidem
1329 2597 1355 2619 et
1373 2594 1520 2624 caritatem,
1540 2593 1581 2618 vel
1596 2599 1638 2624 ge·

997 2641 1096 2666 minam
1115 2640 1211 2671 tidem,
1230 2640 1328 2665 scilicet
1346 2639 1379 2665 de
1398 2638 1537 2664 Divinitate
1555 2639 1581 2663 et
1593 2638 1639 2662 hu-

996 2685 1133 2715 manitate,
1152 2691 1199 2710 seu
1215 2684 1348 2715 geminam
1362 2683 1494 2708 caritatem
1508 2681 1559 2707 523
1574 2682 1588 2706 8
1604 2694 1638 2699 -—

997 2730 1072 2754 offert
1083 2730 1148 2754 haec
1162 2728 1260 2753 minuta
1273 2730 1380 2759 propter
1394 2726 1577 2757 humilitatem,
1590 2724 1638 2750 sed

998 2773 1052 2798 Deo
1072 2772 1184 2798 maxime
1202 2774 1309 2803 accepta
1328 2773 1389 2796 sunt
1407 2769 1470 2796 ibid.
1485 2778 1515 2788 -’
1530 2775 1637 2795 omnem

997 2817 1097 2843 victum
1115 2817 1143 2841 in
1162 2822 1272 2842 munera
1292 2815 1338 2840 Dei
1358 2814 1434 2840 mittit
1452 2812 1514 2840 ibid.

1051 2875 1086 2879 —
1107 2861 1134 2886 ln
1154 2860 1266 2886 Ecclesia
1286 2859 1427 2884 electorum
1446 2858 1515 2884 nulla
1534 2860 1573 2883 est
1588 2857 1638 2883 dis⁴

998 2905 1086 2931 sensio
1103 2905 1147 2930 Vll
1160 2904 1211 2929 399
1226 2902 1259 2929 44
1272 2917 1307 2922 -
1320 2903 1348 2928 111
1362 2902 1489 2928 Ecclesiae
1502 2902 1583 2928 domo
1596 2908 1639 2927 au-

998 2950 1069 2977 ditur
1087 2948 1244 2981 symphonia
1262 2950 1288 2973 01
1300 2948 1396 2973 chorus
1415 2953 1462 2978 per
1480 2946 1638 2972 concordem

998 2993 1121 3020 laetitiam
1141 2995 1269 3025 quantum
1287 2992 1321 3018 ad
1346 2991 1556 3017 conformitatem
1577 2990 1639 3016 inte-

998 3038 1095 3064 riorem
1117 3040 1142 3063 et
1164 3037 1320 3063 exteriorem
1344 3042 1465 3066 morum,
1490 3035 1637 3060 animorum

999 3085 1024 3108 et
1042 3088 1195 3109 sermonum
1215 3079 1278 3107 ibid.
1294 3093 1330 3099 —-
1348 3079 1489 3105 Harmonia
1509 3078 1638 3104 Ecclesiae

999 3126 1104 3152 auditur
1122 3125 1156 3151 ab
1182 3132 1213 3150 eo
1242 3124 1286 3157 qui
1305 3123 1502 3156 appropinquat
1521 3121 1583 3149 ibid.
1603 3136 1639 3142 —

1000 3170 1127 3196 Ecclesiae
1145 3169 1374 3201 appropinquatur
1393 3174 1440 3199 per
1453 3167 1639 3193 consideratio-

999 3222 1061 3241 nem
1081 3220 1172 3240 sacrae
1191 3213 1340 3245 Scripturas
1365 3211 1425 3238 ibid.
1445 3226 1480 3230 —-
1499 3211 1638 3237 concordia

999 3263 1025 3285 et
1037 3258 1172 3286 harmonia
1187 3258 1252 3283 intra
1270 3257 1327 3283 eius
1340 3255 1459 3282 membra
1478 3255 1583 3281 auditur
1603 3257 1639 3281 at·

999 3303 1132 3330 tendendo
1151 3302 1186 3328 ad
1204 3308 1306 3327 sacram
1325 3300 1486 3332 Scripturam
1506 3298 1566 3326 ibid.

1054 3361 1089 3366 —
1107 3349 1220 3380 quatuor
1239 3348 1300 3371 sunt
1317 3344 1475 3376 principales
1497 3343 1638 3369 tribulatio-

1001 3398 1060 3423 nes,
1079 3397 1145 3424 quas
1164 3396 1273 3422 passura
1293 3391 1347 3414 erat
1359 3391 1419 3420 post
1437 3387 1530 3414 Christi
1550 3394 1639 3413 ascen-

1946 290 2005 317 ECC

1659 336 1760 362 sionem
1779 336 1822 361 Vll
1837 336 1887 361 348
1901 335 1935 361 39
1948 348 1984 354 -
1996 334 2125 360 Ecclesiae
2140 335 2297 366 persecutio-

1659 388 1706 406 nes
1724 383 1751 406 et
1768 380 1949 405 tribulationes
1967 380 2069 405 suturae
2087 379 2232 411 figurantur
2250 386 2299 411 per

1660 432 1690 450 ea
1709 431 1778 457 quae
1796 427 1907 449 ventura
1926 426 1987 450 sunt
2004 423 2071 449 circa
2095 423 2299 449 destructionem

1660 469 1799 495 ierusalem
1819 468 1870 494 530
1891 469 1924 494 28
1944 482 1979 486 -
1998 467 2119 494 tribulata
2137 468 2187 494 erit
2205 467 2240 493 ab
2253 474 2300 493 an-

1661 514 1777 540 tichristo
1796 515 1822 538 et
1841 519 1856 538 a
1875 513 1930 538 suis
1948 512 2073 538 ministris
2091 511 2125 538 ib.
2146 513 2179 538 30
2194 526 2227 531 -
2240 518 2299 538 con-

1661 557 1806 584 culcabitur
1825 564 1840 582 a
1858 557 1910 583 sslio
1929 556 2083 589 perditionis
2102 556 2153 582 533
2173 556 2206 582 40

1714 615 1751 622 —·
1770 603 1818 627 Pro
1835 601 1947 627 Ecclesia
1959 601 2045 626 oravit
2057 600 2175 627 Christus
2193 606 2302 626 conver-

1662 654 1708 673 sus
1726 647 1761 672 ad
1779 647 1884 672 Petrum
1902 645 1944 671 Vll
1958 645 2010 671 552
2030 644 2063 670 43
2082 659 2118 663 -
2136 644 2203 670 Petri
2222 643 2302 670 debet

1662 692 1727 717 alias
1749 691 1906 717 confirmare
1924 690 1951 715 in
1969 689 2022 715 ssde
2040 688 2102 715 ibid.
2120 702 2156 708 —
2174 688 2255 720 Petri,
2274 688 2303 713 li-

1663 739 1703 762 cet
1715 735 1886 767 concutiatur,
1899 740 2037 766 nunquam
2056 734 2227 765 naufragatur
2239 731 2301 759 ibid.

1716 794 1752 800 -
1770 780 1854 811 Vitia,
1874 785 1943 812 quae
1962 778 2075 804 maxime
2094 777 2235 803 Ecclesiam
2255 777 2301 803 Dei

1664 826 1850 856 corrumpunt,
1875 825 1936 849 sunt
1954 821 2062 848 ambitio
2091 821 2248 854 dignitatum
2277 823 2303 847 et

1663 868 1821 901 negligentia
1840 867 1929 893 salutis
1940 866 2123 899 proximorum
2140 866 2183 891 Vll
2204 865 2255 891 458
2269 866 2303 891 28

1716 926 1753 932 --
1778 913 1935 938 lamentatur
1968 910 2019 936 sub
2047 917 2158 942 persona
2189 902 2304 935 Marthae

1664 956 1809 983 absentiam
1838 955 1935 981 medici
1962 958 1988 980 et
2015 957 2126 980 mortem
2155 953 2252 979 infirmi
2270 953 2304 979 Vl

1666 1001 1717 1026 588
1736 1008 1763 1026 v.
1783 1001 1812 1025 2t
2216 989 2222 993 ’

1718 1059 1754 1064 --
1771 1045 1810 1070 De
1830 1044 1922 1070 loculis
1950 1043 2079 1069 Ecclesiae
2097 1043 2157 1068 licet
2183 1041 2307 1074 praelatis

1665 1096 1754 1115 emere
1783 1095 1852 1121 quae
1879 1087 2025 1114 neceffiaria
2053 1090 2130 1118 sunt,
2158 1089 2184 1113 et
2205 1086 2306 1119 reliqua

1665 1133 1764 1159 debent
1790 1133 1855 1159 dare
1882 1132 1973 1164 egenis
2001 1132 2033 1157 Vl
2054 1131 2105 1157 430
2127 1131 2160 1157 36
2180 1145 2216 1150 -
2234 1131 2306 1156 Βο113

1665 1178 1795 1205 Ecclesiae
1813 1177 1895 1209 gratis
1912 1177 1999 1203 danda
2019 1176 2070 1202 274
2090 1177 2124 1202 25

1720 1237 1753 1241 -
1782 1225 1821 1248 est
1847 1222 1920 1248 locus
1948 1220 2080 1252 orationis,
2109 1226 2157 1246 nec
2176 1219 2246 1245 aliud
2268 1218 2304 1245 ibi

1668 1267 1816 1293 faciendum
1834 1266 1869 1291 Vl
1888 1265 1939 1291 274
1959 1265 1992 1291 23
2013 1278 2047 1283 -
2066 1265 2132 1290 sacta
2151 1267 2190 1290 est
2208 1263 2306 1295 praeci-

1667 1319 1719 1344 pue
1737 1311 1771 1337 ad
1799 1309 1978 1336 invocandum
1997 1316 2095 1334 nomen
2122 1308 2168 1334 Dei
2191 1308 2235 1334 Vll
2255 1307 2307 1333 499

1666 1356 1696 1382 71
1719 1369 1755 1375 --
1773 1356 1800 1381 ln
1819 1355 1875 1386 ipsa
1895 1354 1965 1379 Deus
1983 1356 2073 1379 oratur
2091 1355 2117 1378 et
2135 1352 2268 1382 adoratur,
2281 1354 2307 1377 et

1667 1400 1790 1432 impletur
1799 1398 1958 1431 principium
1969 1399 2170 1429 praeceptorum
2183 1396 2308 1428 legalium

1667 1444 1729 1471 ibid.
1741 1445 1817 1469 —ln
1837 1443 1934 1474 templo
1951 1441 2076 1467 ecclesiae
2094 1440 2192 1466 subditi
2210 1439 2308 1466 debent

1667 1489 1778 1515 adorare
1796 1487 1914 1513 divinam
1932 1485 2090 1519 potentiam,
2108 1485 2215 1511 laudare
2238 1483 2306 1510 divi-

1666 1540 1727 1558 nam
1738 1531 1901 1564 sapientiam,
1913 1531 2007 1557 ofl‘erre
2023 1529 2172 1556 confitendo
2187 1528 2306 1555 divinam

1667 1577 1846 1609 clementiam;
1859 1576 1901 1601 vel
1917 1574 2014 1601 debent
2026 1574 2137 1600 adorare
2149 1573 2243 1606 corde,
2256 1573 2310 1598 lau·

1668 1622 1732 1648 dare
1751 1628 1809 1652 ore,
1837 1621 1930 1646 offerre
1957 1626 2038 1651 opere
2066 1618 2098 1644 Vl
2119 1618 2170 1644 549
2190 1618 2206 1642 8
2225 1631 2261 1637 —
2280 1617 2308 1642 ln

1668 1666 1809 1692 Ecclesiam
1827 1672 1889 1691 cum
1908 1664 2001 1690 timore
2014 1664 2095 1689 homo
2114 1662 2217 1695 ingredi
2230 1660 2311 1688 debet

1669 1711 1703 1737 Vl
1723 1709 1756 1736 42
1775 1717 1802 1735 ν.
1823 1709 1856 1734 17

1723 1768 1758 1773 -
1778 1753 1915 1779 dedicatur
1933 1755 1959 1778 et
1977 1751 2152 1778 sanctificatur
2170 1757 2219 1783 per
2237 1749 2311 1776 Chri—

1669 1799 1700 1825 sti
1719 1797 1893 1830 praesentiam
1913 1797 1956 1822 Vll
1970 1796 2022 1822 477
2043 1796 2075 1821 13
2095 1809 2131 1815 -
2150 1795 2262 1820 maxima
2275 1794 2311 1819 in-

1670 1842 1736 1868 iuria
1749 1845 1800 1873 est,
1813 1849 1874 1867 cum
1888 1841 2090 1871 dehonestatur,
2109 1838 2156 1865 ubi
2175 1838 2254 1865 debet
2266 1839 2310 1864 ho-

1669 1886 1756 1912 norari
1782 1886 1832 1911 498
1856 1885 1890 1911 70
1909 1899 1946 1904 -
1964 1885 1992 1910 fit
2010 1884 2135 1916 spelunca
2163 1883 2310 1913 latronum,

1670 1931 1778 1964 quando
1789 1932 1879 1955 contra
1891 1930 2051 1955 voluntatem
2062 1927 2156 1955 Christi
2169 1929 2312 1953 contrecta-

1671 1978 1712 2001 tur
1731 1974 1919 2007 patrimonium
1944 1972 2065 2000 Crucitixi
2088 1971 2150 1998 ibid.
2170 1986 2205 1990 —
2225 1972 2313 1997 Sacer-

1671 2018 1777 2046 dotibus
1795 2021 1896 2050 spectat
1913 2025 1972 2043 eam
1992 2023 2107 2049 purgare
2126 2018 2151 2042 et
2170 2015 2197 2041 in
2220 2014 2313 2041 sancti-

1672 2066 1723 2090 tate
1750 2063 1883 2089 custodire
1911 2061 1971 2088 ibid
1991 2076 2026 2080 —
2050 2061 2188 2092 designant
2215 2059 2313 2085 domus

1672 2107 1820 2140 spirituales
1839 2106 1890 2132 476
1911 2106 1939 2131 11

1725 2153 1902 2178 Ecctasmsrss
1919 2163 1957 2169 —
1975 2149 2069 2175 dicitur
2091 2148 2258 2174 concionator
2277 2147 2311 2173 vt

1672 2198 1688 2223 9
1709 2204 1736 2223 v.
1759 2197 1783 2221 1.
1803 2195 1836 2221 17
1856 2202 1882 2220 v.
1903 2195 1934 2220 12
1953 2208 1989 2213 -
2007 2193 2054 2219 suit
2072 2200 2118 2219 rex
2139 2193 2215 2219 lsrael
2234 2192 2310 2217 inle-

1672 2241 1787 2267 rusalem
1806 2240 1822 2265 9
1841 2246 1869 2265 v.
1892 2239 1916 2264 1.
1936 2238 1969 2264 17
1993 2245 2020 2263 v.
2041 2238 2073 2263 12
2091 2250 2128 2257 -
2147 2236 2261 2262 maxime
2285 2236 2313 2261 in

1673 2285 1813 2311 ierusalem
1827 2282 1961 2309 habitabat
1979 2282 1995 2307 9
2015 2289 2041 2307 v.
2063 2282 2073 2307 1
2096 2295 2131 2300 -
2150 2281 2274 2306 Salomon
2287 2279 2315 2305 in

1674 2329 1828 2355 Ecclesiaste
1837 2334 1866 2353 se
1879 2327 1942 2353 dicit
1954 2333 2045 2359 regern
2059 2325 2198 2351 ierusalem
2214 2324 2245 2350 10
2259 2331 2285 2357 q.
2299 2323 2314 2349 4

1726 2386 1762 2392 —
1780 2373 1807 2398 ln
1826 2373 1884 2404 ipso
1904 2371 1950 2397 fuit
1963 2370 2089 2403 sapientia
2104 2372 2130 2395 et
2149 2369 2264 2401 potentia
2277 2367 2312 2393 Vl

1675 2417 1708 2443 17
1727 2424 1754 2442 v.
1774 2417 1807 2442 12
1826 2430 1861 2435 -
1876 2415 2030 2447 sapientiam
2044 2421 2120 2440 suam
2139 2420 2190 2439 non
2204 2412 2313 2438 abscon-

1674 2462 1724 2494 dit,
1743 2461 1791 2487 sed
1804 2460 1860 2486 aliis
1879 2460 2009 2485 enarravit
2021 2458 2054 2484 97
2074 2466 2100 2484 v.
2120 2458 2135 2483 9
2149 2471 2184 2477 -
2197 2464 2249 2483 11011
2268 2456 2315 2482 l'uit

1674 2505 1826 2538 negligens,
1845 2504 1892 2530 sed
1911 2503 2023 2535 diligens
2042 2501 2103 2528 ibid.

1728 2564 1763 2568 -
1781 2549 1807 2574 ln
1828 2548 1979 2574 Ecclesiaste
1998 2547 2121 2572 Salomon
2141 2544 2315 2571 introducitur

1675 2597 1704 2620 ut
1722 2595 1802 2620 homo
1822 2592 1927 2618 diversa
1946 2593 2068 2623 expertus
2087 2590 2120 2616 Vl
2146 2590 2179 2615 10
2198 2596 2224 2622 q.
2245 2589 2254 2614 1
2277 2602 2314 2608 -

1674 2645 1722 2664 sua
1740 2636 1859 2669 diligenti
1872 2635 2081 2662 consideratione
2093 2634 2223 2660 malorum
2236 2632 2315 2659 subli-

1675 2683 1791 2708 mitatem
1811 2680 1959 2706 considerat
1978 2679 2011 2704 67
2031 2686 2057 2704 v.
2077 2679 2093 2704 9

1727 2740 1762 2744 —-
1782 2726 1808 2751 ln
1827 2724 1979 2750 Ecclesiaste
2005 2723 2127 2749 Salomon
2153 2722 2179 2747 in
2203 2727 2314 2754 persona

1675 2777 1722 2796 sua
1741 2772 1769 2795 ut
1787 2769 1931 2801 plurimum
1950 2767 2065 2800 loquitur
2084 2767 2117 2792 Vl
2145 2766 2177 2791 10
2197 2773 2225 2799 q.
2245 2766 2254 2790 1
2278 2779 2314 2784 -

1675 2815 1798 2841 Salomon
1816 2813 1843 2838 in
1862 2812 2014 2838 Ecclesiaste
2026 2811 2142 2844 loquitur
2160 2809 2315 2842 proficienti-

1675 2858 1726 2885 bus
1745 2857 1779 2884 ib.
1798 2864 1824 2890 q.
1844 2858 1860 2882 2
1878 2870 1914 2876 -
1932 2856 2047 2889 loquitur
2065 2858 2156 2887 aperte
2169 2857 2194 2880 et
2207 2853 2315 2886 proprie

1675 2902 1736 2930 ibid.
1755 2916 1791 2921 —
1807 2901 1848 2926 vel
1873 2901 2041 2927 concionator
2066 2899 2174 2930 dicitur,
2199 2898 2262 2931 quia
2286 2897 2313 2923 in

1675 2946 1794 2980 personis
1818 2945 1933 2978 loquitur
1958 2944 2125 2970 diversorum
2144 2942 2179 2969 ib.
2199 2943 2214 2968 3
2233 2955 2269 2962 -
2287 2943 2314 2968 111

1676 2990 1828 3017 Ecclesiaste
1847 2989 1969 3015 diversae
1986 2988 2128 3014 sententiae
2146 2986 2315 3013 adducuntur

1675 3033 1822 3060 secundum
1851 3033 1969 3058 diversas
1996 3037 2140 3064 personas,
2168 3029 2314 3056 secundum

1675 3085 1742 3112 quas
1760 3077 1875 3110 loquitur
1895 3076 1927 3102 49
1946 3083 1973 3108 q.
1993 3076 2009 3101 2
2023 3089 2057 3093 —
2070 3075 2143 3100 aliter
2162 3073 2276 3107 loquitur
2289 3073 2315 3098 in

1675 3129 1787 3154 persona
1800 3120 1923 3153 carnatis,
1936 3120 2008 3146 aliter
2022 3119 2047 3145 in
2065 3125 2177 3151 persona
2190 3117 2316 3149 sapientis

1676 3166 1737 3193 ibid.
1749 3179 1786 3185 --
1798 3165 1914 3198 loquitur
1926 3163 2072 3190 secundum
2086 3161 2229 3188 carnalium
2242 3160 2316 3186 aesti-

1676 3210 1818 3237 mationem
1838 3209 1871 3234 26
1891 3216 1917 3241 q.
1936 3208 1951 3233 3

1728 3268 1763 3273 --
1781 3253 1897 3286 loquitur
1921 3255 1950 3278 ut
1974 3251 2141 3278 concionator
2164 3248 2316 3281 disputatio-

1676 3305 1736 3324 nem
1756 3304 1832 3323 suam
1850 3299 1989 3323 contexens
2009 3295 2041 3321 Vl
2062 3294 2095 3320 49
2114 3301 2142 3327 q.
2160 3294 2176 3319 2
2189 3306 2225 3312 -
2237 3298 2316 3325 quae-

1676 3342 1739 3368 dam
1767 3341 1830 3367 dicit
1856 3340 1891 3366 ad
1918 3347 2023 3370 omnes,
2052 3338 2183 3371 quaedam
2211 3336 2246 3362 ad
2272 3335 2315 3361 ali-

1676 3392 1745 3419 quos
1773 3384 1836 3411 ibid.
1866 3398 1902 3403 —
1933 3390 1976 3414 ea,
2005 3389 2073 3416 quae
2104 3381 2167 3408 dicit
2196 3387 2259 3407 vere
2290 3382 2316 3405 et
