2476 3921
1 426 45 455 Quid
53 425 80 448 sit
88 424 140 446 infe-

1 453 43 487 10110
55 453 134 480 leprae.

0 1275 26 1301 Oe
39 1273 129 1296 declina-

0 1302 44 1328 ³lone
59 1306 130 1331 perse-

0 1330 109 1355 lquenuum

42 1354 90 1375 duo.

1 1539 72 1566 Primo,
86 1545 133 1567 per-

0 1566 66 1589 ecutio
75 1566 131 1587 mali·

0 1605 2 1620 ,
15 1593 119 1620 guantium

0 1619 125 1642 describitur

0 1646 123 1674 *tripliciten

10 1752 39 1775 De
52 1752 127 1780 primo.

3 2444 20 2465 1ο
29 2445 126 2467 necundo.

749 164 941 197 COMMENT.
967 163 1002 196 lN
1027 163 1266 196 EVANGELIUM
1290 164 1408 196 LUCAE
1432 164 1463 196 C.
1491 165 1536 196 lv.

151 256 262 290 tertio:
281 268 296 284 α
312 255 466 297 Quoniam
479 253 630 296 repellitis
642 253 776 286 verbum
789 252 843 285 Dei
857 255 888 285 et
901 252 1044 294 indignos
1057 260 1112 284 vos

149 309 294 342 iudicatis
308 310 454 341 aeternae
470 307 568 346 vitae;
586 315 668 345 ecce,
682 305 896 339 convertimur
908 304 948 338 ad
960 308 1068 347 gentes
1080 318 1111 336 n.

240 362 291 394 56.
317 359 454 403 Infeccio
485 363 592 393 autem
622 359 733 401 leprae
763 359 905 401 designat
934 357 1112 399 corruptio-

149 424 220 448 nem
244 414 396 453 malitiae,
421 422 502 456 quae
525 413 585 446 fuit
607 413 639 445 in
663 412 811 445 omnibus
839 414 910 444 ante
941 411 1111 445 adventum

149 467 283 507 Christi,
306 466 481 500 secundum
505 466 583 499 illud
606 465 717 499 Psalmi
733 466 762 497 ¹:
791 464 966 507 «corrupti
991 468 1113 498 suntet

149 520 372 555 abominabiles
395 519 466 552 facti
491 522 596 552 sunt»
625 522 684 551 etc.
709 518 753 551 Ab
777 518 836 551 hac
852 527 914 550 non
931 521 979 551 est
1002 521 1113 551 curata

151 575 279 614 ludaea;
316 572 483 606 Ezechielis
518 572 668 614 vigesimo
701 575 832 614 quarto:
862 584 877 600 α
895 571 1046 604 Mundare
1081 574 1111 604 te

150 628 252 667 volui,
288 629 319 660 et
353 636 415 659 non
451 635 484 659 es
518 626 668 658 mundata
704 635 723 658 a
757 625 922 664 sordibus;
960 624 1014 658 sed
1053 633 1111 658 nec

150 681 351 714 mundaberis
375 680 478 722 prius,
503 680 602 712 donec
625 679 788 722 quiescere
823 679 933 711 faciam
970 678 1111 720 indigna-

149 735 265 768 tionem
289 743 390 767 meam
414 734 444 766 in
470 736 500 766 te
516 746 547 765 ».
572 733 630 766 Sed
666 733 801 765 Naaman
836 731 1025 770 mundatur,
1055 731 1110 773 qui

149 788 374 829 interpretatur
410 786 525 825 decor,
550 789 580 819 et
604 785 744 827 designat
779 784 920 827 gentium
957 784 1110 826 populum

148 841 349 873 Sacramento
372 839 518 882 baptismi
541 839 692 872 decorum
717 838 833 871 factum
858 842 889 871 et
912 837 996 870 omni
1014 837 1109 870 foedi-

148 897 211 927 tate
235 894 348 927 mentis
364 897 394 927 et
410 893 551 935 corporis
567 896 790 934 expurgatum.
809 892 845 924 Et
861 891 940 925 Osee
956 894 1065 924 octavo
1078 892 1108 923 ²:

153 961 169 977 «
185 948 353 990 Usquequo
377 956 438 979 non
459 946 574 988 poterit
597 945 812 979 emundarin?
835 945 1008 978 secundum
1032 944 1110 977 illud

149 1000 316 1034 Ezechielis
347 1000 507 1042 trigesimo
543 1001 656 1032 sexto:
694 1011 709 1027 α
727 998 890 1031 Effundam
926 1007 1022 1040 super
1054 1006 1110 1030 vos

147 1062 261 1096 aquam
286 1052 455 1091 mundam,
479 1055 510 1085 et
534 1051 762 1085 mundabimini
780 1050 819 1083 ab
835 1050 982 1083 omnibus
1005 1050 1110 1092 inqui-

147 1106 301 1139 namentis
325 1106 437 1139 vestris
453 1118 484 1137 ».
501 1124 546 1128 -
562 1105 598 1137 Et
614 1105 658 1138 sic
674 1103 848 1138 secundum
873 1107 1047 1145 utrumque
1063 1103 1109 1136 in-

147 1160 306 1194 tellectum
330 1160 390 1192 suit
414 1159 465 1192 hic
488 1158 857 1192 confutatioinfidelium
882 1157 1078 1190 ludaeorum.

238 1214 289 1245 57.
315 1213 415 1254 (Vers.
434 1213 510 1254 28).
529 1213 569 1244 El
591 1211 705 1254 repleti
719 1215 799 1243 sunt
822 1219 933 1243 omnes
948 1213 1006 1243 etc.
1025 1210 1110 1242 Post-

148 1275 243 1309 quam
266 1266 422 1308 descripta
445 1269 492 1298 est
516 1264 687 1298 confutatio
710 1263 963 1302 detrahentium,
981 1263 1110 1296 subiun-

148 1319 233 1362 gitur
249 1319 301 1352 hic
317 1318 491 1351 declinatio
504 1317 779 1360 persequentium.
797 1316 894 1349 Habet
909 1319 1015 1349 autem
1033 1316 1110 1348 haec

148 1381 221 1415 pars
244 1371 332 1404 duas.
358 1371 390 1403 In
415 1371 517 1413 prima
538 1369 729 1402 describitur
752 1368 1014 1412 malignantium
1033 1378 1110 1411 per-

146 1424 290 1462 secutio;
314 1424 345 1456 in
370 1423 507 1456 secunda
531 1431 620 1461 vero,
634 1421 902 1466 persequentium
918 1421 1108 1460 declinatio,

147 1478 234 1511 ihiss:
258 1477 331 1520 Ipse
359 1476 470 1509 autem
502 1475 669 1509 transiens
692 1478 751 1508 etc.
781 1492 823 1498 —
851 1475 895 1507 Ad
925 1474 1110 1517 descriptio-

147 1541 218 1565 nem
241 1540 316 1574 ergo
336 1530 575 1574 persecutionis
597 1529 859 1572 nialiynantiunz
883 1529 944 1561 tria
967 1528 1110 1561 introdu-

147 1588 281 1624 cuntur,
306 1578 424 1618 scilicet
446 1583 630 1616 iracundia
661 1582 798 1621 mentis,
824 1581 977 1615 violentia
1001 1581 1110 1624 operis

148 1641 180 1672 et
199 1637 345 1681 perfidia
368 1647 408 1670 ex
429 1640 527 1679 parte
549 1635 628 1677 finis
652 1635 777 1668 intenti.

235 1691 374 1724 Insinuat
397 1698 473 1732 ergo
496 1689 714 1722 iracundiam
742 1689 861 1721 mentis
884 1688 916 1721 in
940 1688 1001 1721 hoc
1024 1688 1110 1731 quod

146 1745 238 1778 dicit:
256 1746 304 1778 Et
328 1744 441 1786 repleti
463 1747 543 1775 sunt
565 1752 676 1775 omnes
700 1743 736 1775 in
752 1752 927 1786 synayoya
944 1743 1012 1782 ira,
1030 1741 1110 1775 haec

146 1798 325 1831 audientes.
351 1797 436 1830 Unde
460 1796 656 1829 verificatum
682 1799 729 1829 est
753 1796 829 1828 illud
847 1797 939 1828 Amos
955 1795 1108 1838 quinto⁴:

152 1864 168 1880 «
183 1850 261 1884 Odio
284 1850 465 1883 habuerunt
489 1849 709 1890 corripientem
733 1848 765 1881 in
790 1852 881 1891 porta
897 1861 913 1877 2>
941 1852 1011 1887 etc.;
1036 1857 1110 1890 pro-

145 1907 216 1946 pter
240 1902 324 1945 quod
347 1902 463 1935 dicitur
479 1901 723 1935 Proverbiorum
739 1911 839 1934 nono:
863 1915 879 1930 «ι
891 1901 957 1934 Noli
974 1910 1109 1943 arguere

145 1956 335 1995 derisorem,
359 1964 399 1988 ne
421 1955 523 1988 oderit
546 1958 594 1995 te;
617 1964 716 1997 argue
740 1955 931 1997 sapientem,
956 1959 987 1988 et
1002 1955 1109 1997 diliget

146 2014 177 2044 te
193 2023 223 2042 ».
248 2009 334 2043 Unde
357 2018 399 2042 ex
422 2008 533 2041 auditu
556 2008 698 2042 veritatis
722 2018 785 2042 non
809 2012 883 2042 sunt
906 2009 1037 2048 eruditi,
1054 2009 1109 2042 sed

145 2064 250 2107 potius
273 2062 431 2097 excaecati
455 2065 487 2096 et
510 2061 599 2101 irati;
624 2065 734 2095 contra
756 2063 841 2105 quod
864 2063 981 2096 dicitur
1006 2062 1108 2096 Eccle-

147 2118 259 2151 siastae
283 2115 458 2159 septimo⁶:
488 2128 504 2144 «ι
521 2115 585 2148 Νο11
611 2124 679 2148 esse
704 2115 743 2147 ad
767 2115 968 2148 irascendum
991 2115 1107 2155 facilis,

146 2171 221 2214 quia
244 2170 291 2203 ira
323 2170 354 2202 in
390 2168 461 2201 sinu
485 2167 573 2201 stulti
596 2167 767 2210 requiescit
783 2179 814 2206 »3
839 2170 871 2200 et
894 2167 947 2200 lob
979 2168 1106 2209 quinto:

151 2237 167 2252 α
178 2224 259 2257 Vere
275 2223 408 2256 stultum
421 2221 570 2254 interficit
582 2221 784 2260 iracundian,
798 2221 884 2263 quia,
897 2221 979 2253 sicut
991 2221 1107 2254 dicitur

147 2276 388 2310 Proverbiorum
405 2274 555 2317 vigesimo
571 2274 722 2316 septimo,
744 2286 760 2302 «ι
781 2273 829 2306 ira
845 2282 907 2306 non
931 2273 1026 2306 habet
1049 2273 1107 2306 mi—

147 2329 347 2363 sericordiam
373 2337 430 2361 nec
454 2336 624 2369 erumpens
647 2326 738 2359 furor
753 2339 783 2358 n.

238 2383 288 2415 58.
314 2382 416 2422 (Vers.
441 2381 518 2420 29.).
552 2380 742 2413 Violcnliam
765 2383 871 2413 autem
896 2379 1005 2422 operis
1032 2379 1107 2413 insi-

147 2440 241 2476 nuat,
266 2445 338 2469 cum
362 2435 460 2468 addit:
480 2435 520 2467 Ec
541 2437 765 2466 surrexerunt
780 2437 808 2465 et
824 2433 988 2466 eiecerunt
1011 2433 1106 2465 illum

218 2583 227 2598 ¹
248 2583 342 2609 Psalm.
367 2583 413 2615 13,
434 2583 457 2607 1.
477 2596 513 2601 -
532 2581 648 2607 Subinde
677 2581 803 2612 allegatur
828 2581 920 2607 Ezech.
949 2581 995 2613 24,
1019 2582 1064 2614 13,
1084 2582 1109 2607 111

148 2629 223 2655 0111115
241 2629 294 2654 flue
312 2635 361 2660 pro
380 2627 409 2654 in
428 2628 451 2654 lc
469 2627 557 2659 plures
576 2625 653 2652 codd.
672 2632 690 2651 a
708 2627 740 2652 lc.

218 2671 229 2687 ²
249 2673 323 2699 Vers.
343 2672 372 2705 5,
390 2674 450 2704 post
468 2678 548 2704 quem
568 2671 659 2696 Ezecli.
678 2670 725 2701 36,
746 2669 789 2695 25.
808 2683 843 2689 —
857 2670 941 2702 Beda,
960 2671 988 2697 ll.
1008 2671 1033 2697 in
1045 2671 1108 2697 Luc.

149 2717 177 2750 4,
197 2717 245 2744 27:
265 2718 379 2743 Naaman
398 2723 462 2749 ergo
491 2716 538 2742 iste
564 2716 660 2747 Syrus,
679 2714 724 2748 qui
744 2714 929 2747 interpretatur
947 2715 1041 2748 decor,
1061 2723 1108 2748 po-

146 2761 239 2793 pulum
257 2760 418 2786 demonstrat
436 2759 585 2791 nationum,
610 2758 746 2791 quondam
774 2759 900 2791 perfidiae
925 2759 1108 2793 scelerumque

147 2805 219 2837 lepra
238 2805 415 2836 maculosum,
435 2804 482 2830 sed
506 2810 553 2835 per
582 2803 780 2829 Sacramentum
800 2802 965 2835 baptismatis
983 2804 1017 2830 ab
1036 2805 1108 2830 omni

147 2849 242 2875 mentis
260 2854 285 2874 et
304 2848 422 2881 corporis
441 2847 562 2874 foeditate
580 2849 731 2879 purgatum.

218 2891 229 2906 ³
249 2893 324 2919 Vers.
343 2893 386 2923 30.

218 2936 230 2951 ⁴
249 2938 325 2963 Vers.
347 2938 387 2963 10.
406 2951 441 2956 -
461 2936 585 2969 Sequitur
603 2937 679 2962 PrOV.
699 2936 730 2969 9,
749 2937 774 2963 8.

219 2980 231 2995 ⁰
250 2983 326 3008 Vers.
346 2982 387 3007 10.
406 2995 441 3001 —-
460 2982 517 3007 Duo
537 2988 610 3014 seqq.
636 2981 686 3007 loci
704 2985 765 3007 sunt
783 2981 829 3008 lob
849 2982 878 3015 5,
902 2983 927 3008 2.
948 2981 1037 3016 [codd.
1066 2982 1109 3009 Vi-

148 3032 212 3052 rum
230 3025 345 3052 stultum
364 3025 423 3060 etc.]
444 3029 469 3051 et
491 3026 567 3051 Prov.
588 3025 634 3056 27,
655 3025 679 3051 4.
693 3039 728 3044 --
741 3026 868 3058 Superius
880 3029 939 3052 ante
952 3026 1019 3053 irati
1036 3026 1108 3061 [Vat.

149 3069 261 3104 irritati]
281 3069 360 3096 CFG
379 3073 404 3095 et
424 3070 481 3096 Vnt.
500 3069 621 3095 omittunt
636 3070 774 3097 excaecati
791 3072 822 3097 et.

220 3112 231 3128 ⁶
251 3114 325 3140 Vers.
346 3114 388 3140 14.
408 3128 441 3132 ——
462 3113 580 3140 Subinde
599 3114 742 3146 allegantur
761 3115 849 3140 Mutth.
868 3115 915 3146 21,
935 3115 984 3146 39;
1003 3115 1060 3141 lsai.
1079 3115 1109 3147 5,

148 3157 173 3184 7.
193 3162 219 3184 et
238 3160 292 3185 Act.
311 3159 341 3190 7,
361 3159 403 3184 57.
423 3165 478 3192 seq.

219 3200 230 3216 ⁷
251 3204 325 3229 vers.
343 3203 373 3235 7,
393 3201 437 3228 ubi
457 3209 506 3235 pro
525 3204 608 3229 extra
626 3202 737 3230 domum
757 3204 870 3236 Vulgata
888 3202 920 3230 de
938 3203 1025 3231 domo.
1045 3203 1110 3230 Cod.

149 3245 168 3273 C
188 3247 230 3273 hic
248 3247 321 3273 addit
340 3246 371 3274 de
390 3247 486 3282 Iephte.

221 3289 232 3305 ⁸
251 3292 364 3324 Vulgata
383 3291 470 3319 illum.
485 3291 602 3319 Subinde
621 3292 703 3319 verba
719 3292 800 3327 quasi
811 3292 895 3320 dicat:
914 3299 969 3319 non
984 3299 1036 3327 per
1045 3299 1111 3327 por-

150 3336 206 3362 tam
224 3336 408 3368 supplevimus
427 3344 457 3362 ex
477 3337 536 3362 AD.
555 3350 590 3357 —
610 3337 716 3363 Inferius
735 3338 861 3369 allegatur
880 3338 907 3363 ll.
922 3338 987 3369 neg.
1007 3337 1111 3370 20,19.

2079 167 2141 200 103

1176 256 1274 284 extra
1302 252 1485 290 civitatem,
1522 257 1671 295 tanquam
1707 254 1949 295 blasphemum;
1981 255 2025 287 sic
2056 255 2140 287 enim

1177 307 1245 337 erat
1268 308 1489 346 praeceptum;
1516 306 1641 338 Levitici
1661 307 1808 348 vigesimo
1832 307 1991 349 quarto⁶z
2021 320 2037 335 α
2054 307 2139 340 Educ

1176 357 1395 399 blasphemum
1420 362 1513 391 extra
1537 363 1656 398 castra,
1674 363 1705 392 et
1728 360 1843 402 lapidet
1859 369 1932 392 eum
1955 360 2057 393 omnis
2085 370 2140 402 po-

1177 410 1272 452 pulus
1289 424 1319 442 υ.
1345 411 1381 443 Et
1405 411 1449 443 sic
1473 411 1633 444 verificata
1656 415 1703 445 est
1728 412 1779 445 illa
1803 413 1969 454 parabola,
1994 414 2139 446 Matthaei

1177 463 1328 506 vigesimo
1352 464 1469 506 primo,
1494 473 1557 506 qua
1580 465 1710 503 dicitur,
1747 465 1830 507 quod
1860 466 1959 498 filium
1996 467 2140 508 patrisfa-

1176 516 1278 549 milias
1307 529 1322 545 α
1339 517 1501 550 eiecerunt
1525 517 1625 550 coloni
1657 521 1750 550 extra
1774 518 1916 557 vineam;
1943 519 2031 552 vinea
2056 521 2139 552 enim

1176 571 1299 603 Domini
1323 571 1525 604 exercituum
1549 571 1661 604 domus
1679 571 1772 604 lsrael
1788 576 1881 610 est»,
1901 572 1994 605 Isaiae
2017 573 2138 614 quinto.

1176 624 1225 657 Sic
1249 624 1393 657 fecerunt
1416 625 1590 667 Stephano,
1616 626 1747 658 Actuum
1773 626 1922 667 septimo:
1952 639 1967 653 «ι
1986 626 2139 668 impetum

1175 677 1319 710 fecerunt
1343 678 1534 710 unanimiter
1558 678 1589 710 in
1613 687 1686 711 eum
1712 682 1743 711 et
1767 679 1928 711 eiecerunt
1949 687 2020 711 eum
2046 683 2140 712 extra

1175 730 1332 763 civitatem
1350 744 1365 759 ι»
1394 734 1451 763 etc.
1478 731 1564 764 Unde
1587 731 1729 764 Salvator
1761 735 1883 774 poterat
1906 733 1951 765 eis
1974 733 2078 766 dicere
2103 733 2138 765 il-

1175 783 1229 815 lud
1242 783 1383 816 ludicum
1397 783 1563 817 undecimo
1577 784 1606 816 ⁷:
1629 797 1645 813 α
1658 785 1764 818 Nonne
1781 794 1836 818 vos
1852 786 1942 824 estis,
1959 786 2013 828 qui
2030 786 2139 819 odistis

1175 845 1225 869 me
1249 840 1280 869 et
1303 837 1437 870 eiecistis
1461 841 1554 870 extra
1577 838 1705 870 domum
1731 839 1829 880 patris
1854 840 1913 871 mei
1931 843 1968 871 »Ἰ

1266 891 1317 922 59.
1343 890 1529 932 Perfidiam
1553 895 1658 924 autem
1682 902 1722 924 ex
1744 896 1842 934 parte
1857 892 1936 934 finis·
1952 893 2067 926 intenti
2081 903 2138 926 ex-

1174 943 1283 985 plicat,
1308 952 1381 976 cum
1405 944 1560 986 adiungit:
1586 946 1625 977 El
1648 945 1819 977 duxerunt
1842 946 1942 978 cum8
1968 956 2070 988 usque
2093 947 2139 979 ad

1173 996 1393 1038 supercilium
1424 997 1564 1036 montis,
1589 998 1678 1039 quasi
1703 998 1802 1031 dicat:
1828 1008 1890 1031 non
1915 1008 1971 1041 per
1995 1004 2137 1041 portam,

1174 1059 1276 1092 super
1299 1059 1394 1093 quem
1411 1050 1530 1083 civicas
1554 1051 1689 1084 illorum
1714 1055 1788 1084 erac
1811 1052 2000 1093 aedificata.
2026 1053 2067 1085 Ad
2094 1054 2138 1086 lo-

1174 1112 1247 1136 cum
1279 1107 1487 1145 praeruptum
1518 1103 1676 1137 ducebant
1706 1105 1744 1137 ad
1781 1106 2021 1147 praecipitium;
2054 1107 2137 1140 unde

1174 1160 1298 1199 poterat
1320 1157 1380 1190 dici
1404 1157 1521 1199 populo
1544 1158 1588 1190 illi
1612 1158 1722 1191 insano
1750 1159 1826 1191 illud
1852 1160 1999 1200 sapientis
2026 1161 2137 1193 mulie-

1175 1210 1237 1249 ris,
1265 1210 1393 1243 secundi
1426 1211 1544 1252 Regum
1578 1211 1744 1252 vigesimo:
1782 1212 1919 1253 «Quare
1950 1213 2137 1254 praecipitas

1175 1264 1381 1297 hereditatem
1405 1264 1526 1296 Domini
1543 1267 1579 1296 »2²
1603 1264 1634 1296 In
1660 1265 1718 1297 hoc
1742 1268 1846 1298 autem
1859 1292 1866 1304 ,
1884 1266 1967 1307 quod
1984 1267 2137 1307 praecipi-

1175 1320 1243 1350 tare
1273 1326 1346 1349 eum
1379 1317 1541 1356 volebant,
1576 1317 1730 1359 «peiores
1760 1317 1883 1350 diabolo
1919 1322 2025 1357 erant,
2055 1319 2137 1351 sicut

1174 1370 1249 1403 dicit
1272 1370 1353 1402 Beda
1365 1370 1389 1409 ⁰,
1413 1370 1487 1412 quia
1510 1370 1561 1403 ille
1593 1370 1674 1402 dixit
1706 1374 1827 1403 tantum
1858 1371 1972 1404 verbo:
1997 1372 2085 1404 Mitte
2110 1377 2137 1404 ce

1174 1423 1328 1456 deorsum
1339 1435 1350 1461 ;
1374 1423 1424 1456 isti
1449 1423 1549 1456 conati
1567 1427 1641 1456 sunt
1657 1423 1738 1456 sacto
1755 1436 1784 1462 »;
1802 1424 1853 1456 sed
1872 1434 1933 1457 non
1952 1425 2135 1464 valuerunt,

1175 1477 1250 1519 quia
1273 1477 1340 1519 ipse
1363 1480 1547 1519 potestatem
1573 1476 1707 1509 habebat
1731 1477 1864 1518 ponendi
1881 1477 2017 1510 animam
2036 1487 2136 1517 suam,

1175 1531 1257 1563 sicut
1279 1530 1396 1563 dicitur
1420 1530 1542 1563 loannis
1564 1530 1694 1563 decimo.
1720 1530 1806 1563 Unde
1830 1531 1910 1563 Beda
1925 1531 1967 1563 ¹⁰:
1998 1545 2014 1559 a
2030 1532 2095 1564 Non
2119 1542 2136 1564 a

1174 1583 1339 1616 Nazaraeis
1362 1583 1581 1626 praecipitari,
1611 1593 1673 1616 non
1700 1593 1719 1616 a
1743 1584 1964 1625 lerosolymitis
1991 1585 2136 1626 lapidari,

1174 1646 1237 1669 non
1254 1637 1336 1669 inter
1360 1646 1476 1678 pueros
1493 1636 1532 1669 ab
1549 1636 1668 1670 Herode
1685 1637 1816 1679 perimi;
1834 1637 1887 1670 sed
1904 1638 2008 1671 crucis
2025 1647 2137 1680 exspe-

1174 1693 1260 1723 ctare
1284 1690 1384 1722 voluit
1406 1690 1617 1732 triumphum.
1643 1690 1711 1732 Ipsa
1734 1690 1817 1723 enim
1843 1694 1890 1723 est
1906 1694 2000 1733 typus
2016 1700 2138 1723 monar-

1174 1743 1264 1776 chiae
1286 1743 1473 1786 singularis,
1497 1747 1535 1775 ut
1557 1743 1593 1775 in
1616 1743 1748 1776 nomine
1764 1744 1839 1776 Iesu
1865 1754 1958 1776 omne
1979 1754 2066 1786 yenit
2083 1744 2138 1786 sle-

1174 1801 1287 1830 clatur
1318 1800 1395 1836 etc„
1426 1797 1465 1829 ad
1499 1797 1710 1839 Philippenses
1742 1797 1889 1830 secundo.
1914 1798 1950 1830 Et
1975 1798 2047 1830 hinc
2071 1801 2135 1837 est,

1174 1850 1259 1892 quod
1282 1849 1445 1882 cacumina
1469 1849 1573 1882 crucis
1596 1849 1697 1882 caelos
1728 1849 1912 1888 ostendunt,
1938 1850 2001 1882 ima
2025 1854 2137 1892 petunt

1173 1903 1307 1941 inferos,
1331 1911 1451 1935 cornua
1474 1906 1592 1935 terram
1616 1905 1772 1944 tegunt».

1265 1957 1316 1988 60.
1343 1956 1444 1997 (Vers.
1470 1955 1546 1997 30.>.
1572 1956 1646 1998 Ipse
1669 1959 1781 1988 autem
1805 1955 1973 1988 transiens
1997 1960 2054 1989 etc.
2081 1956 2134 1989 Hic
2150 1963 2302 1989 Secundan-

2157 1990 2243 2011 elinstio
2255 1996 2302 2018 per-

1174 2012 1303 2042 notatur
1326 2009 1501 2042 declinatio
1521 2009 1789 2052 persequenlium
1813 2009 1967 2051 perfecta,
1985 2009 2059 2051 quia
2075 2010 2135 2042 fuit
2163 2019 2298 2047 sequepzmm

1174 2063 1241 2096 sine
1264 2062 1461 2101 detentione,
1486 2062 1553 2095 sine
1577 2062 1791 2104 impulsione,
1809 2062 1875 2095 sine
1888 2064 2075 2105 portatione
2089 2064 2135 2100 ¹¹,·
2164 2043 2293 2097 ῗξῗῦῗῖἷὲῗῗ

1173 2116 1257 2149 unde
1280 2125 1343 2148 non
1374 2119 1520 2158 poterant
1551 2116 1609 2149 sibi
1645 2116 1823 2149 violentiam
1859 2116 1960 2149 facere
1983 2126 2040 2150 nec
2072 2120 2135 2149 tra-

1173 2169 1276 2202 hendo
1299 2178 1356 2202 nec
1380 2169 1568 2211 impellendo
1592 2178 1650 2202 nec
1673 2169 1836 2212 portando.

1262 2222 1305 2254 Ad
1328 2222 1555 2255 ostendendum
1580 2222 1694 2264 igitur,
1720 2223 1804 2265 quod
1828 2232 1889 2255 non
1906 2223 1965 2256 suit
1982 2223 2136 2256 violentia
2155 2230 2186 2252 De
2202 2230 2278 2258 primo-

1171 2275 1382 2313 detentionis,
1418 2275 1552 2308 dicitur:
1588 2277 1662 2318 Ipse
1696 2281 1809 2309 autem
1841 2277 2027 2315 transiens;
2052 2277 2134 2310 unde

1172 2328 1354 2361 Ambrosius
1368 2328 1411 2360 1ὲῖ;
1442 2341 1457 2357 α
1475 2329 1563 2370 Quod
1588 2329 1712 2371 capitur
1743 2339 1761 2361 a
1785 2330 1893 2371 paucis
1925 2334 1956 2363 et
1990 2334 2133 2369 tenetur,

1171 2381 1342 2413 voluntatis
1365 2385 1426 2420 est;
1444 2381 1529 2423 quod
1545 2391 1563 2414 a
1580 2382 1702 2424 populo
1713 2391 1773 2414 non
1793 2386 1928 2421 tenetur,
1943 2383 1996 2416 sed
2013 2384 2134 2422 transit,

1172 2433 1342 2466 maiestatis
1358 2447 1389 2465 ».
1415 2434 1500 2467 Unde
1524 2434 1601 2467 nihil
1634 2438 1756 2476 poterat
1780 2438 1884 2468 actum
1910 2436 2036 2468 virtutis
2060 2445 2135 2469 suae

2157 900 2188 921 De
2203 900 2274 922 tertio.

1246 2580 1258 2595 ⁹
1276 2582 1346 2608 Libr.
1367 2582 1392 2607 ll.
1414 2582 1438 2607 in
1458 2583 1521 2607 Luc.
1539 2581 1566 2614 4,
1580 2582 1626 2613 29;
1647 2582 1772 2608 5011101111ε1
1793 2582 1878 2608 Bedae
1892 2582 2028 2608 exhibetur
2047 2582 2137 2609 verbis

1174 2627 1281 2652 Glossae
1300 2626 1473 2653 ordinariae:
1493 2626 1597 2652 Peiores
1622 2627 1708 2652 ludaei
1729 2627 1849 2659 discipuli
1874 2627 1979 2653 diabolo
1999 2628 2135 2660 magistro.

1174 2671 1217 2697 llle
1235 2670 1318 2696 verbo
1338 2671 1374 2696 ait
1394 2670 1466 2704 [Luc.
1482 2671 1509 2702 4,
1529 2670 1582 2704 9.]:
1602 2670 1676 2697 Mitte
1689 2673 1713 2697 te
1731 2670 1872 2704 deorsum,
1894 2672 1934 2697 isti
1948 2673 2015 2698 sacto
2035 2672 2137 2697 mittere

1174 2718 1309 2741 conantur.
1330 2730 1363 2733 —
1384 2715 1501 2741 Subinde
1521 2708 1667 2742 adducitur*
1680 2717 1747 2741 loan.
1769 2717 1816 2748 10,
1840 2717 1879 2742 18.

1246 2759 1268 2774 ¹⁰
1288 2761 1348 2786 Loc.
1362 2761 1403 2786 cit.
1419 2761 1516 2786 Toxlus
1529 2761 1662 2793 originalis
1676 2762 1750 2793 plura
1765 2761 1824 2787 111110
1841 2761 1901 2787 111(10
1914 2762 2055 2793 11110150111,
2069 2762 2137 2787 circa

1174 2804 1253 2830 tinem
1274 2805 1401 2836 allegatur
1420 2805 1483 2830 Phil.
1503 2806 1532 2836 2,
1554 2805 1596 2830 10.

1246 2848 1266 2863 ¹¹
1287 2849 1370 2876 Codd.
1391 2850 1432 2875 hic
1454 2849 1670 2883 supportatione,
1690 2850 1755 2875 dum
1780 2850 1886 2876 inferius
1911 2857 1937 2875 n.
1963 2850 2006 2875 62.
2030 2853 2138 2875 11111111111·

1174 2893 1281 2919 nomine
1296 2893 1416 2927 portatio
1435 2894 1477 2919 vel
1496 2901 1557 2919 cum
1577 2894 1635 2919 Vat.
1654 2893 1746 2920 vectio.

1246 2937 1268 2953 ¹²
1287 2939 1356 2964 Haec
1376 2938 1458 2964 verba
1479 2937 1608 2964 habentur
1622 2938 1647 2964 in
1659 2939 1750 2964 Glossa
1763 2937 1906 2964 ordimria
1925 2938 1951 2963 in
1965 2939 2026 2964 Luc.
2048 2938 2076 2968 4,
2091 2939 2137 2968 29,

1174 2982 1224 3008 5111)
1244 2983 1350 3009 1101111110
1369 2983 1470 3013 Bedae,
1489 2983 1534 3015 qui
1555 2983 1582 3007 ll.
1602 2982 1626 3007 in
1646 2983 1709 3008 Luc.
1729 2982 1759 3012 4,
1779 2983 1821 3008 28.
1841 2989 1897 3014 seq.
1923 2989 1975 3007 non
2004 2989 2087 3014 pauca
2107 2989 2138 3007 ex

1174 3027 1326 3059 Ambrosio,
1346 3027 1387 3053 lV.
1408 3027 1433 3052 in
1452 3027 1515 3052 Luc.
1529 3034 1555 3052 n.
1576 3027 1624 3057 56,
1643 3026 1755 3052 exhibet.
1769 3025 1899 3057 Ambros„
1914 3027 1961 3052 loc.
1975 3026 2018 3052 011.
2038 3027 2084 3051 ait:
2100 3027 2138 3051 Si-

1175 3072 1229 3097 mul
1249 3072 1379 3103 intellige,
1399 3078 1451 3096 non
1471 3077 1501 3096 ex
1521 3070 1674 3096 necessitate
1700 3070 1793 3100 ruisse,
1813 3070 1859 3096 sed
1885 3071 2138 3096 voluntariamwor-

1175 3116 1247 3148 poris
1267 3116 1430 3148 passionem,
1449 3122 1496 3141 nec
1510 3118 1616 3146 captum
1630 3122 1644 3140 a
1666 3114 1779 3146 ludaeis,
1798 3114 1845 3140 sed
1858 3121 1872 3139 a
1892 3121 1920 3139 se
1933 3115 1991 3146 ipso
2010 3114 2137 3141 oblatum.

1175 3160 1290 3191 Etenim,
1311 3160 1417 3192 quando
1438 3160 1507 3191 vult,
1533 3159 1644 3191 capitur,
1663 3158 1769 3192 quando
1794 3158 1863 3190 vult,
1887 3158 2011 3190 elabitur,
2031 3159 2137 3191 quando

1175 3205 1244 3235 vult,
1257 3204 1440 3236 suspenditur,
1455 3203 1561 3236 quando
1575 3204 1638 3235 vult,
1652 3210 1703 3229 non
1718 3206 1827 3229 tenetur.
1838 3203 1918 3228 Ε11110
1932 3203 1959 3228 111
1969 3204 2136 3235 supercilium

1175 3249 1271 3275 montis
1290 3248 1504 3281 praecipitandus
1516 3248 1683 3280 ascenderat,
1704 3251 1728 3273 et
1742 3254 1815 3279 ecce,
1829 3254 1876 3279 per
1890 3248 2006 3274 medium
2021 3248 2135 3275 illorum.

1176 3295 1275 3318 mutata
1288 3292 1374 3318 subito
1395 3293 1435 3318 vel
1450 3292 1629 3325 obstupefacta
1644 3292 1785 3318 mrentium
1799 3296 1900 3325 mente,
1914 3292 2062 3319 descendit:
2077 3299 2138 3317 non·

1176 3337 1240 3363 dum
1252 3337 1321 3363 enim
1333 3338 1397 3363 hora
1407 3340 1515 3363 venerat
1525 3337 1681 3369 passionis...
1695 3337 1775 3362 Vides
1788 3337 1868 3368 igitur
1880 3340 1904 3362 et
1919 3337 1974 3366 hic,
1992 3336 2136 3361 Dixinitatis
