2476 3921
0 957 126 981 seeundum.

2 1382 95 1405 ,Christus
108 1388 142 1404 su-

2 1428 3 1432 .
20 1409 122 1437 pervenit.

3 1542 32 1564 *Et
44 1542 94 1574 νίς-,11
106 1542 129 1564 in

4 1578 7 1591 ι
16 1574 119 1597 passione.

9 2447 100 2474 nuntiavit
113 2448 135 2470 in

9 2475 135 2523 Ιιιοοιιιξῖιτιὶο-

742 220 936 258 COMMENT.
961 221 998 253 ΙΝ
1022 220 1260 254 EVANGELIUM
1283 221 1401 254 LUCAE
1425 222 1457 254 C.
1485 223 1531 255 xi.

4 321 130 346 notandum.
147 312 309 355 possidet,
322 311 471 354 quoniam
483 320 546 344 non
562 310 653 344 timet
663 310 808 343 amittere
818 335 826 349 ,
843 308 1017 342 secundum
1034 308 1112 341 illud

149 364 292 408 Gregorii
307 366 337 397 ¹:
365 377 381 393 α
399 364 468 397 lllos
491 364 619 406 pulsare
642 362 790 405 negligit,
813 371 894 405 quos
917 362 1026 404 quieto
1041 361 1112 395 iure

150 412 310 461 possidere
333 426 367 451 se
390 417 531 450 sentit».
556 417 592 449 Et
616 417 693 449 haec
713 425 787 459 pax
807 419 1041 458 peecatorum,
1072 415 1112 448 de

149 480 214 514 qua
236 471 268 503 in
292 471 434 504 Psalmo:
463 484 478 499 ιι
496 470 597 503 Zelavi
620 478 717 512 super
740 469 883 511 iniquoS‚
908 478 1016 511 pacem
1040 477 1112 510 pec-

149 527 292 557 catorum
316 523 472 562 videns»;
504 526 536 556 et
565 522 711 564 Matthaei
742 522 880 555 decimo:
910 534 926 550 α
943 522 1008 554 Non
1040 521 1111 554 veni

149 585 259 619 pacem
286 576 428 615 mittere,
464 576 518 609 sed
552 575 736 618 gladium».
771 575 844 608 Vult
875 575 972 617 igitur
995 574 1026 607 in
1052 575 1111 607 hoc

149 629 271 669 dicere,
294 629 380 672 quod
402 629 493 662 fortis
516 638 578 662 non
606 628 778 671 expellitur
798 638 821 666 ‚a
844 628 949 661 minus
972 628 1055 660 forti.
1080 627 1110 660 Si

149 691 225 725 ergo
255 691 352 724 super
375 685 560 724 potestatem
584 681 699 714 diaboli
723 681 811 713 nulla
833 681 994 723 praevalet
1024 684 1111 723 pote-

149 738 213 768 stas
244 735 422 774 terrestris,
454 734 508 768 sed
533 733 821 767 tantum.caelestis
844 734 1003 776 potentia:
1035 742 1111 776 ergo

148 797 230 831 quae
260 788 391 830 expellit
421 788 589 821 daemones
619 796 681 820 non
713 782 761 820 est
783 787 823 820 de
848 787 959 826 terris,
987 786 1042 820 sed
1072 786 1111 820 de

147 841 259 881 caelis,
283 851 345 888 non
370 842 527 881 humana,
551 841 605 874 sed
628 840 744 874 divina.

237 896 290 928 [29.
320 895 421 936 (Vers.
454 895 531 936 22).
563 894 720 934 Secundo,
744 893 918 936 adiungens
940 893 1111 927 veritatem

148 950 307 983 intentam
330 953 361 982 et
384 949 454 981 iam
475 957 691 991 persuasam,
715 947 812 980 dicit:
838 948 876 980 Si
898 951 1009 979 autem
1039 945 1111 989 for—

148 1003 213 1036 tior
236 1002 291 1035 itto
304 1002 317 1022 ²
340 1001 575 1044 superveniens
597 1000 714 1033 vicerit
728 1010 813 1033 eum.
832 1000 967 1033 Fortior
982 1003 1030 1033 est
1046 999 1111 1032 dia-

147 1056 220 1090 holo
250 1056 356 1089 divina
385 1055 553 1094 fortitudo,
578 1054 697 1088 scilicet
727 1054 873 1087 Christus
896 1057 1021 1092 noster;
1046 1054 1111 1096 pri-

148 1117 217 1142 mae
239 1108 278 1142 ad
301 1108 480 1141 Corinthios
510 1108 635 1150 primo:
666 1106 860 1140 «Christum
890 1107 1024 1140 dicimus
1056 1106 1109 1139 Dei

126 1162 298 1203 ¹virtutem
329 1164 361 1195 et
393 1161 447 1195 Dei
479 1161 662 1203 sapientiam
680 1173 711 1201 »ς
744 1164 776 1194 et
807 1169 958 1193 rursum:
988 1160 1111 1202 «Quod

148 1215 309 1248 infirmum
333 1218 381 1248 est
410 1215 463 1248 Dei
495 1214 609 1248 fortius
639 1218 686 1248 est
718 1214 947 1253 hominibus»;
979 1217 1011 1247 et
1041 1213 1111 1246 ideo

148 1266 201 1302 lob
214 1278 313 1301 nono:
332 1281 347 1297 α
360 1268 390 1301 Si
407 1268 559 1301 fortitudo
571 1268 749 1310 quaeritur,
763 1267 1003 1300 robustissimus
1018 1271 1066 1300 est
1078 1281 1109 1299 ».

148 1322 185 1355 Et
205 1325 374 1365 propterea
395 1322 512 1355 dicitur
536 1322 632 1355 Isaiae
655 1331 758 1354 nono:
789 1334 805 1350 «
822 1321 992 1354 Vocabitur
1012 1320 1111 1353 admi-

148 1376 273 1415 rabilis,
297 1375 514 1414 consiliarius,
537 1375 640 1414 Deus,
664 1375 755 1407 sortis
772 1388 802 1407 n.
827 1375 886 1407 iste
901 1374 1109 1416 supervenit,

144 1430 179 1463 -id
202 1433 268 1469 est,
291 1429 330 1463 de
361 1429 508 1472 supernis
539 1428 642 1468 venit,
674 1428 847 1461 secundum
880 1428 957 1460 illud
990 1427 1110 1461 loannis

148 1483 288 1516 tertio³:
318 1495 334 1511 «
350 1482 410 1524 Qui
433 1482 473 1515 de
496 1481 582 1515 caelo
606 1481 692 1514 venit
708 1490 805 1524 super
821 1490 931 1514 omnes
946 1485 993 1514 est
1010 1494 1040 1512 ».
1056 1481 1109 1513 Hic

147 1538 253 1568 autem
278 1535 355 1568 vicit
377 1534 537 1568 diabolum
562 1538 711 1576 tanquam
737 1534 842 1566 minus
865 1533 997 1572 sortem,
1019 1533 1110 1566 iuxta

147 1589 231 1632 quoti
254 1588 372 1622 dicitur
396 1588 518 1621 loannis
538 1588 659 1621 decimo
676 1588 811 1621 sext04:
835 1600 850 1617 α
865 1587 1036 1626 confidite,
1052 1596 1110 1629 ego

147 1643 207 1677 vici
232 1642 386 1677 mundum
404 1654 435 1682 »;
467 1642 551 1675 unde
583 1641 654 1675 licet
682 1642 785 1675 victus
808 1641 973 1680 videatur,
1006 1645 1109 1674 tamen

147 1697 240 1736 vicit,
271 1696 346 1739 quia
377 1695 540 1728 moriendo
563 1695 690 1728 revixit.
717 1695 752 1728 Et
776 1695 837 1728 hoc
859 1695 1042 1737 designatur
1067 1695 1111 1727 le-

148 1750 266 1784 remiae
289 1749 530 1793 quadragesimo
554 1752 668 1782 sexto:
697 1762 712 1778 «
730 1749 831 1782 Fortis
854 1749 983 1791 impegit
999 1749 1030 1781 in
1047 1748 1110 1781 sor-

147 1808 226 1843 tem,
243 1807 274 1837 et
289 1803 382 1836 ambo
397 1803 517 1845 pariter
533 1806 726 1836 corruerunt
742 1815 773 1841 »;
789 1802 865 1845 quia
880 1802 1026 1835 Christus
1041 1811 1111 1835 cor-

147 1857 315 1900 poraliter,
348 1856 563 1899 temporaliter
594 1859 626 1889 et
654 1855 836 1895 visibiliter,
860 1855 1004 1889 diabolus
1034 1864 1111 1888 vero

147 1910 428 1952 sempiternaliter,
460 1910 598 1943 totaliter
629 1914 661 1943 et
692 1909 991 1952 irrecuperabiliter.
1025 1908 1111 1941 Unde

147 1963 263 1997 dicitur
279 1963 478 2006 Apocalypsis
493 1963 605 2006 quinto
616 1963 647 1995 ⁵:
669 1976 685 1992 α
702 1963 780 1996 Ecce
789 1988 805 2003 ,,
814 1963 889 1996 vicit
906 1962 953 1996 leo
969 1962 1008 1995 de
1024 1962 1110 1995 tribu

149 2017 241 2056 luda,
271 2017 364 2050 radix
389 2016 504 2056 David,
533 2016 657 2059 aperire
690 2016 807 2050 librum
825 2030 854 2049 n.
885 2016 954 2048 «Et
984 2015 1046 2048 vidi
1078 2016 1109 2048 in

147 2069 250 2103 medio
263 2069 378 2103 *throni
403 2073 435 2103 et
457 2073 596 2112 quatuor
619 2070 802 2103 animalium
826 2070 946 2111 Agnum
975 2071 1110 2101 stantem

149 2127 297 2166 tanquam
321 2123 461 2157 occisum
479 2136 509 2163 »;
534 2123 590 2166 qui
613 2123 683 2157 ideo
708 2123 799 2162 vicit,
823 2122 898 2164 quia
913 2122 1036 2154 occisus
1051 2125 1108 2154 est.

148 2177 235 2210 Unde
258 2180 360 2219 potest
383 2176 443 2210 dici
468 2176 591 2210 diabolo
626 2176 704 2209 illud
728 2176 847 2218 primae
870 2175 909 2207 ad
932 2174 1111 2207 Corinthios

149 2230 273 2264 decimo
301 2230 460 2273 quint0⁸:
490 2243 507 2259 «x
523 2231 581 2264 Ubi
604 2235 652 2263 est
676 2238 763 2262 mors
786 2228 918 2261 victoria
941 2231 1023 2260 tua?
1046 2228 1110 2261 Deo

148 2284 283 2327 gratias,
306 2284 361 2327 qui
386 2284 471 2317 dedit
494 2284 584 2317 nobis
607 2283 771 2316 victoriam
799 2291 855 2324 per
880 2282 981 2315 lesum
1005 2281 1111 2314 Domi-

149 2348 225 2372 num
250 2342 394 2371 nostrum
412 2351 442 2370 n.

239 2391 291 2423 50.
318 2390 354 2422 Et
375 2390 452 2432 quia
474 2389 549 2422 vicit
572 2389 676 2431 ipsum
702 2389 732 2422 in
754 2388 930 2431 passione,
955 2388 1024 2421 ideo
1040 2397 1111 2430 spo-

151 2443 236 2476 liavit
259 2444 291 2476 in
315 2443 576 2481 resurreetione,-
599 2442 669 2481 ideo
685 2442 808 2475 subdit:
831 2442 994 2475 Universa
1010 2452 1112 2475 arma

150 2497 221 2530 eius
251 2496 402 2540 auferet,
433 2497 470 2530 in
501 2496 622 2540 quibus
653 2494 845 2538 confidebat.
879 2496 914 2529 Et
937 2497 998 2529 hoc
1022 2496 1111 2536 fecit,

151 2551 277 2593 quando
305 2554 413 2593 portas
444 2550 613 2583 infernales
642 2550 813 2592 confregit,
837 2549 1010 2583 secundum
1035 2549 1113 2582 illud

151 2603 261 2637 Psalmi
275 2604 287 2623 ⁷
302 2616 310 2636 ε
339 2617 354 2633 α
371 2604 452 2646 Quia
474 2603 622 2637 contrivit
637 2607 745 2646 portas
760 2612 869 2636 aereas
885 2607 916 2636 et
933 2607 1036 2636 vectes
1051 2602 1113 2636 fer-

223 2769 232 2785 ¹
252 2770 323 2797 Libr.
343 2771 437 2796 xxiv.
457 2770 546 2796 Moral.
565 2777 589 2796 c.
608 2770 651 2796 11.
672 2777 698 2796 η.
718 2770 762 2796 27.
781 2784 815 2789 -
833 2770 891 2796 1)υο
903 2777 978 2804 seqq.
992 2770 1040 2796 loci
1053 2773 1115 2796 sunt

153 2815 192 2841 Ps.
211 2815 261 2847 72,
281 2816 305 2841 3.
325 2818 351 2841 et
368 2815 455 2841 Matth.
477 2814 524 2846 10,
544 2814 587 2840 34.

222 2857 233 2873 ⁸
253 2859 287 2884 lta
306 2859 386 2885 etiam
404 2858 475 2884 Beda
494 2861 520 2884 et
538 2857 616 2884 Card.
634 2859 730 2890 Ilugo;
749 2858 862 2891 Vulgata
880 2865 920 2885 eo.
940 2871 978 2878 —-
996 2857 1115 2884 Subinde

152 2903 296 2935 allegantur
315 2904 333 2928 Ι.
350 2902 410 2929 Cor.
430 2903 455 2936 t,
475 2903 518 2928 23.
536 2910 593 2936 seq.
610 2906 637 2929 et
651 2903 707 2935 ‘255
727 2902 772 2929 lob
791 2903 822 2934 9,
843 2903 886 2929 19.
907 2906 933 2929 et
952 2903 1008 2929 lsai.
1028 2903 1057 2934 9,
1077 2903 1102 2929 6.

223 2946 234 2962 ⁸
254 2948 329 2974 Vers.
343 2948 386 2974 31.
398 2961 434 2967 -
445 2947 522 2974 Card.
536 2948 628 2980 llugo:
644 2957 658 2971 α
670 2947 882 2982 Superveniens,
896 2948 925 2977 id
933 2951 972 2974 est
982 2948 1015 2974 de
1025 2955 1116 2980 super-

153 2992 193 3019 nis
211 2992 322 3018 veniens
335 3002 360 3024 n;
378 2993 529 3018 Gorranus:
549 2992 762 3026 Superveniens,
776 2993 803 3019 id
816 2996 855 3018 est
868 2992 984 3025 desuper
996 2993 1115 3019 veniens.

222 3035 235 3051 ⁴
255 3037 329 3063 Vers.
349 3037 390 3062 33.
410 3050 446 3056 —
465 3036 588 3070 Sequitur
607 3037 653 3063 ler.
673 3036 720 3068 46,
741 3037 784 3063 12.

224 3080 235 3096 ⁶
256 3083 330 3108 vers.
349 3082 375 3109 5.
393 3084 419 3108 et
438 3082 462 3107 6.

223 3124 235 3140 '
255 3127 347 3152 Psalm.
368 3126 434 3157 106,
454 3126 497 3152 16.
515 3128 541 3152 et
559 3125 620 3152 dein
638 3126 679 3152 Ps.
700 3125 748 3158 45,
770 3126 810 3152 10.

224 3169 236 3185 ⁸
254 3171 331 3197 Vei-s.
350 3171 393 3197 13.
412 3184 446 3189 -
464 3170 548 3201 Beda.
568 3170 610 3196 lV.
630 3170 656 3196 in
675 3170 738 3197 Luc.
759 3170 801 3203 11,
821 3171 874 3196 22;
893 3171 995 3202 Arma,
1015 3170 1041 3196 in
1059 3170 1115 3204 qui-

154 3214 205 3241 bus
223 3215 291 3241 male
308 3216 381 3241 fortis
399 3215 442 3241 ille
459 3214 622 3247 confidebat,
649 3215 760 3241 astutiae
777 3215 885 3248 dolique
903 3217 965 3241 sunt
982 3214 1115 3248 nequitiae

154 3259 306 3292 spiritualis.
323 3259 418 3293 Spolia
436 3266 501 3285 vero
519 3259 577 3285 eius
600 3259 649 3292 ipsi
669 3259 791 3286 homines
811 3263 873 3286 sunt
890 3258 925 3285 ab
943 3266 975 3285 eo
993 3259 1113 3291 decepti;

154 3310 224 3336 quae
242 3303 326 3330 victor
343 3303 462 3330 Christus
480 3303 627 3335 distribuit,
645 3304 719 3337 quod
737 3307 778 3330 est
795 3304 897 3336 insigne
916 3304 1115 3336 triumphantis,

154 3347 215 3380 quia
237 3347 312 3381 [Eph.
333 3348 363 3379 t,
382 3347 418 3382 8.]
437 3347 571 3382 captivam
591 3347 692 3376 ducens
703 3347 889 3382 captivitatem
902 3347 975 3374 dona
987 3347 1116 3375 dedalio-

155 3390 272 3419 minibus
291 3395 341 3418 etc.
359 3392 409 3419 Csr.
429 3392 549 3425 11ieron.,
569 3392 596 3418 ll.
614 3391 761 3419 Commont.
781 3392 807 3418 in
825 3393 914 3419 Matth.
934 3392 980 3425 12,
1000 3393 1043 3418 29.

836 3079 849 3095 ⁶
868 3081 944 3107 Vers.
963 3081 1007 3108 55.
1026 3084 1052 3107 et
1070 3081 1115 3107 57.

2072 225 2136 258 293

1178 318 1248 342 reos
1271 309 1424 352 confregit
1441 322 1471 348 »ς
1494 314 1526 343 et
1550 320 1664 344 rursus
1688 311 1719 351 in
1738 312 1874 345 Psalmo:
1896 326 1911 341 α
1930 314 2043 345 Arcum
2061 322 2135 345 con-

1177 365 1258 395 teret
1281 366 1313 395 et
1336 363 1511 405 confringet
1533 373 1623 396 arma
1653 367 1685 397 et
1715 369 1805 398 scuta
1835 366 2001 399 comburet
2024 367 2134 408 igni».

1176 415 1256 448 Haec
1280 425 1381 448 arma
1404 416 1478 448 facit
1501 416 1558 449 sibi
1583 417 1727 450 diabolus
1742 418 1781 450 de
1798 419 1978 451 hominibus
1995 428 2051 461 per
2067 428 2137 451 con-

1176 477 1321 508 sensum,
1346 469 1521 502 secundum
1541 469 1618 502 illud
1643 470 1682 502 ad
1706 471 1858 503 Romanos
1881 471 2015 504 sext0⁸:
2038 485 2053 499 «r
2071 472 2137 504 Non

1175 521 1354 555 exhibeatis
1377 522 1521 555 membra
1545 525 1650 555 vestra
1665 532 1754 555 arma
1770 523 1944 565 iniquitatis
1961 528 2088 566 peccato
2105 539 2134 556 n.

1175 593 1220 599 ·-—
1232 575 1288 608 Vel
1305 585 1406 608 arma
1418 575 1571 608 diabolica
1583 580 1657 608 sunt
1669 576 1793 609 diversa
1810 580 2001 609 tentatorum
2020 578 2135 610 machi-

1176 632 1339 667 namenta‚
1355 628 1472 671 quibus
1490 629 1671 661 hominibus
1687 630 1918 671 praevalebant.
1945 630 1980 662 Et
2002 631 2051 663 his
2065 631 2137 672 pri-

1175 686 1275 714 vatus
1297 685 1345 715 est
1368 691 1425 724 per
1448 682 1564 714 Christi
1590 682 1753 715 victoriam
1777 682 1807 714 in
1834 683 2083 722 resurrectione,
2107 687 2138 716 et

1174 735 1338 778 spoliatus
1362 739 1410 768 est
1433 735 1465 768 in
1488 735 1679 768 ascensione.
1704 754 1748 759 —
1773 736 1842 769 ideo
1866 736 1989 769 subdit:
2009 737 2047 768 Et
2062 746 2137 778 spo-

1175 789 1221 822 lia
1246 789 1318 821 eius
1341 789 1526 822 distribuet.
1553 789 1588 821 Et
1613 789 1672 822 hoc
1689 789 1817 832 quidem
1842 789 1931 828 fecit,
1956 790 2082 831 quando
2098 790 2136 823 de

1175 842 1268 875 vasis
1283 842 1500 875 contumeliae
1516 842 1588 875 fecit
1603 852 1689 875 vasa
1706 840 1957 875 inisericorctiae
1970 843 1982 862 ⁰
1996 855 2006 880 ,·
2030 847 2061 876 et
2077 843 2136 876 hoc

1176 899 1223 929 est
1240 896 1271 928 in
1288 896 1479 928 ascensione
1494 896 1611 929 factum
1623 922 1630 935 ‚
1648 897 1820 929 secundum
1839 896 1915 929 illud
1932 897 1969 929 ad
1988 897 2137 938 Ephesios

1175 953 1311 991 quarto:
1342 949 1549 982 «ascendens
1581 949 1612 982 in
1644 950 1761 988 altum,
1790 950 1944 992 captivam
1969 950 2064 982 duxit
2087 959 2137 983 ca-

1175 1002 1369 1044 ptivitatem,
1393 1001 1478 1034 dedit
1501 1002 1582 1035 dona
1607 1002 1788 1035 hominibus
1804 1016 1834 1034 ».
1860 1002 1921 1035 Hoc
1942 1007 2047 1035 autem
2066 1002 2138 1034 fecit

1175 1059 1282 1088 noster
1307 1055 1506 1095 Emmanuel;
1524 1055 1619 1088 Isaiae
1635 1059 1766 1088 octavo:
1790 1068 1805 1083 α
1821 1056 1903 1088 Voca
1920 1065 2032 1088 nomen
2050 1056 2136 1088 eius:

1175 1109 1337 1148 Accelera,
1369 1109 1467 1150 spolia
1498 1108 1647 1147 detrahe,
1679 1108 1791 1141 festina
1814 1109 2005 1150 praedari».
2032 1109 2136 1141 Prae-

1174 1162 1277 1194 datus
1299 1165 1347 1195 est
1369 1165 1475 1195 autem
1508 1162 1631 1195 fortiter
1654 1162 1831 1201 diabolum,
1855 1162 2028 1195 secundum
2058 1162 2136 1194 illud

1176 1215 1270 1248 Isaiae
1300 1215 1542 1258 quadragesimo
1573 1216 1717 1248 nono¹⁰z
1748 1216 1926 1257 «Nunquid
1959 1216 2087 1248 tolletur
2118 1225 2137 1248 a

1174 1268 1247 1300 forti
1277 1268 1421 1310 praeda?
1456 1269 1516 1301 Aut
1553 1268 1637 1310 quod
1668 1273 1795 1310 captum
1828 1268 1924 1301 fuerit
1955 1279 1973 1301 a
2004 1269 2135 1302 robusto

1174 1321 1297 1354 salvum
1335 1330 1403 1354 esse
1444 1321 1586 1363 poterit?
1625 1321 1701 1362 Quia
1744 1322 1821 1354 haec
1856 1322 1931 1354 dicit
1964 1322 2134 1354 Dominus:

1175 1374 1327 1417 Equidem
1350 1378 1381 1407 et
1404 1375 1569 1416 captivitas
1591 1384 1610 1407 a
1633 1375 1705 1407 forti
1731 1375 1858 1407 tolletur
1876 1387 1906 1413 »;
1931 1379 1962 1407 et
1986 1375 2064 1407 Osee
2081 1375 2134 1407 dc-

1174 1427 1257 1460 ciuio
1288 1428 1402 1460 tertio:
1436 1441 1451 1456 «
1470 1427 1601 1470 Diripiet
1633 1428 1785 1461 Dominus
1817 1428 2003 1460 thesaurum
2034 1428 2135 1460 omnis

1174 1481 1256 1514 vasis
1272 1481 1488 1514 desiderabilis
1504 1495 1535 1513 υ.
1553 1500 1592 1504 -
1604 1481 1703 1514 Huius
1719 1482 1822 1523 figura
1838 1482 2023 1523 praecessit,
2041 1482 2133 1523 primi

1174 1535 1293 1577 Regum
1312 1534 1473 1577 trigesimo
1488 1536 1532 1573 ¹¹,
1556 1535 1587 1567 in
1612 1534 1729 1574 David,
1753 1534 1792 1567 de
1815 1544 1879 1577 quo
1902 1535 2036 1574 dicitur,
2053 1534 2137 1576 quod

1175 1597 1340 1630 regressus
1362 1597 1381 1620 a
1404 1588 1498 1621 caede
1522 1588 1687 1627 Amalech,
1711 1588 1895 1630 exspoliatis
1918 1588 2135 1626 Amalecliitis‚

1175 1642 1274 1685 spolia
1309 1642 1472 1675 distribuit
1502 1646 1533 1675 et
1561 1655 1577 1671 <z
1595 1642 1679 1675 misit
1702 1642 1783 1675 dona
1807 1642 1984 1675 senioribus
2009 1642 2083 1675 luda
2107 1645 2138 1674 et

1176 1695 1330 1738 proximis
1353 1696 1420 1729 suis
1435 1709 1466 1727 ».
1491 1712 1536 1719 —-
1560 1696 1595 1728 Et
1619 1700 1710 1734 nota,
1734 1695 1818 1738 quod
1850 1695 1995 1727 Christus
2012 1695 2138 1738 vdicitur

1173 1749 1282 1792 spolia
1305 1748 1431 1782 diaboli
1452 1749 1669 1787 distribuere,
1687 1749 1776 1791 quia,
1795 1748 1866 1781 licet
1886 1749 1952 1790 ipse
1968 1757 2078 1781 omnes
2101 1748 2137 1780 li-

1174 1803 1351 1842 beraverit,
1376 1807 1479 1835 tamen
1503 1803 1597 1835 etiam
1621 1806 1742 1844 partem
1769 1802 1866 1834 huius
1892 1802 2011 1844 gloriae
2034 1802 2138 1834 diver-

1175 1856 1218 1889 sis
1234 1855 1505 1897 praedicatoribus
1520 1855 1705 1893 committit,
1723 1855 1784 1900 qui¹
1794 1859 1826 1887 et
1842 1855 1899 1897 ipsi
1918 1858 1993 1888 sunt
2014 1855 2137 1897 spolia-

1174 1913 1261 1942 tores
1286 1909 1445 1952 Aeyyptz',
1472 1908 1772 1941 Exodiduodecimo
1786 1909 1821 1940 ¹2.
1841 1927 1884 1932 —-
1901 1909 1946 1940 Ex
1965 1909 2023 1941 hoc
2042 1909 2137 1950 igitur

1174 1966 1323 2004 apparet,
1347 1962 1431 2004 quod
1455 1961 1602 2003 expulsio
1625 1961 1813 1994 daemonum
1845 1962 1940 1994 siebat
1971 1971 1988 1994 a
2013 1962 2138 1994 Christo

1174 2025 1235 2048 non
1260 2015 1379 2048 virtute
1403 2015 1556 2047 diabolica
1579 2023 1636 2047 nec
1653 2015 1808 2054 humana,
1826 2015 1880 2047 sed
1904 2024 1960 2056 per
1985 2015 2136 2056 Spiritum

1175 2071 1329 2101 sanctum.
1356 2068 1392 2100 Et
1417 2068 1493 2101 haec
1517 2070 1565 2100 est
1588 2068 1705 2101 veritas
1729 2068 1857 2100 intenta.

1266 2122 1317 2154 51.
1343 2122 1444 2162 (Vers.
1470 2121 1548 2158 23).
1572 2121 1678 2154 Tertio
1701 2131 1795 2160 vero,
1823 2126 1993 2154 annectens
2015 2121 2137 2153 verita-

1175 2179 1237 2208 tem.
1261 2174 1478 2213 adiunctam,
1511 2174 1637 2207 subdit:
1664 2174 1731 2216 Qut
1752 2184 1819 2207 non
1842 2178 1888 2207 est
1910 2184 2037 2211 meeum
2062 2184 2137 2206 eon—

1175 2233 1231 2263 tra
1253 2238 1305 2261 me
1327 2232 1373 2260 est
1381 2239 1393 2266 ,·
1416 2236 1452 2260 ac
1476 2236 1532 2270 per
1556 2228 1616 2260 hoc
1633 2227 1793 2266 homines,
1811 2237 1891 2270 quos
1907 2227 2050 2260 diabolus
2067 2236 2138 2269 pos-

1175 2282 1272 2321 sidet,
1296 2281 1421 2314 Christo
1445 2285 1640 2324 repugnant,
1665 2286 1696 2314 et
1720 2281 1894 2314 secundum
1925 2281 2002 2314 illud
2027 2290 2138 2314 secun-

1174 2335 1233 2368 dae
1254 2335 1294 2368 ad
1316 2335 1496 2368 Corinthios
1519 2338 1610 2368 sexto
1624 2335 1671 2368 1³:
1701 2348 1716 2364 «
1733 2336 1820 2376 Quae
1842 2335 2006 2368 conventio
2022 2334 2138 2367 Christi

1175 2388 1214 2421 ad
1238 2388 1331 2421 Belial
1348 2391 1385 2420 n?
1409 2407 1453 2412 —-
1478 2388 1513 2420 Et
1535 2388 1615 2430 quia
1633 2388 1741 2421 nullus
1761 2387 1936 2420 fortitudini
1952 2388 2021 2420 eius
2037 2391 2139 2429 potest

1176 2441 1341 2480 resistere,
1373 2441 1443 2474 ideo
1474 2441 1602 2474 subdit:
1637 2441 1742 2482 Qui¹4
1773 2451 1840 2474 non
1863 2441 1986 2483 eottz'yit
2008 2450 2137 2473 meeum

1176 2495 1358 2538 disperyioe
1381 2495 1474 2538 quia,
1498 2495 1580 2528 sicut
1599 2495 1716 2528 dieitur
1733 2495 1785 2528 Iob
1801 2505 1901 2534 nono,
1929 2508 1943 2523 ιι
1961 2495 2032 2537 quis
2048 2495 2138 2527 resti-

1177 2549 1215 2581 tit
1237 2549 1283 2588 ei,
1307 2552 1339 2581 et
1362 2558 1469 2591 pacem
1494 2548 1606 2582 habuit
1622 2552 1657 2581 n?
1689 2548 1835 2581 Officium
1861 2557 1999 2590 namque
2023 2548 2138 2581 Christi

1177 2606 1225 2636 est
1247 2612 1457 2645 congregare,
1481 2602 1655 2636 secundum
1672 2601 1751 2634 illud
1767 2602 1889 2634 Ioannis
1912 2601 2080 2634 undecimo
2094 2602 2137 2633 ¹⁵:

1250 2768 1261 2783 ⁹
1280 2770 1428 2802 Respicitur
1456 2770 1532 2795 Rom.
1561 2769 1586 2800 9,
1615 2769 1658 2794 22.
1686 2775 1743 2801 seq.
1761 2782 1797 2788 —
1816 2768 1873 2794 Duo
1901 2775 1976 2801 seqq.
2005 2768 2052 2794 loci
2081 2771 2140 2793 sunt

1179 2814 1244 2847 Eph.
1266 2814 1295 2846 4,
1315 2815 1340 2840 8.
1359 2817 1385 2840 et
1404 2814 1460 2839 lsai.
1479 2815 1510 2845 8,
1531 2814 1558 2839 3.

1250 2857 1273 2873 ¹⁰
1294 2859 1368 2884 Vers.
1387 2858 1431 2884 24.
1449 2861 1475 2884 et
1494 2858 1542 2889 25,
1562 2860 1622 2890 post
1639 2865 1708 2891 quos
1725 2857 1792 2883 Osee
1819 2858 1866 2889 13,
1888 2857 1935 2889 15,
1956 2856 1999 2883 ubi
2020 2864 2069 2889 pro
2094 2864 2140 2883 va-

1178 2902 1216 2930 sis
1235 2902 1254 2929 C
1266 2903 1346 2928 DFG
1364 2902 1454 2929 vallis.

1251 2947 1272 2962 ¹¹
1294 2948 1368 2973 Vers.
1387 2947 1431 2973 26.
1449 2948 1510 2972 Post
1527 2945 1595 2973 Iuda
1617 2946 1729 2979 Vulgata
1748 2949 1774 2972 et
1795 2947 1853 2972 Vat.
1871 2946 1993 2972 omittunt
2011 2947 2045 2972 el.

1226 2998 1228 3001 ’
1251 2990 1273 3006 ¹¹
1293 2992 1368 3018 Vers.
1387 2992 1438 3017 36:
1457 2990 1585 3016 Dominus
1603 2994 1692 3016 autem
1712 2991 1786 3018 dedit
1803 2991 1913 3022 gratiam
1933 2990 2032 3022 populo
2051 2997 2140 3015 coram

1178 3036 1328 3069 Aegyptiis,
1348 3039 1377 3062 ut
1395 3035 1595 3062 commodarent
1613 3035 1668 3068 eis;
1687 3038 1714 3061 et
1731 3036 1912 3068 spoliaverunt
1924 3034 2075 3066 Aegyptios.
2089 3034 2141 3060 Csr.

1178 3080 1244 3107 ibid.
1266 3081 1296 3113 3,
1316 3081 1360 3106 21.
1377 3087 1433 3113 seq.

1250 3123 1273 3140 ¹⁸
1291 3125 1367 3151 Vers.
1387 3125 1429 3150 15.
1442 3138 1479 3144 -
1491 3125 1619 3157 Superius
1638 3132 1687 3157 pro
1708 3131 1742 3151 ac
1758 3131 1807 3158 per
1826 3123 1876 3150 hoc
1894 3123 2046 3150 homines...
2067 3123 2141 3149 Chri-

1177 3172 1219 3197 sto
1237 3170 1395 3204 repuqmnt
1411 3169 1429 3195 F
1448 3175 1481 3195 ae
1495 3176 1548 3203 per
1566 3168 1616 3196 hoc
1634 3175 1754 3195 omnes...
1773 3167 1910 3195 Cluistum
1929 3167 2099 3201 impuynant.

1251 3213 1274 3229 ¹⁶
1293 3214 1420 3245 Vulgata,
1438 3220 1519 3247 quam
1539 3213 1658 3246 sequitur
1679 3213 1735 3239 Vnt.
1754 3219 1815 3239 cum
1834 3212 1963 3238 nonnullis
1990 3212 2083 3243 codd,
2108 3211 2143 3238 E!

1222 3258 1234 3284 ‘.
1253 3272 1289 3278 —
1307 3259 1340 3284 Se
1361 3257 1431 3283 uitur
1449 3257 1495 3284 lob
1515 3258 1531 3282 9
1566 3257 1591 3283 4.

1179 3266 1226 3293 qm
1250 3300 1274 3316 ¹³
1294 3265 1368 3328 verz.
1389 3301 1433 3328 51.
1451 3305 1478 3328 et
1496 3277 1546 3328 52:
1559 3302 1608 3327 Pro
1627 3301 1779 3328 Moritur-us
1797 3302 1858 3327 erat
1870 3301 1890 3326 Α
1901 3300 1920 3326 C
1931 3300 1979 3325 DF
1990 3300 2010 3325 G
2029 3299 2141 3326 Passus.

1180 3361 1213 3367 -
1232 3347 1290 3372 Duo
1308 3353 1383 3379 seqq.
1402 3346 1453 3372 loci
1471 3349 1532 3372 sunt
1551 3346 1606 3372 lsai.
1628 3346 1669 3377 1-1,
1690 3346 1732 3371 12.
1752 3348 1778 3371 et
1796 3345 1836 3370 Ps.
1858 3344 1923 3377 146,
1943 3345 1968 3370 2.

2157 586 2233 607 Aliter.

2166 744 2280 765 Distribuit

2170 771 2238 801 spolia
2253 771 2273 792 in

2156 803 2289 819 ascensmne.

2154 1489 2238 1514 Figura.

2158 1701 2287 1723 Notandum.

2156 2128 2259 2149 Tertium.
