2476 3921
11 814 13 843 ς
35 809 112 834 Tertio,

10 836 68 869 luoad
86 841 140 867 ‚con-

10 863 139 891 emplationis

10 893 133 913 uimnmma-

10 915 75 938 ionem
95 917 140 937 tan-

10 943 74 965 [untur
87 942 136 963 duo.

24 1127 120 1159 Ostensio

10 1157 129 1177 maiestatis

10 1182 125 1204 iteri-ibitis.

756 230 949 263 COMMENT.
975 230 1011 262 ΙΝ
1037 229 1276 263 EVANGELIUM
1300 230 1417 263 LUCAE
1442 230 1474 262 C.
1500 231 1546 263 lx.

159 332 282 356 mecum
300 334 331 362 »;
348 324 379 355 et
395 321 594 364 Apocalypsis
615 320 765 362 vigesimo
781 319 905 362 primo:
934 332 950 348 α
968 319 1058 357 Ecce,
1076 320 1121 350 ta-

159 376 365 410 bernaculum
390 374 444 407 Dei
470 383 542 407 cum
571 373 769 412 hominibus,
800 376 832 405 et
863 371 1016 405 habitabit
1047 380 1120 404 cum

159 429 204 463 eis
220 441 251 469 ¹³3
276 432 307 462 et
330 428 452 461 loannis
474 427 617 460 decimo:
646 439 663 456 α
679 426 743 459 Fiet
765 435 867 459 unum
891 425 973 459 ovile
988 429 1020 458 et
1037 433 1121 457 unus

158 485 265 525 pastor
281 495 312 514 ».
337 481 416 514 Haec
439 484 544 514 autem
569 479 794 522 deceptio-non
811 482 879 512 erat
895 487 952 520 per
968 477 1120 511 iudicium

159 538 190 569 et
213 544 394 574 assensum,
419 534 473 571 sed
497 533 596 576 magis
624 536 754 575 propter
786 532 902 565 mentis
932 539 1119 570 excessum,

158 588 197 621 de
220 597 284 630 quo
300 587 455 621 secundae
471 587 510 619 ad
525 586 704 619 Corinthios
720 586 831 628 quinto
845 586 874 617 1:
897 597 912 614 α
929 584 1000 617 Sive
1016 586 1120 617 mente

158 641 359 680 excedimus,
384 640 447 673 Deo
463 653 478 669 n
508 642 586 678 etc.;
611 642 642 672 et
667 638 825 671 psalmus:
855 650 871 666 α
889 637 932 670 lbi
960 636 1119 670 Beniamin

158 691 409 728 adolescentulus
432 694 464 726 in
487 693 602 726 mentis
624 701 757 725 excessu
776 705 805 724 n.

249 748 301 781 63.
327 748 428 789 (Vers.
454 746 531 784 34).
564 746 654 778 Haec·
677 749 790 778 autem
813 744 868 779 illo
892 744 1037 788 loquente
1060 748 1118 777 etc.

158 802 229 835 Post
251 801 428 843 ingressum
452 804 483 833 et
506 808 709 842 progressum
734 798 925 832 determinat
946 798 996 831 hic
1022 798 1120 831 Evan-

157 855 267 898 gelista
301 853 585 896 contemplatimzis
618 856 744 885 statum
779 852 845 885 sive
876 852 1120 885 consummatio-

157 917 228 942 nem
243 908 266 940 2.
291 907 537 940 Consummatur
553 909 659 939 autem
675 905 897 947 contemplatio
917 905 948 937 in
973 905 1119 938 duobus:

158 969 295 1004 quorum
327 960 466 1002 primum
489 962 537 992 est
560 958 700 991 ostensio
731 958 917 991 maiestatis
941 957 1119 998 terribilis,

158 1013 332 1047 secundum
357 1022 449 1052 vero,
473 1012 628 1045 revelatio
652 1011 804 1044 veritatis
826 1010 1002 1044 credibilis,

248 1068 352 1100 Primo
375 1076 451 1109 ergo
482 1070 637 1109 quantum
671 1066 710 1098 ad
741 1065 928 1098 maiestatis
961 1065 1121 1098 terribilis

159 1121 372 1154 ostensionem
395 1120 529 1153 dicitur:
554 1120 644 1152 Haec
664 1123 775 1152 autem
800 1119 855 1152 illo
879 1119 1044 1163 loquente,
1066 1117 1121 1162 fa-

158 1179 212 1208 cta
235 1178 281 1207 est
304 1173 415 1206 nubes.
440 1173 519 1206 Haec
536 1176 604 1206 erat
619 1172 742 1205 divinae
758 1172 929 1205 maiestatis
946 1171 1119 1210 ostensiva;

157 1228 241 1261 unde
265 1227 337 1260 filiis
361 1227 455 1260 lsrael
479 1225 630 1259 terribilis
653 1225 686 1258 in
708 1225 794 1258 nube
817 1225 1011 1267 apparebat;
1037 1225 1120 1258 unde

158 1281 275 1315 dicitur
309 1280 406 1314 Exodi
438 1279 597 1313 ultimoss:
635 1292 650 1308 «
675 1280 843 1321 Postquam
877 1278 1015 1320 perfecta
1046 1282 1121 1311 sunt

158 1334 280 1374 omnia,
313 1333 438 1376 operuit
469 1333 571 1366 nubes
602 1332 841 1365 tabernaculum
874 1331 1060 1371 testimonii,
1090 1335 1121 1364 et

158 1388 258 1431 gloria
281 1387 403 1420 Domini
429 1386 569 1428 implevit
593 1386 691 1425 illud;
716 1394 774 1418 nec
799 1388 921 1427 poterat
937 1385 1057 1426 Moyses
1074 1385 1120 1418 in-

157 1441 243 1484 gredi
276 1444 395 1474 tectum
427 1439 574 1479 foederis,
598 1439 682 1472 nube
706 1438 904 1480 cooperiente
936 1439 1058 1478 omnia,
1089 1441 1121 1472 et

159 1495 321 1528 maiestate
337 1493 461 1526 Domini
478 1495 663 1526 coruscante
679 1505 710 1524 ».
733 1492 882 1524 Similiter
899 1492 981 1524 tertii
1000 1492 1118 1534 Regum

158 1548 294 1581 octavo4
317 1546 455 1580 dicitur:
484 1559 500 1575 «ι
516 1546 644 1578 Factum
668 1548 734 1584 est,
758 1553 831 1577 cum
855 1544 997 1577 exissent
1017 1552 1121 1577 sacer-

158 1601 264 1640 dotes,
288 1600 404 1634 nebula
427 1599 568 1642 implevit
591 1599 720 1631 domum
745 1597 889 1637 Domini;
914 1601 946 1630 et
974 1606 1035 1630 non
1052 1600 1121 1639 pot-

159 1658 249 1689 erant
280 1654 457 1688 sacerdotes
484 1653 664 1686 ministrare
696 1656 826 1694 propter
857 1652 1026 1691 nebulam;
1063 1651 1121 1684 im-

159 1709 300 1751 pleverat
321 1708 403 1741 enim
429 1707 529 1750 gloria
551 1706 673 1739 Domini
697 1706 826 1739 domum
843 1705 966 1738 Domini
983 1719 1013 1737 n.
1035 1705 1121 1738 Unde

159 1762 260 1796 nubes
283 1761 433 1795 indicium
457 1764 525 1794 erat
548 1769 704 1802 supernae
732 1759 850 1801 gloriae
878 1762 910 1792 et
940 1758 1119 1792 maiestatis.

159 1834 204 1840 —-
228 1815 263 1848 Et
286 1818 454 1857 propterea
476 1813 641 1847 subditur:
663 1814 700 1845 Et
715 1811 925 1845 obumbravit
948 1821 1020 1850 eoa,
1037 1815 1065 1844 et
1082 1811 1121 1844 ti-

159 1873 327 1903 muerunt.
348 1867 528 1901 Sentiebant
547 1867 630 1900 enim
651 1866 787 1898 divinam
808 1865 958 1898 virtutem
977 1865 1008 1897 in
1025 1864 1120 1904 nube,

159 1923 198 1956 de
222 1931 285 1965 qua
308 1930 406 1964 supra
435 1920 585 1962 primofi:
615 1932 631 1948 α
648 1919 757 1951 Virtus
779 1917 925 1951 Altissimi
950 1917 1121 1951 obumbra-

159 1975 206 2008 bit
238 1974 293 2007 tibi
311 1986 341 2013 »;
374 1977 405 2006 et
436 1973 505 2006 ideo
538 1972 722 2005 timuerunt
752 1973 881 2013 propter
910 1970 1119 2011 praesentiam

160 2036 303 2060 summae
335 2026 480 2065 virtutis,
512 2025 594 2058 sicut
624 2024 693 2063 Iob,
726 2023 781 2065 qui
812 2022 936 2055 dicebat
959 2022 1121 2064 trigesimo

160 2080 283 2124 primo:
313 2093 329 2109 a
346 2079 475 2121 Semper
498 2078 588 2121 quasi
607 2080 779 2117 ,tumentes
809 2076 927 2109 fluctus
950 2084 1047 2119 super
1071 2084 1121 2108 me

160 2133 251 2166 timui
275 2132 442 2166 Dominum
459 2143 490 2170 »ς
523 2134 554 2164 et
584 2130 733 2163 Ieremiae
755 2129 896 2162 decimo:
920 2138 942 2157 ἀ
958 2128 1035 2170 Quis
1058 2137 1120 2161 non

160 2186 282 2220 timebit
304 2189 352 2225 te,
376 2195 395 2218 o
419 2185 486 2218 Rex
509 2184 650 2227 gentium
668 2196 683 2212 2>
711 2185 770 2216 etc.

233 2379 242 2394 ¹
264 2380 339 2406 Vers.
360 2379 401 2405 13.
420 2392 455 2398 -
475 2378 599 2411 Sequitur
617 2378 658 2403 ΡΒ.
679 2377 727 2411 67,
747 2377 790 2403 28.

232 2421 243 2438 ⁹
262 2423 312 2450 Cfr.
332 2430 412 2455 supra
431 2429 457 2448 n.
476 2421 518 2447 56.

233 2466 244 2482 ⁸
263 2468 338 2494 Vers.
358 2467 448 2494 31-33.
468 2481 502 2486 —
523 2466 651 2499 Superius
669 2472 719 2498 pro
739 2466 810 2493 Haec
828 2465 865 2500 [H
884 2466 958 2492 addit
969 2465 1052 2500 enim]
1066 2467 1128 2493 erat

162 2512 268 2540 divinae
292 2511 440 2539 maiestatis
468 2510 601 2538 ostensiva
630 2511 688 2537 Vat.
717 2511 788 2538 Haec
815 2513 906 2538 aulem
927 2513 988 2538 erat
1005 2510 1125 2538 divinam

152 2556 328 2599 'maiestatem
347 2558 498 2583 ostemura.

237 2600 248 2616 ⁴
269 2602 342 2627 Vers.
364 2602 404 2627 ⁴0.
425 2608 479 2634 seq.
498 2614 534 2620 —
553 2599 705 2632 chrysost„
725 2599 818 2626 Homil.
839 2600 882 2626 56.
897 2599 970 2631 (alias
983 2600 1037 2633 57.)
1051 2607 1078 2625 n.
1091 2600 1125 2626 3:

164 2646 207 2673 Sic
227 2646 264 2681 [in
283 2645 369 2680 nube]
388 2652 494 2678 semper
514 2647 623 2678 apparet
641 2643 873 2677 Deus;nam[1)s.
893 2644 940 2676 96,
960 2643 1014 2678 2.]:
1034 2643 1124 2671 Nubes

164 2692 190 2718 et
207 2690 295 2725 caliyo
314 2691 342 2717 in
362 2690 477 2718 circuitu
497 2689 581 2717 eius...
602 2688 756 2723 [allegantur
776 2689 815 2714 Ps.
836 2688 902 2719 403,
916 2688 946 2720 3;
960 2688 1017 2713 lsai.
1032 2688 1080 2719 49,
1100 2688 1124 2719 i;

164 2736 219 2762 Act.
239 2736 264 2767 l,
283 2736 307 2761 9.
327 2738 353 2761 et
371 2736 436 2761 Dan.
453 2734 484 2765 7,
506 2733 571 2768 43.].
589 2735 621 2760 Ut
639 2733 720 2766 igitur
739 2732 861 2764 credant,
880 2732 914 2758 ab
934 2732 991 2764 ipso
1010 2732 1064 2758 Deo
1078 2740 1125 2758 vo-

164 2787 221 2806 cem
243 2780 317 2812 serri‚
336 2780 399 2805 inde
417 2779 502 2810 venit,
522 2782 548 2805 et
567 2778 651 2805 nubes
670 2778 755 2804 lucida
775 2780 831 2804 eret
849 2780 898 2803 etc.

235 2823 246 2838 ⁵
265 2825 340 2851 Vers.
360 2824 402 2850 35.
415 2837 450 2844 -—
464 2824 521 2850 Duo
534 2831 608 2857 seqq.
623 2823 672 2849 loci
685 2826 746 2849 sunt
760 2821 804 2849 lob
818 2822 860 2854 3⁴,
874 2822 916 2848 23.
930 2825 955 2847 et
967 2822 1013 2847 ler.
1030 2822 1077 2853 10,
1096 2821 1124 2847 7.

164 2861 283 2899 Hieron„
303 2869 339 2894 ΙΙΙ.
358 2868 505 2894 Comment.
525 2868 552 2893 in
571 2868 659 2894 Matth.
679 2867 726 2900 ⁴7,
745 2868 778 2892 6:
798 2866 939 2898 Triplicem
959 2865 995 2891 ob
1016 2872 1124 2891 causam

164 2918 265 2943 pavore
292 2915 434 2943 terrentur,
462 2912 503 2938 vel
532 2912 592 2945 quia
613 2919 642 2938 se
660 2919 762 2938 errasse
790 2914 983 2943 cognoverant,
1001 2910 1044 2936 vel
1063 2910 1124 2943 quia

165 2956 250 2982 nubes
268 2956 354 2992 lucida
373 2959 514 2988 operuerat
532 2963 592 2989 eos,
611 2960 656 2982 aut
675 2956 736 2990 quia
758 2956 802 2982 Dei
820 2955 901 2981 Patris
913 2961 1006 2981 vocem
1020 2955 1125 2987 loquen-

165 3001 197 3027 tis
215 3001 367 3032 audierant,
394 3001 455 3034 quin
477 3002 589 3027 humana
610 3001 735 3034 fragilitas
753 3004 924 3033 conspectum
945 3000 1052 3026 maioris
1071 3000 1125 3031 glo-

165 3045 220 3071 riae
239 3046 304 3070 terre
323 3051 375 3070 non
394 3045 515 3076 sustinet,
534 3051 564 3070 ac
578 3047 630 3070 toto
644 3044 732 3071 animo
744 3048 770 3070 et
782 3051 893 3077 corpore
907 3044 1124 3076 contremiscens,

166 3090 199 3115 ad
218 3092 314 3114 terram
334 3089 412 3115 cadit.
431 3089 533 3122 Quanto
552 3089 613 3122 quis
631 3089 757 3121 ampliora
776 3089 931 3122 quaesierit,
950 3092 1020 3115 tanto
1039 3089 1125 3120 magis

166 3133 200 3160 ud
219 3133 340 3159 inferiora
359 3132 511 3164 collabitur,
529 3133 551 3159 si
571 3133 732 3165 ignoraverit
750 3140 902 3159 mensuram
921 3140 1006 3160 suam.

237 3175 248 3191 ⁶
269 3178 342 3203 vers.
362 3177 387 3202 9.
406 3177 478 3202 Hanc
497 3177 624 3203 rationem
649 3177 782 3204 insinuant
808 3178 920 3210 August.
938 3181 964 3204 et
982 3177 1124 3209 Bernard.;

166 3223 213 3248 cir.
231 3225 294 3248 tom.
313 3222 356 3247 Vl.
376 3228 437 3254 pag.
457 3221 524 3253 358,
543 3224 603 3247 nota
624 3222 649 3247 6.
669 3221 775 3253 isidor.,
795 3222 860 3249 Xlll.
878 3222 1024 3254 Etymolog.
1050 3229 1073 3248 c.
1099 3222 1125 3248 7.

167 3274 193 3293 n.
213 3267 246 3293 2:
265 3265 354 3294 Nubes
373 3266 458 3292 dictae
476 3265 511 3292 ab
529 3265 698 3298 obnubendo,
728 3265 754 3292 id
780 3269 820 3292 est
844 3266 988 3298 operiendo
1007 3267 1124 3299 caelum,

168 3314 197 3337 ut
214 3314 240 3337 et
257 3312 372 3345 nuptae,
390 3310 464 3343 quod
482 3311 570 3336 vultus
589 3317 651 3336 suos
669 3310 756 3336 velent
773 3313 822 3336 etc.

238 3353 248 3369 '
268 3356 343 3381 Vers.
366 3356 387 3388 t,
407 3355 432 3381 in
452 3361 531 3388 quem
550 3355 638 3381 locum
657 3355 761 3381 Hieron.
781 3354 830 3381 ait:
848 3354 975 3382 Ascendit
992 3355 1125 3382 Dominus

167 3406 249 3434 super
268 3398 365 3426 nubem
384 3399 480 3432 levem,
503 3405 599 3431 corpus
617 3402 722 3425 sanctae
742 3398 854 3431 Virginis
866 3399 987 3425 Mariae...
1000 3399 1041 3425 vel
1055 3401 1125 3425 certe

2082 231 2146 265 237

1278 318 1328 351 64.
1355 319 1533 351 Secundum
1550 320 1729 363 mysticum
1745 323 1849 352 autem
1868 329 1994 353 sensum
2012 329 2068 362 per
2085 330 2147 352 nu-
2176 328 2284 358 Βιρριῑιίο

1186 371 1256 404 bem
1279 372 1408 414 intelligi
1433 376 1535 414 potest
1567 382 1640 405 caro
1668 373 1802 411 Christi,
1828 374 1946 414 primo,
1975 374 2050 415 quia
2074 383 2147 406 con-
2162 355 2312 408 Rffiffitffraimmi·

1186 429 1341 467 temperat
1371 426 1476 458 lumen
1510 426 1686 458 Divinitatis
1710 427 1808 459 oculis
1833 427 1965 465 nostris,
1991 430 2026 459 ut
2050 427 2148 468 possi-

1184 488 1257 512 mus
1280 479 1419 516 intueri;
1446 479 1543 511 Exodi
1568 479 1688 514 decimo
1713 479 1841 512 nonossz
1873 493 1887 508 «ι
1905 480 1992 512 Nunc
2025 480 2147 512 veniam

1184 531 1223 564 ad
1247 535 1278 564 te
1301 532 1333 564 in
1357 531 1488 574 caligine
1513 531 1623 570 nubis,
1656 535 1691 564 ut
1723 532 1829 564 audiat
1862 541 1911 564 me
1944 533 2080 574 populus
2105 532 2148 564 lo-

1185 587 1335 626 quentem
1358 584 1396 617 ad
1422 588 1452 617 te
1469 598 1498 616 ».
1517 603 1561 607 —
1577 584 1718 617 Secundo
1740 594 1833 623 vero,
1859 585 1932 627 quia
1955 590 2002 617 est
2025 585 2148 617 divinae
2166 592 2272 613 secunda.

1185 637 1265 670 lucis
1290 637 1471 670 vehiculum
1489 646 1585 679 super
1603 641 1720 670 terram
1740 638 1955 676 tenebrosam,
1973 637 2147 670 secundum

1185 691 1263 723 illud
1287 691 1383 723 Isaiae
1406 691 1526 724 decimo
1551 691 1680 723 nono⁷:
1711 704 1726 719 α
1743 691 1892 724 Ascendet
1920 691 2072 723 Dominus
2096 699 2149 723 su—

1185 754 1242 786 per
1267 744 1382 777 nubem
1401 745 1499 777 levem
1517 747 1548 777 et
1565 744 1759 786 ingredietur
1776 745 1948 786 Aegyptum
1967 758 1996 775 n.
2015 762 2057 767 —
2074 744 2150 776 Ter·
2169 751 2248 772 τετυ...

1185 798 1246 837 tio,
1271 798 1346 840 quia
1367 801 1473 830 ortum
1499 798 1597 830 traxit
1621 797 1659 830 de
1675 797 1884 830 amaritudine
1909 801 1939 830 et
1963 797 2149 839 poenalitate

1185 855 1318 884 naturae
1335 851 1507 889 humanae,
1525 850 1679 883 mediante
1696 850 1792 883 Maria
1807 850 1950 892 Virgine;
1968 850 2052 892 quod
2070 850 2149 892 figu-

1186 908 1292 937 ratum
1316 907 1364 938 est
1388 904 1471 937 tertii
1497 905 1615 946 Regum
1632 904 1753 937 decimo
1770 907 1880 936 octavo
1893 903 1923 936 ⁸:
1947 917 1962 932 α
1980 904 2073 942 Ecce,
2091 913 2151 936 nu-

1185 957 1297 990 becula
1321 966 1419 999 parva
1442 957 1531 999 quasi
1557 957 1724 999 vestigium
1749 957 1885 990 hominis
1908 957 2095 990 ascendebat
2111 957 2150 989 de

1186 1011 1314 1044 mari».
1343 1030 1388 1034 -
1415 1011 1551 1052 Quarto,
1584 1011 1659 1053 quia
1690 1020 1804 1053 aquam
1835 1011 1954 1053 gratiae
1983 1010 2149 1049 salutaris,
2170 1019 2257 1045 Quarta.

1185 1074 1282 1107 quam
1309 1065 1417 1097 hausit
1447 1065 1479 1097 in
1503 1064 1552 1097 sui
1577 1064 1716 1106 origine,
1742 1064 1892 1103 effundit,
1916 1073 1988 1096 cum
2012 1064 2150 1106 agitatur

1186 1122 1279 1151 vento
1303 1118 1474 1157 orationis;
1500 1117 1584 1150 unde
1610 1118 1813 1151 Ecclesiastici
1831 1117 2071 1160 quadragesimo
2088 1121 2151 1150 ter-

1186 1171 1229 1204 tio
1242 1171 1273 1204 ⁹:
1292 1185 1307 1200 α
1324 1171 1475 1204 Medicina
1490 1171 1630 1204 omnium
1648 1171 1679 1203 in
1696 1170 1892 1203 festinatione
1908 1170 2042 1203 nebulae
2059 1183 2089 1201 n.
2106 1188 2151 1194 —

1188 1225 1233 1257 Ex
1257 1225 1317 1257 hoc
1340 1224 1533 1257 erudiuntur
1550 1223 1801 1265 contemplativi,
1818 1226 1855 1255 ut
1870 1232 1931 1255 non
1949 1225 2072 1254 tantum
2088 1222 2150 1254 eri-
2170 1230 2300 1252 Notandum.

1186 1280 1261 1320 gant
1284 1278 1392 1311 oculos
1416 1277 1454 1310 ad
1479 1277 1580 1310 lucem
1607 1276 1737 1309 Deitatis
1762 1276 1953 1314 radiantem,
1978 1275 2032 1307 sed
2056 1275 2148 1307 etiam

1185 1331 1224 1363 ad
1248 1331 1364 1364 nubem
1390 1330 1594 1363 humanitatis
1625 1329 1878 1362 obumbrantem.
1911 1328 2000 1370 Quod
2032 1328 2150 1370 figura-

1186 1387 1255 1417 tum
1278 1387 1326 1417 est
1351 1383 1472 1416 loannis
1489 1383 1592 1425 primo
1606 1383 1650 1421 ¹⁰,
1676 1382 1730 1415 u'oi
1754 1382 1835 1415 dixit
1861 1382 2012 1414 Dominus
2036 1382 2150 1414 Natha-

1185 1437 1288 1469 naeli:
1318 1449 1333 1465 «
1349 1436 1500 1469 Videbitis
1530 1435 1661 1477 Angelos
1678 1449 1709 1474 ι»,
1742 1435 1772 1468 id
1801 1438 1848 1468 est
1872 1435 2149 1477 contemplativos,

1190 1503 1206 1519 α
1222 1489 1425 1522 ascendentes
1440 1492 1472 1522 et
1488 1488 1712 1522 descendentes
1728 1497 1825 1530 super
1842 1488 1952 1520 Filium
1969 1488 2104 1520 hominis
2117 1500 2149 1527 »,

1184 1543 1260 1586 quia
1283 1542 1315 1575 in
1340 1542 1538 1575 humanitate
1562 1542 1637 1574 latet
1660 1541 1766 1574 divina
1790 1541 1945 1574 maiestas.

1276 1597 1328 1629 65.
1353 1596 1455 1637 (Vers.
1473 1596 1550 1637 35).
1566 1595 1711 1628 Secundo
1727 1604 1803 1628 vero
1826 1598 1981 1637 quantum
2004 1594 2043 1627 ad
2066 1594 2151 1626 veri·
2165 1603 2317 1634 novenum-

1186 1650 1265 1683 tatis
1288 1648 1455 1682 credibilis
1470 1648 1699 1681 revelationem
1720 1647 1920 1689 adiungitur:
1944 1646 2151 1680 Intrantibus
2183 1632 2315 1678 'ci'ffli‘if‘e'

1186 1708 1299 1737 autem
1312 1704 1338 1723 ¹¹
1351 1702 1417 1736 illis
1430 1702 1465 1736 in
1476 1702 1608 1741 nubem,
1621 1702 1739 1735 scilicet
1750 1701 1941 1734 excitantem
1953 1701 1991 1733 ad
2004 1709 2151 1733 reveren-

1186 1757 1260 1790 tiam
1271 1783 1279 1796 ,
1296 1757 1387 1789 iuxta
1403 1756 1487 1798 quod
1503 1755 1619 1789 dicitur
1637 1755 1733 1788 Exodi
1751 1755 1901 1797 vigesimo
1916 1752 2048 1796 quar'to:
2071 1766 2086 1782 α
2103 1754 2151 1786 ln-

1185 1819 1314 1853 gressus
1330 1810 1450 1851 Moyses
1465 1809 1604 1842 medium
1617 1808 1761 1847 nebulae,
1774 1808 1913 1841 ascendit
1924 1808 1954 1840 in
1969 1811 2105 1840 montem
2118 1820 2150 1847 ι»,

1185 1864 1239 1896 ubi
1272 1862 1392 1895 audivit
1422 1862 1543 1895 divinas
1574 1861 1790 1894 revelationes.
1815 1879 1859 1884 —
1885 1860 1972 1894 Unde
2003 1864 2034 1894 et
2065 1870 2151 1893 nunc

1186 1916 1350 1950 subditur:
1375 1916 1442 1948 Vox
1464 1914 1559 1958 faeta
1582 1919 1628 1948 est
1651 1915 1690 1948 de
1705 1914 1790 1947 nube
1805 1914 1936 1947 dicens:
1954 1914 2017 1947 Hie
2032 1918 2078 1947 est
2094 1914 2150 1947 Fi-

1186 1968 1252 2002 lius
1275 1978 1369 2001 meus
1392 1968 1553 2006 dilectus,·
1576 1967 1750 2000 discretive
1765 1967 1870 2010 ipsum
1885 1967 2097 2006 demonstrat,
2115 1970 2151 1999 ut

1185 2021 1346 2060 ostendat,
1379 2021 1463 2063 quod
1496 2021 1561 2063 ipse
1586 2020 1672 2053 solus
1700 2024 1747 2054 est
1769 2020 1861 2063 filius
1883 2030 1944 2063 per
1966 2024 2130 2052 naturam
2139 2031 2150 2058 ;

1185 2075 1270 2108 unde
1294 2075 1326 2107 in
1351 2075 1471 2107 Psalmo
1484 2074 1532 2106 ¹²:
1562 2087 1577 2102 α
1595 2074 1642 2107 Ex
1666 2077 1758 2107 utero
1774 2077 1847 2107 ante
1863 2073 2030 2107 luciferum
2055 2073 2151 2115 genui

1187 2132 1218 2161 te
1234 2142 1266 2161 ».
1293 2128 1327 2161 Et
1352 2132 1515 2170 ponuntur
1540 2128 1582 2161 ibi
1607 2128 1810 2161 discretiones
1834 2131 1902 2160 tum
1921 2127 1954 2160 in
1969 2127 2048 2166 hoc,
2065 2126 2150 2169 quod

1186 2181 1261 2214 dicit
1294 2180 1362 2220 hie,
1395 2184 1462 2214 tum
1495 2181 1526 2214 in
1559 2181 1637 2220 hoc,
1661 2180 1746 2223 quod
1777 2180 1851 2213 dicit
1882 2190 1994 2219 meus,
2019 2183 2086 2213 tum
2119 2180 2150 2212 in

1189 2384 1287 2410 corpus
1305 2384 1399 2409 suum,
1419 2376 1492 2410 quod
1511 2376 1545 2402 de
1565 2375 1661 2408 Spiritu
1681 2378 1771 2401 sancto
1799 2377 1956 2407 conceptum
1985 2377 2033 2400 est.
2061 2374 2090 2399 Et
2114 2374 2151 2399 in-

1189 2429 1297 2455 gressus
1317 2426 1356 2448 est
1374 2422 1401 2447 in
1420 2422 1572 2454 Aegyptum
1591 2420 1670 2446 huius
1688 2420 1780 2446 mundi
1800 2423 1849 2446 etc.

1260 2465 1272 2480 ⁶
1293 2467 1367 2493 Vers.
1388 2466 1431 2492 44.
1449 2479 1485 2486 —
1504 2466 1573 2492 loen.
1594 2465 1636 2491 44.
1655 2465 1737 2497 episc.
1756 2465 1877 2495 lerosol.,
1897 2464 1921 2489 in
1941 2463 2008 2489 libro
2029 2463 2062 2489 de
2081 2463 2152 2489 lusti-

1189 2511 1289 2538 tutione
1308 2512 1513 2542 monachorum,
1533 2517 1554 2536 c.
1576 2510 1618 2536 32.
1640 2509 1801 2543 (Bibliothec.
1822 2509 1927 2534 Petrum
1947 2511 1996 2533 etc.
2010 2515 2057 2540 per
2071 2508 2151 2539 Mnrg.

1188 2556 1222 2582 de
1241 2556 1264 2582 la
1284 2556 1379 2588 Bigne,
1399 2556 1479 2581 Paris.
1499 2555 1576 2580 4610.
1597 2558 1659 2580 tom.
1680 2554 1747 2585 Vlll,
1768 2560 1830 2586 pag.
1849 2553 1927 2586 778):
1949 2553 1996 2578 Pei·
2010 2553 2059 2578 hoc
2078 2559 2152 2577 nam-

1188 2608 1256 2634 que,
1275 2601 1348 2634 quod
1368 2601 1407 2626 ille
1426 2607 1493 2632 puer
1512 2600 1580 2625 Eliae
1605 2599 1684 2630 vidit,
1704 2599 1737 2625 de
1762 2598 1826 2624 mari
1855 2597 2012 2624 nubeculam
2042 2604 2151 2629 parvam

1189 2645 1264 2676 oriri,
1283 2645 1409 2670 revelavit
1434 2645 1504 2670 Deus
1531 2644 1612 2675 Eliae,
1632 2643 1704 2676 quod
1730 2642 1861 2675 quaedam
1889 2642 2013 2667 infantula
2043 2641 2151 2673 (scilicet

1189 2690 1219 2715 Β.
1240 2689 1346 2723 Maria),
1365 2696 1413 2722 per
1432 2689 1499 2714 illam
1519 2687 1678 2714 nubeculam
1699 2687 1845 2719 significata
1873 2691 1898 2712 et
1923 2686 2003 2712 instar
2022 2686 2089 2711 illius
2107 2693 2152 2711 nu-

1189 2733 1298 2760 beculae
1316 2740 1364 2766 per
1383 2733 1555 2759 humilitatem
1576 2739 1673 2765 parva,
1693 2736 1844 2757 nasceretur
1862 2731 1896 2757 de
1921 2732 2035 2756 numana
2060 2734 2151 2755 natura

1189 2779 1343 2811 peccatrice,
1372 2778 1507 2810 designata
1536 2785 1583 2810 per
1612 2784 1694 2802 mare.
1721 2777 1804 2809 Quae«
1823 2776 1945 2802 infantula
1974 2776 2025 2801 iam
2055 2775 2081 2800 in
2103 2781 2151 2800 suo

1189 2827 1247 2849 ortu
1268 2827 1337 2850 esset
1356 2823 1453 2849 munda
1474 2822 1508 2848 ab
1527 2822 1598 2848 omni
1618 2825 1787 2854 peccatorum
1807 2820 1902 2851 sorde,
1922 2819 2150 2852 quemadmodum

1189 2867 1319 2894 nubecula
1339 2868 1378 2894 illa
1398 2868 1446 2893 fuit
1464 2867 1498 2893 de
1517 2867 1583 2892 mari
1612 2872 1702 2891 amaro
1730 2865 1786 2890 sine
1814 2868 1901 2890 tamen
1925 2865 2010 2897 aliqua
2030 2864 2152 2889 amaritu-

1188 2913 1258 2938 dine.
1278 2912 1348 2938 Licet
1367 2918 1482 2945 numque
1501 2910 1629 2936 nubecula
1650 2910 1691 2935 illa
1711 2912 1779 2934 esset
1798 2908 1958 2940 originaliter
1977 2907 2094 2933 eiusdem
2110 2914 2152 2932 na-

1188 2960 1264 2983 turae
1283 2963 1343 2982 cum
1364 2956 1447 2985 mari,
1467 2955 1574 2981 alterius
1592 2958 1681 2980 temen
1701 2954 1749 2979 suit
1767 2953 1897 2986 qualitatis
1917 2953 2075 2985 alteriusque
2095 2959 2152 2983 pro-

1189 3001 1322 3033 prietatis;
1341 3007 1414 3026 mare
1433 3000 1534 3033 quippe
1552 2999 1733 3031 ponderosum
1762 3000 1801 3023 est
1829 3000 1854 3022 et
1881 3003 2020 3026 amarum,
2039 2996 2085 3021 sed
2106 3003 2151 3021 nu-

1189 3045 1280 3071 becula
1300 3045 1339 3070 illa
1359 3045 1425 3070 levis
1444 3044 1491 3070 ruit
1508 3047 1534 3070 et
1552 3043 1653 3070 dulcis:
1673 3043 1710 3068 sic
1729 3045 1779 3067 etc.

1260 3086 1271 3102 ⁹
1293 3089 1366 3114 vers.
1385 3088 1428 3114 24.
1447 3101 1482 3107 —
1500 3087 1551 3114 Cir.
1571 3088 1654 3112 Serin.
1677 3086 1718 3112 to.
1738 3086 1762 3111 in
1782 3084 1935 3117 Appendice
1948 3091 2026 3110 serm.
2039 3085 2150 3115 August.

1190 3131 1264 3165 (alias
1283 3133 1343 3158 201.
1363 3132 1397 3158 de
1415 3132 1558 3165 Tempore)
1572 3138 1599 3157 n.
1612 3131 1636 3162 5,
1650 3134 1675 3156 et
1689 3130 1762 3160 lsid.‚
1780 3130 1828 3162 Qq.
1842 3129 1868 3154 in
1882 3129 1920 3154 ΙΙΙ.
1934 3129 1997 3161 Reg.
2011 3136 2034 3154 c.
2048 3129 2073 3154 8.
2087 3135 2110 3153 n.
2127 3128 2150 3154 4.

1261 3174 1283 3190 ¹⁰
1302 3176 1377 3202 Vers.
1397 3176 1440 3202 51.

1261 3219 1282 3234 ¹¹
1303 3220 1416 3253 Vulgata
1435 3220 1530 3246 omittit
1548 3221 1653 3255 autem,
1673 3222 1699 3244 et
1717 3218 1852 3249 coniungit
1871 3218 1935 3243 haec
1953 3216 2036 3242 verba
2050 3216 2152 3243 inb-an—

1189 3263 1258 3292 tibus
1272 3263 1326 3291 illis
1339 3264 1368 3290 in
1380 3263 1478 3290 nubem
1491 3271 1552 3290 cum
1566 3262 1785 3296 praecedentibus
1798 3262 1823 3287 in
1843 3268 1868 3286 v.
1885 3260 1918 3286 34
1930 3270 1936 3286 ε
1950 3262 1975 3287 et
1987 3260 2149 3293 timuerunt,

1189 3313 1215 3336 et
1232 3301 1260 3336 ι).
1278 3309 1322 3335 35.
1342 3308 1432 3341 incipit
1450 3308 1484 3334 ab
1504 3309 1576 3335 istis:
1596 3308 1632 3335 Et
1648 3314 1703 3334 vooe
1716 3307 1789 3341 sacta
1808 3307 1847 3333 est
1864 3308 1912 3331 etc.
1932 3319 1968 3325 —
1988 3305 2104 3331 Subinde
2117 3305 2151 3330 al-

1188 3355 1290 3387 legatur
1309 3353 1387 3379 Exod.
1409 3352 1457 3384 24,
1478 3353 1520 3379 48.

1260 3396 1282 3412 ²*
1303 3397 1396 3423 Psalm.
1416 3397 1480 3430 ⁴09,
1500 3397 1524 3423 3.
