2476 3921
167 1110 215 1131 Mali
218 1110 285 1137 gnitas

152 1137 298 1158 insidiantium

161 1164 299 1190 quadruplex.

151 1375 269 1402 Malignitas
280 1375 301 1396 in

151 1402 304 1424 conveniendo.

317 272 381 304 564

315 359 374 392 viri
397 359 551 402 inquinati
575 363 606 393 et
628 360 861 393 abominabiles.
886 361 972 402 Quae
996 370 1071 403 ergo
1095 361 1156 393 erit
1183 360 1273 393 nobis

314 421 393 446 01113
415 411 452 445 de
476 413 598 455 reliquo
630 413 661 445 in
697 412 912 451 contumeliis,
936 417 1102 455 postquam
1127 413 1271 446 Christus

316 467 392 500 haec
414 475 526 508 passus
549 469 596 499 est
613 469 649 499 »2
675 466 733 498 Sed
758 466 848 500 multi
877 466 975 509 magis
999 469 1073 499 sunt
1098 466 1271 499 imitatores

316 518 516 557 Iudaeorum:
541 519 625 551 unde
649 519 729 551 Beda
743 520 772 551 ¹:
801 531 817 548 α
834 519 893 560 Qui
918 522 993 552 tunc
1017 528 1127 552 caesus
1150 522 1198 552 est
1221 527 1272 551 co-

315 572 416 614 laphis
438 565 624 604 ludaeorum
640 581 725 605 nunc
741 572 882 605 caeditur
898 572 1102 614 blasphemiis
1120 572 1271 605 falsorum

315 617 582 664 Christianorum,
605 628 636 658 et
668 625 722 667 qui
754 628 927 667 consputus
951 629 998 658 est
1033 625 1139 658 salivis
1162 625 1272 658 infide-

316 679 391 711 lium
410 687 501 715 >nunc
517 678 639 711 vesanis
655 678 834 721 opprobriis
851 678 990 711 fidelium
1006 679 1227 711 exhonoratur
1240 692 1270 710 n.

315 731 400 764 Unde
422 731 461 764 de
485 731 600 764 talibus
623 734 726 773 potest
749 731 879 773 intelligi
903 731 980 764 illud
998 731 1050 764 lob
1066 731 1226 773 trigesimo
1240 732 1271 763 2:

320 798 335 813 «
352 785 578 817 Α1101111113111111
602 793 651 817 me
674 788 705 817 et
729 784 820 827 longe
843 785 969 827 fugiunt
992 794 1010 817 a
1034 793 1083 817 me
1107 789 1138 817 et
1161 784 1271 818 faciem

316 847 417 871 meam
441 846 615 880 conspuere
638 847 700 871 non
725 841 877 871 verentur
890 850 921 877 »;
946 842 977 871 et
1010 838 1049 871 de
1073 838 1189 871 talibus
1212 838 1272 870 Au-

317 891 485 933 gustinus:
523 905 538 919 a
558 891 624 924 Non
660 891 765 924 minus
800 895 929 932 peccant
963 891 1017 933 qui
1053 892 1273 933 blasphemant

315 944 473 977 Christum
499 947 680 986 regnantem
704 945 737 976 in
760 944 853 977 caelis
877 954 972 987 quam
989 945 1110 984 Iudaei,
1127 945 1182 987 qui
1199 954 1272 977 cru-

316 997 486 1030 cifixerunt
509 997 721 1030 ambulantem
746 997 778 1029 in
802 998 896 1030 terris
913 1011 942 1030 ».

405 1050 456 1082 78.
482 1050 582 1090 (Ve'rs.
610 1050 686 1090 66.).
713 1050 752 1081 Et
776 1053 812 1081 ut
832 1048 947 1091 factus
962 1053 1009 1082 cst
1025 1050 1094 1082 dies
1111 1053 1169 1082 etc.
1188 1050 1273 1082 Post-

315 1111 408 1144 quam
433 1102 597 1143 descripsit
613 1101 813 1135 illudentium
829 1102 1051 1143 procacitatem
1063 1128 1070 1141 ,
1088 1102 1139 1135 hic
1155 1102 1273 1135 descri-

315 1155 360 1188 bit
384 1155 618 1188 insidiantium
641 1155 882 1197 maliynitatem
896 1155 919 1193 ³,
944 1159 975 1188 et
998 1156 1058 1188 hoc
1087 1155 1273 1197 quadrupli-

318 1208 412 1247 citer:
437 1209 469 1241 in
492 1208 728 1247 conveniendo,
753 1208 1009 1251 interrogando,
1034 1208 1226 1250 replicando
1243 1211 1274 1241 et

315 1260 550 1293 sententiando.

404 1313 507 1346 Primo
530 1322 605 1356 ergo
621 1316 776 1356 quantum
792 1314 832 1346 ad
847 1313 1089 1356 inaliynitatem
1106 1314 1143 1346 in
1159 1323 1273 1346 conve-

315 1366 434 1399 niendo
450 1366 541 1399 dicit:
561 1367 601 1399 Εἰ
613 1370 649 1399 ut
659 1366 773 1410 factus
785 1371 831 1400 cst
843 1367 923 1406 dies,
936 1371 1157 1400 convenerunt
1170 1367 1274 1400 senio-

316 1429 368 1452 res
387 1419 511 1462 plebis,·
534 1424 773 1459 convenerunt,
792 1420 920 1462 inquam
931 1446 939 1459 ,
956 1420 988 1452 in
1006 1430 1105 1453 unum
1122 1421 1161 1453 ad
1178 1430 1274 1453 unam

316 1473 466 1506 malitiam
491 1473 785 1512 consummandam,
810 1468 983 1506 secundum
1009 1473 1087 1506 illud
1116 1474 1228 1506 Psalmi
1245 1474 1273 1506 4:

321 1539 336 1555 «
350 1526 507 1568 Principes
531 1530 746 1559 convenerunt
769 1527 801 1559 in
818 1536 919 1559 unum
936 1527 1089 1560 adversus
1105 1527 1273 1560 Dominum

315 1582 346 1612 et
367 1579 519 1613 adversus
542 1580 703 1612 Christum
727 1580 795 1613 eius
813 1594 842 1612 n.
868 1580 944 1613 Nam
960 1580 998 1613 de
1015 1581 1185 1614 Behemoth
1202 1580 1275 1614 dici-

316 1637 369 1665 tur
392 1633 444 1666 lob
476 1633 716 1675 quadragesimo
747 1633 867 1676 primo:
897 1633 1051 1676 «Corpus
1083 1634 1151 1667 eius
1183 1634 1274 1676 quasi

316 1690 405 1720 scuta
428 1687 549 1727 fusilia,
574 1690 770 1729 compactum
796 1688 935 1729 squamis
959 1696 992 1720 se
1009 1686 1227 1730 prementibus
1242 1701 1273 1720 ».

316 1759 356 1764 —
382 1740 417 1773 Et
440 1740 515 1782 quia
538 1749 622 1773 unus
645 1740 748 1773 malus
782 1740 938 1782 pertrahit
962 1741 1096 1774 alterum
1122 1741 1160 1773 ad
1185 1741 1273 1773 mali—

315 1793 407 1832 tiam,
432 1793 500 1826 ideo
524 1793 647 1826 subdit:
674 1794 714 1826 Et
732 1793 904 1836 principes
919 1794 1130 1826 sacerdotum
1146 1798 1174 1826 ct
1190 1794 1274 1826 scri—

316 1846 374 1878 bae
396 1846 449 1878 et⁵
473 1846 643 1879 duxerunt
677 1846 773 1879 ittam
800 1847 837 1879 in
868 1847 1046 1879 concilium
1069 1857 1188 1885 suum;
1212 1847 1274 1879 du—

315 1903 454 1938 merunt,
479 1899 626 1941 inquam,
650 1908 713 1932 non
737 1899 776 1932 ad
800 1899 1022 1939 iudicandum,
1039 1901 1093 1933 sed
1110 1900 1148 1933 ad
1165 1901 1273 1933 obser-

316 1952 465 1991 vandum,
482 1950 656 1985 secundum
668 1952 747 1985 illud
764 1952 874 1986 Psalmi
887 1953 918 1985 ⁶:
941 1966 956 1982 a
969 1953 1123 1995 Quoniam
1140 1954 1275 1987 circum-

315 2006 470 2039 dederunt
493 2014 544 2038 me
579 2014 672 2038 canes
707 2006 816 2045 multi,
841 2006 1008 2039 concilium
1032 2007 1273 2049 malignantium

316 2059 437 2092 obsedit
460 2068 511 2092 me
527 2072 558 2090 n.
583 2059 619 2092 Et
642 2059 675 2091 in
699 2059 828 2093 consilio
852 2060 1009 2093 denudata
1025 2063 1073 2093 est
1091 2060 1207 2093 malitia
1224 2069 1276 2093 eo-

316 2121 390 2145 rum
421 2113 561 2152 occulta,
586 2122 681 2155 quam
713 2116 824 2146 contra
854 2113 1015 2147 Christum
1048 2117 1275 2156 conceperant,

317 2165 490 2198 secundum
506 2166 584 2199 illud
600 2166 842 2199 Proverbiorum
858 2166 1008 2209 vigesimo
1032 2170 1124 2200 sexto
1138 2167 1165 2199 ⁷:
1187 2179 1202 2195 «
1216 2167 1275 2208 Qui

317 2218 418 2260 operit
440 2218 547 2252 odium
570 2219 806 2259 fraudulenter,
830 2220 1042 2253 denudabitur
1066 2220 1185 2253 malitia
1207 2221 1276 2253 eius

317 2271 349 2303 in
373 2272 501 2305 consilio
516 2285 547 2305 ».
572 2273 608 2305 Et
631 2273 700 2306 ideo
724 2273 872 2307 Ieremiae
895 2273 1015 2307 decimo
1038 2277 1166 2307 octavo:
1188 2275 1275 2314 «Tu,

318 2324 464 2363 Domine,
488 2325 549 2358 scis
572 2334 663 2358 omne
695 2326 861 2359 consilium
891 2335 1002 2360 eorum
1026 2327 1197 2361 adversum
1225 2337 1276 2361 me

318 2377 349 2409 in
372 2381 525 2417 mortem:
547 2387 587 2411 ne
610 2379 791 2421 propitieris
814 2379 971 2422 iniquitati
996 2389 1125 2420 eorum,
1149 2384 1181 2414 et
1204 2390 1277 2423 pec-

318 2432 423 2462 catum
446 2439 556 2463 eorum
580 2440 599 2463 a
622 2431 699 2464 facie
722 2436 777 2465 tua
799 2442 862 2465 non
885 2433 1029 2466 deleatur
1046 2447 1076 2466 ι),
1102 2434 1137 2467 Et
1153 2434 1213 2467 hoc
1229 2437 1276 2467 est

318 2482 403 2524 quod
425 2483 541 2516 dicitur
565 2484 659 2517 Marci
683 2484 805 2518 decimo
821 2486 979 2528 quarto⁸z
1003 2500 1018 2515 a
1034 2487 1154 2519 Summi
1172 2496 1275 2520 sacer-

390 2673 399 2688 ¹
420 2673 490 2699 Libr.
509 2674 552 2699 lV.
570 2674 597 2700 in
616 2675 692 2701 Marc.
714 2675 761 2708 14,
781 2676 830 2707 65,
849 2676 895 2702 ubi
913 2677 991 2703 etiam
1019 2679 1109 2704 Glossa
1134 2679 1276 2706 ordinaria

319 2719 383 2743 haec
402 2717 483 2743 verba
502 2719 654 2751 affert;cs1·.
683 2722 735 2745 tam
764 2720 834 2746 Beda
861 2728 942 2754 quam
970 2722 1060 2748 Glossa
1089 2722 1233 2750 ordinaria
1252 2724 1278 2749 in

320 2762 407 2787 matth.
427 2763 474 2793 26,
495 2762 536 2788 67.
556 2766 581 2788 et
600 2763 626 2788 in
644 2764 708 2789 Luc.
728 2765 776 2795 22,
796 2765 838 2790 63.
1118 2772 1121 2778 =

390 2804 400 2819 ²
422 2806 494 2831 Vers.
515 2806 563 2839 10,
583 2806 630 2832 11111
657 2814 707 2839 pro
730 2807 840 2841 fugiunt
867 2808 982 2834 ACDG
1010 2809 1207 2843 fuqeruntx—
1226 2811 1278 2836 Au-

321 2853 398 2881 gust„
417 2851 530 2876 Enarrat.
552 2851 579 2876 in
597 2851 638 2877 Ps.
658 2852 700 2877 68.
720 2858 799 2877 serm.
819 2852 844 2877 2.
863 2859 888 2877 n.
908 2852 938 2878 6:
958 2853 1041 2878 Minus
1060 2853 1131 2879 enim
1151 2861 1279 2886 peccave-

319 2897 380 2920 runt
398 2895 486 2921 Iudaei
503 2895 686 2927 crucifigentes
705 2896 730 2921 in
750 2898 818 2922 terra
836 2895 1030 2928 ambulantem,
1055 2904 1137 2931 quam
1156 2899 1202 2932 qui
1221 2906 1279 2925 con·

320 2942 439 2965 temnunt
456 2940 482 2965 in
502 2940 573 2966 caelo
592 2940 737 2966 sedentem.

391 2982 401 2997 ⁸
420 2982 471 3010 Cfr.
491 2991 571 3016 supra
589 2991 615 3009 n.
634 2984 678 3010 75.
706 3017 708 3019 Ι

390 3027 401 3041 ⁴¹
421 3027 514 3053 psalm.
534 3029 562 3059 2,
582 3028 674 3059 2,·cui
693 3027 857 3054 subnectitur
875 3028 921 3055 lob
949 3029 977 3055 41
994 3048 1000 3060 ,
1020 3030 1045 3055 6.
1066 3029 1125 3062 (pro
1144 3036 1172 3057 se
1196 3030 1279 3057 CDG

319 3071 395 3105 sese).

391 3114 402 3129 ⁶
420 3114 504 3142 Codd.
525 3115 607 3143 ACD
626 3117 748 3143 omittunt
764 3118 806 3151 et,·
825 3116 937 3144 subinde
962 3125 1012 3150 pro
1031 3117 1175 3145 concilium
1194 3117 1213 3145 C
1225 3118 1278 3145 ΠΗ

320 3159 471 3187 consilium.
491 3174 526 3180 --
544 3161 634 3187 Glossa
663 3161 845 3189 interlinearis
874 3162 914 3195 (ex
933 3163 1048 3195 Hieron„
1068 3163 1110 3189 lV.
1129 3162 1278 3190 Comment.

321 3205 347 3230 in
367 3205 452 3231 Matth.
473 3205 519 3237 27,
541 3206 590 3239 l.):
611 3206 643 3233 Et
662 3208 691 3233 ut
709 3206 797 3241 factus
816 3208 855 3234 est
873 3207 928 3234 dies
955 3211 1014 3239 etc„
1034 3208 1095 3234 vide
1113 3215 1194 3241 quam
1213 3209 1278 3234 solli-

321 3248 362 3275 citi
383 3249 409 3274 in
428 3250 511 3281 malo,
531 3252 582 3276 tota
601 3254 677 3276 nocte
705 3251 894 3283 vigilaverunt,
915 3254 943 3278 ut
962 3253 1076 3279 tacerent
1095 3252 1277 3279 homicidium.

391 3293 403 3309 ⁶
422 3295 514 3320 Psalm.
533 3295 582 3328 21,
602 3295 643 3321 17.
661 3309 697 3315 -
716 3296 823 3322 interius
847 3296 896 3329 pro
926 3297 961 3324 Et
988 3296 1016 3323 in
1035 3296 1147 3324 consilio
1166 3297 1226 3324 vat.
1245 3298 1279 3324 Et

321 3338 349 3365 in
368 3338 488 3366 concilio.

392 3382 402 3397 ‘⁷
423 3384 497 3410 Vers.
515 3384 562 3417 26,
582 3387 642 3417 post
660 3391 740 3418 quem
760 3386 807 3412 ier.
828 3386 875 3417 18,
896 3386 940 3411 23.

392 3425 403 3441 ⁸
423 3428 499 3455 Vers.
517 3428 565 3459 55,
584 3427 629 3455 ubi
648 3436 696 3461 pro
716 3428 860 3457 concilium
878 3429 898 3457 C
908 3430 930 3456 D
948 3429 1099 3458 oon-sitium.

893 271 1087 305 COMMENT.
1112 272 1149 305 IN
1174 272 1412 306 EVANGELIUM
1436 273 1553 306 LUCAE
1579 273 1610 305 C.
1634 273 1721 305 XXII.

1336 360 1423 393 dotes
1447 364 1477 393 et
1500 370 1592 394 omne
1609 361 1774 393 concilium
1792 362 1986 403 quaerebant
2009 362 2162 396 adversus
2190 363 2292 396 Iesum

1337 413 1567 453 testimonium,
1592 417 1629 446 ut
1652 423 1724 447 eum
1750 415 1843 447 morti
1868 415 2075 448 traderent».

1426 460 1477 498 79.
1503 467 1646 499 Secundo
1669 470 1824 509 quantum
1848 467 1886 499 ad
1910 467 2152 510 matiynitatem
2168 469 2204 501 in
2216 479 2293 512 per·
2307 477 2400 502 neuma
2410 455 2464 505 per-l

1335 520 1496 563 quirendo
1528 520 1692 552 subditur:
1719 520 1885 552 Dicentcs:
1911 521 1948 553 Si
1968 522 2018 553 ‘tu
2054 531 2087 553 es
2121 520 2292 561 Christus,

1335 574 1389 606 (tic
1412 573 1514 606 nobis.
1540 574 1601 606 Hoc
1636 583 1698 606 non
1722 577 1898 616 quaerunt,
1932 577 1968 607 ut
1998 574 2215 615 instruantur,
2240 576 2295 608 sed

1336 630 1372 666 ut
1395 626 1599 666 insidientur;
1624 627 1708 659 unde
1731 627 1880 660 Glossa⁹:
1911 641 1926 655 «
1943 628 2009 660 Non
2025 628 2189 661 veritatem
2214 628 2295 661 desi-

1335 679 1464 718 derant,
1489 680 1542 712 sed
1566 680 1755 712 calumniam
1778 683 1908 722 parant,
1932 684 1987 719 ut,
2016 680 2041 713 si
2072 681 2207 714 diceret:
2233 682 2294 724 Ego

1336 741 1406 765 sum
1439 732 1600 772 Christus,
1638 733 1926 772 calumniarentur,
1963 734 2048 775 quod
2082 734 2140 766 sibi
2176 735 2294 777 regiam

1336 788 1519 826 potestatem
1543 789 1753 827 arrogaret».
1779 786 1840 818 Hoc
1876 786 2071 828 quaerebant
2096 786 2217 819 loannis
2240 787 2294 820 de-

1336 838 1417 870 cimo
1430 837 1474 870 ¹⁰:
1504 851 1519 866 «
1532 838 1814 871 Circumdederunt
1831 848 1902 871 eum
1922 839 2025 872 ludaei
2042 842 2072 872 et
2088 839 2232 872 dicebant
2247 840 2293 873 ei:

1336 891 1366 923 Si
1389 894 1423 923 tu
1447 900 1481 924 es
1504 891 1668 930 Christus,
1693 892 1743 924 dic
1767 892 1857 925 nobis
1882 892 1984 934 palam
2001 906 2032 924 ».

1425 945 1477 976 80.
1503 945 1604 985 (Vers.
1631 945 1706 985 67.).
1724 945 1803 978 Haec
1819 949 1926 978 autem
1942 946 2118 988 malignitas
2135 946 2295 979 Christum

1336 1006 1398 1029 non
1423 997 1556 1036 latebat,
1581 1001 1612 1030 et
1636 998 1705 1030 ideo
1729 998 1873 1030 additur:
1900 999 1938 1030 Et
1963 999 2012 1031 ait
2035 998 2119 1031 illis:
2146 999 2183 1031 Si
2204 999 2296 1032 vobis

1336 1050 1464 1089 cliaeero,
1488 1060 1555 1083 non
1579 1051 1715 1083 credetis
1746 1051 1850 1089 mila]
1875 1061 1916 1084 ex
1946 1062 2010 1094 quo
2035 1056 2183 1094 apparet,
2212 1052 2297 1095 quod

1336 1103 1488 1145 quaeritis
1504 1106 1542 1136 ut
1556 1103 1730 1136 increduli.
1755 1105 1840 1137 Unde
1865 1105 1986 1138 Ioannis
2002 1105 2122 1138 decimo
2136 1107 2180 1138 11:
2209 1119 2224 1134 «
2240 1106 2296 1139 Lo-

1337 1165 1418 1198 quor
1444 1156 1548 1195 vobis,
1572 1159 1604 1189 et
1626 1166 1688 1189 non
1713 1157 1855 1197 creditis;
1877 1167 1990 1200 opera,
2016 1168 2097 1200 quae
2121 1168 2178 1201 ego
2201 1159 2295 1199 facio,

1338 1209 1415 1242 haec
1450 1206 1663 1242 testimonium
1699 1211 1867 1252 perhibent
1902 1212 1940 1244 de
1963 1221 2023 1245 me.
2050 1212 2109 1245 Sed
2144 1221 2199 1246 vos
2234 1222 2297 1246 non

1338 1262 1483 1301 creditis,
1508 1262 1583 1304 quia
1606 1272 1668 1295 non
1692 1264 1766 1296 est-is
1790 1272 1831 1296 ex
1856 1264 1968 1297 ovibus
1992 1265 2070 1298 meis
2087 1279 2117 1298 n.

1427 1316 1480 1348 81.
1506 1315 1607 1357 (Vers.
1634 1317 1710 1356 68).
1730 1317 1767 1349 Si
1782 1321 1893 1350 autem
1908 1319 1933 1337 ¹2
1950 1318 2214 1361 interrogavero,
2231 1329 2298 1352 non

1338 1368 1682 1410 respondebitis'milei
1711 1379 1812 1413 neque
1836 1371 2029 1409 dimittetis,-
2053 1381 2152 1414 quare
2181 1372 2297 1414 liquet,

1338 1421 1423 1463 quod
1453 1422 1605 1464 quaeritis
1641 1426 1677 1455 ut
1712 1423 1836 1455 discoli.
1867 1424 1953 1456 Unde
1976 1423 2138 1457 Glossa¹³z
2169 1426 2298 1467 «Saepe

1337 1473 1481 1513 dixerat,
1506 1483 1539 1507 se
1562 1484 1630 1508 esse
1653 1475 1832 1515 Christum,
1857 1476 2108 1519 interrogaverat
2123 1477 2216 1509 etiam
2233 1486 2296 1516 eos,

1338 1527 1495 1570 quomodo
1530 1527 1670 1561 dicerent
1701 1529 1862 1562 Christum
1898 1530 1998 1562 filium
2034 1531 2149 1570 David;
2174 1531 2228 1564 sed
2252 1531 2297 1563 illi

1338 1589 1396 1613 nec
1420 1580 1535 1613 dicenti
1559 1581 1688 1614 credere
1712 1591 1769 1615 nec
1794 1583 1999 1625 interroganti
2018 1584 2224 1626 respondere,
2242 1593 2299 1617 nec

1338 1642 1411 1666 eum
1435 1634 1488 1676 qui
1514 1633 1664 1668 innoxius
1686 1639 1772 1675 erat,
1797 1636 1954 1669 dimittere
1978 1637 2123 1670 volebant
2140 1650 2170 1677 »;
2202 1647 2299 1679 supra

1338 1688 1488 1730 vigesimo
1501 1689 1546 1731 ¹43
1576 1701 1589 1717 «ι
1608 1689 1769 1734 Quomodo
1793 1689 1919 1729 dicunt,
1936 1690 2097 1723 Christum
2114 1691 2213 1724 filium
2231 1700 2300 1724 esse

1339 1741 1436 1774 David
1453 1744 1492 1773 »¹2

1428 1795 1480 1827 82.
1507 1795 1608 1834 (Vers.
1635 1796 1710 1837 69.).
1740 1796 1783 1828 Ne
1815 1799 1918 1829 tamen
1950 1796 2112 1830 videretur
2145 1806 2299 1839 quaerere

1339 1848 1591 1891 subterfugium,
1616 1849 1784 1891 respondet
1808 1850 1992 1889 veritatem,
2017 1859 2088 1882 cum
2106 1850 2229 1883 subdit:
2248 1851 2298 1882 Em

1339 1900 1398 1934 hoc
1422 1905 1532 1934 autem
1567 1902 1629 1934 erit
1664 1902 1773 1934 Filius
1804 1902 1947 1935 lzonzinis
1978 1903 2091 1935 sedens
2120 1913 2141 1936 a
2173 1904 2300 1936 dextris

1339 1955 1475 1987 virtutis
1500 1955 1578 1993 Dei‚·
1601 1965 1641 1987 ex
1666 1954 1743 1994 hoc,
1768 1956 1799 1988 id
1823 1959 1870 1988 est
1893 1960 1963 1998 post
1986 1957 2067 1989 hanc
2103 1957 2296 1998 passionem,

1340 2008 1513 2040 secundum
1538 2008 1616 2041 illud
1639 2008 1677 2040 ad
1703 2009 1916 2051 Philippenses
1944 2009 2081 2042 secundo
2095 2010 2140 2042 ¹⁵:
2163 2023 2178 2039 «
2194 2010 2301 2042 Humi-

1340 2061 1426 2094 liavit
1450 2061 1673 2104 semetipsum3
1698 2067 1827 2104 propter
1851 2063 1935 2105 quod
1971 2067 2001 2096 et
2037 2064 2121 2097 Deus
2149 2063 2301 2097 exaltavit

1339 2114 1462 2147 illum»
1491 2117 1549 2148 etc.
1580 2116 1607 2148 A
1641 2116 1786 2155 dextris,
1818 2116 1849 2149 id
1873 2119 1921 2149 est
1952 2117 2108 2159 aequaIis3
2142 2117 2299 2150 Psalmus:

1346 2180 1361 2196 «
1378 2167 1466 2200 Dixit
1490 2168 1641 2201 Dominus
1657 2169 1789 2202 Domino
1805 2178 1893 2202 meo:
1912 2170 1988 2203 Sede
2004 2180 2023 2203 a
2038 2170 2161 2203 dextris
2179 2171 2256 2203 meis
2268 2182 2299 2210 »3

1340 2224 1371 2254 et
1387 2221 1425 2254 ad
1442 2221 1598 2255 Hebraeos
1613 2222 1732 2264 primo:
1755 2235 1771 2251 «
1788 2223 1862 2265 Qui,
1880 2232 1952 2256 cum
1968 2223 2008 2257 sit
2025 2224 2171 2266 splendor
2183 2224 2301 2266 gloriae

1340 2276 1372 2306 et
1388 2274 1490 2316 figura
1507 2274 1700 2308 substantiae
1713 2275 1781 2308 eius
1794 2278 1986 2319 portansque
2002 2277 2107 2311 omnia
2123 2277 2220 2310 verbo
2237 2277 2300 2309 vir-

1340 2327 1417 2360 tutis
1434 2336 1523 2367 suae,
1540 2328 1627 2361 sedet
1642 2328 1680 2361 ad
1697 2328 1861 2362 dexteram
1886 2330 2052 2363 Maiestatis
2068 2330 2099 2362 in
2118 2330 2251 2363 excelsis
2268 2343 2298 2362 ».

1429 2380 1482 2414 83.
1509 2381 1610 2423 (Vers.
1635 2382 1712 2423 70.).
1737 2382 1842 2415 Tertio
1866 2386 2021 2425 quantum
2045 2383 2083 2415 ad
2107 2383 2300 2426 inaliynitct-

1340 2437 1401 2466 tem
1415 2434 1451 2467 in
1463 2434 1654 2477 replicando
1667 2435 1864 2478 adiungitur:
1877 2436 2041 2469 Dixeritne
2052 2440 2162 2469 autem
2172 2445 2298 2469 omnes:

1348 2488 1397 2520 Ta
1428 2498 1461 2520 es
1490 2498 1568 2531 eryo
1600 2488 1711 2521 Filius
1743 2488 1825 2521 Dei?
1849 2489 1910 2522 Hoc
1934 2490 2025 2531 quasi
2049 2490 2241 2523 concludunt
2270 2493 2300 2522 et

1411 2679 1422 2695 ⁹
1441 2681 1543 2706 Scilicet
1562 2680 1705 2707 ordinaria
1731 2680 1771 2714 (ex
1800 2681 1880 2714 Beda)
1901 2681 1927 2706 in
1957 2682 2019 2707 Luc.
2040 2683 2087 2714 22,
2107 2683 2150 2707 66.
2170 2683 2229 2708 Post
2256 2689 2301 2716 pa-

1340 2726 1406 2751 rant
1424 2728 1508 2751 textus
1526 2725 1660 2757 originalis
1679 2725 1753 2756 plura
1773 2716 1854 2751 addit.

1413 2768 1435 2783 ¹⁰
1457 2770 1529 2794 Vers.
1549 2769 1592 2794 24.
1611 2770 1659 2794 Pro
1679 2771 1703 2795 et
1721 2768 1844 2796 dicebant
1860 2769 1885 2796 ei
1901 2769 1920 2795 C
1933 2770 1953 2795 D
1971 2769 2095 2797 dicentes.

1413 2812 1434 2827 ¹¹
1456 2813 1530 2838 Vers.
1550 2814 1591 2839 25.
1612 2816 1637 2838 ct
1657 2814 1700 2838 26.

1414 2856 1436 2871 ¹²
1455 2858 1482 2882 ln
1501 2857 1613 2888 Vulgata
1632 2857 1737 2883 additur
1756 2859 1789 2884 et.

1414 2899 1436 2915 1³
1456 2901 1557 2926 Scilicet
1575 2900 1718 2927 ordinaria
1739 2901 1780 2934 (ex
1799 2902 1880 2935 Beda)
1900 2902 1927 2927 in
1946 2903 2007 2929 Luc.
2023 2903 2071 2935 22,
2085 2903 2129 2929 67.
2141 2903 2202 2930 Post
2214 2903 2301 2930 David

1343 2947 1425 2971 textus
1444 2945 1577 2976 originalis
1595 2945 1669 2971 addit
1687 2951 1749 2972 cum
1768 2952 1830 2972 eum
1848 2945 1936 2973 David
1955 2946 2103 2973 Dominum
2115 2949 2189 2975 vocet
2201 2947 2300 2982 [Matth.

1343 2989 1391 3020 22,
1412 2989 1455 3015 43.
1473 2991 1499 3014 et
1516 2989 1579 3014 Luc.
1607 2989 1650 3020 20,
1671 2988 1740 3023 415.],
1759 2991 1790 3016 ut
1816 2989 1864 3024 per
1888 2989 1938 3017 hoc
1965 2989 2002 3017 ad
2025 2990 2188 3018 credendum
2215 2992 2301 3019 Deum

1339 3035 1509 3067 provocaret.

1414 3077 1436 3092 ¹⁴
1456 3078 1530 3103 Vers.
1551 3077 1593 3103 41.
1613 3076 1709 3103 Codd.:
1722 3084 1810 3112 supra
1822 3077 1966 3112 vigesimo:
1982 3079 2054 3112 Quid
2065 3079 2139 3107 vobis
2152 3080 2256 3108 videtur
2269 3080 2301 3108 de

1343 3120 1449 3148 Christo
1461 3123 1474 3148 ‚⁹
1504 3121 1586 3148 Cuius
1610 3121 1683 3156 filius
1711 3123 1751 3149 est
1786 3125 1835 3148 etc.
1868 3122 1914 3156 (ita
1945 3130 1998 3150 non
2029 3124 2101 3156 Luc„
2130 3125 2177 3151 sed
2212 3125 2301 3151 Matth.

1343 3166 1391 3197 22,
1412 3165 1474 3198 42).

1413 3208 1436 3223 ¹⁶
1456 3210 1530 3236 Vers.
1550 3210 1575 3235 8.
1594 3212 1619 3235 et
1637 3210 1662 3235 9.
1683 3224 1716 3229 -—-
1736 3211 1793 3237 Duo
1811 3218 1886 3245 seqq.
1905 3212 1954 3238 loci
1970 3215 2030 3238 sunt
2048 3213 2091 3239 Ps.
2110 3213 2173 3246 109,
2194 3214 2219 3239 1.
2238 3215 2299 3247 (011.

1341 3260 1422 3285 supra
1440 3260 1463 3280 c.
1484 3254 1526 3279 20.
1545 3261 1570 3279 n.
1591 3253 1643 3287 48.)
1663 3257 1689 3280 et
1707 3253 1785 3280 Hebr.
1806 3255 1835 3287 1,
1856 3256 1879 3282 3.
1899 3268 1935 3276 -—
1953 3257 2043 3283 Glossa
2062 3256 2245 3284 interimetur&
2260 3257 2300 3290 (ex

1341 3298 1437 3331 Beda):
1456 3298 1501 3324 Ex
1519 3297 1569 3324 hoc
1587 3300 1678 3325 autem
1696 3299 1748 3325 erit
1770 3299 1856 3327 Filius
1876 3299 2006 3333 hominis,
2028 3308 2088 3333 ego,
2108 3308 2188 3334 quem
2207 3304 2236 3327 ut
2255 3302 2299 3327 ho-

1342 3342 1439 3368 minem
1459 3342 1604 3374 despicitis,
1624 3349 1672 3375 per
1699 3343 1858 3376 supplicium
1886 3345 1971 3371 crucis
1998 3352 2044 3371 ero
2068 3346 2195 3372 exaltatus
2212 3348 2238 3371 et
2257 3346 2298 3371 ha-

1342 3385 1408 3413 bens
1426 3393 1536 3419 nomen,
1560 3386 1632 3421 quod
1649 3389 1688 3414 est
1706 3395 1788 3422 super
1806 3395 1885 3415 omne
1903 3396 2001 3417 nomnen
2013 3389 2092 3424 [Phil.
2105 3392 2135 3422 2,
2148 3390 2194 3424 9.],
2207 3389 2300 3418 cedens

1341 3437 1359 3457 a
1377 3429 1481 3458 dextris
1500 3430 1607 3458 virtutis
1626 3431 1690 3464 Dei,
1710 3439 1771 3458 cum
1790 3433 1910 3460 infirmus
1928 3441 2082 3467 appaream.

2319 504 2429 531 quii-endo.
2463 512 2464 515 ¹

2314 954 2422 980 Quaerunt
2435 956 2457 976 ut

2328 981 2439 1003 increduli.

2316 1432 2344 1453 Ut
2358 1431 2439 1453 discoli.

2319 1804 2436 1831 Responsio

2332 1831 2418 1853 Christi.

2318 2391 2380 2415 Item,
2396 2390 2418 2410 in
2432 2394 2463 2410 re-

2331 2416 2438 2444 plicando.
