2427 3872
316 276 381 308 748

603 317 668 342 EVA

316 363 441 396 Spiritum
469 364 603 393 sanctum,
632 368 686 386 non
715 362 832 386 10001331
854 360 908 385 vim
928 360 954 384 in

316 406 461 432 verborum
479 405 663 434 similitudine,
676 404 723 430 sed
737 404 763 429 in
777 404 953 429 intellectuum

317 451 463 477 sinceritate
484 450 533 475 416
548 449 581 475 27
595 463 630 468 -
644 448 792 480 procedunt
810 448 890 474 modo
903 454 956 473 cer·

317 495 444 520 titudinali
465 494 510 519 241
535 494 550 519 6
570 508 605 511 -
624 494 652 518 13
676 493 765 525 aliquo
790 492 954 524 Evangelista

317 539 365 564 suit
383 538 480 571 aliquid
500 537 666 567 addendum,
685 537 731 562 sed
746 536 807 562 nihil
825 537 956 567 corrigen-

316 582 380 608 dum
401 582 450 607 243
471 582 486 606 9
505 595 541 600 -
560 580 708 606 Substantia
733 580 808 612 fidei,
827 582 955 612 quantum

315 626 419 655 sufficit,
438 625 583 651 continetur
602 625 628 650 in
647 624 765 657 quolibet
783 624 956 655 Evangelista-

316 677 375 695 rum
396 669 446 695 242
467 669 481 694 9
502 668 530 694 2*
549 683 584 687 —-—
603 675 655 694 non
675 668 762 694 omnia
776 671 889 699 narrant,
909 668 956 693 sed

316 714 395 739 fldem
423 713 562 739 aedificant
590 713 641 738 516
668 713 696 738 61
725 727 761 731 ——
779 719 830 738 non
850 715 957 738 servant

316 758 424 784 omnino
442 758 538 783 seriem
563 757 601 782 rei
629 760 731 789 gestae,
750 757 796 782 sed
826 764 858 782 00
877 756 956 782 modo

317 805 435 833 narrant,
455 808 509 834 quo
529 801 614 832 magis
634 801 694 826 facit
712 801 746 826 ad
765 808 829 826 suae
842 800 957 826 intentio-

318 846 359 871 nis
378 845 589 877 prosecutionem
610 845 650 870 Vll
672 845 720 870 123
742 845 774 870 39

371 904 406 908 -
425 890 532 915 01113130
551 889 621 914 idem
641 889 754 914 sentiunt
775 889 806 913 Vl
820 888 871 913 242
891 889 906 913 9
928 887 955 912 1*

319 948 353 951 -
371 934 397 958 111
416 932 533 966 quolibet
560 933 783 964 Evangelistarum
812 932 957 957 substantia

318 977 393 1009 ssdei,
412 980 540 1009 quantum
559 977 667 1007 sufficit,
687 976 843 1007 continetur,
862 976 909 1001 sed
923 978 957 1001 13-

317 1028 379 1046 men
407 1021 448 1046 alii
477 1028 528 1046 non
557 1021 722 1052 superfluunt
746 1019 781 1045 ib.
800 1019 829 1045 2*
847 1033 883 1039 ·--
911 1019 957 1045 ubi

317 1069 476 1090 concurrunt
496 1065 520 1089 in
546 1065 615 1090 idem
640 1064 815 1094 narrandum,
833 1071 886 1089 non
905 1063 958 1089 dis-

316 1109 425 1135 cordant
443 1108 477 1134 ib.
498 1108 525 1134 t*
545 1123 578 1126 —
597 1115 651 1133 non
670 1108 778 1133 omnino
797 1107 903 1133 diversa
922 1107 958 1133 di-

317 1156 380 1178 cunt
407 1160 455 1178 nec
483 1152 591 1178 omnino
619 1152 703 1183 idem,
735 1155 764 1177 ut
794 1154 894 1177 certum
925 1151 959 1177 sit

317 1197 493 1223 testimonium
513 1199 539 1222 et
556 1196 620 1221 nihil
648 1196 681 1221 sit
708 1196 887 1227 superfluum
911 1195 958 1221 scd

316 1241 403 1274 aliqua
423 1244 529 1266 narrant
546 1240 725 1272 singulariter,
739 1240 827 1272 aliqua
840 1247 958 1265 commu-

317 1286 396 1316 niter,
415 1285 484 1310 nulla
504 1291 568 1310 vero
587 1284 743 1309 discorditer
762 1283 796 1309 ib.
818 1285 833 1309 9
848 1298 882 1302 —
901 1284 956 1309 Non

317 1333 356 1355 est
374 1329 546 1361 repugnantia
566 1328 631 1353 inter
650 1335 696 1354 eos
715 1328 758 1353 Vll
779 1328 824 1353 101
848 1328 956 1353 50.118

319 1374 362 1399 23.
382 1373 431 1398 123
452 1373 494 1398 39.
516 1373 565 1398 138
590 1373 619 1397 16

371 1432 406 1435 -
425 1417 573 1450 Aliquando
593 1424 661 1442 unus
680 1417 842 1448 Evangeiista
856 1416 956 1449 aliquid

318 1462 382 1487 dicit
399 1461 544 1487 secundum
565 1461 659 1486 seriem
679 1461 814 1493 historiae,
833 1461 896 1486 alter
910 1468 956 1493 per

318 1506 557 1537 recapitulationem
587 1505 618 1530 Vl
648 1505 698 1530 412
720 1506 747 1530 11
773 1519 805 1523 --
825 1505 956 1531 interdum

320 1557 388 1575 unus
407 1549 569 1580 Evangelista
597 1549 691 1575 omittit
720 1549 793 1582 quod
813 1550 876 1575 alter
895 1549 958 1575 dicit

319 1593 382 1620 ibid.
401 1593 451 1619 416
472 1593 505 1618 27
525 1593 553 1618 2*
573 1607 606 1612 --
629 1594 789 1626 Frequenter
809 1601 876 1619 unus
896 1594 958 1619 dicit

318 1638 390 1671 quod
409 1639 473 1663 alter
492 1638 588 1663 omittit
607 1638 658 1663 320
679 1639 712 1663 12
731 1653 766 1656 —
786 1645 839 1664 non
860 1638 958 1664 faciunt

319 1682 374 1707 vim
394 1682 553 1715 innminutiis
572 1681 606 1708 ib.
627 1682 660 1707 15
679 1695 714 1701 -
739 1689 807 1708 3335
827 1682 957 1708 interdum

319 1734 371 1752 uon
390 1727 493 1752 curavit
511 1730 594 1752 totum
613 1726 715 1757 dicere,
728 1727 790 1759 quia
804 1727 870 1752 alius
888 1727 959 1752 dixe-

318 1774 358 1796 rat
377 1770 428 1796 416
459 1770 491 1796 27
521 1785 555 1788 -
585 1771 638 1796 11105
666 1773 705 1796 051
732 1771 958 1802 Evangelistarum

318 1815 446 1847 pluralem
465 1822 605 1840 numerum
635 1821 682 1846 pro
711 1815 837 1846 singulari
860 1822 960 1847 ponere

319 1866 366 1891 per
385 1859 568 1891 synecdochen
583 1858 634 1884 412
655 1859 683 1883 11

373 1904 535 1928 ΕνΛΝσΕιιυΜ
557 1917 590 1920 --
609 1905 648 1928 est
668 1902 737 1928 bona
763 1903 888 1929 nuntiatio
917 1904 958 1929 Vll

319 1947 335 1972 5
350 1947 391 1972 14.
406 1948 437 1973 18
453 1947 481 1972 31
499 1960 534 1966 —-
548 1947 675 1972 antecellit
687 1954 779 1973 omnes
792 1951 879 1979 partes
892 1948 960 1973 Scri-

318 1994 412 2023 pturae
433 1991 464 2016 Vl
485 1991 536 2016 242
556 1991 573 2016 7
591 2004 627 2010 --
651 1994 765 2024 quatuor
789 1994 850 2017 sunt
874 1993 959 2017 Evan-

321 2036 389 2067 gelia
409 2039 434 2061 et
453 2035 643 2068 quadripartita
663 2037 678 2060 6
699 2037 732 2061 22
760 2049 795 2055 -
823 2036 908 2062 Causa
927 2038 960 2062 es-

318 2080 407 2105 ssciens
426 2086 550 2111 suprema
565 2084 604 2105 est
617 2080 728 2112 Spiritus
741 2083 855 2112 sanctus,
868 2081 959 2106 11111313

318 2124 375 2156 ipse
394 2124 571 2156 Evangelista,
591 2124 743 2150 intermedia
759 2125 846 2150 unctio
860 2125 960 2157 gratiae

320 2168 335 2192 4
358 2168 398 2200 10,
421 2169 447 2193 11
471 2181 507 2187 —
526 2168 610 2194 Causa
639 2168 723 2194 finalis
746 2169 830 2201 prima
850 2174 889 2194 est
907 2176 960 2195 ma-

317 2212 446 2238 nifestatio
465 2213 591 2244 veritatis‚
602 2213 689 2239 media
709 2213 808 2239 curatio
828 2214 960 2239 infirmita-

318 2257 360 2288 tis,
372 2260 505 2289 postrema
524 2257 648 2283 reseratio
667 2258 825 2283 aeternitatis
843 2258 859 2283 5
880 2259 912 2283 13
925 2272 960 2278 -

318 2300 404 2326 Causa
430 2301 544 2327 formalis
569 2305 608 2327 est
635 2301 765 2327 ordinatio
794 2302 907 2334 partium
936 2305 961 2328 et

319 2345 494 2377 capitulorum
514 2349 540 2371 et
557 2345 654 2377 agendi
673 2345 769 2371 modus
789 2346 813 2371 in
839 2353 960 2378 prosecu-

319 2389 388 2415 tione
408 2389 603 2421 Scripturarum
623 2389 638 2414 6
659 2390 691 2415 23
706 2403 741 2409 -
766 2389 866 2416 Causae
884 2396 961 2422 prae-

319 2433 447 2465 figuratae
466 2436 527 2459 sunt
546 2433 571 2459 in
591 2433 691 2459 visione
710 2435 855 2461 Ezechielis
870 2435 904 2462 ib.
924 2436 958 2461 24

371 2491 407 2496 -
427 2478 583 2509 Evangelica
602 2478 708 2503 historia
728 2481 780 2505 tota
800 2480 869 2505 circa
888 2479 961 2506 Chri-

320 2525 389 2547 stum
417 2525 536 2547 versatur
564 2523 605 2548 vel
634 2526 662 2549 ut
685 2526 723 2549 est
748 2524 891 2556 mediator,
920 2525 961 2550 vel

321 2566 497 2596 praedicator,
510 2566 551 2591 vel
565 2570 712 2598 reparator,
732 2568 773 2593 vel
787 2568 961 2600 triumphator

325 2609 364 2635 Vll
376 2610 391 2635 5
413 2609 444 2635 17
463 2613 498 2629 ’-
518 2610 573 2636 eius
586 2610 733 2636 subiectum
747 2612 804 2637 sive
817 2619 895 2638 causa
909 2619 961 2638 ma-

321 2653 416 2679 terialis
435 2657 474 2679 est
493 2654 610 2680 Christus
629 2654 679 2680 sub
692 2656 859 2688 quadruplici
872 2657 961 2682 condi-

324 2697 390 2723 tione
415 2701 441 2723 et
468 2698 608 2724 intentione
637 2699 652 2723 6
682 2699 709 2724 21
734 2713 768 2718 -
789 2700 823 2725 (10
847 2703 961 2732 quatuor

322 2742 499 2774 principaliter
518 2742 573 2774 agit
586 2743 654 2768 circa
667 2742 797 2768 Christum
817 2742 850 2769 ib.
871 2745 912 2774 22,
927 2745 959 2769 23

373 2799 410 2804 -
428 2787 548 2811 effectum
568 2789 594 2811 et
607 2788 718 2812 fructum
733 2788 806 2812 affert
819 2788 960 2814 curationis

322 2829 364 2854 Vll
386 2830 401 2854 5
422 2830 455 2855 15
474 2844 509 2848 -
529 2833 653 2863 tanquam
679 2831 711 2856 ad
741 2831 862 2857 ultimum
881 2832 960 2858 finem

320 2874 438 2899 hortatur
462 2874 496 2899 ad
521 2874 589 2900 vitae
615 2878 736 2900 aeternae
764 2876 959 2907 possessionem

321 2916 355 2943 ib.
380 2918 409 2942 16
429 2932 462 2936 -
483 2918 603 2944 Doctrina
624 2919 758 2951 Evangelii
778 2922 817 2946 est
836 2920 869 2946 ad
883 2927 960 2952 gene-

320 2961 429 2987 randam
444 2962 524 2987 tidem
538 2962 570 2987 Vl
585 2962 635 2988 243
653 2964 683 2988 10
696 2976 732 2982 -
745 2964 866 2990 Doctrina
881 2972 960 2997 evan-

321 3006 402 3037 gelica
412 3006 489 3031 docet
502 3007 634 3033 hominem
647 3014 705 3033 esse
717 3008 876 3039 discipulum
890 3008 960 3035 Chri-

322 3050 353 3075 sti
374 3050 417 3075 Vll
438 3049 452 3075 4
473 3050 488 3075 6

374 3108 410 3113 -
429 3101 573 3120 0011503310
593 3094 671 3121 (101101
689 3096 752 3128 Legi
773 3097 805 3122 Vl
826 3097 875 3122 263
897 3097 925 3122 81

372 3153 406 3157 -
436 3139 535 3164 loannis
564 3142 602 3164 est
629 3139 742 3166 sublime
766 3144 896 3173 quantuni
926 3141 960 3167 ad

321 3181 451 3208 obiectum
462 3202 468 3214 ,
488 3186 615 3215 quantum
629 3183 663 3209 ad
677 3184 786 3210 moduni
799 3185 961 3216 procedendi

321 3228 345 3251 01
363 3229 493 3259 quantum
512 3227 546 3253 ad
566 3227 643 3252 1130111
665 3227 696 3253 Vl
717 3228 762 3253 241
782 3228 828 3254 5-7
842 3243 877 3248 -
891 3229 960 3255 loan-

320 3269 361 3295 nis
379 3270 479 3296 excellit
497 3271 546 3296 alia
564 3271 705 3303 Evangelia
724 3275 750 3297 et
767 3279 860 3298 omnes
880 3272 960 3298 libros

321 3313 470 3345 Scripturas
484 3314 534 3340 242
545 3314 561 3340 7
572 3315 718 3341 —loannis
732 3316 821 3342 31111110
832 3317 959 3349 scriptum

320 3356 386 3383 inter
405 3357 484 3384 libros
505 3365 594 3385 sacrae
612 3360 760 3391 Scripturae
782 3367 901 3392 congrue
921 3360 959 3386 in-

320 3401 383 3436 cipit
400 3408 415 3427 a
435 3396 576 3435 principio,
603 3404 675 3436 quod
703 3407 742 3429 est
770 3405 876 3430 ultimus
900 3404 959 3430 linis

1179 272 1292 304 INDEX
1316 272 1443 304 RERUM

994 359 1045 385 245
1059 359 1076 385 b
1090 373 1123 378 -
1137 360 1270 391 Evangelii
1288 360 1389 385 1033315
1408 362 1498 385 auctor
1511 362 1550 384 est
1562 360 1632 385 loan-

993 410 1039 429 nes
1053 404 1218 435 Evangelista
1229 403 1404 435 multipliciter
1415 404 1543 432 excellens
1553 402 1604 428 242
1616 403 1631 428 8

1045 461 1081 466 -
1101 448 1202 473 loannis
1221 442 1340 479 procedit
1358 454 1405 479 per
1423 447 1532 472 modum
1547 454 1632 472 narra-

994 491 1085 522 tionis,
1098 492 1145 517 sed
1159 491 1371 517 certitudinaliter
1385 492 1417 516 Vl
1431 491 1477 516 241
1496 492 1521 516 6.
1535 491 1586 516 242
1607 491 1631 516 8.

993 535 1044 561 243
1065 535 1082 560 1)
1101 549 1136 555 —-
1156 536 1257 561 1033315
1275 536 1393 561 ordinate
1416 535 1494 561 valde
1514 535 1632 566 procedit

994 579 1045 605 242
1064 581 1079 605 8
1100 594 1135 598 -
1154 580 1255 605 loannis
1273 580 1327 611 agit
1345 579 1379 605 de
1398 578 1486 604 Verbo
1500 579 1632 604 incarnato

994 624 1107 650 maxime
1130 627 1256 657 quantum
1285 624 1319 649 ad
1344 631 1374 649 03
1398 630 1467 656 quae
1487 623 1632 649 Divinitatis

993 671 1054 693 sunt
1073 668 1119 693 241
1144 668 1168 693 5.
1188 668 1239 693 242
1260 669 1284 693 8.
1304 668 1355 693 243
1375 668 1391 692 9
1404 681 1439 686 -
1452 667 1632 699 Evangelistae

994 712 1035 738 alii
1056 712 1151 738 versati
1170 715 1230 738 sunt
1241 712 1310 738 circa
1324 712 1511 737 humanitatem
1525 714 1551 737 et
1563 712 1631 737 01103

994 757 1075 782 ν113111
1095 756 1207 782 activam
1227 756 1277 782 243
1297 757 1312 781 9

1046 814 1082 819 -
1113 801 1245 834 Evangelii
1276 801 1372 826 veritas
1399 800 1523 826 omnibus
1550 800 1633 826 decla-

994 844 1075 870 randa
1095 847 1134 870 est
1152 845 1195 870 Vll
1215 845 1260 870 501
1286 846 1301 870 2
1320 858 1356 863 --
1376 844 1546 876 Evangelium
1560 845 1633 876 pacis

994 888 1056 914 utile
1074 891 1114 914 est
1132 888 1204 921 loqui
1223 888 1422 920 praedestinatis
1445 892 1471 914 et
1498 889 1633 920 praescitis

994 932 1045 957 256
1066 933 1098 957 12
1118 946 1153 951 --
1173 932 1226 957 Soli
1245 932 1371 957 mansueti
1400 932 1480 957 verba
1501 932 1588 958 divina
1608 935 1633 957 et

994 976 1148 1007 evangelica
1168 979 1237 1001 recte
1257 976 1402 1008 intelligunt
1421 976 1436 1001 4
1456 977 1471 1001 6
1491 989 1525 994 -
1544 975 1632 1001 Verba

994 1020 1146 1051 evangelica
1161 1020 1250 1045 odiosa
1261 1022 1321 1045 sunt
1335 1020 1410 1045 malis
1423 1020 1468 1044 501
1488 1020 1503 1044 2
1518 1034 1551 1037 -
1565 1020 1633 1045 inex-

995 1063 1124 1089 cusabiles
1151 1067 1211 1089 sunt
1228 1063 1273 1096 qui
1302 1070 1354 1089 non
1383 1063 1493 1089 credunt
1515 1064 1634 1096 Evange-

995 1108 1028 1133 lio
1048 1108 1081 1133 62
1101 1108 1129 1133 81
1153 1121 1190 1126 -—
1214 1108 1326 1133 maxIme
1353 1107 1516 1140 pauperibus
1534 1108 1634 1134 nuntia-

995 1155 1051 1178 tum
1082 1152 1129 1177 suit
1156 1155 1181 1177 et
1205 1158 1253 1183 per
1272 1159 1402 1184 pauperes
1421 1152 1455 1177 98
1475 1152 1509 1177 37
1528 1167 1563 1170 -
1586 1153 1634 1178 Per

995 1196 1164 1227 Evangelium
1177 1203 1308 1228 pauperes
1323 1196 1508 1228 praedicantur
1526 1199 1552 1222 et
1570 1197 1635 1222 exal-

995 1243 1082 1266 tantur
1103 1240 1153 1265 175
1173 1240 1206 1265 40

1047 1298 1083 1303 -
1094 1284 1211 1310 inchoari
1224 1291 1255 1311 30
1268 1284 1415 1316 praedicari
1428 1284 1521 1310 debuit
1533 1292 1547 1310 a
1561 1291 1634 1316 prae-

994 1329 1125 1355 (110311030
1143 1328 1246 1354 1033315
1267 1329 1307 1354 Vll
1321 1329 1349 1354 61
1369 1329 1392 1354 4.
1408 1329 1441 1354 85
1455 1329 1488 1354 58
1501 1342 1537 1348 -
1549 1330 1634 1354 Evan-

994 1373 1054 1405 gelii
1073 1373 1234 1405 praedicatio
1253 1373 1368 1405 incipere
1387 1372 1501 1399 debebat
1514 1373 1548 1399 ab
1567 1374 1633 1399 leru-

994 1418 1090 1449 salem,
1110 1418 1178 1443 sicut
1196 1417 1356 1449 praedicitur
1376 1417 1401 1442 in
1421 1417 1562 1449 scripturis
1581 1418 1632 1443 602

995 1463 1027 1488 59
1049 1476 1083 1480 -
1102 1462 1252 1493 Divulgatio
1278 1461 1410 1493 Evangelii
1430 1463 1494 1487 13013
1519 1465 1558 1487 051
1586 1469 1633 1494 per

995 1507 1121 1538 Spiritum
1152 1509 1270 1532 sanctum
1295 1506 1387 1531 datum
1415 1506 1546 1538 Apostolis
1574 1509 1634 1538 post

994 1550 1174 1577 ascensionem
1193 1550 1287 1576 Christi
1306 1549 1339 1576 ib.
1359 1551 1392 1576 60

1047 1609 1087 1621 -,
1102 1594 1153 1627 Qui
1171 1594 1341 1626 Evangelium
1366 1595 1467 1620 nuntiat
1490 1595 1524 1621 de
1552 1596 1635 1621 Evan-

996 1639 1064 1670 gelio
1082 1639 1174 1664 vivere
1193 1638 1272 1664 debet
1290 1639 1334 1664 Vll
1354 1639 1405 1665 554
1427 1639 1459 1664 47

1016 1703 1019 1704 ⁷
1048 1697 1084 1702 —
1103 1683 1289 1714 Evangelizare
1316 1686 1356 1709 est
1383 1682 1451 1708 bona
1480 1684 1635 1709 annuntiare

996 1727 1040 1753 Vll
1060 1727 1088 1752 81
1115 1727 1155 1752 44.
1170 1727 1203 1752 97
1218 1727 1251 1752 37
1264 1741 1299 1746 -
1312 1728 1444 1759 Pauperes
1458 1728 1541 1759 magis
1554 1735 1634 1753 evan-

997 1772 1141 1809 gelizantur
1166 1779 1249 1804 quam
1274 1772 1389 1803 virgines
1416 1773 1457 1797 vel
1482 1772 1635 1798 obedientes

998 1813 1048 1841 175
1069 1816 1096 1841 41
1121 1830 1155 1835 -
1174 1816 1231 1841 Νο3
1250 1819 1289 1842 051
1311 1817 1546 1848 evangelizandum
1575 1824 1636 1848 pro-

996 1863 1054 1892 pter
1073 1860 1218 1892 corporalia
1238 1861 1361 1886 alimenta
1381 1860 1432 1886 257
1454 1861 1486 1886 15
1505 1875 1540 1879 -
1553 1861 1635 1886 Evan-

996 1904 1134 1936 gelizahdo
1164 1905 1275 1936 pecunia
1309 1904 1477 1936 evangelicae
1504 1905 1636 1936 praedica-

997 1948 1073 1974 tionis
1092 1949 1287 1980 multiplicanda
1307 1952 1346 1974 est
1366 1948 1416 1974 485
1437 1949 1469 1974 36

1049 1994 1179 2019 Evnttssnn
1206 2007 1242 2012 —
1269 1994 1296 2018 ln
1325 1992 1462 2025 baptizatis
1490 1994 1636 2019 evelluntur

996 2037 1058 2063 vitia
1078 2038 1110 2062 Vl
1131 2037 1159 2063 31
1184 2044 1210 2062 v.
1230 2038 1245 2063 8

1049 2082 1086 2107 Ex
1105 2095 1139 2101 —
1157 2082 1189 2106 Vl
1209 2082 1259 2107 366
1280 2082 1323 2107 61.
1343 2082 1394 2107 368
1415 2082 1456 2107 69.
1476 2082 1527 2107 369
1548 2082 1581 2108 72

1050 2126 1168 2152 ΕΧΑοτο3
1180 2140 1215 2145 -
1228 2126 1335 2159 quando
1349 2129 1388 2152 est
1399 2126 1483 2152 iustus
1498 2127 1539 2152 Vll
1553 2126 1587 2152 77
1601 2127 1634 2152 33

1050 2170 1193 2196 Exmmo
1211 2184 1246 2189 —
1271 2170 1339 2196 Deus
1368 2171 1461 2196 exaltat
1485 2171 1581 2197 iustum
1609 2171 1634 2197 in

997 2214 1095 2245 gratia,
1114 2214 1140 2239 in
1159 2214 1242 2245 gloria
1262 2217 1288 2239 et
1306 2214 1331 2239 in
1351 2215 1419 2239 sama
1443 2215 1474 2240 Vi
1494 2214 1546 2241 595
1565 2216 1580 2240 2
1600 2229 1635 2234 -

997 2258 1106 2284 Exaitari
1125 2259 1204 2284 homo
1231 2261 1345 2284 meretur
1370 2261 1477 2291 propter
1494 2266 1572 2285 suum
1592 2258 1636 2285 ob-

997 2303 1134 2335 sequium,
1162 2302 1312 2334 consilium,
1336 2303 1513 2329 fortitudinem
1541 2304 1592 2330 596
1620 2304 1634 2329 3

997 2360 1032 2366 -
1057 2346 1243 2372 Exaltabuntur
1271 2347 1349 2373 activi
1374 2348 1473 2374 ratione
1500 2347 1635 2380 obsequii,

998 2391 1195 2423 contemplativi
1225 2394 1334 2423 propter
1365 2399 1440 2418 suam
1469 2392 1635 2423 sapientiam,

998 2435 1105 2467 perfecti
1118 2435 1193 2468 quasi
1213 2438 1320 2468 propter
1338 2444 1413 2462 suam
1433 2436 1550 2461 militiam
1570 2436 1637 2462 51031

998 2480 1122 2511 Martyres
1140 2479 1174 2505 ib.
1194 2479 1209 2505 4
1458 2509 1463 2515 ,

1050 2537 1086 2543 —-
1104 2527 1129 2550 et
1147 2525 1290 2550 humiliatio
1303 2531 1408 2556 semper
1421 2524 1558 2550 coniuncta
1576 2527 1637 2550 sunt

999 2568 1040 2593 Vll
1061 2568 1094 2594 94
1115 2569 1147 2593 19
1167 2582 1202 2588 -
1221 2569 1291 2595 Deus
1309 2569 1375 2594 altus
1393 2568 1459 2600 sugit
1477 2576 1505 2594 se
1524 2569 1635 2594 exaltan-

998 2615 1036 2639 tes
1065 2612 1114 2637 170
1143 2613 1174 2638 18
1203 2628 1238 2631 -
1263 2613 1380 2638 Exaltans
1405 2619 1433 2638 se
1458 2613 1636 2639 humiliabitur

997 2663 1045 2688 per
1064 2656 1227 2682 iudiciariam
1248 2656 1436 2682 districtionem
1457 2657 1508 2682 365
1522 2658 1563 2683 22.
1584 2658 1634 2683 366

998 2700 1032 2725 25
1051 2713 1085 2719 —
1104 2700 1262 2726 Exaltabitur
1280 2707 1294 2725 a
1314 2700 1403 2725 divina
1429 2700 1522 2726 iustitia
1543 2702 1588 2734 qui
1607 2708 1635 2727 50

998 2744 1116 2769 humiliat
1143 2744 1194 2769 365
1224 2744 1256 2769 23
1285 2756 1320 2762 -
1347 2744 1427 2769 Malus
1454 2745 1579 2771 exaltatur
1608 2745 1634 2771 in

997 2788 1078 2813 corde
1096 2795 1144 2820 per
1163 2787 1329 2819 superbiam,
1358 2788 1382 2813 in
1410 2795 1455 2814 ore
1474 2796 1521 2820 per
1541 2789 1636 2815 iactan-

998 2832 1075 2863 tiam,
1103 2833 1129 2857 in
1155 2832 1352 2858 conversatione
1380 2839 1427 2864 per
1454 2840 1581 2865 pompam
1601 2834 1634 2859 Vl

998 2877 1049 2902 596
1069 2876 1086 2902 5
1104 2890 1140 2895 -
1160 2877 1288 2901 malorum
1310 2876 1432 2908 fugienda
1451 2880 1490 2902 est
1511 2877 1545 2903 ib.
1566 2878 1581 2902 6
1601 2892 1635 2896 —

997 2921 1128 2946 malorum
1156 2923 1195 2946 est
1223 2920 1408 2952 ignominiosa,
1439 2924 1634 2953 momentanea,

997 2965 1143 2997 periculosa
1163 2963 1224 2990 ibid.
1237 2977 1272 2983 —
1285 2964 1342 2990 Mali
1360 2966 1461 2991 exaltati
1475 2966 1635 2992 descendunt

997 3015 1058 3034 cum
1078 3008 1230 3040 praecipitio
1249 3007 1309 3034 ibid.

1049 3066 1085 3071 —
1104 3053 1206 3084 Quanto
1227 3053 1310 3085 magis
1328 3053 1387 3086 quis
1406 3061 1434 3080 se
1447 3054 1548 3085 exaltat,
1563 3057 1634 3079 tanto

997 3096 1084 3122 minus
1103 3097 1212 3122 honorat
1230 3097 1314 3123 Deum
1336 3097 1377 3122 Vll
1405 3098 1457 3124 365
1477 3097 1509 3123 24
1530 3112 1565 3117 -
1584 3099 1633 3131 Qui

997 3147 1025 3167 se
1044 3141 1136 3167 exaltat
1162 3141 1293 3167 evanescit
1321 3144 1346 3167 et
1373 3141 1492 3167 deiicitur
1517 3141 1578 3168 ibid.
1598 3156 1633 3162 -

997 3184 1046 3218 Qui
1066 3191 1094 3210 se
1112 3185 1206 3211 exaltat
1223 3188 1263 3211 est
1290 3184 1424 3211 subiectus
1443 3186 1565 3211 humanis
1584 3187 1635 3212 lau-

997 3228 1075 3254 dIbus
1094 3227 1156 3255 ibid.
1176 3243 1208 3247 —
1228 3229 1278 3261 Qui
1297 3236 1325 3254 se
1344 3230 1437 3255 exaltat
1455 3230 1560 3262 elongat
1579 3237 1607 3256 50
1620 3237 1635 3256 3

997 3272 1178 3305 superioribus
1196 3275 1221 3299 et
1239 3272 1345 3299 subiicit
1362 3280 1389 3299 se
1406 3273 1571 3300 inferioribus
1584 3275 1634 3300 366

996 3317 1030 3342 25
1049 3330 1085 3336 -
1112 3318 1138 3343 13
1167 3317 1238 3343 0111111
1265 3319 1352 3343 nostra
1381 3317 1534 3344 exaltatione
1558 3317 1636 3344 debe-

997 3368 1056 3387 mus
1075 3361 1165 3387 mortis
1183 3364 1210 3387 et
1228 3360 1396 3387 humanitatis
1414 3364 1519 3387 nostrae
1538 3362 1636 3388 habere

997 3405 1150 3432 memoriam
1171 3405 1223 3431 243
1243 3405 1277 3431 84

1951 316 2017 342 ΕΧΕ

1724 359 1872 385 ExAutNAnE
1890 373 1926 378 —
1946 360 2057 386 Tentare
2076 360 2146 386 idem
2171 363 2210 387 est
2228 364 2307 394 atque

1670 403 1819 428 examinare
1839 403 1871 429 Vl
1891 404 1923 428 63
1943 411 1970 436 q.
1990 405 2000 428 1
2024 404 2165 430 -Omnia
2177 408 2306 431 53310113-

1670 447 1793 472 minanda
1822 453 1869 479 per
1897 447 2116 479 approbationem
2141 451 2166 473 et
2184 448 2308 480 reproba-

1669 490 1766 516 tionem
1786 489 1848 516 ibid.
1867 505 1900 508 —
1919 491 2105 524 Unusquisque
2128 492 2207 518 debet
2224 499 2253 518 se
2272 493 2308 519 di-

1668 537 1751 560 screte
1770 535 1918 560 examinare
1937 535 1987 561 356
2007 535 2040 560 14
2061 535 2089 561 2*
2101 549 2136 554 -—
2149 536 2307 563 Examinatio

1669 578 1782 610 pertinet
1799 578 1833 604 ad
1852 586 1944 605 omnes
1963 579 2013 604 313
2035 579 2068 604 56

1722 623 1858 648 ΕΧΑυοιτιο
1876 636 1912 642 -
1930 623 2086 655 petitionum
2106 627 2256 650 nostrarum
2269 627 2308 650 est

1670 667 1769 692 fructus
1788 667 1910 692 manendi
1939 667 1963 692 13
1989 667 2091 693 Christo
2116 667 2149 693 Vl
2174 668 2226 693 604
2245 675 2272 694 v.
2289 668 2307 694 7

1669 723 1704 729 —·
1723 710 1822 743 Aliquis
1842 711 1957 736 exaudiri
1983 714 2098 742 meretur
2122 711 2156 737 de
2174 718 2307 744 congruo,

1669 754 1711 779 vel
1731 755 1765 780 de
1783 754 1914 786 condigno
1941 754 1992 779 440
2018 755 2051 780 22
2072 768 2104 773 ——
2124 755 2193 781 Deus
2212 756 2308 787 promi-

1669 798 1701 824 sit
1724 799 1847 824 exaudire
1874 798 2018 824 orationem
2043 801 2157 831 quatuor
2184 799 2307 825 conditio-

1670 842 1746 868 nibus
1766 842 1815 867 466
1836 842 1869 867 48
1882 856 1917 862 -
1930 843 1957 868 Si
1977 843 2046 868 Deus
2058 843 2163 869 exaudit
2179 844 2308 876 homines,

1669 889 1730 911 tunc
1744 887 1904 918 sperandum
1925 889 1964 912 est
1983 887 2007 912 in
2027 887 2099 918 ipso,
2112 890 2137 913 01
2150 887 2209 913 ideo
2228 888 2307 913 confi-

1669 930 1793 961 tendum,
1812 937 1864 956 non
1884 931 2080 956 formidandum
2100 931 2142 957 Vll
2162 932 2195 956 16
2216 932 2247 957 19

1723 975 1880 1000 Εκαᾼεεᾼτιο
1898 988 1934 993 -
1952 975 2011 1007 plus
2030 975 2092 1001 dicit
2104 976 2232 1001 rationem
2246 983 2308 1008 poe-

1669 1024 1719 1043 nae
1737 1025 1817 1051 quam
1837 1018 1928 1050 culpae
1948 1019 1979 1044 Vt
1996 1019 2027 1044 19
2040 1026 2066 1051 q.
2085 1020 2094 1043 1
2112 1033 2147 1038 -
2165 1022 2205 1045 051
2223 1027 2309 1052 poena

1671 1062 1722 1087 382
1748 1062 1781 1088 55
1809 1075 1844 1081 —-
1872 1062 2002 1088 deformat
2029 1063 2075 1088 Dei
2103 1063 2245 1095 imaginem
2274 1063 2307 1090 ib.

1670 1113 1726 1138 arg.
1747 1107 1762 1131 2
1781 1119 1816 1125 —-
1835 1106 1981 1132 secundum
2001 1107 2029 1133 id
2047 1107 2120 1140 quod
2138 1111 2186 1139 est,
2205 1111 2243 1134 est
2257 1109 2308 1141 pri-

1670 1150 1750 1181 vatio,
1768 1150 1843 1176 cuius
1855 1157 1933 1176 causa
1946 1151 2070 1176 deficiens
2083 1154 2122 1177 est
2133 1152 2247 1185 111311113;
2260 1152 2308 1178 sed

1671 1197 1699 1220 nt
1717 1196 1802 1226 po'ena
1821 1195 1967 1220 secundum
1987 1195 2014 1220 id
2035 1196 2107 1228 quod
2120 1199 2171 1228 est,
2184 1196 2251 1222 iusta
2270 1199 2309 1222 est

1671 1241 1697 1263 et
1714 1245 1730 1263 a
1748 1239 1803 1264 Deo
1822 1238 1855 1265 ib.
1876 1239 1910 1265 55
1923 1252 1959 1258 —
1971 1239 2117 1265 secundum
2131 1240 2159 1266 id
2171 1240 2243 1273 quod
2257 1244 2309 1273 est,

1670 1289 1724 1308 3011
1741 1285 1780 1308 051
1798 1290 1813 1308 3
1833 1283 1887 1309 Deo
1906 1283 2056 1314 ordinante,
2075 1284 2122 1309 sed
2141 1284 2168 1309 in
2180 1287 2308 1317 quantum

1671 1334 1768 1360 poena;
1779 1327 1827 1353 sed
1836 1328 1981 1353 secundum
1993 1327 2019 1353 id
2029 1328 2103 1361 quod
2115 1327 2162 1360 es't,
2175 1331 2214 1354 est
2226 1335 2241 1354 3
2253 1329 2307 1355 Deo

1670 1371 1737 1397 sicut
1755 1378 1770 1396 3
1789 1379 1841 1397 303
1861 1375 2008 1404 apponente
2021 1373 2116 1398 nostris
2135 1373 2234 1398 meritis
2245 1372 2309 1399 ibid.

1670 1431 1704 1434 —
1723 1415 1807 1442 Causa
1826 1416 2014 1442 excaecationis
2031 1419 2070 1442 est
2088 1417 2194 1449 propria
2213 1417 2310 1443 malitia

1670 1463 1696 1485 et
1723 1459 1849 1486 iudicium
1878 1460 1996 1486 divinum
2021 1461 2174 1487 desertionis
2199 1461 2250 1487 424
2274 1462 2308 1487 70

1670 1518 1705 1522 -
1723 1503 1873 1530 attribuitur
1896 1505 1963 1530 iusto
1987 1505 2032 1530 Dei
2057 1505 2153 1531 iudicio
2179 1506 2212 1531 19
2234 1513 2260 1539 q.
2285 1506 2309 1532 1.

1671 1548 1722 1574 317
1740 1547 1774 1574 73
2185 1544 2187 1546 ’

1725 1607 1760 1610 -
1779 1593 1892 1618 Ρο00335
1911 1596 2063 1619 excaecatur
2081 1593 2116 1619 ab
2135 1593 2260 1625 inimicis,
2278 1601 2311 1619 ne

1671 1639 1766 1662 statum
1786 1644 1864 1662 suum
1884 1641 2027 1669 cognoscat
2046 1638 2076 1663 Vl
2097 1637 2148 1663 579
2169 1638 2184 1663 6
2197 1652 2230 1657 -
2251 1637 2310 1663 Dia-

1672 1680 1747 1706 bolus
1775 1685 1894 1707 excaecat
1923 1689 1970 1713 per
1999 1681 2151 1714 superbiam
2183 1681 2244 1708 ibid.
2275 1695 2311 1701 —

1672 1724 1752 1757 Culpa
1772 1728 1892 1751 excaecat
1910 1725 1961 1751 578
1984 1727 1992 1751 1
2015 1740 2051 1744 -
2070 1726 2162 1751 Malitia
2191 1729 2312 1752 excaecat

1672 1769 1715 1795 Vll
1737 1770 1787 1795 139
1809 1771 1840 1795 18
1859 1784 1893 1789 ——
1907 1771 2060 1796 Peccatores
2072 1773 2242 1796 excaecantur
2254 1777 2311 1802 per-

1672 1814 1819 1839 severando
1838 1814 1865 1839 in
1885 1819 1994 1846 peccato
2006 1815 2059 1851 536
2074 1815 2089 1839 6
2103 1829 2138 1833 —
2155 1815 2312 1847 impugnan-

1673 1861 1710 1883 tes
1729 1858 1865 1884 veritatem
1885 1861 2056 1884 excaecantur
2075 1858 2126 1884 455
2146 1858 2162 1884 5

1726 1917 1759 1921 —
1779 1903 1936 1932 Excaecatus
1954 1909 2006 1928 non
2025 1905 2111 1934 potest
2129 1903 2238 1929 credere
2262 1903 2313 1929 nisi

1673 1953 1732 1972 cum
1754 1953 1850 1978 magna
1869 1946 2021 1972 difficultate
2040 1947 2072 1972 Vl
2094 1946 2145 1972 424
2157 1946 2191 1972 70
2211 1961 2246 1967 -
2264 1947 2313 1973 Α11-

1672 1991 1732 2024 quis
1750 1993 1918 2021 excaecatur,
1938 1991 1983 2023 qui
2003 1991 2110 2017 interius
2138 1998 2190 2017 non
2219 1992 2310 2018 illumi-

1672 2038 1750 2060 natur
1769 2035 1820 2060 382
1841 2035 1874 2060 55
1893 2048 1928 2054 —
1947 2038 1985 2060 est
2005 2036 2112 2061 effectus
2130 2036 2240 2062 carnalis
2253 2043 2312 2062 con-

1672 2079 1849 2111 cupiscentiae
1878 2079 1929 2105 173
1957 2086 1985 2105 v.
2009 2079 2025 2104 7
2045 2093 2080 2099 —
2095 2081 2252 2106 Excaecatus
2270 2084 2309 2106 est

1672 2124 1725 2149 iam
1745 2123 1874 2149 iudicatus
1894 2123 1944 2149 284
1965 2124 1997 2149 36
2018 2138 2052 2142 -
2072 2125 2168 2156 ingrati
2187 2124 2220 2150 de
2233 2124 2309 2151 bene-

1673 2167 1738 2193 flciis
1758 2167 1804 2193 Dei
1825 2170 1996 2194 excaecantur
2014 2168 2057 2194 Vll
2077 2168 2111 2194 54
2131 2168 2164 2194 42

1725 2212 1895 2238 Εκοειιεκτμ
1915 2227 1949 2230 -
1977 2215 2065 2239 nostra
2091 2216 2130 2239 est
2157 2213 2311 2240 occultanda

1672 2256 1715 2281 Vll
1736 2256 1790 2282 503.
1808 2256 1824 2281 9
1848 2270 1882 2274 -
1906 2258 1986 2283 Amor
2011 2257 2130 2289 privatus
2148 2257 2312 2284 excellentiae

1672 2299 1826 2332 prohibetur
1845 2300 1896 2326 550
1917 2301 1950 2326 37

1724 2358 1760 2363 —
1790 2345 1860 2370 Deus
1892 2348 2003 2377 apparet
2033 2345 2233 2372 ascendentibus
2264 2353 2311 2378 per

1672 2395 1752 2420 opera
1771 2389 1936 2415 excellentiae
1954 2389 1988 2415 Vl
2008 2390 2059 2415 623
2079 2397 2106 2415 v.
2126 2390 2159 2416 14

1725 2447 1760 2453 —-
1778 2433 1916 2460 Obiectum
1942 2434 2068 2460 excellens
2096 2434 2242 2467 corrumpit
2268 2441 2311 2466 ap-

1672 2478 1837 2510 prehendens
1856 2479 1993 2510 corporale
2011 2479 2044 2504 Vl
2065 2478 2116 2504 477
2135 2479 2168 2504 48
2224 2511 2228 2514 .

1725 2523 1850 2548 Excessus
1876 2537 1909 2541 —
1934 2523 2088 2555 simpliciter
2112 2526 2138 2549 ct
2164 2523 2190 2549 in
2214 2529 2311 2555 genere

1674 2567 1705 2592 Vl
1725 2566 1776 2592 452
1796 2566 1829 2592 27

1725 2611 1861 2636 Εκοιτᾼτιο
1873 2624 1907 2630 -
1920 2618 1934 2636 3
1948 2619 2042 2638 5011130
2055 2612 2084 2637 nt
2095 2611 2205 2643 lumine,
2219 2611 2309 2643 pulsu,

1672 2655 1786 2680 clamore
1805 2655 1837 2680 Vl
1858 2655 1910 2680 587
1930 2663 1956 2681 v.
1977 2656 2004 2681 11
2022 2669 2059 2675 ·—
2078 2656 2101 2681 in
2122 2650 2254 2687 scriptur'a
2274 2655 2312 2681 di-

1672 2698 1738 2724 citur
1757 2699 1913 2724 resurrectio
1932 2706 1946 2724 a
1966 2703 2050 2725 morte
2069 2700 2119 2725 276
2141 2700 2172 2725 23

1725 2742 1806 2767 —ln
1824 2743 1978 2769 excitatione
2006 2743 2072 2769 Petri
2098 2743 2252 2769 dormientis
2280 2743 2310 2769 si-

1672 2786 1793 2818 gnificata
1814 2786 1860 2812 suit
1873 2787 1964 2819 triplex
1983 2787 2102 2813 excitatio
2120 2787 2262 2818 spiritualis
2276 2787 2309 2813 Yl

1672 2830 1723 2856 588
1742 2837 1768 2855 v.
1789 2831 1817 2855 11
2271 2849 2277 2854 .

1724 2874 1947 2901 Excouuumcmo
1971 2889 2005 2893 —-
2033 2874 2223 2907 lncorrigibiies
2250 2879 2311 2902 sunt

1672 2918 1778 2944 feriendi
1798 2919 1886 2950 gladio
1914 2919 2191 2945 excommunicationis
2215 2920 2248 2946 Vl
2277 2921 2310 2946 32

1672 2970 1698 2987 v.
1718 2963 1733 2988 8
1752 2976 1787 2982 -—
1815 2964 1863 2989 Per
1891 2963 2188 2989 excommunicationem
2216 2964 2311 2990 tollitur

1672 3002 1773 3039 palmes
1791 3007 1887 3034 inutilis
1906 3008 1940 3033 de
1958 3007 2011 3032 vite
2029 3007 2158 3033 Ecclesiae
2177 3008 2228 3034 604
2248 3016 2274 3034 ν.
2294 3010 2309 3034 2

1726 3052 1865 3078 Ε11035Ατιο
1883 3065 1919 3071 --
1938 3051 1996 3083 plus
2025 3054 2125 3077 terrena
2150 3059 2231 3085 quam
2255 3059 2310 3079 cae-

1671 3095 1743 3121 105113
1764 3096 1928 3128 diligentium
1958 3095 2000 3121 vll
2030 3095 2076 3121 371
2102 3095 2134 3121 40
2153 3110 2189 3116 -
2206 3097 2311 3129 Triplex

1673 3140 1846 3166 excusationis
1865 3139 1939 3165 radix
1958 3138 2019 3165 ibid.

1725 3186 1861 3211 Exeuntem
1891 3198 1926 3203 —
1956 3183 2056 3210 bonum
2087 3187 2161 3218 quasi
2193 3186 2309 3219 quodam

1674 3229 1757 3255 odore
1776 3229 1853 3255 trahit
1871 3228 1905 3253 ad
1925 3228 2093 3255 imitationem
2108 3229 2149 3255 vn
2164 3229 2215 3256 492
2229 3230 2263 3256 54
2276 3243 2311 3249 -

1673 3274 1763 3299 Pastor
1781 3272 1867 3298 bonus
1885 3271 1964 3298 debet
1988 3279 2052 3299 oves
2077 3273 2208 3300 deducere
2226 3281 2311 3300 exem·

1673 3318 1717 3350 plo
1737 3317 1821 3343 bonae
1849 3316 2055 3343 conversationis
2083 3318 2114 3343 Vl
2140 3318 2191 3344 583
2222 3318 2249 3343 11
2277 3331 2311 3336 -

1673 3362 1761 3387 Bonus
1779 3363 1869 3393 pastor
1888 3360 1967 3387 debet
1985 3368 2094 3394 gregem
2114 3362 2245 3388 deducere
2264 3368 2311 3394 per

1673 3406 1822 3438 exemplum
1851 3406 1992 3432 honestatis
2019 3407 2071 3433 582
2090 3406 2106 3432 5
2124 3420 2160 3426 -
2179 3407 2310 3433 praelatus
