2476 3921
10 1750 150 1809 tilgffiifill

26 1809 53 1826 cn
67 1804 135 1826 finalis

57 1830 106 1852 tria.

747 223 942 257 COMMENT.
967 224 1005 257 IN
1028 224 1267 258 EVANGELIUM
1290 226 1409 259 LUCAE
1433 227 1464 260 C.
1490 228 1563 261 XXI.

172 314 219 344 est
241 311 290 344 ira
312 311 436 344 Domini
459 311 527 345 sine
550 311 783 351 misericordia,
806 311 876 345 ideo
899 311 1000 344 addit:
1027 312 1134 345 Donec

172 363 376 406 impleantur
400 368 550 406 tempora
581 364 775 403 nationum,-
798 364 906 397 Glossa
920 366 949 397 1:
979 377 995 394 «
1012 364 1044 398 ld
1068 368 1133 405 est,

172 417 272 450 donee
300 416 471 459 plenitudo
503 417 653 460 pentium
676 417 869 457 int-raverit,
901 421 929 450 et
952 417 1002 451 sic·
1026 418 1134 450 omnis

171 469 280 502 Israel
301 469 418 502 salvus
440 468 547 512 fieret,
572 469 660 502 sicut
681 470 846 512 seriptum
868 474 934 503 est:
965 470 1072 503 Veniet
1093 480 1134 503 ex

173 522 252 555 Sion
275 522 334 566 qui
356 522 481 565 eripiat
502 527 533 555 et
555 527 686 556 avertat
716 523 917 565 impietatem
940 533 963 556 a
986 523 1084 556 Iacob
1102 534 1132 556 ι».

171 575 207 608 Et
222 575 300 608 ideo
322 574 438 608 dicitur
461 576 660 609 Threnorum
692 576 830 609 tertio2:
860 589 876 605 α
892 576 973 618 Quia
996 585 1058 609 non
1083 585 1134 609 re-

170 628 265 671 pellet
286 628 319 661 in
342 628 570 670 sempiternum
593 629 763 669 Dominus;
788 629 881 671 quia,
905 630 930 662 si
955 629 1086 669 abiecit,
1102 633 1135 663 et

169 680 372 714 miserebitur
388 681 562 714 secundum
585 682 820 715 multitudinem
845 682 1133 716 misericordiarum

171 742 302 767 suarum
319 747 350 766 ».

259 787 313 820 40.
337 787 515 821 Secundum
539 787 717 831 mysticum
749 788 946 822 intellectum
969 797 1026 831 per
1056 792 1134 822 tem-

26 848 141 904 sigfflffliig
164 849 253 882 pora
276 839 452 873 nationum
475 840 661 883 intelligitur
685 844 810 883 tempus
836 841 933 882 illud,
961 851 1024 884 quo
1048 841 1133 875 filius

13 893 14 912 ¹
143 890 149 897 .

168 892 351 935 perditionis
376 893 541 927 Ecclesiam
565 894 779 934 conculcabit3
804 895 1004 937 Apocalypsis
1032 894 1133 928 unde-

168 946 249 981 cimo
261 946 291 979 ⁸:
322 959 337 975 <t
353 946 489 986 Atrium,
506 947 591 990 quod
607 950 655 980 est
677 947 753 980 foris
770 948 942 990 templum,
960 957 999 981 ne
1023 948 1133 981 metia-

168 999 229 1039 ris,
253 999 401 1042 quoniam
418 999 526 1033 datum
543 1004 591 1034 est
606 1001 796 1043 gentibus»,
812 1001 851 1034 ad
867 1001 1131 1041 conculcandum,

173 1056 236 1087 «et
258 1053 415 1086 civitatem
440 1057 579 1086 sanctam
610 1054 776 1087 calcabunt
803 1054 966 1088 mensibus
994 1054 1130 1097 quadra-

167 1106 253 1149 ginta
275 1106 400 1139 duobus
413 1119 443 1139 n.
460 1106 701 1140 Abhreviabitur
717 1110 822 1140 autem
840 1107 899 1140 hoc
916 1111 1041 1150 tempus
1058 1116 1131 1149 pro-

166 1162 237 1202 pter
268 1159 418 1192 meritum
453 1160 644 1199 electorum;
679 1160 764 1193 unde
798 1160 944 1193 Matthaei
980 1160 1131 1203 vigesimo

167 1213 326 1255 quarto4:
356 1225 371 1241 α
389 1212 454 1245 Erit
477 1213 639 1246 tribulatio
669 1222 799 1255 magna,
831 1214 934 1256 qualis
965 1223 1129 1256 nunquam

167 1265 227 1299 fuit
248 1265 289 1299 ab
311 1265 400 1299 initio
422 1266 532 1299 mundi
557 1275 660 1309 usque
682 1266 775 1299 modo
798 1276 902 1309 neque
924 1267 988 1300 fiet.
1015 1267 1051 1300 Et
1072 1267 1129 1300 nisi

167 1318 340 1352 abbreviati
369 1318 502 1352 fuissent
534 1319 601 1352 dies
625 1319 687 1359 illi,
718 1328 781 1352 non
805 1319 896 1353 fieret
918 1321 1004 1353 salva
1027 1321 1130 1354 omnis

168 1380 259 1410 caro,
283 1371 337 1404 sed
371 1374 501 1414 propter
532 1372 647 1404 electos
677 1371 909 1405 breviabuntur
925 1385 956 1405 ι).
981 1372 1068 1406 Unde
1098 1375 1130 1406 et

167 1422 304 1457 Danielis
327 1433 427 1457 nono:
457 1437 473 1453 «
485 1424 688 1467 Septuaginta
703 1424 914 1460 hebdomades
929 1425 1129 1459 abbreviatae

167 1480 242 1510 sunt
264 1486 360 1520 super
384 1477 537 1520 populum
561 1481 654 1510 tuum
678 1481 710 1511 et
732 1487 829 1520 super
851 1478 965 1512 urbem
989 1482 1129 1511 sanctam

167 1534 273 1569 tuam,
296 1533 334 1563 ut
356 1534 594 1563 consummetur
610 1530 851 1572 praevaricatio,
875 1534 907 1564 et
930 1531 1025 1564 finem
1048 1531 1129 1564 acci-

167 1583 232 1625 piat
254 1586 436 1625 peccatum,
468 1587 498 1616 et
526 1583 669 1617 deleatur
699 1583 866 1626 iniquitas,
891 1587 922 1616 et
952 1583 1128 1617 adducatur

167 1635 285 1669 iustitia
309 1636 499 1678 sempiterna
511 1649 541 1668 ».

256 1689 309 1722 [tl.
327 1689 428 1732 (Vers.
446 1689 523 1731 25).
541 1690 582 1722 Et
597 1694 695 1722 erunt
710 1689 811 1732 signa
834 1690 870 1723 in
885 1690 951 1722 sole
966 1693 1024 1723 etc.
1043 1690 1128 1723 Post-

167 1751 262 1785 quam
278 1742 450 1785 praedixit,
467 1751 548 1785 quae
565 1746 699 1776 ventura
714 1747 804 1776 erant
820 1743 1019 1785 generaliter,
1043 1744 1128 1777 circa

166 1796 434 1839 persecutionem,
451 1799 482 1829 et
497 1796 581 1829 circa
596 1796 842 1829 destructionem
866 1797 1052 1836 Ierusalem,
1077 1797 1128 1830 hic

166 1851 281 1891 quarto
293 1849 306 1869 ⁵
324 1849 488 1892 praedicit,
504 1857 586 1891 quae
602 1853 743 1882 ventura
759 1853 838 1882 sunt
853 1849 946 1882 eirea
962 1850 1129 1883 iudicium

166 1901 275 1943 finale.
289 1902 322 1935 In
336 1902 395 1935 hac
407 1905 512 1935 autem
526 1902 702 1935 eruditione
717 1902 820 1945 primo
832 1902 1003 1945 discipulos
1018 1903 1130 1936 erudit

2093 234 2156 268 533

1197 322 1310 355 magna
1345 314 1533 348 luminaria:
1571 318 1727 352 luminare
1761 320 1884 359 maius,
1920 324 1956 353 ut
1999 326 2158 363 praeesset

1196 365 1275 405 diei,
1299 369 1331 399 et
1355 367 1510 401 luminare
1533 369 1653 409 minus,
1677 375 1714 403 ut
1737 376 1895 413 praeesset
1919 374 2012 412 nocti,
2037 377 2067 406 et
2083 374 2158 407 stel-

1197 418 1242 451 las
1257 431 1288 451 ».
1314 419 1347 452 ln
1371 419 1420 452 his
1443 429 1519 463 ergo
1543 421 1751 456 luminaribus
1774 425 1972 466 apparebunt
1992 426 2079 468 signa
2102 427 2157 459 oh-

1198 472 1404 512 scut-ationis,
1440 474 1615 507 secundum
1651 475 1729 508 illud
1764 477 1852 510 loelis
1887 479 2042 512 secundo:
2073 480 2157 512 «Sol

1197 528 1401 558 convertetur
1417 526 1449 559 in
1467 527 1612 560 tenebras
1635 532 1667 561 et
1691 529 1765 562 luna
1788 530 1819 562 in
1844 532 2045 573 sanguinem,
2070 536 2157 566 ante—

1198 586 1293 619 quam
1317 578 1422 611 veniat
1456 578 1523 612 dies
1558 579 1680 613 Domini
1716 591 1849 624 magnus
1884 587 1915 616 et
1938 581 2152 617 horribilis».

1198 630 1381 663 Horribilis
1402 635 1508 665 autem
1533 632 1595 665 erit
1617 637 1747 675 propter
1771 634 1897 668 illorum
1922 636 2078 669 luminum
2102 638 2157 670 ob-

1198 684 1427 724 scurationem,
1451 686 1625 719 secundum
1644 687 1720 719 illud
1739 688 1849 720 Psalmi
1862 688 1892 721 ⁸:
1915 702 1931 717 «ι
1944 690 2026 722 Fecit
2050 690 2156 722 lunam

1197 736 1396 779 intempore,
1412 739 1458 771 sol
1475 740 1621 781 coguovit
1636 748 1782 773 occasum
1800 750 1904 774 suum.
1924 742 2054 775 Posuisti
2073 747 2158 775 tene-

1197 789 1272 823 bras
1283 803 1299 819 »
1316 795 1392 831 etc.;
1407 794 1438 825 et
1449 791 1488 825 de
1504 792 1563 825 hac
1579 793 1754 835 Sapientiae
1766 793 1886 827 decimo
1903 795 2048 837 septimo:
2068 808 2082 823 α
2097 796 2157 829 Nec

1197 843 1338 876 siderum
1361 844 1596 887 limpidissimae
1620 846 1767 879 flammae
1798 847 1977 881 illuminare
2009 851 2158 890 poterunt

1196 896 1282 929 illam
1317 901 1440 930 noctem
1473 898 1711 931 horrendam».
1736 899 1823 933 Unde
1859 900 1936 933 haec
1972 901 2157 940 luminaria,

1196 950 1325 992 quaein
1343 950 1497 993 principio
1521 952 1672 994 temporis
1696 953 1796 995 posita
1819 953 1940 986 suntin
1957 954 2157 988 firmamento

1196 1002 1228 1035 in
1260 1002 1348 1045 signa
1379 1012 1443 1046 per*
1465 1004 1514 1037 sui
1550 1004 1670 1044 lucem,
1707 1005 1881 1038 secundum
1914 1006 1991 1039 illud
2027 1006 2155 1039 Genesis

1196 1056 1342 1098 prim09:
1380 1057 1499 1090 «Fiant
1535 1058 1703 1091 luminaria
1737 1059 1769 1091 in
1803 1059 2002 1092 firmamento
2026 1060 2100 1093 caeli
2126 1065 2157 1093 et

1195 1109 1258 1142 sint
1281 1109 1313 1142 in
1337 1110 1426 1152 signa
1441 1114 1473 1143 et
1490 1113 1631 1153 tempora
1644 1125 1660 1140 »
1689 1115 1765 1151 etc.;
1784 1112 1815 1144 in
1832 1112 1894 1145 fine
1919 1116 2098 1154 temporum
2123 1113 2153 1145 in

1194 1163 1282 1205 signa
1305 1166 1380 1196 sunt
1403 1163 1475 1196 finis
1497 1173 1554 1206 per
1578 1165 1657 1197 lucis
1677 1165 1926 1211 occultatIOnem.
1960 1166 2046 1199 Unde
2077 1167 2156 1208 Apo-

1194 1216 1328 1258 calypsis
1351 1219 1456 1249 sexto:
1486 1230 1502 1245 α
1519 1217 1569 1249 Sol
1593 1217 1694 1250 factus
1717 1221 1764 1251 est
1799 1211 1891 1260 niger
1913 1222 2062 1261 tanquam
2087 1228 2153 1252 sac-

1194 1277 1251 1302 cus
1274 1269 1431 1309 cilicinus,
1456 1273 1487 1303 et
1511 1270 1586 1303 luna
1610 1274 1675 1303 tota
1698 1270 1779 1304 facta
1795 1275 1843 1304 est
1860 1272 1941 1304 sicut
1965 1272 2107 1314 sanguis,
2125 1276 2156 1305 et

1193 1322 1300 1355 stellae
1324 1322 1506 1355 ceciderunt
1528 1323 1567 1356 de
1598 1324 1683 1356 caelo
1712 1333 1807 1365 super
1838 1328 2001 1364 terramn;
2025 1328 2056 1357 et
2080 1325 2155 1357 Mat-

1194 1375 1277 1407 thaei
1300 1375 1450 1417 vigesimo
1474 1379 1605 1418 quarto:
1636 1389 1651 1404 «
1667 1376 1777 1408 Statim
1801 1380 1906 1409 autem
1930 1381 2000 1419 post
2023 1377 2155 1410 tribula-

1193 1428 1308 1461 tionem
1333 1428 1456 1461 dierum
1481 1429 1608 1462 illorum
1632 1430 1678 1462 sol
1694 1429 1936 1469 obscurabitur,
1954 1434 1985 1463 et
2001 1430 2077 1463 luna
2092 1440 2154 1463 non

1192 1481 1278 1514 dabit
1293 1481 1401 1514 lumen
1417 1490 1510 1514 suum
1522 1507 1530 1521 ‚
1547 1485 1578 1514 et
1594 1482 1702 1515 stellae
1718 1482 1828 1515 cadent
1844 1483 1882 1515 de
1899 1484 1984 1516 caelo
2002 1497 2031 1515 n.
2046 1501 2088 1507 —
2101 1484 2154 1516 llic

1192 1537 1299 1567 autem
1322 1534 1434 1567 beatus
1458 1535 1557 1567 Lucas
1580 1544 1643 1567 non
1666 1535 1834 1577 exprimit,
1860 1535 1945 1577 quod
1968 1536 2075 1569 stellae
2099 1545 2154 1569 ca—

1192 1586 1279 1625 dent,
1303 1586 1357 1619 sed
1380 1586 1465 1629 quod
1489 1587 1521 1619 in
1545 1587 1590 1620 eis
1613 1590 1708 1620 erunt
1730 1588 1850 1630 siyna;
1867 1588 1942 1630 quia
1958 1597 2069 1621 revera
2085 1598 2155 1622 cor-

1192 1648 1270 1682 pora
1292 1639 1456 1673 stellarum
1488 1640 1669 1673 caelestium
1701 1649 1764 1673 non
1798 1641 1967 1674 mutabunt
1990 1642 2086 1674 situm
2110 1651 2155 1675 se-

1192 1692 1333 1726 cundum
1345 1693 1563 1732 substantiam,
1580 1693 1634 1726 sed
1651 1693 1825 1726 secundum
1842 1694 2066 1736 apparentiam.
2085 1695 2154 1728 Vir-

1192 1748 1261 1779 tute
1284 1745 1465 1785 stellarum,
1489 1745 1671 1779 imminente
1688 1746 1820 1786 iudicio,
1845 1747 2066 1788 impressiones
2084 1748 2155 1789 plu-

1193 1798 1292 1832 rimae
1307 1798 1562 1841 generabuntur,
1579 1807 1659 1841 quas
1672 1799 1880 1841 Philosophus
1893 1800 1920 1819 ¹⁰
1937 1803 2027 1832 vocat
2039 1800 2152 1839 assub,

1193 1860 1275 1894 quae
1299 1852 1342 1884 ita
1365 1851 1677 1893 multiplicabuntur,
1694 1855 1730 1885 ut
1754 1852 1866 1885 cadere
1889 1852 2056 1885 videantur
2080 1853 2153 1886 stel-

1193 1904 1241 1937 lae
1264 1904 1434 1937 caelorum.

2175 1492 2305 1514 Notandum.

167 1955 213 1988 ad
232 1955 488 1998 providentiam.
514 1955 657 1988 Secundo
680 1955 779 1999 eripit
809 1956 856 1989 ad
878 1955 1127 1998 considentium,

167 2007 251 2041 ibi⁶z
267 2008 330 2042 His
354 2012 465 2041 autem
487 2008 564 2051 sieri
585 2008 820 2052 incipientibus
835 2013 893 2043 etc.
923 2010 1029 2043 Tertio
1053 2019 1130 2043 vero

167 2061 288 2094 excitat
300 2061 347 2094 ad
357 2062 580 2105 vigilantiam,
594 2062 651 2095 ibi:
666 2062 828 2095 Attendite
841 2067 953 2096 autem
964 2062 1056 2096 vobis
1068 2066 1127 2096 etc.

1282 1957 1335 1990 42.
1361 1957 1397 1989 Et
1420 1957 1643 1990 attendendum
1667 1961 1736 1996 est,
1756 1958 1841 2000 quod
1871 1958 1953 1991 sicut
1988 1958 2307 2016 luminari³¹ss„¹,⁰;¹³„{{¹,³g{‘

1193 2013 1267 2043 sunt
1290 2010 1379 2052 signa
1401 2010 1594 2043 naturalium
1618 2011 1792 2044 secundum
1808 2012 2005 2053 operationes
2025 2015 2154 2044 natura·
2177 2027 2218 2047 gna
2232 2022 2296 2051 qnam

1193 2064 1255 2103 les,
1281 2064 1325 2096 sic
1349 2067 1423 2096 sunt
1446 2063 1478 2099 in
1510 2063 1598 2106 signa
1629 2072 1741 2097 eorum
1772 2073 1853 2106 quae
1884 2073 1982 2106 supra
2005 2050 2312 2122 naturamsspssffgffiffi

46 2175 69 2197 ln
83 2175 150 2203 primo

37 2204 149 2233 tanguntur

39 2234 139 2256 qumque.

7 2334 79 2362 *Quoad
94 2337 154 2357 uatu-

27 2362 72 2383 rain
85 2361 153 2384 caele-

29 2389 89 2410 stem.

256 2114 346 2147 Circa
357 2114 522 2148 iudicium
535 2114 634 2157 finale
650 2115 861 2148 universalem
877 2115 1026 2149 describit
1042 2125 1129 2148 com-

167 2167 343 2200 motionem
366 2176 408 2207 ex
431 2171 521 2210 parte
544 2172 690 2202 naturae
713 2168 878 2207 caelestis,
902 2168 1127 2208 elementaris,

167 2220 364 2260 rationulis,
382 2221 608 2254 intellectualis
623 2225 654 2254 et
669 2221 769 2263 ipsius
785 2221 908 2254 iudicis
921 2221 1126 2263 apparentis.

256 2273 361 2307 Primo
383 2283 459 2317 ergo
482 2278 637 2317 quantum
653 2274 693 2307 ad
708 2278 872 2307 naturam
892 2273 1057 2307 caelestem
1082 2274 1128 2307 di-

168 2326 226 2360 cit:
251 2327 293 2359 Et
314 2331 412 2360 erunt
432 2327 533 2371 siyna
556 2328 593 2360 in
614 2327 680 2361 sole
702 2331 730 2360 et
754 2327 836 2360 luna
852 2330 881 2359 et
895 2326 1004 2360 stellis.
1023 2327 1128 2360 Solem

167 2383 199 2413 et
222 2379 339 2412 lunam
361 2380 537 2423 specialiter
568 2380 708 2413 nominat
737 2383 887 2422 tanquam
915 2379 979 2412 duo
1009 2380 1129 2422 praeci-

167 2442 231 2476 pua
253 2434 421 2467 luminaria
451 2437 483 2467 et
514 2433 686 2467 secundum
715 2433 929 2475 apparentiam
962 2436 993 2466 et
1016 2442 1128 2466 secun-

168 2486 244 2520 dum
267 2486 455 2526 efficaciam
479 2487 606 2520 Genesis
630 2486 776 2529 primo⁷:
806 2498 822 2515 «ι
838 2486 920 2519 Fecit
951 2486 1036 2523 Deus
1064 2487 1128 2520 duo

242 2673 251 2688 ¹
271 2673 374 2700 Scilicet
393 2673 535 2700 ordinaria
564 2673 605 2706 (ex
634 2673 730 2707 Beda),
749 2674 777 2699 in
798 2681 856 2707 *qua
881 2674 1024 2707 allegantur
1052 2675 1129 2701 Rom.

172 2718 200 2743 ll
213 2737 221 2750 ‚
239 2718 281 2744 25.
302 2726 356 2752 seq.
377 2721 402 2744 et
421 2718 477 2744 lsai.
497 2718 540 2751 59,
560 2719 602 2744 20.

241 2761 252 2777 ²
272 2762 347 2788 Vers.
366 2763 409 2788 31.
429 2766 454 2788 et
474 2763 517 2788 32.

241 2806 252 2821 ⁴
272 2807 346 2832 Vers.
366 2807 415 2838 21,
434 2807 477 2833 cui
496 2806 664 2839 subiungitur
683 2807 747 2832 Dan.
768 2807 799 2838 9,
818 2806 860 2832 24.

242 2850 253 2866 ⁶
272 2850 323 2877 Cir.
342 2857 423 2883 snpra
441 2858 466 2877 n.
487 2851 511 2877 9.

242 2894 253 2910 ⁶
273 2896 347 2922 vers·
367 2896 416 2927 283
435 2895 540 2922 tertium
559 2894 671 2921 habetur
689 2903 716 2921 v.
735 2895 778 2922 34.

242 2937 252 2953 '¹
273 2939 349 2966 Vers.
370 2939 412 2965 ⁴6.
432 2953 466 2958 —
485 2939 608 2972 Sequitur
627 2940 677 2965 loel
697 2940 727 2971 2,
747 2940 790 2966 31.

243 2981 254 2997 ⁸
273 2982 367 3009 Psal'm.
387 2979 452 3015 ⁴03,
473 2983 514 3009 l9.
533 2990 589 3016 seq.
607 2986 633 3009 et
651 2983 748 3009 deinde
767 2984 829 3016 Sap.
851 2984 896 3017 -17,
917 2984 942 3010 5.

208 3034 212 3038 ’
243 3025 255 3041 ⁹
275 3028 348 3053 Vers.
369 3027 411 3053 Η.
430 3040 466 3047 -
484 3026 604 3054 Subinde
631 3027 775 3059 allegantur
802 3028 884 3060 Apoc.
903 3028 934 3059 6,
956 3029 997 3054 12.
1024 3035 1081 3061 seq.
1104 3030 1130 3054 et

173 3071 261 3097 Matth.
279 3071 328 3102 24,
348 3071 390 3096 29.

244 3114 268 3130 ¹⁰
287 3114 358 3141 Libr.
377 3116 394 3141 1.
413 3115 517 3141 Meteor.
537 3115 611 3141 Sum.
630 3115 745 3141 secunda
764 3121 788 3141 e.
809 3116 831 3141 l.
852 3115 885 3149 (c.
906 3115 951 3148 4.),
965 3115 1011 3141 ubi
1023 3115 1078 3147 agit
1096 3115 1130 3141 de

173 3158 391 3192 impressionibus
409 3159 467 3185 sive
484 3158 518 3185 de
536 3158 643 3190 ignibus
660 3159 688 3184 in
706 3159 842 3191 superlore
854 3159 915 3185 aere
933 3166 964 3186 ex
986 3159 1131 3191 vaporibus

174 3203 305 3235 generatis
323 3206 349 3234 et
367 3203 451 3235 figura
470 3202 591 3229 diversis.
610 3203 662 3228 Hos
681 3206 798 3229 recenset
815 3203 845 3228 B.
863 3202 969 3235 Albert„
989 3204 1006 3228 l.
1026 3203 1129 3229 Meteor.

975 2762 989 2777 Β
1009 2764 1085 2789 Vers.
1104 2764 1129 2790 2.

175 3252 206 3274 tr.
226 3247 250 3274 4.
268 3255 291 3274 c.
311 3248 339 3281 43
358 3247 442 3274 tribus
460 3247 595 3274 recensitis
614 3247 740 3281 (quorum
761 3248 844 3273 forma
864 3250 902 3273 est
920 3247 962 3272 vel
981 3248 1130 3278 columnae,

174 3292 216 3317 vel
235 3292 353 3323 lanceae,
372 3292 414 3318 vel
432 3292 575 3325 candelae),
594 3294 719 3325 quartum
731 3291 766 3317 ita
779 3290 917 3317 describit:
938 3290 964 3316 Si
983 3294 1071 3317 autem
1091 3294 1130 3317 est

175 3342 258 3368 vapor
277 3339 411 3362 consertus
429 3336 506 3362 valde
524 3343 577 3362 non
604 3336 716 3362 multum
742 3336 852 3367 longus,
871 3337 933 3361 tunc
957 3337 1008 3360 stat
1035 3335 1131 3361 ardens

175 3379 242 3406 sicut
260 3380 384 3406 candelae
402 3380 484 3411 duae,
503 3387 617 3414 quarum
636 3386 687 3406 una
715 3382 755 3406 est
772 3379 878 3405 flamma
897 3385 977 3411 super
996 3379 1129 3404 flammam

1193 2116 1358 2155 eveniunt,
1384 2125 1441 2158 per
1464 2116 1570 2158 aliqua
1600 2117 1633 2149 in
1667 2116 1713 2149 eis
1747 2125 1843 2159 super
1879 2120 2026 2150 naturam
2061 2117 2150 2150 sacta.

1193 2170 1270 2203 Nam
1304 2170 1337 2202 in
1371 2169 1616 2212 designationem
1652 2169 1819 2202 mirabilis
1855 2170 1991 2202 virtutis
2030 2169 2154 2203 Christi

1193 2224 1240 2256 sol
1263 2223 1366 2262 stetit,
1391 2223 1566 2256 secundum
1582 2223 1660 2256 illud
1677 2223 1766 2256 losue
1782 2223 1903 2256 decimo
1916 2224 1960 2255 ¹¹:
1981 2236 1997 2252 <t
2014 2224 2064 2256 Sol
2081 2232 2154 2256 con-

1193 2279 1243 2309 tra
1277 2275 1403 2309 Gabaon
1437 2285 1477 2309 ne
1515 2276 1689 2315 movearis,
1724 2279 1755 2309 et
1790 2276 1865 2309 luna
1895 2280 2005 2309 contra
2042 2277 2152 2310 vallem

1192 2329 1298 2361 Aialon
1315 2341 1346 2360 1».
1376 2341 1392 2357 «ι
1408 2329 1561 2371 Stetitque
1585 2329 1632 2361 sol
1654 2329 1686 2361 in
1710 2329 1812 2362 medio
1835 2329 1912 2362 caeli
1929 2332 1960 2362 et
1983 2339 2045 2362 non
2069 2330 2154 2362 festi-

1192 2381 1279 2414 navit
1301 2381 1488 2414 occumbere
1520 2381 1621 2423 spatio
1651 2381 1747 2414 unius
1770 2381 1877 2414 diei».
1904 2382 1935 2414 ln
1967 2382 2154 2424 designatio-

1192 2443 1265 2467 nem
1289 2437 1396 2467 autem
1411 2433 1579 2466 mirabilis
1595 2434 1801 2476 diynationis
1817 2434 1864 2467 sol
1879 2434 1986 2467 decem
2002 2434 2153 2477 gradibus

1192 2487 1389 2526 retrocessit;
1407 2486 1500 2519 lsaiae
1517 2486 1677 2529 trigesimo
1700 2490 1810 2522 octavo
1823 2487 1868 2519 ¹²:
1898 2500 1913 2516 α
1927 2488 2081 2521 Reversus
2106 2492 2154 2521 est

1193 2675 1312 2706 alterius,
1330 2682 1400 2708 quae
1418 2675 1504 2707 figura
1524 2674 1591 2706 ignis
1610 2674 1720 2700 Arabice
1745 2677 1855 2700 vocatur
1878 2673 1974 2706 assub,
2000 2674 2073 2707 quod
2096 2674 2154 2707 qui-

1193 2719 1255 2745 dam
1274 2719 1367 2745 dicunt
1384 2719 1547 2751 interpretari
1567 2719 1684 2744 titionem
1703 2717 1830 2752 [At-istm„
1850 2719 1899 2744 loc.
1918 2718 1970 2749 cit„
1989 2718 2069 2743 utitur
2087 2724 2154 2744 voce

1194 2762 1290 2796 δειλός,
1309 2770 1378 2797 quae
1397 2763 1506 2789 vertitur
1525 2763 1628 2789 Latine:
1648 2763 1716 2793 titio,
1735 2763 1789 2794 sax,
1818 2761 1909 2796 trabs],
1928 2762 1990 2795 quia
2010 2763 2095 2794 figura
2114 2768 2154 2787 ex-

1194 2808 1316 2840 primitur
1334 2808 1431 2834 titionis
1458 2814 1519 2833 cum
1545 2807 1624 2840 longo
1643 2806 1765 2833 carbone.
1794 2806 1846 2832 Sed
1870 2807 1897 2832 in
1917 2805 2088 2837 Affinmasar,
2107 2805 2153 2831 ubi

1194 2852 1327 2884 loquimur
1346 2852 1380 2878 de
1399 2852 1491 2883 figuris
1509 2851 1610 2883 ignium
1630 2852 1656 2877 in
1674 2854 1769 2877 octavo
1788 2851 1821 2877 de
1840 2850 2018 2877 iunctionibus
2037 2851 2153 2882 planeta-

1193 2903 1267 2929 rum,
1286 2902 1337 2922 una
1356 2895 1489 2922 translatio
1508 2895 1587 2921 habet
1610 2894 1694 2922 assub
1721 2899 1747 2921 et
1764 2896 1851 2921 altem
1870 2894 1949 2920 habet
1968 2894 2039 2928 iynis
2059 2894 2152 2926 albus,

1194 2944 1220 2966 et
1239 2940 1298 2966 ideo
1316 2939 1387 2973 ignis
1405 2939 1484 2966 albus
1503 2939 1607 2965 videtur
1625 2939 1804 2971 interpretari,
1823 2939 1917 2964 etisti
1943 2945 2037 2964 omnes
2061 2938 2152 2970 ignes,

1194 2983 1240 3016 qui
1259 2983 1285 3009 in
1303 2983 1354 3008 alto
1374 2983 1495 3015 generari
1524 2982 1656 3008 videntur.
1683 2982 1733 3008 Cir.
1754 2981 1818 3008 ibid.
1845 2988 1869 3007 c.
1888 2982 1913 3006 5.
1941 2988 2016 3014 seqq.
2035 2994 2069 3000 —
2094 2981 2152 3006 vat.

1194 3028 1289 3054 omittit
1307 3034 1375 3061 quas
1394 3026 1574 3061 Philosophus
1592 3028 1672 3053 vocat
1689 3025 1781 3053 assub.
1801 3025 1867 3051 Vide
1880 3029 1943 3051 tom.
1958 3025 1999 3051 lV.
2014 3032 2076 3056 pag.
2090 3025 2151 3054 979,

1194 3075 1283 3098 notam
1303 3072 1334 3103 6,
1354 3072 1380 3097 in
1400 3078 1452 3104 qua
1471 3071 1565 3097 eadem
1585 3071 1660 3096 lectio
1679 3070 1757 3096 codd.
1775 3069 1810 3095 ad
1828 3070 1926 3095 calcem
1946 3076 1961 3094 a
1979 3068 2056 3094 nobis
2068 3068 2152 3100 posita

1193 3119 1245 3148 est,
1264 3122 1326 3142 cum
1346 3116 1373 3141 in
1391 3118 1490 3141 textum
1509 3113 1644 3140 debuisset
1661 3113 1758 3145 recipi;
1783 3112 1819 3138 ibi
1845 3112 1956 3138 habetur
1974 3112 2053 3138 etiam
2075 3119 2152 3144 expo-

1194 3159 1253 3186 sitio
1272 3159 1417 3192 opinionis,
1437 3158 1471 3184 de
1490 3165 1542 3191 qua
1562 3158 1603 3183 hic
1621 3157 1717 3189 agitur.

1266 3202 1288 3218 ¹²
1307 3203 1383 3229 Vers.
1404 3202 1446 3228 ⁴3.
1465 3205 1490 3227 et
1517 3201 1559 3227 Η.
1577 3215 1612 3220 -
1632 3200 1759 3232 Superius
1783 3203 1843 3232 post
1862 3199 1956 3234 aliqua
1975 3199 2004 3226 in
2031 3199 2068 3226 eis
2093 3199 2151 3224 Vat-

1194 3247 1268 3273 addit
1285 3246 1374 3280 signa.

1266 3290 1288 3306 ²⁵
1309 3291 1382 3317 Vers.
1402 3291 1428 3315 8.
1446 3289 1497 3316 Cir.
1517 3295 1598 3321 supra
1617 3295 1678 3320 pag.
1698 3288 1764 3321 387,
1777 3291 1839 3314 nota
1856 3288 1895 3314 13.
1908 3301 1944 3307 -
1963 3287 2090 3319 Superius
2103 3294 2151 3319 pro

1194 3327 1328 3361 inffabilis
1347 3332 1510 3367 dignationis
1529 3333 1551 3358 G
1569 3331 1666 3359 nobilis
1694 3331 1872 3366 dignationis,
1892 3332 1914 3357 H
1932 3330 2067 3358 mirabilis
2086 3330 2152 3361 desi-

1195 3377 1344 3412 9nationis‚
1365 3379 1423 3403 vat.
1442 3376 1538 3403 nobilis
1558 3375 1759 3410 desiynactonis.
