2427 3872
287 263 352 295 812

571 305 632 330 PER

288 350 388 376 inhiant
414 350 465 375 380
484 350 518 374 66
536 363 571 367 -—
590 349 610 374 Α
639 349 760 380 perfectis
786 348 928 382 requiritur

288 397 386 420 fructus
413 394 556 426 sapientiae
584 392 630 419 344
660 394 687 417 18
707 406 742 411 -
762 393 786 417 ln
811 392 928 425 quolibet

287 440 403 471 perfecto
415 438 544 470 reperitur
557 436 691 469 plenitudo
704 436 879 462 abundantiae
893 436 924 461 Vl

288 482 338 508 538
359 483 374 508 2
393 496 429 501 —
446 482 472 507 in
492 481 598 507 caritate
621 484 647 506 et
673 487 721 512 spe
750 483 858 506 vocatur
886 480 926 506 v‘ir

288 526 443 552 fortissimus
462 525 495 550 95
515 533 542 551 v.
561 525 578 550 7

340 584 375 588 ——
393 569 510 595 Christus
529 569 657 601 perfectos
674 568 781 594 deducit
793 575 841 600 per
853 568 923 593 viam

287 614 471 640 mandatorum
491 613 524 638 Vl
544 614 595 638 622
616 621 641 638 v.
662 612 695 637 45
715 627 747 630 —
767 612 885 638 Christus
897 619 926 638 se

287 658 401 683 ostendit
423 657 545 689 perfectis
568 657 594 682 in
619 657 706 688 specie
730 656 845 682 crucifixi
863 655 926 682 ibid.

287 716 321 720 —
340 701 458 728 Christus
476 702 605 733 perfectos
624 701 743 726 accendit
760 701 794 726 ad
809 700 926 726 imitatio·

287 753 347 771 nem
367 745 495 778 passionis
513 744 575 771 ibid.
593 758 628 764 —-
647 746 795 770 conformes
813 745 925 770 efficiun-

287 794 329 816 tur
347 790 449 816 Christo
468 796 516 821 per
534 789 712 821 septiformem
737 789 862 821 Spiritum
882 789 924 814 Vll

289 834 339 859 152
358 834 392 859 62
411 847 446 852 —
466 833 616 865 passionem
635 833 727 859 Christi
746 833 876 858 imitantes
889 839 926 858 se-

287 881 403 910 quuntur
421 878 509 910 ipsum
529 885 576 910 per
592 877 674 903 ardua
689 880 878 902 tormentorum
894 877 924 902 Vl

288 922 339 948 594
359 930 386 947 v.
407 922 438 947 43
452 936 487 941 --
500 922 621 947 Perfectis
637 921 728 947 melior
746 924 772 946 et
791 921 927 959 utiliortest

289 969 371 992 status
388 963 552 991 adversitatis
566 972 645 999 quam
660 964 839 997 prosperitatis
851 964 885 989 70
899 972 925 997 q.

288 1024 323 1029 —
343 1010 367 1035 in
386 1012 453 1035 statu
475 1009 639 1037 adversitatis
664 1009 842 1034 examinantur
860 1008 927 1034 sicut

290 1060 383 1079 aurum
413 1053 437 1077 in
465 1052 526 1084 igne
554 1051 615 1078 ibid.
634 1066 669 1071 —
688 1053 863 1078 perfectorum
888 1055 927 1078 est

290 1097 389 1123 solidus
408 1097 483 1123 cibus
505 1097 536 1122 40
555 1104 582 1130 q.
602 1098 617 1122 2

341 1155 377 1160 —-
396 1141 491 1167 faciunt
509 1142 621 1167 Domino
640 1142 792 1167 convivium
807 1142 832 1166 in
846 1141 926 1167 domo

289 1185 454 1211 obedientiae
478 1186 512 1210 Vl
538 1185 583 1210 411
608 1186 623 1211 9
645 1200 677 1203 -
696 1186 839 1211 exaltantur
861 1185 927 1210 sicut

289 1231 414 1262 Martyres
431 1230 505 1263 quasi
524 1233 632 1266 propter
650 1237 725 1255 suam
744 1230 860 1255 militiam
875 1229 926 1255 596

290 1274 306 1300 4
324 1288 359 1293 —
379 1275 454 1300 Stella
473 1277 512 1300 est
530 1274 678 1306 exemplum
698 1275 873 1306 perfectorum
893 1273 927 1298 93

289 1326 316 1344 v.
334 1320 350 1344 2
373 1333 408 1336 -
431 1319 616 1350 Apostolorum
642 1318 775 1349 processio
799 1317 929 1348 significat

290 1364 465 1394 perfectorum
484 1361 641 1394 obsequium
662 1361 713 1386 594
732 1369 758 1386 ν.
780 1361 821 1386 13·

343 1419 378 1425 -
390 1405 468 1431 debet
481 1412 538 1430 esse
551 1406 664 1436 perfecte
677 1404 821 1430 benevolus
834 1407 929 1436 et-per-

293 1450 357 1474 fecte
374 1449 499 1481 pacificus
517 1449 560 1474 Vll
581 1449 631 1474 453
651 1448 684 1473 64
704 1461 739 1467 --
758 1455 811 1473 non
833 1447 929 1474 debent

291 1493 434 1518 vindictam
455 1499 575 1518 exercere
593 1492 626 1517 78
647 1491 680 1517 34

345 1551 378 1555 ——
399 1537 485 1562 Status
510 1536 674 1568 perfectionis
700 1536 816 1562 consistit
839 1536 864 1562 in
884 1534 930 1562 liu-

291 1581 410 1613 militate,
435 1581 584 1606 austeritate
609 1583 634 1605 et
658 1583 811 1613 paupertate
832 1581 873 1606 Vll
894 1580 927 1606 48

292 1625 325 1650 46
343 1638 379 1644 —
397 1625 482 1650 Status
507 1625 672 1657 perfectionis
696 1628 735 1651 est
754 1625 779 1650 in
802 1625 927 1657 religione

293 1669 324 1695 Vl
345 1669 390 1695 414
415 1670 430 1694 9
452 1684 483 1687 -
504 1669 558 1695 Non
578 1676 670 1695 omnes
689 1669 723 1695 ad
736 1672 831 1695 statum
846 1671 927 1701 perfe-

290 1714 382 1740 ctionis
400 1718 460 1740 sunt
476 1714 645 1745 admittendi,
659 1714 703 1740 sed
719 1717 818 1740 tantum
833 1714 867 1740 illi
881 1714 927 1748 qui

288 1762 348 1784 sunt
366 1758 452 1784 idonei
473 1759 515 1784 Vll
536 1759 585 1784 208
605 1758 634 1784 71

342 1817 376 1822 -
395 1804 513 1836 Quorum
533 1806 572 1828 est
590 1803 686 1828 intrare
705 1803 730 1829 in
753 1806 849 1829 statum
870 1810 927 1835 per-

289 1848 406 1873 fectionis
424 1847 523 1873 debent
540 1847 645 1879 pulsare
658 1848 806 1879 plangendo
820 1848 861 1873 Vll
875 1848 927 1873 285

289 1892 322 1917 27
342 1905 375 1910 -
396 1892 444 1924 Qui
464 1892 520 1917 vult
538 1891 571 1916 ad
591 1891 777 1923 perfectionem
800 1892 928 1923 attingere

289 1935 435 1961 neccssaria
454 1938 492 1961 est
511 1935 534 1961 ei
549 1935 676 1960 festInatio
690 1936 722 1960 28
736 1935 770 1960 73
784 1949 819 1954 -
832 1936 857 1961 ln
872 1942 928 1967 per-

291 1980 402 2005 fectione
426 1979 549 2005 standum
568 1982 608 2004 est
626 1978 658 2012 Vl
679 1979 713 2004 32
732 1986 759 2011 q.
777 1992 812 1998 -
831 1979 929 2005 cadens

289 2030 338 2048 suo
357 2023 425 2048 malo
444 2023 564 2054 exemplo
583 2023 647 2048 alios
665 2022 752 2048 reddit
773 2022 876 2048 inutiles
894 2023 928 2049 ad

290 2066 390 2093 bonum
411 2066 558 2092 faciendum
580 2066 622 2091 Vll
641 2066 687 2091 381
712 2067 746 2091 68
765 2081 800 2084 -
819 2069 930 2092 retroce-

290 2110 355 2136 dens
373 2112 541 2142 comparatur
560 2110 634 2136 uxori
652 2111 699 2136 Lot
717 2109 777 2136 ibid.

342 2167 378 2172 —
397 2153 583 2186 approbabunt
601 2157 626 2179 et
644 2153 825 2186 reprobabunt
850 2155 874 2180 in
894 2155 930 2181 iu·

290 2198 359 2224 dicio
378 2198 411 2223 Vl
431 2198 482 2224 343
502 2198 535 2223 56
555 2212 590 2218 -
608 2197 763 2225 iudicabunt
780 2202 806 2225 et
824 2206 875 2225 non
892 2200 929 2225 iu-

290 2242 448 2269 dicabuntur
466 2243 509 2268 Vll
529 2242 576 2269 554
602 2243 634 2269 40

342 2301 378 2306 -
397 2288 541 2313 Perfectum
567 2290 606 2314 est
631 2288 672 2313 cui
698 2288 760 2313 nihil
785 2288 859 2314 deest
885 2289 927 2315 Vll

290 2331 341 2358 463
355 2331 382 2357 41
401 2336 435 2350 -·-
447 2332 594 2358 Perfectum
605 2332 710 2364 respicit
721 2336 803 2358 totum
816 2333 846 2359 Vl
858 2333 891 2358 32
901 2341 928 2366 q.

289 2391 324 2394 —
343 2377 486 2402 Perfectum
507 2383 520 2401 a
540 2377 655 2408 perfecto
668 2380 790 2403 causatur
804 2378 853 2403 108
869 2385 896 2403 v.
912 2378 927 2403 5

290 2434 325 2438 —
337 2420 550 2453 Unumquodque
563 2420 721 2452 perfectibile
731 2421 810 2447 debet
821 2421 928 2447 tendere

290 2467 315 2489 et
333 2470 460 2496 quaerere
479 2464 519 2494 id,
539 2464 565 2489 in
584 2471 637 2497 quo
660 2465 794 2496 perficitur
812 2465 845 2491 54
865 2473 892 2498 q.
911 2467 927 2491 2

343 2508 485 2533 Psn1c0tuu
504 2521 538 2526 -
551 2508 632 2539 Magis
645 2508 768 2534 abhorret
781 2513 871 2535 natura
885 2516 928 2541 pe·

290 2551 401 2576 riculum
421 2551 559 2577 imminens
577 2559 657 2584 quam
670 2553 768 2579 distans
781 2553 814 2579 Vl
829 2553 876 2579 434
895 2553 927 2579 40

290 2608 326 2613 -
344 2594 521 2620 Consideratio
541 2595 648 2626 periculi
666 2597 758 2622 excitat
777 2597 811 2622 ad
836 2604 927 2629 procu-

290 2638 418 2671 rationem
443 2636 553 2664 remedii
573 2639 614 2664 Vll
635 2640 686 2664 380
707 2640 739 2665 64
757 2654 793 2659 -
813 2641 838 2666 ln
862 2641 928 2672 peri-

292 2682 356 2707 culis
375 2689 442 2714 opus
455 2686 493 2707 cst
507 2683 648 2708 constantia
669 2687 757 2709 contra
778 2684 927 2710 violentiam

292 2729 317 2751 ct
336 2727 433 2752 cautela
455 2729 542 2751 contra
563 2726 761 2752 fraudulentiam
782 2727 832 2753 552
847 2728 875 2754 41
893 2742 927 2748 -

294 2771 319 2795 1η
338 2771 460 2802 periculis
478 2771 540 2805 fuga
565 2770 632 2796 licita
657 2773 697 2796 est
720 2771 879 2802 imperfectis
903 2775 929 2797 et

293 2815 413 2846 perfectis
426 2815 472 2840 534
493 2815 525 2840 32
540 2828 572 2833 -
586 2814 686 2840 inducit
698 2815 818 2840 timorem
833 2816 884 2841 345
896 2816 927 2841 49

346 2859 498 2884 Panum-:1³13
518 2873 552 2877 —
571 2859 596 2884 in
616 2858 686 2884 bono
705 2861 743 2884 est
755 2858 860 2884 divinae
874 2866 929 2891 gra-

293 2902 344 2927 tiae
362 2905 388 2928 et
405 2906 509 2928 nostrae
527 2903 705 2929 sollicitudinis
724 2903 757 2928 Vl
778 2902 827 2928 474
848 2903 881 2929 34

346 2946 534 2973 Penscnurmo
557 2961 592 2967 —
616 2947 727 2979 Spiritus
751 2950 856 2973 sanctus
881 2954 930 2973 nos

292 2990 379 3015 omnia
395 2990 452 3015 facit
466 2991 622 3022 perscrutari
642 2991 675 3017 Vl
699 2992 728 3017 43
748 2998 775 3016 v.
793 2990 809 3016 7
823 3005 858 3009 —
871 2991 930 3017 sub-

293 3034 394 3060 limium
414 3034 439 3059 in
458 3034 549 3066 spiritu
570 3035 699 3062 diabolico
724 3038 763 3061 est
788 3035 930 3067 malignita-

294 3078 339 3109 tis,
359 3078 385 3103 in
404 3078 496 3110 spiritu
515 3079 631 3105 humano
650 3082 689 3105 est
714 3079 883 3110 curiositatis,
904 3079 929 3105 in

292 3122 385 3154 spiritu
409 3122 499 3148 divino
524 3126 563 3148 est
581 3123 684 3154 pietatis
702 3123 753 3149 244
773 3131 787 3149 a
809 3138 841 3142 —
861 3123 930 3149 mali-

294 3166 400 3198 gnitatis
419 3169 458 3192 est
475 3167 583 3192 omnino
602 3168 834 3200 reprehendenda,
847 3168 929 3194 curio-

293 3210 375 3236 sitatis
398 3213 437 3236 est
461 3210 593 3242 cavenda,
619 3211 721 3243 pietatis
748 3212 929 3245 amplectenda

294 3252 355 3279 ibid.
375 3267 409 3273 —
428 3254 596 3286 malignitatis
608 3247 634 3280 et
646 3255 800 3282 curiositatis
813 3257 930 3289 frequen-

294 3300 333 3322 ter
345 3296 417 3323 ducit
435 3298 461 3324 in
480 3305 612 3329 errorem,
631 3305 684 3329 non
704 3306 768 3325 vero
786 3303 930 3332 perscruta-

295 3341 330 3367 tio
349 3341 451 3373 pietatis
468 3342 535 3368 circa
555 3342 643 3368 divina
662 3341 724 3369 ibid.
744 3357 776 3362 —-
796 3344 875 3369 nimiu
888 3344 930 3370 de-

294 3384 367 3410 ducit
385 3385 419 3410 ad
438 3385 610 3417 insipientiam
631 3386 659 3411 61
683 3393 709 3419 q.
728 3387 744 3412 2

1150 259 1264 292 tNDEx
1280 260 1416 302 *RERUM

1019 349 1171 374 Pcusacuno
1191 361 1225 367 —
1238 350 1276 373 est
1290 348 1392 379 gladius
1406 348 1602 379 malignantium

965 392 998 418 Vl
1023 392 1074 417 612
1101 399 1127 417 ν.
1152 392 1179 416 11
1204 405 1239 411 —-
1258 394 1297 417 est
1320 392 1424 423 gladius
1449 392 1604 428 evaginatus

964 435 1025 461 ibid.
1044 449 1079 454 —
1098 436 1124 461 ln
1144 436 1325 467 persecutione
1344 438 1383 461 est
1400 436 1545 467 periculum
1559 442 1603 467 op-

963 480 1106 511 pressionis
1125 479 1159 504 ab
1178 483 1247 505 extra
1269 480 1310 505 Vll
1330 479 1382 505 554
1403 480 1435 505 48
1455 493 1491 499 —-
1510 480 1603 511 impio-

963 530 1021 549 rum
1041 526 1080 549 est
1097 524 1278 556 supportanda
1298 524 1326 549 81
1346 523 1378 549 46
1392 538 1426 542 -
1439 524 1549 549 Licitum
1563 527 1603 549 est

962 568 1177 600 persequentium
1204 569 1318 593 furorem
1344 567 1475 593 declinare
1498 568 1530 593 Vl
1550 568 1596 593 291

964 607 1049 636 12’-
1070 612 1152 637 Furor
1177 612 1390 645 persequentium
1416 615 1456 637 est
1479 611 1603 638 vitandus

963 656 1015 681 340
1035 656 1058 681 2.
1079 655 1130 681 342
1151 656 1184 681 16

1014 713 1051 718 -
1069 700 1180 725 Mundus
1199 700 1365 733 persequitur
1378 699 1509 726 Christum
1524 703 1603 732 caput

962 747 988 769 et
1006 744 1063 769 cius
1082 743 1201 769 membra
1221 744 1253 770 Vl
1275 744 1324 769 453
1346 744 1378 769 33
1398 758 1434 763 —
1453 744 1539 770 Sancti
1552 744 1601 770 viri

962 794 1067 820 semper
1086 788 1294 819 persecutionem
1319 789 1448 814 malorum
1472 789 1602 814 sustinue-

962 834 1022 857 runt
1041 832 1084 857 Vll
1103 831 1155 857 527
1175 832 1207 857 19
1220 846 1255 850 —-
1268 832 1457 858 Persecutionis
1469 839 1548 858 causa
1562 833 1604 858 tri-

963 876 1021 908 plex
1041 875 1075 901 ib.
1094 876 1127 901 20

1016 934 1051 938 -
1071 919 1192 945 Debiliter
1212 920 1237 945 in
1256 919 1326 946 bono
1350 920 1458 946 radicati
1477 928 1492 946 a
1518 928 1603 952 perse·

962 963 1066 989 cutione
1093 964 1209 995 graviori
1233 964 1399 990 eradicantur
1418 965 1450 990 Vl
1471 965 1521 990 433
1541 972 1568 990 v.
1587 965 1602 989 4

965 1022 997 1025 —
1017 1007 1140 1033 annihilat
1165 1007 1266 1033 bonum
1291 1008 1456 1040 propositum
1482 1009 1525 1034 Vll
1551 1009 1602 1034 532

963 1051 996 1077 76
1016 1066 1051 1070 »-
1076 1052 1150 1077 Servi
1177 1052 1223 1077 Dei
1248 1052 1273 1077 in
1299 1052 1526 1084 persecutionibus
1550 1059 1602 1078 non

964 1096 1104 1122 vincuntur
1123 1096 1169 1121 474
1194 1097 1227 1122 62
1247 1109 1282 1115 ——
1301 1097 1328 1122 ln
1348 1097 1531 1128 persecutione
1550 1097 1604 1129 gla-

963 1140 1023 1166 dius
1035 1141 1196 1166 necessarius
1210 1144 1249 1166 est
1261 1141 1294 1166 ad
1308 1141 1489 1166 defensionem
1503 1140 1555 1166 554
1570 1140 1602 1166 48

1016 1185 1223 1210 PensavaaANTm
1245 1199 1278 1203 -—
1296 1185 1441 1210 necessaria
1461 1188 1500 1210 est
1513 1185 1540 1210 in
1553 1191 1604 1210 ser·

964 1229 1060 1254 viendo
1080 1229 1133 1254 Deo
1153 1229 1195 1254 Vll
1217 1229 1245 1253 41
1271 1229 1322 1254 135
1342 1243 1375 1246 -
1394 1229 1540 1254 necessaria
1565 1232 1605 1254 est

965 1272 998 1298 ad
1023 1272 1213 1304 perficiendum
1239 1272 1290 1297 378
1311 1272 1344 1297 59
1364 1287 1398 1290 -
1418 1272 1541 1298 omnibus
1559 1279 1604 1298 ne-

965 1317 1076 1342 cessaria
1095 1320 1134 1342 est
1154 1316 1204 1341 444
1220 1316 1257 1341 ,54
1276 1331 1311 1348 ,-
1331 1317 1445 1341 maxime
1459 1316 1603 1342 necessaria

965 1363 1005 1385 est
1023 1360 1176 1385 imminente
1196 1361 1282 1385 futuro
1302 1360 1398 1385 iudicio
1417 1359 1480 1386 ibid.

1020 1418 1055 1422 —
1074 1404 1206 1435 Scriptura
1227 1410 1299 1429 sacra
1319 1411 1368 1429 nos
1387 1404 1478 1429 invitat
1496 1404 1530 1429 ad
1549 1411 1606 1436 per-

966 1447 1142 1473 severandum
1163 1448 1190 1472 in
1208 1448 1299 1473 divino
1312 1448 1418 1474 servitio
1432 1449 1473 1474 Vll
1488 1448 1539 1474 252
1556 1449 1604 1474 110

966 1506 1001 1510 ——
1020 1492 1104 1517 Homo
1123 1491 1203 1517 debet
1221 1491 1319 1517 haber-e
1337 1493 1559 1524 perseverantiam
1579 1493 1604 1518 in

966 1536 1050 1569 gratia
1071 1537 1102 1562 Vl
1123 1536 1174 1562 557
1194 1544 1220 1562 v.
1240 1536 1273 1562 42
1292 1550 1327 1556 -
1340 1537 1394 1563 Non
1408 1540 1606 1570 perseverantes

965 1584 1026 1607 sunt
1050 1580 1219 1613 opprobriosi
1243 1585 1267 1607 et
1286 1581 1364 1607 derisi
1384 1582 1426 1607 Vll
1448 1582 1498 1608 378
1518 1583 1551 1608 60
1570 1596 1605 1602 -

965 1628 1004 1651 est
1023 1625 1134 1651 amanda
1154 1626 1187 1651 Vl
1207 1626 1240 1651 56
1260 1633 1286 1651 ν.
1306 1626 1320 1651 8
1335 1640 1369 1645 -
1384 1625 1501 1653 Christus
1513 1626 1604 1653 liberat

965 1677 980 1695 a
1000 1670 1068 1695 malo
1094 1670 1215 1695 miseriae
1236 1674 1435 1702 perseverantes
1454 1671 1506 1697 557
1525 1679 1550 1696 v.
1571 1671 1603 1697 42

964 1728 999 1734 -
1018 1715 1217 1740 Perseveranter
1235 1722 1365 1747 quaerens
1384 1715 1484 1741 invenit
1502 1715 1554 1741 507
1571 1716 1603 1741 19

1019 1773 1052 1777 -
1071 1760 1217 1790 praefertur
1236 1759 1348 1785 iustitiae
1367 1759 1502 1785 inchoatae
1523 1760 1555 1785 Vl
1570 1760 1602 1786 57

964 1810 991 1829 v.
1010 1803 1026 1828 9
1045 1816 1080 1822 -
1099 1803 1124 1828 in
1144 1802 1213 1829 bono
1233 1804 1326 1829 melius
1345 1807 1383 1829 est
1402 1811 1483 1836 quam
1503 1807 1602 1830 tantum

965 1847 1088 1873 inchdare
1111 1846 1173 1873 ibid.
1193 1861 1227 1866 —-
1247 1845 1297 1880 Qui
1322 1854 1372 1873 non
1402 1851 1553 1879 perseverat
1579 1849 1603 1874 in

965 1891 1070 1917 caritate
1081 1890 1201 1923 habetur,
1214 1898 1244 1917 ac
1258 1891 1280 1916 si
1292 1898 1344 1916 non
1359 1891 1492 1917 habuisset
1506 1892 1556 1917 329
1570 1893 1603 1917 62

1018 1948 1053 1954 --
1072 1929 1270 1960 Perseverantes
1289 1935 1379 1960 videre
1398 1934 1496 1961 debent
1519 1936 1603 1961 lesum

965 1981 1112 2004 servantem
1133 1981 1159 2004 et
1176 1981 1371 2011 protegentem,
1389 1982 1415 2004 ut
1428 1979 1480 2005 sint
1492 1980 1604 2005 victores

966 2022 999 2047 Vl
1023 2022 1074 2048 630
1094 2023 1122 2047 11
1148 2036 1179 2041 --
1200 2022 1274 2048 Visio
1299 2022 1438 2054 spiritualis
1463 2023 1604 2049 Salvatoris

966 2067 1115 2092 consolatur
1128 2069 1307 2098 exspectantes
1320 2071 1448 2100 quantum
1461 2067 1495 2093 ad
1508 2070 1603 2093 statum

967 2110 1177 2142 perseverantiae
1196 2110 1243 2136 634
1269 2110 1301 2136 17
1320 2124 1355 2130 -
1374 2110 1521 2137 Constantia
1547 2118 1605 2137 con-

966 2157 1086 2180 servatur
1110 2161 1158 2187 per
1182 2155 1405 2187 perseverantiam
1431 2155 1464 2181 56
1489 2163 1515 2181 v.
1536 2156 1550 2180 8
1569 2169 1605 2175 -

966 2199 1165 2225 perseveranter
1183 2202 1282 2225 certare
1300 2202 1339 2225 est
1365 2199 1480 2232 legitime
1505 2205 1605 2226 certare

966 2244 1001 2269 75
1020 2250 1046 2269 v.
1069 2244 1099 2269 10
1119 2257 1154 2263 -
1172 2244 1197 2269 in
1211 2244 1280 2270 malo
1294 2251 1347 2270 non
1360 2246 1399 2270 est
1411 2251 1479 2273 vera
1488 2247 1605 2270 constan-

966 2288 1014 2321 tia,
1033 2288 1078 2314 sed
1100 2288 1194 2314 duritia
1214 2292 1240 2314 et
1258 2288 1398 2321 pertinacia
1418 2289 1461 2314 Vll
1481 2289 1532 2315 569
1553 2289 1585 2314 12

1018 2333 1130 2359 ΡεκεοΝΑ
1150 2346 1186 2352 -
1204 2332 1267 2359 dicit
1288 2333 1428 2364 specialem
1449 2333 1603 2365 dignitatem

966 2377 999 2403 Vl
1019 2377 1070 2402 257
1090 2377 1124 2403 50
1143 2391 1178 2395 -
1197 2377 1246 2410 Qui
1265 2377 1337 2402 videt
1356 2383 1435 2402 unam
1463 2383 1617 2409 personam>

965 2421 1081 2447 divinam
1101 2421 1173 2447 videt
1190 2421 1267 2446 aliam
1288 2421 1339 2447 470
1360 2421 1387 2446 44

1019 2466 1154 2498 Pausmsto
1173 2479 1209 2484 —
1227 2465 1261 2490 de
1280 2465 1360 2491 rebus
1379 2465 1439 2491 ssdei
1460 2465 1488 2491 fit
1507 2472 1554 2498 per
1566 2472 1604 2491 ra·

966 2510 1049 2535 tiones
1069 2509 1256 2542 congruentiae
1276 2510 1307 2534 Vl
1327 2509 1378 2535 243
1398 2510 1426 2534 10

1019 2554 1169 2579 Penrmcu
1188 2568 1223 2571 —
1242 2556 1281 2579 est
1309 2553 1451 2579 constantia
1481 2553 1507 2579 in
1536 2554 1604 2579 malo

967 2598 1008 2624 Vll
1028 2597 1078 2623 569
1096 2598 1132 2623 »12

1018 2631 1244 2668 Ρεητυιῑυᾼτιοχ-
1263 2645 1302 2668 est
1327 2642 1429 2674 passio,
1457 2641 1602 2667 secundum

965 2685 1037 2718 quod
1057 2685 1175 2711 ascendit
1193 2686 1219 2711 in
1238 2686 1381 2717 rationem,
1401 2689 1440 2711 est
1458 2685 1603 2717 propassiO,

965 2729 1110 2755 secundum
1138 2729 1211 2762 quod
1239 2730 1305 2755 sistit
1328 2730 1353 2755 in
1381 2729 1546 2755 sensualitate
1569 2729 1602 2754 Vl

966 2772 1017 2798 404
1037 2773 1070 2799 56
1083 2787 1117 2792 -—
1131 2772 1254 2799 obscurat
1266 2774 1370 2799 oculum
1385 2773 1492 2804 mentis,
1507 2772 1552 2798 ubi
1565 2775 1603 2798 est

966 2823 995 2842 ex
1015 2816 1167 2843 necessitate
1186 2816 1218 2843 ib.
1239 2816 1268 2843 2·
1285 2831 1320 2837 --
1339 2817 1404 2854 Cum
1424 2817 1510 2850 aliqua
1531 2823 1603 2849 prac-

966 2861 1076 2893 scimus,
1096 2868 1143 2892 per
1156 2861 1367 2893 imaginationem
1382 2860 1534 2887 sensualitas
1548 2868 1602 2893 per-

967 2903 1065 2930 turbari
1085 2908 1170 2936 potest
1189 2904 1235 2930 434
1267 2905 1300 2930 39
1319 2918 1355 2924 —
1373 2905 1546 2931 sensualitatis
1565 2908 1604 2931 est

967 2948 1120 2974 necessitate
1146 2949 1170 2974 in
1197 2948 1285 2980 bonis,
1305 2948 1437 2975 voluntate
1457 2949 1482 2975 in
1501 2949 1603 2976 Christo

968 2991 1019 3017 404
1045 2992 1078 3017 56
1103 3007 1138 3011 —
1162 2993 1270 3019 rationis
1295 2996 1333 3019 est
1355 2994 1421 3019 mala
1441 2996 1466 3019 et
1485 2994 1509 3019 in
1529 2994 1603 3019 malis

968 3035 1029 3062 ibid.
1049 3050 1082 3055 -·
1101 3037 1207 3070 quando
1227 3040 1266 3063 est
1284 3037 1430 3063 voluntaria
1458 3041 1484 3063 et
1512 3037 1537 3063 in
1563 3044 1603 3063 ra-

968 3080 1052 3111 tione,
1072 3081 1200 3112 completa
1219 3084 1258 3107 est
1276 3080 1309 3107 ib.
1330 3080 1358 3107 3·

1020 3137 1055 3143 —-
1075 3125 1210 3150 hominum
1234 3127 1259 3150 et
1285 3125 1475 3151 elementorum
1503 3126 1551 3151 crit
1578 3125 1603 3151 in

967 3167 1034 3193 finali
1054 3167 1219 3194 tribulatione
1237 3168 1281 3194 Vll
1300 3168 1351 3194 526
1373 3168 1404 3195 17

1930 304 1991 329 PET

1642 347 1775 373 mundana
1795 350 1833 373 est
1851 348 1986 379 arguenda
2006 348 2052 373 611
2072 355 2096 372 v.
2119 348 2145 373 44
2170 361 2204 367 —-
2224 355 2276 374 ma-

1641 398 1692 423 gna
1711 395 1750 417 est
1768 391 1894 417 seducere
1921 391 2053 423 simplices
2073 392 2115 417 Vll
2136 391 2187 417 427
2206 392 2221 417 6
2243 406 2276 410 -

1640 436 1725 460 Homo
1744 435 1901 467 pervertitur
1914 442 1961 466 per
1974 436 2068 461 malam
2082 435 2276 467 cogitationem,

1640 479 1812 511 affectionem,
1831 479 1987 505 locutionem
2007 482 2032 504 et
2050 480 2229 511 operationem
2242 479 2276 504 Vl

1641 524 1673 548 18
1693 530 1718 548 v.
1739 523 1772 548 15
1792 537 1825 541 -
1845 523 1953 548 Maxime
1980 523 2097 549 animum
2123 526 2277 555 pervertunt

1639 567 1731 598 timor,
1750 567 1855 598 odium,
1875 567 1992 598 dilectio,
2010 567 2119 592 avaritia
2136 568 2187 593 353
2205 567 2240 593 74

1692 611 1741 636 Pas
1758 626 1793 629 —
1812 612 1859 637 Per
1878 611 1960 643 pedes
1978 612 2139 643 significatur
2158 611 2276 637 humaui-

1640 658 1678 681 tas
1696 655 1790 681 Christi
1811 656 1842 680 Vl
1863 655 1914 680 593
1934 663 1961 680 v.
1981 656 1995 680 3
2015 669 2050 674 —
2069 658 2130 681 sunt
2156 656 2277 686 aflectus,

1639 699 1686 732 qui
1699 700 1783 731 magis
1794 699 1912 731 indigent
1921 699 2010 731 lavari,
2021 699 2082 732 quia
2094 699 2178 731 magis
2188 699 2278 724 uniun-

1640 746 1682 769 tur
1709 743 1832 769 sordibus
1859 743 1909 769 426
1936 744 1963 768 11
1987 757 2023 762 -
2041 743 2196 769 Affectiones
2217 745 2277 768 sunt

1640 788 1722 820 pedes
1741 788 1856 819 animae,
1875 795 1944 821 quae
1971 788 2085 820 ligantur
2112 795 2160 819 pet·
2187 794 2277 819 pecca-

1640 835 1695 858 tum
1715 832 1766 857 593
1794 839 1821 857 v.
1848 832 1881 857 44
1900 846 1935 851 —
1954 832 2036 858 Pedes
2061 832 2231 861 affectionum
2249 831 2277 857 li-

1640 879 1735 908 gantur
1754 883 1801 908 per
1819 876 1916 901 malum
1937 883 2070 906 amorem,
2094 883 2128 901 ne
2156 878 2277 907 peccator

1641 921 1746 952 culpam
1766 920 1908 946 detestetur
1934 919 1995 946 ibid.
2014 933 2049 939 —
2069 920 2151 945 Pedes
2168 919 2278 945 affectio-

1639 964 1680 989 nis
1698 964 1723 989 in
1742 963 1819 989 nobis
1838 964 1941 989 lavandi
1955 967 2015 989 sunt
2034 964 2084 989 598
2106 971 2132 989 ν.
2151 964 2166 989 6
2185 978 2220 982 —-
2238 963 2277 988 Li-

1640 1015 1735 1040 gamen
1755 1008 1854 1040 pedum
1875 1008 1937 1033 dicit
1956 1008 2134 1033 difficultatem
2160 1008 2185 1033 in
2212 1006 2278 1033 bene

1640 1052 1753 1078 volendo
1774 1052 1824 1077 406
1843 1052 1876 1077 63

1695 1097 1794 1122 Persae
1812 1109 1847 1115 —
1865 1096 1976 1127 respicitv
1988 1098 2075 1120 actum
2095 1095 2148 1120 oris
2164 1095 2207 1121 Vll
2227 1095 2278 1121 285

1642 1141 1675 1165 26
1695 1154 1729 1158 -
1748 1139 1847 1166 debent
1860 1140 2013 1172 incipientes
2025 1139 2126 1164 orando
2144 1138 2177 1165 ib.
2198 1139 2231 1164 27
2243 1153 2279 1157 ——

1641 1184 1756 1210 Petimus
1774 1184 1840 1216 fide,
1859 1191 1906 1216 per
1925 1190 1983 1209 eam
2003 1183 2036 1208 ad
2064 1182 2195 1209 Christum
2215 1190 2279 1209 eun-

1642 1230 1680 1253 tes
1698 1227 1761 1254 ibid.
1782 1242 1816 1246 -—
1835 1228 1879 1253 Pie
1898 1227 2040 1259 petendum
2060 1229 2099 1252 est
2116 1226 2149 1252 ib.
2169 1227 2202 1252 28

1694 1285 1730 1291 -
1748 1271 1799 1304 Qui
1818 1271 1881 1303 petit
1908 1272 1934 1296 in
1960 1271 2066 1296 nomine
2085 1272 2139 1296 lesu
2159 1271 2224 1303 petit
2242 1278 2279 1297 sa-

1641 1315 1734 1341 lutaria
1755 1316 1797 1340 Vll
1818 1315 1863 1341 471
1889 1315 1922 1340 64
1935 1328 1970 1334 -
1984 1315 2053 1340 Deus
2071 1315 2117 1340 dat
2141 1315 2213 1348 quod
2236 1322 2279 1347 pe-

1643 1359 1704 1385 titur
1723 1359 1748 1385 in
1767 1359 1873 1384 nomine
1892 1358 1987 1385 Christi
2008 1359 2038 1385 Vl
2060 1359 2105 1384 401
2130 1360 2163 1384 33
2183 1374 2218 1377 -
2237 1359 2280 1385 de-

1643 1402 1738 1429 bemus
1756 1411 1770 1428 a
1790 1404 1864 1429 Patre
1884 1404 1910 1429 in
1928 1403 2036 1429 nomine
2053 1404 2109 1429 Filii
2129 1403 2179 1429 438
2199 1404 2232 1429 14

1696 1448 1780 1473 Parati
1800 1462 1834 1466 ——
1853 1447 1960 1474 denotat
1978 1455 2023 1473 cor
2048 1448 2145 1473 durum
2165 1448 2208 1474 Vll
2229 1448 2274 1473 191

1643 1492 1658 1517 9
1677 1505 1714 1511 --
1732 1491 1757 1517 in
1776 1492 1880 1518 deserto
1905 1492 2069 1524 significabat
2095 1491 2226 1518 Christum
2245 1492 2280 1518 Vl

1645 1536 1695 1561 178
1715 1543 1742 1562 v.
1768 1536 1782 1562 4
1803 1550 1834 1555 ——
1855 1543 1945 1562 semen
1973 1539 2059 1568 potest
2085 1536 2208 1567 retinere,
2227 1543 2280 1562 non

1643 1583 1728 1606 tamen
1748 1581 1851 1611 fovere,
1864 1581 2000 1607 deficiente
2018 1582 2128 1607 humore
2142 1581 2185 1607 Vll
2199 1581 2244 1606 494
2263 1581 2278 1606 9

1642 1639 1676 1643 -
1696 1625 1780 1657 Supra
1800 1628 1901 1657 petram
1924 1625 2124 1651 fundamentum
2143 1624 2280 1651 habitatio-

1641 1669 1681 1695 nis
1691 1670 1800 1695 collocat
1809 1670 1856 1703 qui
1866 1669 1997 1696 Christum
2011 1670 2066 1696 vult
2079 1670 2172 1695 imitari
2183 1669 2235 1695 378
2245 1669 2278 1695 59

1694 1727 1730 1733 -
1746 1714 1844 1739 scissae
1855 1717 1916 1739 sunt
1929 1714 1953 1739 in
1968 1717 2051 1740 morte
2064 1713 2157 1740 Christi
2170 1713 2214 1739 Vll
2227 1713 2274 1739 584

1642 1757 1676 1783 55
1695 1771 1730 1777 ——
1749 1758 1774 1784 in
1794 1758 1889 1783 iudicio
1908 1758 1977 1783 finali
1991 1758 2145 1784 collidentur
2163 1757 2198 1783 ad
2216 1757 2280 1783 invi-

1642 1808 1699 1827 cem
1720 1802 1771 1828 535
1792 1802 1824 1827 47

1694 1846 1795 1872 remus
1813 1861 1847 1865 —
1864 1849 1919 1872 erat
1939 1846 2005 1872 filius
2025 1846 2118 1871 loanna
2131 1844 2170 1871 Vl'
2178 1845 2230 1871 525
2245 1844 2278 1871 34

1641 1904 1676 1910 —·
1695 1891 1810 1923 piscator
1829 1892 1911 1916 fuerat
1930 1891 1981 1916 519
2003 1890 2017 1916 4

1695 1949 1730 1955 -
1749 1935 1843 1961 dicitur
1867 1935 1955 1961 Simon
1984 1935 2085 1961 ratione
2113 1934 2279 1961 obedientiae

1642 1979 1674 2004 Vl
1705 1979 1754 2005 426
1785 1980 1816 2005 10
1845 1974 1881 1999 '—
1905 1980 2015 2005 Nomine-
2039 1980 2106 2005 Petri
2135 1979 2279 2005 insinuatur

1642 2023 1770 2049 certitudo
1784 2024 1957 2050 confidentiae
1976 2024 2019 2050 Vll
2040 2024 2090 2050 115
2114 2024 2143 2049 10
2158 2038 2192 2042 -
2205 2024 2279 2050 inter-

1643 2070 1759 2099 pretatur
1773 2074 1918 2099 agnoscens
1936 2072 1961 2094 et
1980 2068 2005 2093 in
2019 2075 2051 2094 eo
2064 2068 2217 2100 designatur
2230 2068 2279 2094 vir-

1643 2115 1684 2137 tus
1703 2112 1857 2144 prudentiae
1878 2112 1927 2140 443
1949 2113 1982 2138 36
2001 2126 2036 2131 -
2055 2113 2239 2144 interpretatur
2251 2119 2279 2138 a·

1642 2163 1773 2187 gnoscens
1786 2159 1811 2181 et
1823 2156 1953 2188 significat
1965 2156 2044 2182 fldem
2064 2157 2096 2182 Vl
2116 2156 2166 2182 480
2181 2156 2222 2183 17.
2236 2157 2278 2183 Vll

1643 2200 1694 2226 214
1709 2201 1751 2226 91.
1766 2201 1817 2226 232
1833 2200 1874 2226 49.
1895 2200 1946 2226 543
1966 2201 1993 2226 44
2011 2215 2046 2220 —-
2058 2201 2187 2233 significat
2200 2201 2280 2227 scien-

1643 2245 1703 2271 tiam
1719 2245 1760 2271 Vll
1775 2245 1826 2271 543
1842 2245 1869 2270 11
1888 2259 1921 2263 -
1934 2245 2184 2277 significatactivam
2197 2245 2277 2271 vitam

1643 2289 1674 2315 Vl
1701 2290 1751 2315 528
1778 2289 1806 2314 51
1831 2288 1860 2314 2*
1879 2303 1914 2307 -—
1932 2289 2018 2315 senior
2042 2290 2171 2321 significat
2194 2296 2280 2322 popu-

1640 2335 1695 2360 lum
1710 2334 1847 2366 gentilem,
1865 2334 1912 2367 qui
1926 2334 2024 2360 tardius
2043 2334 2150 2360 veniens
2169 2334 2279 2361 credidit

1643 2378 1693 2404 507
1715 2379 1746 2404 16

1696 2437 1728 2441 -
1748 2422 1865 2448 Christus
1883 2423 2050 2455 suscipiendo
2069 2423 2173 2448 Petrum
2194 2422 2217 2447 ei
2236 2429 2278 2448 no-

1643 2473 1702 2492 men
1731 2466 1841 2498 imponit
1865 2469 1987 2499 tanquam
2016 2474 2064 2492 suo
2092 2466 2221 2498 discipulo
2244 2465 2278 2491 Vl

1643 2510 1693 2536 263
1714 2511 1747 2535 80
1765 2523 1800 2529 -
1819 2511 1920 2542 accepit
1937 2517 2032 2536 nomen
2052 2517 2065 2535 a
2086 2512 2158 2541 petra
2177 2509 2279 2536 Christo

1642 2553 1704 2581 ibid.
1722 2567 1758 2573 —
1782 2554 1857 2580 Petro
1883 2553 2158 2585 nomen'impositum
2186 2557 2225 2579 est
2253 2553 2278 2580 in

1642 2599 1779 2624 vocatione
1798 2617 1804 2629 ‚
1825 2599 1961 2630 vulgatum
1981 2598 2007 2623 in
2026 2598 2150 2624 electione
2168 2599 2279 2630 Aposto-

1641 2643 1725 2668 iorum
1745 2646 1770 2667 et
1789 2645 1848 2674 post
1861 2642 2051 2668 confessionem
2066 2641 2167 2668 celebre
2181 2644 2277 2668 factum

1642 2685 1693 2712 264
1712 2686 1745 2711 86
1765 2699 1799 2704 —-
1818 2685 1917 2711 Nomen
1937 2686 2011 2711 Petro
2029 2686 2076 2712 soli
2096 2686 2238 2718 imponitur
2250 2687 2277 2712 in

1640 2730 1759 2762 signum,
1779 2729 1851 2762 quod
1870 2733 1925 2755 erat
1953 2730 2054 2756 futurus
2082 2734 2171 2762 pastor
2195 2731 2278 2756 Eccle-

1640 2774 1694 2800 siae
1713 2773 1746 2799 ib.
1766 2773 1798 2798 87

1693 2831 1728 2836 -
1741 2824 1755 2842 a
1769 2817 1879 2843 Domino
1897 2818 2065 2850 praeeligitur
2078 2822 2201 2852 tanquam
2215 2825 2277 2851 pau-

1641 2868 1687 2894 per
1706 2864 1731 2887 et
1750 2861 1855 2887 humilis
1874 2862 1916 2887 vlt
1939 2861 1988 2887 114
2008 2862 2023 2888 5
2042 2876 2077 2882 -—
2101 2864 2126 2889 ln
2152 2863 2208 2889 eius
2233 2869 2277 2888 vo-

1640 2905 1743 2931 catione
1767 2910 1879 2938 quatuor
1910 2906 2073 2932 insinuantur
2104 2907 2152 2932 117
2182 2907 2214 2932 18
2242 2919 2276 2926 -

1641 2949 1727 2975 omnia
1747 2949 1846 2975 (limisit
1864 2953 1890 2976 et
1908 2950 1972 2976 alios
1986 2950 2076 2976 invitat
2088 2951 2122 2977 ad
2135 2958 2209 2977 suam
2223 2950 2277 2976 imi·

1642 2993 1764 3019 tationem
1795 2993 1845 3019 465
1867 2994 1899 3019 47
1918 3008 1953 3013 -
1978 2995 2090 3021 ostendit
2118 2995 2277 3027 paupertatis

1641 3037 1775 3063 consilium
1796 3045 1842 3070 per
1861 3039 1999 3070 Apostolos
2021 3038 2191 3071 adimpletum
2215 3037 2275 3064 ibid.

1641 3096 1676 3100 —
1695 3082 1768 3107 vadit
1787 3086 1856 3108 retro
1875 3086 1933 3114 post
1951 3082 2082 3109 Christum
2097 3089 2144 3115 per
2158 3082 2277 3108 imitatio-

1642 3133 1701 3151 nem
1722 3126 1753 3152 Vl
1775 3126 1824 3152 337
1846 3127 1897 3152 102
2305 3154 2308 3157 f

1694 3184 1729 3188 —
1749 3170 1795 3196 fuit
1812 3171 1934 3196 inductus
1958 3171 1991 3196 ad
2020 3170 2183 3203 sequendum
2208 3169 2278 3196 Chri-

1020 3212 1213 3238 Psnvamsurss
1230 3225 1265 3232 —
1287 3216 1419 3239 transeunt
1442 3213 1475 3239 de
1500 3213 1602 3239 miseria
1636 3204 1710 3240 §tum
1740 3215 1866 3240 miraculo
1893 3215 1925 3240 Vl
1952 3215 2002 3240 268
2030 3215 2080 3240 102
2105 3228 2140 3234 -
2167 3214 2278 3240 credidit

969 3256 993 3282 in
1013 3256 1124 3288 gloriam
1145 3256 1176 3282 Vl
1196 3256 1248 3282 597
1268 3257 1282 3282 2

1021 3301 1192 3326 ranvensms
1210 3314 1245 3320 -
1263 3300 1349 3327 reddit
1373 3301 1455 3327 duros
1480 3301 1523 3327 Vll
1552 3300 1598 3327 241

967 3344 1001 3370 77
1021 3358 1055 3363 —-—
1074 3347 1113 3370 est
1131 3344 1156 3370 in
1175 3344 1309 3371 affectione
1336 3344 1397 3371 ibid.
1416 3358 1450 3364 —
1469 3345 1603 3371 Perversio

967 3390 1006 3414 est
1033 3391 1122 3414 contra
1147 3392 1266 3414 naturam
1294 3389 1328 3414 Vl
1358 3389 1389 3414 19
1413 3396 1438 3422 q.
1459 3389 1474 3414 2
1493 3395 1550 3421 arg.
1569 3402 1608 3409 -ι

1641 3258 1772 3285 Christum
1797 3258 1941 3290 sapientem
1966 3261 1992 3284 et
2011 3262 2142 3290 potentem
2162 3258 2205 3283 vn
2227 3257 2277 3282 445

1644 3303 1675 3328 10
1690 3317 1722 3322 —
1736 3309 1787 3328 non
1807 3301 1964 3328 innitebatur
1977 3302 2091 3334 propriis
2103 3301 2217 3333 viribus,
2229 3301 2276 3327 sed

1641 3346 1738 3373 divinis
1757 3345 1819 3373 ibid.
1837 3359 1872 3365 —
1891 3346 1947 3372 elus
1970 3346 2110 3372 credulitas
2129 3344 2277 3378 impetravit

1642 3391 1796 3420 miraculum
1826 3390 1876 3416 446
1909 3390 1934 3415 tt
1969 3404 2002 3409 —
2035 3393 2095 3423 post
2121 3389 2276 3417 miraculum
