2476 3921
766 221 959 254 COMMENT.
985 222 1022 255 ΙΝ
1046 222 1284 255 EVANGELlUM
1309 224 1426 256 LUCAE
1451 226 1482 257 C.
1509 226 1528 257 1.
2102 232 2140 264 13

153 315 228 346 tuor
252 315 358 354 partes
381 310 586 353 principales,
611 310 643 342 in
668 319 805 352 quarum
830 310 931 353 prima
954 310 1059 353 agitur
1075 310 1114 343 de
1145 310 1148 349 Ι
1181 312 1363 354 Anqetam:
1387 313 1476 345 Unde
1492 313 1551 346 lioc
1566 315 1694 353 sciant,-
1711 321 1843 358 quarto,
1860 318 2045 350 mirabilem
2064 330 2141 360 μνο-

155 364 402 398 inearnationis
425 363 582 407 mysterio
605 370 708 406 usque
723 363 761 396 ad
779 364 907 396 tertium
925 363 1113 406 capitulum3

154 418 186 451 in
202 417 340 451 secunda
362 426 456 457 vero,
472 416 511 449 de
527 416 727 449 eruditionis
742 416 936 459 mapisterio
953 425 1054 458 usque
1075 416 1114 448 ad

152 471 339 514 vigesimum
375 470 571 509 secundum;
600 470 631 502 in
661 470 771 509 tertia,
795 470 834 502 de
855 470 1025 512 passionis
1049 479 1115 502 me-

153 524 337 557 dicamento
361 524 426 557 sive
450 523 589 557 remedio
612 531 715 565 usque
739 522 778 555 ad
803 522 989 564 vigesimum
1017 531 1114 564 quar—

153 582 235 617 tum;
260 577 291 610 in
316 580 430 620 quarta
452 577 491 610 de
514 576 769 609 resurrectionis
793 579 927 618 tropaeo
955 584 1057 618 usque
1081 575 1113 608 in

150 631 246 664 finem
271 631 352 664 libri.

211 730 307 768 Pars.
337 730 362 767 Ι.
393 729 445 767 Dc
473 726 719 765 incarnationis
749 726 912 778 mysterio
940 725 1052 777 agitur

535 788 722 840 tripliciter.

240 898 342 931 Prima
366 905 453 939 pars,
478 904 560 938 quae
583 895 788 937 prosequitur
806 894 1030 928 incarnationis
1047 903 1114 936 my-

149 951 299 990 sterium,
324 954 389 983 tres
424 949 519 982 habet
553 951 668 991 partes.
706 947 848 990 Explicat
882 948 966 980 enim
997 947 1113 980 Christi

149 1005 343 1038 nativitatem
375 1002 598 1045 temporalem,
630 1010 712 1044 quae
744 1001 803 1034 fuit
838 1001 971 1043 triplex,
996 1001 1114 1034 scilicet

149 1058 186 1091 in
209 1062 301 1090 utero
325 1059 480 1100 quantum
504 1055 542 1088 ad
567 1059 773 1097 conceptum,
790 1065 830 1087 ex
847 1059 940 1088 utero
957 1057 1112 1097 quantum

149 1112 187 1145 ad
210 1114 352 1154 partum,
377 1114 473 1143 extra
497 1113 631 1142 uterum
654 1113 809 1151 quantum
826 1108 864 1141 ad
882 1108 1074 1150 baptismum
1090 1109 1110 1140 ¹.

150 1165 283 1198 Primam
308 1164 446 1206 explicat
469 1163 501 1196 in
525 1162 627 1205 primo
651 1162 807 1204 capitulo,
832 1161 1002 1195 secundam
1020 1162 1050 1194 in
1068 1171 1112 1194 se-

148 1217 251 1250 cundo
274 1220 305 1250 et
329 1216 454 1249 tertiam
478 1216 509 1248 in
535 1215 637 1248 tertio.

240 1324 374 1363 Primo,
399 1324 438 1372 de
460 1323 633 1356 nativitate
657 1323 693 1355 in
716 1326 810 1355 utero
834 1322 1019 1365 dupliciter.

237 1429 370 1462 Intendit
393 1429 490 1471 igitur
513 1428 544 1461 in
570 1428 672 1471 primo
696 1428 833 1470 capitulo
856 1437 949 1470 agere
973 1428 1011 1461 de
1035 1437 1110 1460 con-

146 1483 289 1526 ceptione
302 1482 484 1522 Salvatoris;
502 1482 556 1515 sed
572 1481 647 1524 quia
662 1485 850 1524 conceptum
867 1481 1004 1524 Virginis
1021 1490 1110 1524 prae-

148 1537 240 1570 cessit
253 1540 422 1578 conceptus
439 1535 565 1574 sterilis,
582 1538 613 1568 et
629 1538 700 1568 ante
717 1535 801 1577 regis
817 1538 1004 1577 conceptum
1020 1545 1110 1577 prae-

147 1590 241 1624 cessit
264 1589 481 1633 praecursoris
505 1588 690 1628 exordium,
714 1591 746 1622 et
769 1592 944 1631 utrumque
967 1589 1110 1622 divinum

147 1648 209 1684 est,
226 1647 257 1678 et
280 1644 318 1677 de
342 1648 479 1686 utroque
503 1642 678 1676 laudandus
694 1646 741 1675 est
757 1643 859 1682 Deus,
876 1643 945 1676 ideo
962 1652 1111 1685 praesens

149 1698 322 1740 capitulum
339 1697 418 1730 duas
435 1697 529 1730 habet
545 1700 665 1738 partes,
683 1696 714 1728 in
732 1705 869 1737 quarum
888 1696 990 1737 prima
1005 1696 1110 1738 agitur

146 1751 185 1784 de
201 1751 316 1784 sterilis
332 1753 363 1785 et
378 1749 515 1792 Virginis
537 1748 795 1791 secundatione;
813 1748 843 1780 in
860 1748 999 1781 secunda
1015 1758 1108 1787 vero,

146 1804 184 1837 de
206 1804 403 1847 9ratz'arum
419 1803 562 1841 actione,
581 1801 622 1834 ibi
636 1802 666 1833 2;
687 1802 879 1843 Eaesurgyens
896 1801 1009 1833 Maria
1026 1801 1110 1834 abiit

143 1858 181 1890 in
204 1862 374 1890 montana.

338 1961 458 2005 Primo,
482 1961 520 1997 de
543 1959 660 2006 duplici
683 1959 913 1995 fecundatione.

235 2070 338 2104 Prima
354 2079 427 2113 pars
444 2069 538 2102 habet
561 2069 639 2102 duas
650 2095 658 2108 ,
682 2068 713 2101 in
731 2077 868 2111 quarum
885 2067 988 2110 prima
1003 2067 1107 2110 agitur

144 2125 184 2158 de
207 2128 361 2166 conceptu
380 2122 640 2166 praecursoris,·
664 2122 696 2154 in
720 2121 867 2161 secunda,
891 2121 930 2154 de
954 2124 1108 2163 conceptu

145 2178 350 2217 Salvatoris,
382 2176 468 2210 ibi3:
507 2176 546 2208 In
579 2185 688 2208 mense
719 2179 831 2208 autem
861 2179 951 2207 sexto
982 2174 1107 2207 missas

145 2235 190 2264 est
214 2235 271 2264 etc.

324 2346 386 2372 Tria
405 2345 530 2373 dicuntur
548 2345 578 2372 de
597 2345 720 2380 conceptu
738 2344 922 2380 praecursoris.

234 2444 420 2477 Describens
442 2448 548 2477 autem
573 2445 768 2487 Evangelista
780 2444 1017 2487 praecursoris
1033 2452 1106 2476 con-

145 2501 288 2541 ceptum,
313 2501 349 2530 ut
372 2497 531 2537 ostendat,
556 2498 660 2540 ipsum
691 2507 759 2531 esse
790 2498 979 2537 mirificum,
1004 2497 1106 2540 primo

144 2552 279 2586 ostendit
309 2554 490 2594 parentum
525 2552 762 2589 conditionem,-
797 2552 934 2585 secundo
969 2551 1106 2594 explicat

143 2605 330 2649 anyelicam
354 2604 662 2643 annuntiationem,
688 2605 729 2637 ibi
743 2606 771 2637 ⁴:
790 2606 931 2638 Factum
954 2609 1011 2643 est,
1029 2615 1106 2637 cum

143 2659 328 2692 sacerdotio
357 2660 434 2697 etc.;
461 2657 571 2696 terti0,
606 2657 869 2691 denuntiationis
900 2658 1105 2691 ministeria-

147 2712 207 2746 lem
223 2711 539 2755 confirmationem,
565 2710 625 2743 ibi:
652 2712 690 2743 Et
725 2711 812 2744 dixit
846 2711 1036 2744 Zacharias
1060 2711 1106 2744 ad

1178 364 1348 397 missionis
1372 366 1608 408 impletionem,
1633 368 1693 400 ihi:
1721 370 1758 402 Et
1774 369 1903 412 factam
1929 376 1992 410 est,
2019 378 2053 404 ut
2080 373 2141 404 im-

1176 417 1257 459 pleti
1278 422 1356 450 sunt
1380 419 1449 451 dics
1473 420 1572 463 officii
1594 421 1651 453 sai
1674 426 1731 455 etc.

1268 533 1353 560 Primo
1373 534 1529 562 describitur
1548 536 1684 570 parentum
1704 537 1816 564 conditio
1836 538 2050 573 quadrupliciter.

1268 632 1454 665 Describens
1470 635 1574 667 autom
1589 639 1771 676 parentam
1789 636 1887 677 ipsius
1903 638 2140 676 conditionem,

1178 687 1316 726 quatuor
1348 686 1502 728 explicat:
1540 687 1663 729 primo,
1700 689 1875 730 diqnitatis
1899 690 2064 733 officiani,-
2094 700 2141 723 se-

1179 737 1282 770 cundo
1293 764 1300 777 ,
1318 737 1496 772 honestatis
1512 741 1726 783 coniayiuin;
1744 743 1836 775 tertio
1847 769 1854 781 ,
1871 744 2059 776 sanctitatis
2078 755 2142 776 me-

1178 790 1284 823 ritum
1308 791 1373 824 sive
1407 793 1620 835 privilegium;
1650 798 1782 836 quarto,
1814 796 1998 829 sterilitatis
2022 808 2140 839 oppro-

1179 843 1300 877 briam..

1269 900 1298 931 8.
1325 900 1426 940 (Vers.
1454 901 1507 941 5.).
1534 901 1637 934 Primo
1661 902 1758 944 igitur
1789 903 1964 945 diqm'tatis·
1995 904 2139 947 officium
2160 912 2274 935 nummu

1177 951 1330 992 ostendit,
1355 961 1428 985 cum
1451 953 1544 986 dicit:
1570 955 1648 987 Fuit
1672 955 1707 987 in
1731 955 1846 988 diebus
1870 957 2022 995 Herodis,
2052 959 2141 1000 reglis
2167 940 2268 960 ⁰¹¹¹⁶¹⁰¹⁰'

1179 1005 1335 1044 Iudaeae,
1359 1007 1515 1039 sacerdos
1539 1007 1678 1051 quidam
1707 1009 1839 1041 nominc
1866 1009 2064 1043 Zacharias:
2088 1013 2140 1043 Sa-

1177 1058 1335 1092 cerdotale
1358 1060 1497 1093 officium
1523 1061 1669 1103 explicat,
1694 1062 1891 1105 adiungendo
1915 1064 2018 1105 regale
2042 1065 2140 1097 domi-

1177 1112 1283 1151 nium,
1309 1116 1344 1145 ut
1369 1113 1522 1153 insinuet,
1547 1115 1631 1156 quod
1669 1115 1796 1148 loannes
1833 1118 2055 1158 praenuntiare
2086 1118 2138 1151 ‹le-
2160 1125 2220 1145 nm
2237 1126 2255 1145 ⁴-

1176 1165 1269 1198 behat
1291 1166 1469 1205 Christum,
1495 1167 1548 1209 qui
1573 1171 1641 1200 erat
1664 1169 1820 1201 sacerdos
1842 1170 2024 1202 secundum
2049 1172 2138 1203 ordi-

1176 1228 1249 1250 nem
1285 1218 1512 1252 Melchisedech
1525 1220 1549 1259 ⁶,
1575 1221 1603 1252 id
1628 1225 1675 1253 est
1707 1222 1800 1254 simul
1838 1232 1895 1261 rex
1921 1227 1951 1255 et
1975 1224 2118 1255 sacerdos

1175 1271 1214 1304 ad
1246 1271 1401 1305 Hebraeos
1436 1273 1586 1314 septimo:
1617 1275 1893 1314 «Melchisedech,
1928 1285 1983 1308 rex
2022 1277 2135 1315 Saloni,

1175 1325 1320 1358 sacerdos
1334 1326 1387 1358 Dei
1402 1327 1517 1358 summi
1533 1341 1546 1355 »
1561 1331 1618 1359 etc.
1630 1328 1736 1360 ——Vel
1754 1328 1822 1360 ideo
1835 1330 1972 1370 explicat
1986 1339 2135 1371 regnum,
2157 1337 2218 1358 flauo
2234 1337 2254 1358 Ξ.

1175 1381 1211 1409 ut
1235 1378 1391 1417 ostendat,
1409 1382 1551 1420 tempore
1569 1380 1656 1422 Legis
1673 1381 1790 1422 regiam
1809 1385 1991 1422 potestatem
2012 1383 2135 1423 praeire

1175 1430 1395 1469 sacerdotium,
1420 1431 1473 1464 sed
1499 1441 1582 1464 nunc
1606 1437 1652 1465 est
1676 1437 1814 1465 econtra.
1839 1434 1922 1466 l'nde
1947 1435 2065 1476 primae
2085 1436 2135 1468 l'c-

1175 1484 1216 1516 tri
1234 1484 1372 1517 secundo
1384 1484 1414 1516 ⁶:
1438 1497 1453 1512 <r
1465 1485 1524 1517 Vos
1541 1489 1645 1518 autem
1664 1486 1738 1518 ostis
1755 1496 1854 1527 genus
1870 1487 2015 1526 electum,
2033 1489 2135 1529 regale

1175 1536 1413 1570 sacerdotium»
1443 1541 1519 1576 etc.;
1546 1538 1599 1570 scd
1633 1538 1728 1571 Exodi
1753 1539 1873 1571 decimo
1897 1549 1979 1572 nono
2002 1540 2134 1572 dicitur:

1180 1603 1195 1619 «
1213 1590 1274 1623 Vos
1297 1590 1385 1623 eritis
1409 1591 1484 1623 mihi
1511 1591 1541 1623 in
1568 1601 1698 1634 regnum
1717 1592 1907 1625 sacerdotale
1925 1598 1955 1625 et
1972 1603 2046 1635 gens
2068 1603 2137 1626 san-

1175 1647 1223 1676 cta
1237 1657 1267 1676 ».
1282 1663 1325 1668 —
1338 1644 1393 1677 Vel
1411 1644 1479 1677 ideo
1495 1645 1633 1687 explicat
1646 1654 1777 1687 regnum
1792 1646 1920 1679 Herodis
1932 1647 2135 1689 alienigenae,
2156 1655 2219 1677 natm

1174 1698 1230 1740 qui
1254 1698 1377 1739 primus
1402 1698 1482 1731 inter
1507 1698 1624 1731 alienos
1640 1699 1806 1741 imperavit
1823 1700 1959 1738 ludaeis,
1977 1704 2012 1732 ut
2033 1705 2136 1733 osten-

1173 1751 1242 1789 dat,
1266 1751 1429 1784 advenisse
1453 1754 1578 1793 tempus
1602 1752 1755 1785 adventus
1779 1753 1912 1792 Christi,
1930 1758 1960 1786 et
1979 1754 2135 1795 impletam

1173 1812 1242 1836 esse
1274 1804 1358 1836 illam
1390 1804 1605 1845 prophetiam,
1629 1805 1757 1838 Genesis
1781 1806 1996 1847 penultiino⁷z
2036 1820 2051 1834 «
2072 1807 2134 1839 Non

1173 1857 1337 1889 auferetur
1354 1860 1514 1898 sceptrum
1531 1857 1569 1889 de
1586 1857 1660 1889 Iuda
1685 1861 1716 1890 et
1739 1858 1806 1890 dux
1824 1872 1839 1886 »
1860 1863 1919 1891 etc.
1937 1878 1980 1882 —
1998 1860 2051 1891 Vel
2069 1859 2136 1892 ideo
2156 1868 2217 1889 natio
2234 1869 2251 1888 ο.

1172 1910 1312 1947 nominat
1348 1909 1519 1948 Herodem,
1552 1914 1587 1942 ut
1619 1911 1778 1949 ostendat,
1814 1912 1915 1952 ipsum
1953 1912 1983 1943 in
2019 1913 2135 1944 malitia

1172 1963 1269 1996 fuisse
1293 1962 1457 2005 insignem.
1483 1963 1552 1995 Fuit
1584 1963 1666 1996 enim
1699 1964 1815 2005 triplex
1841 1964 1993 2004 llcrodeS,
2018 1966 2135 1998 scilicet
2154 1975 2205 1996 Tres

1172 2020 1275 2058 pater,
1300 2015 1384 2048 lilius
1407 2020 1438 2048 et
1461 2025 1572 2058 nepos;
1598 2017 1720 2058 primus
1744 2017 1933 2056 Ascalonita,
1959 2018 2013 2060 qui
2038 2018 2134 2051 inter·
2194 2002 2207 2021 a

1172 2070 1244 2102 fecit
1268 2078 1401 2111 pueros,
1427 2069 1570 2102 Matthaei
1604 2069 1784 2109 secundo⁸;
1810 2071 1966 2103 sccundus
1991 2072 2132 2113 Antipas,

1172 2123 1227 2166 qui
1253 2123 1397 2155 loannem
1429 2122 1632 2164 decapitavit,
1666 2123 1810 2155 Matthaei
1846 2124 1965 2157 decimo
2002 2129 2132 2167 quarto;

1172 2177 1284 2210 tertius
1319 2176 1471 2218 Agrippa,
1507 2176 1561 2218 qui
1597 2176 1710 2209 occidit
1742 2177 1904 2217 iacobum,
1930 2179 2078 2212 claudens
2103 2181 2131 2212 in

1171 2239 1297 2263 carcere
1321 2230 1465 2268 Petrum,
1491 2231 1624 2262 actuum
1648 2230 1849 2271 duodecimo;
1874 2232 1927 2265 sed
1945 2233 2066 2274 primus
2087 2234 2133 2266 in-

1172 2284 1282 2316 famior
1306 2286 1337 2316 et
1360 2282 1442 2315 inter
1465 2292 1573 2315 omnes
1596 2283 1763 2316 crudelior.
1797 2285 1876 2324 ideo,
1898 2286 1971 2327 quia
1992 2300 2008 2314 «
2025 2291 2132 2320 contra

1172 2337 1287 2370 malum
1311 2336 1455 2369 honum⁹
1472 2350 1503 2375 »,
1528 2340 1655 2370 econtra
1679 2338 1858 2370 nominatur
1890 2341 2045 2372 sacerdos
2076 2342 2131 2373 Za—

1171 2390 1311 2428 charias,
1336 2393 1372 2422 ut
1394 2390 1550 2430 ostendat,
1576 2390 1678 2432 ipsum
1703 2391 1856 2425 famosum
1882 2393 1912 2425 in
1932 2393 2011 2425 hono
2028 2398 2058 2426 et
2075 2395 2129 2426 Dei

1170 2444 1324 2482 amicum,
1341 2444 1514 2476 secundum
1532 2444 1608 2477 illud
1634 2445 1730 2477 Exodi
1749 2446 1908 2487 trigesimo
1927 2448 2032 2479 tertio:
2057 2461 2070 2476 a
2083 2449 2128 2480 ln-

1173 2497 1279 2530 venisti
1305 2497 1437 2539 gratiam
1463 2507 1567 2530 coram
1592 2508 1660 2537 mc,
1685 2502 1716 2531 et
1740 2500 1809 2532 novi
1838 2504 1865 2532 tc
1890 2509 1931 2532 ex
1956 2502 2079 2534 nomine
2098 2515 2128 2539 »;

1171 2560 1227 2584 nec
1251 2555 1371 2583 tantum
1396 2560 1437 2583 ex
1462 2551 1586 2584 nomine
1618 2552 1720 2594 ipsum
1753 2553 1887 2586 ostendit
1918 2554 2128 2592 sacerdotem,

1169 2604 1221 2637 sed
1239 2604 1332 2636 etiam
1348 2613 1389 2636 ex
1406 2613 1537 2646 genere;
1556 2605 1638 2638 undo
1654 2606 1746 2638 dicit:
1766 2607 1810 2638 De
1829 2607 1894 2638 rice
1914 2606 1996 2638 Abia
2008 2633 2017 2645 ,
2036 2607 2064 2639 id
2082 2611 2128 2639 vst

1169 2657 1206 2690 de
1223 2666 1352 2699 genere,
1377 2658 1550 2690 secundum
1569 2658 1653 2700 quod
1670 2660 1800 2701 exponit
1825 2659 1900 2692 Beda
1928 2660 1957 2691 in
1982 2660 2087 2692 Glossa
2104 2661 2129 2679 ¹⁰

1169 2711 1292 2744 dicens:
1323 2724 1338 2739 «
1355 2711 1432 2743 Cum
1457 2711 1552 2744 David
1578 2712 1697 2745 cultum
1717 2713 1769 2745 Dci
1787 2713 1968 2755 ampliaret,
1986 2714 2064 2746 sicut
2083 2714 2128 2745 di-

2221 1975 2286 1996 llere-

2210 2007 2240 2022 es.

218 2908 226 2923 ¹
249 2910 315 2936 Vide
334 2910 457 2942 August..
478 2909 556 2942 Epist.
582 2909 642 2935 ⁴87.
662 2908 735 2941 (alias
755 2909 809 2942 57.)
833 2917 856 2935 c.
877 2910 917 2935 10.
938 2917 964 2936 n.
984 2911 1027 2936 33.
1052 2910 1103 2937 Csr.

147 2954 183 2978 lll.
206 2954 275 2979 Sent.
295 2954 320 2980 d.
342 2956 365 2980 3.
380 2962 406 2987 p.
427 2955 443 2980 Ι.
462 2961 486 2980 a.
507 2954 530 2979 l.
549 2961 575 2987 q.
595 2954 619 2979 3.
639 2953 672 2979 ad
694 2954 717 2979 i.
737 2957 762 2979 ct
780 2954 805 2979 2.

217 2995 227 3011 ²
248 2998 323 3024 Vers.
342 2999 383 3024 39.

217 3039 227 3055 ⁸
248 3042 322 3068 Vers.
342 3044 384 3068 26.

216 3085 228 3100 ⁴
247 3087 321 3112 Vers.
341 3088 372 3113 8:
397 3088 512 3115 Factum
530 3089 570 3115 est
592 3089 696 3119 autem,
717 3093 779 3113 cum
799 3090 847 3113 etc.
874 3088 931 3114 Duo
957 3095 1032 3121 seqq.
1054 3087 1103 3114 loci

146 3132 206 3158 sunt
224 3138 250 3156 v.
270 3131 311 3156 l8.
330 3134 355 3156 et
375 3132 418 3157 23.
431 3146 466 3152 —
479 3133 587 3158 interius
609 3139 657 3165 pro
676 3131 886 3159 denuntiationis
899 3132 1103 3159 ministerialem

147 3176 206 3202 Vat.
222 3174 361 3202 denuntiat
376 3176 574 3209 promissionis.

217 3217 228 3233 ⁶
247 3219 393 3251 Respicitur
413 3220 453 3246 l’s.
474 3221 537 3253 ⁴09,
559 3221 588 3247 4:
609 3221 649 3247 Tu
675 3228 703 3246 es
722 3220 844 3246 sacerdos
863 3220 889 3246 in
908 3224 1044 3247 aeternum
1064 3228 1104 3247 se-

147 3264 263 3290 cundum
282 3266 331 3290 etc.
350 3278 380 3282 —
403 3264 520 3291 Subinde
539 3265 664 3302 allegatur
683 3264 760 3291 Hebr.
780 3265 810 3298 7,
832 3265 854 3291 l.

217 3307 229 3322 ⁶
249 3308 322 3334 Vers.
342 3308 368 3333 9.
386 3322 421 3328 —
440 3310 563 3342 Sequitur
581 3310 661 3336 Exod.
688 3310 735 3343 49,
754 3310 778 3335 6.
798 3323 833 3329 -
856 3310 905 3336 Pro
929 3309 1038 3344 praeire
1060 3317 1104 3337 sa-

147 3351 294 3379 cerdotium
314 3353 372 3378 Vat.
387 3353 496 3386 praeire
514 3356 539 3381 et
553 3356 696 3388 praestare
714 3353 872 3381 sacerdotio.

217 3395 227 3410 '¹
249 3397 323 3423 Vers.
347 3398 387 3424 lt).
409 3398 480 3424 Hanc
502 3399 699 3431 explicationem
719 3400 792 3425 assert
811 3399 894 3431 Beda,
915 3399 938 3425 in
953 3400 1014 3425 Luc.
1038 3400 1058 3430 l,
1079 3400 1103 3425 5.

1169 2923 1204 2929 —
1224 2909 1350 2941 Superius
1371 2916 1419 2941 pro
1438 2909 1507 2936 inter
1527 2909 1630 2936 alienos
1651 2910 1707 2935 Vnt.
1726 2909 1927 2943 allophylormn
1950 2906 2048 2934 (ἄλλον
2070 2910 2083 2934 i.
2104 2918 2125 2934 e.

1168 2954 1253 2984 aliud,
1274 2953 1355 2987 φῦλον
1377 2954 1392 2978 i.
1412 2961 1434 2979 e.
1455 2962 1551 2985 genus,
1566 2955 1607 2979 vel
1621 2953 1689 2986 φυλή
1711 2954 1726 2979 i.
1745 2961 1767 2979 e.
1788 2953 1897 2986 tribus);
1916 2955 1960 2978 cfr.
1976 2954 2014 2978 rs.
2034 2954 2082 2983 55,
2106 2955 2126 2983 l,

1168 3001 1193 3023 ct
1211 2999 1333 3029 August„
1353 2999 1400 3030 Qq.
1421 2998 1447 3023 in
1467 2999 1542 3024 Num.
1562 3007 1588 3031 q.
1608 2999 1632 3024 3.

1239 3039 1249 3054 ⁸
1279 3042 1352 3067 Vers.
1386 3042 1425 3067 lli.
1452 3056 1488 3062 ——-
1515 3042 1633 3068 Subinde
1662 3043 1806 3073 allegantur
1832 3042 1918 3066 Matth.
1955 3041 1997 3071 ll,
2033 3042 2069 3066 lO.
2102 3047 2125 3067 et

1168 3088 1222 3113 Act.
1244 3087 1288 3117 42,
1310 3086 1333 3111 4.

1238 3129 1249 3144 ⁹
1269 3131 1345 3156 Eccli.
1368 3132 1417 3162 33,
1438 3132 1530 3157 ·15.--
1544 3131 1666 3164 Sequitur
1686 3131 1765 3156 Exod.
1786 3130 1834 3160 33,
1857 3130 1944 3154 ¹2—
1958 3130 2064 3155 lutei-ius
2078 3137 2126 3161 pro

1167 3177 1303 3210 famosum
1325 3175 1381 3201 Vat.
1399 3176 1592 3209 [antisti-atum
1619 3174 1719 3208 sitisse;
1744 3174 1836 3200 cadem
1863 3173 1903 3199 ed.
1929 3173 2041 3199 subinde
2067 3178 2126 3206 post

1168 3221 1257 3254 ipsum
1275 3220 1348 3246 addit
1366 3220 1509 3253 sontiatum.

1239 3262 1260 3278 ¹⁰
1281 3265 1352 3297 Quae
1371 3268 1410 3290 est
1429 3264 1568 3291 ordinaria
1579 3273 1587 3293 ,·
1607 3264 1633 3289 in
1653 3263 1707 3295 ipsa
1721 3264 1848 3294 allegatur
1868 3264 1884 3288 l.
1904 3263 2013 3295 Paralip.
2033 3263 2079 3295 24,
2100 3264 2124 3289 3.

1167 3316 1241 3342 seqq.
1260 3309 1308 3334 Pro
1329 3309 1494 3340 intelligentia
1516 3308 1620 3334 ultiiune
1646 3307 1830 3340 propositionis
1850 3307 1874 3332 in
1895 3308 1982 3333 Glossa
2004 3312 2124 3333 notentur

1167 3353 1249 3379 verba
1270 3353 1351 3385 ipsius
1370 3353 1469 3379 Bcdae:
1489 3353 1543 3378 Non
1563 3356 1649 3378 autem
1671 3353 1763 3377 frustra
1784 3352 1886 3383 primus
1904 3352 1965 3377 novi
1980 3353 2124 3378 testamenti

1168 3405 1262 3431 praeco
1283 3398 1306 3423 in
1327 3402 1434 3423 octavae
1463 3398 1538 3423 sortis
1568 3397 1624 3422 vico
1650 3397 1778 3428 nascitury
1798 3397 1873 3429 quia,
1893 3397 1959 3421 sicut
1978 3397 2122 3426 septen-ari*
