2427 3872
428 236 488 263 ECL

135 280 322 314 approbando,
334 280 398 306 dicit
410 279 546 312 omnibus,
565 279 592 305 id
612 281 651 305 est
669 285 732 304 vere
753 280 780 303 et

136 325 274 356 assertive,
300 324 481 350 universaliter
506 326 531 349 et
552 323 685 356 absolute3
710 328 779 356 quae

135 369 198 396 dicit
224 369 323 395 ironice
350 371 375 394 et
403 368 537 394 recitative
567 367 631 393 dicit
654 367 688 393 ad
716 366 778 392 alio-

134 420 194 439 rum
223 413 422 439 detestationem
449 411 511 439 ibid.
530 427 565 430 —
588 411 719 445 quaedam
739 410 779 436 di-

135 458 170 483 cit
198 457 232 483 ad
260 457 301 483 sul
332 456 567 489 approbationem,
597 456 728 489 quaedam
753 455 778 481 in

135 502 247 527 aliorum
270 501 496 533 comparationem
525 503 551 527 et
577 500 776 526 detestationem

135 545 197 573 ibid.
210 559 246 565 —
258 552 351 578 omne,
364 545 438 578 quod
456 545 599 571 concordat
616 544 776 570 damnationi

136 590 322 616 sententiarum
349 591 496 620 fatuorum,
522 588 679 620 carnalium,
703 595 778 613 mun-

137 634 280 665 danorum,
299 634 362 660 dicit
381 634 406 660 in
426 633 531 666 propria
558 639 684 665 persona,
704 632 776 665 quod

136 685 200 704 vero
219 678 364 709 discordat,
383 678 411 703 in
430 684 542 709 persona
561 677 672 702 aliorum
686 676 701 701 8
720 683 747 709 q.
760 676 775 701 3

136 736 171 742 —
189 729 374 756 quaecumque
393 722 468 754 dicit,
489 721 513 747 in
532 727 644 753 persona
668 720 775 752 propria

136 766 211 798 dicit,
230 767 362 800 quaedam
381 768 467 792 autem
488 772 563 797 vere,
583 764 714 798 quaedam
729 764 776 789 iro-

136 811 193 836 nice
213 810 245 836 49
264 818 290 844 q.
311 812 326 837 2
344 824 381 830 -
398 810 530 843 quaedam
550 809 612 835 dicit
628 808 777 841 approban-

136 854 184 886 do,
204 855 336 888 quaedam
355 854 506 885 recitando,
525 854 597 887 quod
617 853 674 885 ipse
693 853 727 879 ita
743 853 776 878 te-

136 899 201 925 cerit
219 902 244 925 et
262 899 418 931 cogitaverit
435 897 498 925 ibid.

190 957 224 961 —
243 943 336 969 Modus
363 943 526 976 procedendi
545 942 570 968 in
599 941 665 967 libro
694 942 777 968 Eccle-

136 987 230 1013 siastae
257 989 296 1013 est
322 987 463 1018 singularis
490 987 556 1012 inter
580 993 674 1012 omnes
696 985 777 1012 libros

136 1037 226 1057 sacrae
245 1031 395 1064 scripturae
416 1032 447 1058 vt
470 1031 503 1057 49
522 1039 548 1065 q.
569 1032 584 1057 2
603 1045 639 1050 —
658 1030 778 1063 procedit

137 1078 261 1108 tanquam
281 1076 451 1102 concionator
469 1075 656 1108 persuadendo
674 1078 700 1101 et
719 1082 777 1107 pro-

136 1118 226 1146 bando
246 1120 279 1145 40
291 1127 319 1146 v.
338 1121 353 1146 2
367 1134 402 1140 —
415 1120 534 1152 procedit
551 1120 632 1146 modo
650 1119 777 1152 singulari

137 1166 166 1190 ut
183 1164 364 1195 concionator,
380 1164 547 1190 diversorum
561 1164 701 1191 sententias
719 1170 778 1196 pro-

136 1208 260 1240 ponendo
292 1208 307 1233 6
339 1215 353 1234 a
373 1222 408 1228 —-
427 1208 547 1241 procedit
578 1208 653 1241 quasi
685 1208 777 1240 dispu-

137 1252 216 1278 tando
235 1259 321 1286 usque
337 1252 370 1279 ad
390 1253 470 1279 ilnem
490 1251 549 1278 iibri
568 1253 584 1278 8
603 1260 629 1285 q.
651 1253 666 1278 3
685 1266 721 1271 --
739 1259 777 1278 er-

137 1303 224 1322 rorem
244 1297 335 1322 volens
353 1296 496 1329 reprobare
515 1296 589 1329 prius
608 1296 679 1323 illum
698 1297 777 1328 expli-

137 1342 193 1373 cat,
212 1341 383 1372 postmodum
403 1341 513 1367 destruit
531 1340 594 1367 ibid.

191 1384 270 1410 -in
289 1385 341 1410 tine
368 1384 426 1411 libri
453 1385 498 1411 dat
525 1385 678 1411 sententiam
708 1384 740 1410 Vl
760 1385 776 1410 8

137 1436 163 1462 q.
189 1429 204 1455 3
223 1442 258 1449 —
278 1429 387 1455 damnat
413 1436 505 1455 omnes
529 1428 671 1455 sententias
696 1429 777 1454 fatuo-

136 1480 211 1505 rum,
231 1473 374 1499 carnalium
395 1476 420 1499 et
439 1473 635 1499 mundanorum
661 1471 724 1499 ibid.
743 1487 777 1491 —

137 1516 215 1544 Liber
234 1517 404 1543 Ecclesiastae
416 1525 467 1544 non
486 1520 571 1550 potest
583 1517 655 1548 sciri,
670 1517 718 1543 nisi
731 1523 777 1542 au-

138 1561 224 1597 diatur
237 1564 306 1587 totus
318 1560 380 1588 ibid.
400 1575 436 1581 —
454 1561 531 1588 Liber
547 1561 715 1588 Ecclesiastae
734 1562 777 1587 Sa-

137 1606 249 1632 lomonis
268 1606 315 1632 l'uit
333 1606 521 1638 poenitentiam
540 1606 641 1638 agentis
660 1605 694 1632 ib.
712 1613 740 1639 q.
759 1606 774 1632 4

138 1664 173 1669 —-
186 1651 213 1677 ln
226 1650 378 1677 Ecclesiaste
391 1651 514 1677 Salomon
527 1651 603 1684 quasi
616 1653 704 1676 narrat
715 1658 777 1676 suas

137 1695 293 1721 tentationes
314 1695 346 1721 49
365 1703 392 1729 q.
412 1696 427 1721 2
449 1710 482 1714 -
500 1698 539 1721 est
551 1695 626 1729 quasi
645 1695 776 1728 quaedam

138 1739 272 1765 meditatio
292 1740 438 1766 Salomonis
456 1739 518 1766 ibid.

190 1797 226 1803 —
236 1784 390 1810 Totuslibet·
397 1785 567 1811 Ecclesiastae
576 1784 679 1817 probat,
690 1785 777 1811 omnia

138 1834 196 1854 esse
215 1828 356 1854 vanitatem
377 1829 409 1855 Vl
429 1829 464 1854 97
483 1836 509 1855 v.
530 1830 544 1854 8
569 1844 602 1848 -
627 1830 696 1855 Finis
720 1829 778 1856 libri

139 1872 308 1898 Ecclesiastae
324 1876 363 1898 est
377 1874 469 1899 mundi
481 1876 648 1906 contemptus
661 1877 686 1900 et
698 1874 779 1900 solius

139 1916 186 1942 Dei
205 1916 283 1942 timor
303 1917 335 1942 40
355 1924 382 1950 q.
401 1917 430 1950 5,
449 1925 475 1943 v.
495 1919 510 1943 2
523 1931 560 1937 -
572 1918 642 1944 Finis
658 1918 717 1944 libri
737 1920 780 1944 Ec·

140 1960 273 1987 clesiastae
287 1963 326 1986 est
338 1964 505 1993 contemptus
524 1962 701 1993 praesentium
716 1962 732 1988 5
747 1963 779 1989 44

193 2019 228 2023 -
240 2004 311 2030 Libri
325 2005 494 2031 Ecclesiastae
507 2009 597 2032 auctor
611 2013 675 2038 prae
687 2006 780 2033 ceteris

139 2049 336 2075 convenientior
356 2050 403 2076 t'uit
422 2050 544 2075 Salomon
564 2050 579 2075 6
599 2057 614 2076 a

192 2107 227 2113 —
246 2096 337 2120 tractat
350 2094 383 2120 de
397 2094 580 2126 praesentibus
593 2101 646 2120 non
659 2095 710 2121 sub
724 2102 780 2127 spe-

139 2138 179 2164 cie
198 2137 274 2170 boni,
300 2145 351 2172 qua
377 2140 522 2170 attrahunt,
546 2139 593 2165 sed
617 2138 668 2165 sub
692 2140 780 2172 specie

138 2183 213 2214 vani,
238 2190 290 2216 qua
314 2186 517 2210 contemnuntur
542 2184 574 2210 Vl
599 2184 615 2209 6
638 2183 652 2210 a
672 2199 707 2203 —
726 2185 781 2217 agit

139 2227 173 2252 de
190 2233 280 2253 rerum
299 2228 475 2259 praesentium
494 2228 654 2254 vanitatibus
673 2228 734 2255 ibid.
747 2243 780 2247 —

139 2271 166 2296 ln
179 2271 331 2297 Ecclesiaste
350 2272 459 2298 docetur
472 2273 618 2304 praesentia
633 2276 780 2299 contemne-

140 2321 169 2339 re
188 2315 204 2340 5
226 2315 257 2339 13
278 2329 311 2333 -
332 2316 356 2341 ln
376 2315 443 2342 libro
463 2316 631 2343 Ecclesiastae
653 2317 781 2343 docentur

142 2359 272 2384 contemni
299 2359 461 2392 voluptates,
480 2361 598 2393 divitiae,
618 2363 730 2388 honores
755 2366 780 2388 et

141 2402 302 2429 curiositates
322 2406 349 2428 ut
367 2404 495 2430 vanitates
516 2405 530 2430 6
550 2413 564 2431 a
578 2419 614 2425 —-
626 2406 727 2432 inducit
746 2406 780 2432 ad

141 2450 319 2479 contemptum
341 2442 517 2479 praesentium
538 2450 570 2475 40
587 2457 614 2483 q.
634 2450 649 2476 4
668 2442 780 2483 -’ρι·υ-

140 2491 185 2518 bat
203 2492 229 2517 in
248 2491 328 2518 rebus
347 2492 488 2518 vanitatem
509 2496 630 2525 naturae,
650 2495 743 2527 culpae
755 2498 780 2520 et

141 2536 262 2562 miseriae
282 2537 297 2561 6
317 2543 331 2562 a
350 2550 386 2555 --
404 2536 481 2562 docet
500 2538 628 2564 vanitates
646 2545 736 2565 rernm
753 2543 781 2565 ut

141 2583 263 2613 expertus
276 2579 338 2607 ibid.
354 2594 389 2600 -
402 2581 427 2606 in
441 2581 564 2607 omnibus
578 2582 686 2609 intendit
698 2587 781 2609 osten-

141 2624 203 2651 dere
223 2625 363 2651 vanitatem
386 2625 418 2650 40
438 2632 463 2651 v.
484 2626 499 2650 2
518 2638 555 2644 -
572 2627 714 2659 praecipue
737 2627 780 2653 do-

141 2671 182 2695 cet
200 2669 270 2695 viam
289 2669 316 2695 in
335 2668 522 2695 beatitudinem
542 2669 558 2694 5
579 2670 611 2696 43

196 2714 302 2740 Eettrsts
319 2728 354 2734 —
377 2721 428 2740 non
452 2715 535 2740 aufert
560 2714 668 2740 omnino
693 2717 781 2742 lumen

142 2757 264 2784 omnibus
291 2758 411 2791 partibus
439 2762 522 2784 terrae
551 2759 593 2784 Vll
620 2760 667 2785 581
691 2759 724 2785 54
747 2774 782 2779 -

142 2809 194 2828 non
213 2805 298 2834 potest
317 2810 364 2835 per
383 2806 434 2829 tres
453 2804 531 2829 boras
551 2803 647 2829 durare
666 2802 728 2829 ibid.
747 2818 782 2823 —

142 2853 194 2872 non
214 2847 254 2879 tit,
272 2847 379 2880 quando
398 2848 458 2873 luna
472 2850 510 2873 est
524 2847 549 2872 in
562 2848 676 2879 perfecta
689 2847 783 2873 distan-

143 2890 177 2916 tia
196 2897 210 2916 a
230 2891 285 2917 sole
304 2890 367 2917 ibid.
571 2913 574 2916 ,

198 2935 282 2960 Eeena
301 2948 336 2954 —
354 2936 419 2967 Eget
431 2935 478 2968 qui
491 2934 629 2968 dereliquit
648 2936 784 2961 thesauros

144 2978 286 3009 sapientiae
305 2979 511 3013 divitiarumque
530 2979 680 3006 caelestium
700 2979 784 3004 altitu-

144 3021 233 3047 dinem
252 3022 295 3048 Vll
316 3023 419 3049 391126
439 3038 475 3043 -
494 3025 520 3050 ln
534 3026 649 3056 egestate
669 3023 785 3055 intelligi-

145 3068 186 3091 tur
206 3066 335 3092 induratio
349 3068 443 3094 mentis
464 3068 497 3094 Vl
512 3068 562 3094 559
577 3075 603 3093 v.
621 3067 653 3093 49
667 3081 702 3086 -
721 3068 785 3099 Ege-

145 3111 197 3135 stas
215 3109 344 3141 significat
362 3111 558 3138 indevotionem
577 3111 638 3138 ibid.

199 3154 293 3179 Eanum
318 3167 353 3173 —
380 3158 419 3180 est
448 3163 494 3187 per
519 3156 662 3187 actionem,
692 3156 733 3181 vel
759 3155 785 3180 in

145 3200 251 3229 aspectu
272 3198 440 3224 humanitatis
459 3199 554 3226 Christi
573 3201 606 3226 Vl
627 3200 678 3226 385
700 3200 726 3225 14

201 3242 290 3267 ΕιΑτιο
307 3256 342 3260 -
361 3244 399 3267 est
419 3242 556 3270 infirmitas
584 3245 616 3270 Vl
646 3244 697 3270 586
718 3244 732 3269 4
752 3257 786 3263 -

146 3285 306 3311 lncentivum
326 3285 444 3312 elationis
463 3290 502 3313 est
520 3288 693 3314 consideratio
716 3288 786 3314 dete-

146 3328 223 3355 rioris
241 3329 283 3355 Vll
304 3328 355 3356 454
376 3330 407 3355 48
422 3344 456 3348 ——-
474 3331 559 3356 Elatus
578 3331 723 3358 honoribus
735 3339 786 3358 non

254 3381 284 3410 S.
299 3383 402 3410 Bonae.
413 3396 448 3402 —
461 3383 537 3409 Tom.
550 3384 602 3409 Vll.

803 190 839 223 IN
864 187 1157 222 COMMENTARIOS
1180 188 1209 220 S.
1235 187 1461 220 SCRIPTURAE

815 277 891 303 intrat
910 283 957 309 per
976 279 1078 308 portam
1099 276 1225 301 humilem
1244 275 1318 306 regni
1338 275 1454 300 caelestis

816 321 846 347 Vl
867 321 917 346 628
938 328 963 347 v.
983 321 1000 346 5
1019 335 1053 338 —
1074 320 1186 345 maxime
1205 319 1324 351 displicet
1343 319 1397 344 Deo
1411 320 1453 344 Vll

815 365 866 391 455
887 366 918 391 49

868 410 956 435 Ειιῑετι
967 423 1002 427 -
1015 408 1049 434 ad
1063 415 1175 440 regnum
1190 408 1235 433 Dei
1249 410 1310 433 sunt
1329 407 1407 439 pauci
1421 407 1453 433 Vl

814 453 866 478 337
887 453 947 479 402.
971 452 1022 478 428
1051 453 1084 479 22
1104 467 1138 470 -
1158 452 1303 477 Electorum
1329 458 1454 477 numerus

813 498 862 523 erit
881 498 1011 529 perfectus
1031 497 1072 522 Vll
1093 496 1145 522 374
1166 496 1198 522 49

867 556 902 561 -
921 542 1030 568 veniunt
1047 541 1081 567 ad
1101 540 1233 567 Christum
1253 547 1300 573 per
1321 540 1400 565 fldem
1421 540 1454 565 Vl

813 586 865 612 328
879 586 913 611 57
926 600 962 604 -
976 586 1076 611 vadunt
1093 585 1127 611 ad
1147 585 1249 610 Patrem
1269 591 1317 616 per
1330 584 1409 610 tidem
1430 586 1456 609 et

812 630 978 657 dilectionem
999 629 1033 656 ib.
1053 629 1086 654 58
1100 644 1135 647 —
1149 630 1258 655 Aeterna
1273 628 1399 654 electione
1411 634 1455 653 vo-

813 675 863 701 cati
881 678 942 701 sunt
960 674 1038 700 etiam
1058 674 1176 699 nondum
1194 673 1247 698 nati
1267 672 1300 698 53
1321 679 1346 697 v.
1367 672 1400 696 40
1419 685 1454 690 -

812 720 860 745 Per
873 722 1007 745 aeternam
1021 718 1172 744 electionem
1186 717 1259 743 electi
1273 720 1333 742 sunt
1347 716 1391 742 Dei
1404 715 1454 741 470

807 764 846 789 ’13
859 777 895 783 -
913 766 974 789 sunt
988 763 1033 789 Dei
1046 763 1089 788 mii
1110 769 1157 795 per
1176 762 1329 787 electionem
1350 760 1395 786 421
1421 759 1454 795 54

866 822 901 826 -
920 807 1038 833 Christus
1057 807 1134 832 trahit
1153 806 1186 832 ad
1205 812 1234 831 se
1247 806 1339 831 omnes
1358 805 1454 830 electos

813 852 846 877 Vl
868 851 913 877 421
938 851 971 876 54
984 865 1020 870 —
1032 850 1150 877 Christus
1169 853 1226 876 orat
1239 856 1287 881 pro
1301 848 1389 874 electis
1404 848 1454 873 470

814 896 846 922 46
866 911 901 914 -
920 903 973 921 non
1001 898 1112 927 possunt
1140 894 1197 926 rapi
1217 894 1328 919 finaliter
1348 893 1398 918 393
1420 893 1453 918 54

812 954 848 960 -
866 941 940 966 Pater
959 939 1047 965 electis
1065 939 1120 965 suis
1138 946 1192 964 non
1210 938 1337 970 permittit
1358 937 1453 963 violen-

813 985 875 1011 tiam
896 984 950 1010 iieri
970 991 984 1010 a
1004 983 1110 1010 diabolo
1130 984 1155 1008 in
1176 983 1298 1009 tentando
1318 981 1351 1008 ib.
1372 981 1406 1007 55

866 1044 901 1048 —
914 1029 1094 1061 significantur
1108 1035 1154 1060 per
1168 1027 1244 1053 iacob
1257 1027 1289 1052 Vl
1305 1026 1355 1052 453
1371 1027 1404 1051 32
1418 1039 1454 1045 -

813 1075 913 1101 ratione
932 1073 1118 1100 fructuositatis
1131 1076 1201 1098 recte
1214 1074 1401 1104 comparantur
1415 1070 1455 1096 tri-

814 1118 864 1145 tico
884 1118 927 1145 Vll
947 1118 980 1143 80
1001 1117 1029 1143 41

868 1176 901 1181 -
920 1160 1154 1194 congregabuntur
1178 1161 1213 1187 ad
1232 1160 1363 1187 Christum
1388 1159 1456 1185 sicut

813 1207 847 1233 ad
866 1213 930 1233 suae
955 1206 1103 1233 resectionis
1126 1204 1314 1231 abundantiam
1342 1204 1383 1230 Vll
1404 1202 1455 1229 447

813 1253 847 1278 62
866 1250 1149 1283 —congregabuntur
1173 1250 1206 1276 ad
1232 1248 1351 1277 Verbum
1376 1249 1456 1274 incar-

813 1299 902 1322 natum
923 1302 970 1328 per
983 1294 1198 1321 ardentissimum
1211 1294 1388 1325 desiderium,
1401 1293 1457 1319 lim-

813 1340 980 1372 pidissimum
1000 1339 1159 1370 contuitum,
1182 1338 1380 1370 sapidissimum
1410 1345 1456 1370 gu-

812 1387 883 1410 stum
895 1387 921 1410 et
933 1391 981 1416 per
991 1386 1092 1410 motum
1106 1383 1205 1409 amoris
1215 1382 1379 1409 excessivum
1391 1375 1454 1408 ibid.

866 1442 902 1448 —-
920 1431 980 1460 post
997 1428 1217 1454 resurrectionem
1237 1430 1314 1452 erunt
1336 1426 1456 1452 renovati

812 1472 847 1499 ad
866 1473 976 1499 modum
990 1472 1094 1505 aquilae
1108 1472 1150 1497 Vll
1171 1471 1221 1497 448
1242 1472 1276 1496 62
1290 1486 1325 1489 -
1338 1470 1456 1497 Christus

812 1517 948 1543 resuscitat
973 1517 1068 1542 electos
1086 1516 1121 1542 ad
1146 1519 1268 1542 aeternae
1286 1514 1456 1541 beatitudinis

812 1561 1040 1594 participationem
1060 1561 1094 1587 Vl
1108 1561 1159 1586 328
1179 1560 1213 1585 60
1226 1574 1261 1578 -
1274 1559 1321 1586 soli
1340 1566 1356 1585 a
1373 1562 1456 1585 morte

814 1606 935 1632 miserIae
957 1605 1145 1633 resuscitantur
1164 1604 1211 1630 56l
1236 1611 1261 1630 v.
1282 1604 1310 1630 21
1337 1618 1370 1622 ——
1390 1604 1456 1629 luter

814 1651 909 1676 electos
928 1653 954 1676 et
972 1649 1101 1682 reprobos
1118 1651 1158 1675 est
1174 1656 1301 1681 magnum
1319 1649 1400 1674 chaos
1414 1648 1456 1674 Vll

815 1695 866 1721 423
886 1695 920 1720 56

869 1740 974 1765 Ειεοτιο
987 1753 1022 1759 --
1036 1739 1136 1771 Eligcre
1149 1741 1188 1765 est
1200 1739 1344 1771 sapientiae
1358 1739 1390 1764 Vl
1406 1739 1456 1764 472

815 1792 841 1811 v.
862 1785 877 1810 5
896 1799 932 1804 -
951 1785 977 1810 ln
997 1784 1122 1810 electione
1148 1784 1264 1809 consistit
1283 1784 1405 1809 meritum
1431 1783 1458 1808 li-

816 1829 872 1856 beri
890 1829 989 1856 arbitrii
1005 1829 1055 1855 453
1076 1829 1109 1855 30
1123 1844 1157 1847 -
1171 1829 1226 1854 Non
1247 1828 1333 1860 primo
1353 1835 1401 1854 nos
1414 1827 1458 1852 eli-

816 1874 904 1906 gimus
924 1874 1079 1904 Dominum,
1098 1873 1144 1899 sed
1163 1873 1300 1905 supposita
1318 1872 1459 1904 praedesti—

816 1919 919 1944 natione
937 1918 1067 1944 vocatioui
1084 1917 1269 1943 consentiendo
1289 1915 1350 1942 ibid.

870 1977 905 1980 —
924 1963 994 1988 Deus
1013 1962 1085 1994 eligit
1103 1961 1136 1986 ad
1156 1961 1396 1986 remunerationem
1416 1967 1458 1985 ae-

817 2010 918 2032 ternam
937 2007 971 2032 Vl
993 2006 1038 2032 451
1063 2006 1095 2031 23
1115 2019 1150 2024 -
1170 2006 1213 2031 Est
1226 2005 1316 2030 electio
1336 2005 1368 2030 ad
1384 2011 1459 2036 prae-

817 2054 916 2077 sentem
931 2051 1085 2082 dignitatem
1098 2053 1123 2075 et
1142 2050 1175 2075 ad
1189 2052 1322 2075 aeternam
1339 2048 1458 2074 solemni·

819 2098 897 2122 tatem
917 2095 966 2120 429
988 2096 1020 2120 26
1034 2109 1068 2112 —
1082 2094 1182 2120 Fideles
1201 2100 1294 2118 omnes
1311 2093 1383 2118 electi
1397 2095 1459 2118 sunt

817 2141 850 2166 ad
871 2140 981 2172 gratiam
997 2139 1048 2164 605
1062 2146 1088 2164 v.
1109 2139 1140 2164 116
1154 2152 1189 2156 -
1204 2138 1272 2163 Deus
1291 2137 1369 2169 elegit
1383 2143 1458 2168 prae-

818 2184 972 2211 destinando
998 2187 1023 2210 et
1051 2183 1220 2216 postmodum
1249 2182 1320 2214 eligit
1349 2188 1378 2207 ex
1402 2181 1458 2206 aliis

817 2229 938 2255 vocando
962 2228 1012 2254 453
1032 2229 1065 2254 30
1085 2243 1120 2246 —
1139 2228 1210 2253 Deus
1237 2227 1274 2253 sic
1299 2226 1371 2258 eligit
1395 2232 1457 2256 nos,

818 2277 846 2300 ut
864 2281 911 2306 per
925 2274 1016 2299 merita
1037 2273 1096 2298 [idei
1111 2272 1299 2298 beatitudinem
1315 2277 1458 2304 consequa-

818 2326 877 2344 mur
897 2319 948 2344 328
969 2318 1002 2343 60

871 2378 905 2381 -
925 2363 1035 2396 Quando
1054 2363 1124 2388 salus
1142 2362 1233 2394 populi
1251 2361 1348 2393 pendet
1366 2367 1397 2386 ex
1416 2360 1458 2385 ali-

818 2415 871 2440 quo
891 2408 987 2438 electo,
1017 2407 1072 2432 talis
1101 2413 1154 2432 non
1177 2405 1256 2431 debet
1274 2412 1302 2431 se
1321 2404 1459 2430 absentare

818 2452 852 2477 Vl
872 2451 923 2477 324
944 2451 977 2477 34
998 2458 1052 2482 arg.
1074 2452 1089 2476 2

871 2496 1036 2521 ΕιΕΕΜοεΥΝΛ
1054 2508 1090 2514 --
1109 2497 1148 2519 cst
1173 2494 1242 2519 utilis
1267 2494 1300 2519 vt
1321 2493 1353 2518 58
1378 2501 1405 2518 v.
1429 2493 1457 2517 13

817 2554 853 2559 -
872 2544 911 2566 est
929 2539 1076 2565 remedium
1103 2538 1232 2570 optimum
1258 2544 1310 2563 non
1330 2537 1459 2562 incidendi

818 2585 843 2610 in
864 2584 1009 2616 periculum
1025 2583 1057 2608 88
1071 2590 1097 2608 v.
1118 2584 1132 2608 2
1146 2596 1181 2601 -
1195 2581 1317 2607 conducit
1329 2581 1363 2606 ad
1377 2580 1461 2606 fructi-

819 2628 951 2654 ficandum
975 2630 1000 2653 et
1025 2626 1252 2658 multiplicandum
1278 2625 1346 2651 bona
1376 2628 1460 2650 terrae

819 2671 852 2699 ib.
864 2673 879 2698 3
890 2687 923 2690 -
935 2672 1122 2703 Eleemosynae
1136 2670 1320 2702 multiplicatae
1333 2668 1462 2696 inebriant

819 2716 935 2742 animam
955 2716 1038 2748 gratia
1057 2714 1118 2741 ibid.
1135 2729 1171 2734 —
1188 2715 1272 2740 Homo
1292 2714 1371 2740 habet
1390 2720 1461 2739 exer-

820 2761 909 2786 citium
938 2760 1110 2792 pocnitentiae
1139 2759 1180 2785 vel
1208 2759 1361 2791 patientiae,
1381 2758 1462 2784 nutri-

820 2807 938 2830 mentum
958 2804 1093 2830 doctrinae
1120 2803 1161 2829 vel
1190 2803 1266 2828 etiam
1296 2802 1395 2834 gratiae
1414 2809 1461 2833 per

820 2849 986 2880 largitionem
1015 2848 1197 2878 eleemosynae
1225 2846 1276 2872 554
1305 2846 1321 2870 7
1340 2860 1375 2865 —
1394 2846 1462 2871 valet

821 2892 855 2918 ad
875 2892 1083 2923 redemptionem
1110 2891 1203 2922 culpae
1223 2890 1256 2916 47
1276 2897 1302 2923 q.
1320 2903 1356 2909 —-
1374 2889 1462 2921 dispo·

822 2936 859 2962 nit
877 2936 910 2962 ad
930 2936 1041 2968 gratiam
1063 2936 1104 2961 Vll
1125 2934 1175 2961 304
1196 2935 1228 2960 82
1244 2948 1274 2952 —
1291 2934 1412 2966 impetrat
1426 2934 1462 2958 vi-

822 2987 912 3011 gorem
933 2980 1032 3012 gratiae
1050 2979 1099 3005 Υ140
1120 2979 1200 3004 23-
1213 2985 1260 3010 pro
1281 2978 1333 3003 Deo
1353 2977 1461 3008 elargita

822 3030 927 3055 semper
946 3027 984 3049 est
998 3030 1058 3049 cum
1073 3023 1179 3049 homine
1193 3021 1243 3047 459
1261 3022 1294 3046 88
1308 3035 1342 3041 -
1355 3022 1462 3047 effectus

822 3070 883 3093 sunt
902 3071 1003 3100 septem
1024 3067 1075 3093 304
1096 3067 1128 3092 83
1147 3080 1183 3085 -
1201 3065 1316 3091 etllcacia
1329 3064 1462 3096 dependet

823 3118 837 3136 a
857 3114 957 3143 septem
972 3110 1167 3137 conditionibus
1183 3108 1244 3136 ibid.
1263 3123 1298 3128 —
1317 3108 1462 3134 Retributio

823 3155 1020 3186 opulentissima
1046 3154 1206 3187 promittitur
1230 3160 1279 3185 pro
1298 3153 1462 3183 eleemosyna

825 3199 875 3224 323
896 3198 929 3224 46

877 3256 912 3262 -
931 3242 987 3268 Non
1006 3243 1124 3269 dandum
1144 3242 1274 3274 peccatori
1294 3241 1393 3267 ratione
1408 3241 1463 3266 vitii

825 3287 868 3313 Vll
890 3287 940 3312 4ὅῦ
959 3286 993 3312 73
1013 3300 1048 3306 -
1068 3286 1183 3312 iacienda
1203 3289 1241 3312 est
1259 3284 1383 3312 omnibus
1401 3291 1465 3316 pau·

2067 188 2131 219 745

1782 232 1841 257 ELE

1491 275 1584 306 spiritu
1605 275 1655 300 408
1677 276 1707 300 46
1722 290 1757 293 -
1771 276 1838 301 lusto
1852 279 1890 301 est
1909 277 2066 308 porrigenda
2082 284 2134 302 ma-

1491 326 1541 345 nus
1560 326 1606 351 per
1625 321 1820 351 eleemosynam
1842 320 1872 345 Vl
1894 321 1926 345 60
1947 328 1972 345 v.
1993 321 2025 346 20
2046 336 2079 339 -
2101 323 2133 346 ta-

1492 363 1584 389 cienda
1612 367 1651 389 est
1676 364 1821 396 peregrinis
1849 367 1875 390 et
1903 365 2013 390 advenis
2041 366 2074 391 88
2104 373 2131 391 v.

1493 408 1502 432 4
1527 421 1563 426 -
1582 408 1697 434 iacienda
1726 412 1766 434 est
1794 408 1956 440 pauperibus
1980 414 2005 434 et
2033 410 2133 435 afflictis

1492 451 1568 483 ibid,
1582 453 1597 477 2

1545 511 1579 514 ——
1599 504 1649 522 non
1671 496 1808 523 tribuenda
1827 502 1863 523 cst
1885 498 1909 523 in
1931 499 2066 523 thesauros
2086 502 2133 524 ter-

1492 548 1583 573 renos,
1603 541 1649 567 sed
1668 542 1791 567 caelestes
1806 542 1837 567 Vl
1852 543 1884 567 88
1900 549 1925 567 ν.
1940 544 1955 567 2
1974 556 2009 561 -
2029 550 2079 568 non
2095 546 2133 568 est

1492 585 1577 611 danda
1600 589 1708 616 propter
1733 593 1858 617 praesens
1876 587 2060 617 commodum,
2085 588 2131 613 sed

1492 629 1640 660 praemium
1654 632 1802 662 aeternum,
1823 637 1875 655 non
1889 634 1996 662 propter
2016 630 2133 656 taberna-

1492 673 1580 698 culum
1601 673 1800 704 transiens‚sed
1820 677 1954 699 aeternum
1976 675 2017 700 Vll
2034 675 2083 699 408
2103 675 2132 700 15

1546 732 1580 735 -
1612 717 1797 749 Eleemosynae
1828 718 1990 744 conditiones
2020 722 2133 752 quatuor

1492 762 1535 787 Vll
1553 762 1587 786 76
1608 762 1641 787 26
1662 776 1696 781 -
1710 762 1817 794 quando
1831 763 1864 787 sit
1877 763 1994 788 iacienda
2015 770 2045 789 ex
2059 770 2134 795 prae-

1492 810 1581 838 cepto,
1600 806 1707 838 quando
1726 813 1756 831 ex
1777 807 1884 832 consilio
1897 806 1938 832 ib.
1959 808 1993 832 27
2012 821 2047 826 -
2067 808 2133 833 Dare

1491 857 1537 876 sua
1552 850 1714 882 pauperibus
1727 855 1766 875 est
1780 851 1939 876 necessitatis
1959 855 2085 884 quantum
2100 852 2133 877 ad

1491 901 1591 925 omnes,
1611 894 1717 927 quando
1732 898 1791 920 sunt
1810 895 1834 920 in
1851 899 1965 920 extrema
1980 897 2133 921 necessitate

1492 939 1525 964 Vl
1546 939 1596 964 389
1617 940 1650 964 28

1545 998 1579 1001 -
1599 983 1707 1015 proprie
1725 983 1793 1008 dicta
1813 986 1852 1009 est
1864 984 1897 1008 de
1917 984 2031 1017 eoquod
2044 992 2133 1016 super-

1491 1030 1530 1054 est
1551 1028 1592 1052 Vll
1618 1027 1670 1053 304
1691 1028 1724 1053 82
1743 1041 1779 1046 -
1799 1028 1935 1059 Superssua
1965 1032 2134 1060 amputantur

1492 1079 1540 1105 per
1559 1073 1742 1104 eleemosynae
1754 1073 1918 1104 largitionem
1939 1073 1971 1098 Vl
1993 1073 2043 1099 :553
2063 1074 2079 1098 7
2099 1087 2134 1092 —

1492 1118 1662 1149 superfluum
1676 1116 1830 1143 donandum
1850 1120 1889 1142 est
1902 1118 1945 1142 cui
1964 1121 2003 1143 est
2015 1125 2134 1144 neccssa-

1492 1162 1561 1188 rium
1582 1162 1606 1187 in
1625 1161 1819 1193 eleemosynam
1839 1162 1881 1187 Vll
1901 1161 1936 1186 75
1956 1161 2002 1188 24,
2023 1162 2056 1187 25

1545 1220 1581 1225 -
1600 1206 1688 1232 danda
1706 1208 1746 1232 est
1764 1206 1798 1231 de
1818 1206 1923 1238 propria
1943 1206 2086 1232 substantia
2101 1207 2134 1232 w

1492 1251 1527 1277 76
1547 1251 1580 1276 26
1595 1264 1629 1269 —-
1643 1250 1692 1276 Pro
1711 1250 1875 1282 eleemosyna
1891 1251 2007 1276 dandum
2024 1254 2063 1276 est
2077 1258 2134 1283 pro-

1493 1295 1594 1328 prium,
1614 1302 1666 1320 non
1688 1295 1800 1320 alienum
1828 1296 1860 1320 88
1881 1302 1906 1320 v.
1928 1296 1937 1320 4
1961 1310 1996 1314 -
2016 1296 2133 1322 iacienda

1492 1343 1531 1366 est
1549 1340 1584 1365 de
1603 1339 1714 1370 divitiis,
1733 1346 1802 1372 quae
1821 1340 1888 1365 iusto
1909 1340 1980 1366 titulo
2001 1341 2134 1372 possiden-

1493 1386 1535 1410 tur
1554 1384 1597 1410 vlt
1618 1383 1667 1409 408
1690 1383 1722 1409 44
1743 1399 1777 1402 -
1796 1384 1928 1417 Acquisita
1954 1384 2134 1410 distribuenda

1492 1432 1553 1454 sunt
1572 1435 1619 1460 per
1638 1429 1832 1460 eleemosynam
1853 1429 1885 1454 Vl
1905 1429 1938 1454 32
1959 1437 1983 1454 ν.
2007 1429 2022 1454 8
2035 1443 2070 1448 —
2083 1437 2133 1455 non

1492 1476 1531 1498 est
1550 1472 1668 1498 facienda
1683 1473 1717 1498 de
1736 1479 1768 1498 eo
1786 1473 1859 1506 quod
1872 1473 1932 1506 quis
1950 1480 1996 1505 per
2015 1474 2134 1506 rapinam

1492 1520 1518 1542 et
1536 1517 1698 1550 iniquitatem
1728 1517 1870 1550 acquisivit
1888 1520 1913 1543 et
1937 1518 2033 1544 iniusto
2062 1518 2135 1543 titulo

1492 1561 1610 1593 possidet
1630 1561 1671 1587 Vll
1692 1560 1742 1587 408
1764 1561 1796 1586 44

1545 1620 1581 1624 —
1599 1605 1769 1631 Abundanter
1796 1605 1841 1631 dat
1868 1606 2062 1638 eleemosynam
2091 1607 2135 1639 qui

1492 1650 1537 1676 dat
1556 1657 1654 1682 magno
1673 1650 1753 1676 corde
1773 1650 1814 1675 Vll
1830 1651 1876 1676 521
1903 1650 1917 1676 4
1937 1664 1973 1670 -
1991 1651 2078 1677 danda
2097 1654 2136 1676 cst

1493 1701 1523 1720 ex
1543 1694 1687 1720 abundanti
1701 1693 1735 1720 ib.
1752 1695 1768 1720 5
1783 1709 1816 1713 —
1830 1694 1916 1720 danda
1930 1698 1970 1720 est
1988 1695 2135 1721 secundum

1494 1738 1691 1772 possibilitatem
1706 1734 1801 1764 virium
1823 1739 1854 1765 Vl
1875 1740 1908 1764 88
1928 1746 1955 1764 v.
1975 1740 1990 1764 2
2005 1753 2038 1757 -
2057 1739 2135 1765 liben-

1495 1787 1533 1810 ter
1559 1783 1675 1809 sacienda
1695 1786 1733 1809 est
1745 1782 1779 1809 ib.
1798 1790 1824 1808 v.
1846 1783 1855 1808 4
1875 1797 1909 1801 —-
1922 1783 2007 1809 Homo
2020 1791 2072 1809 non
2091 1783 2135 1809 de-

1495 1828 1539 1854 bet
1558 1828 1661 1854 tardare
1675 1828 1700 1853 in
1715 1828 1831 1853 facienda
1849 1828 2014 1859 eleemosyna
2030 1828 2062 1853 89
2077 1835 2103 1853 v.
2121 1828 2135 1854 4

1497 1887 1530 1891 —
1550 1872 1636 1898 danda
1656 1875 1706 1903 est,
1726 1872 1791 1898 dum
1812 1875 1917 1904 tempus
1935 1875 1974 1898 est
1993 1871 2056 1898 ibid.

1551 1931 1583 1935 —-
1604 1916 1752 1942 manifestat
1770 1916 1873 1948 pietatis
1892 1917 2012 1942 affectum
2028 1917 2069 1941 Vll
2085 1916 2134 1942 408

1497 1960 1529 1986 44
1549 1976 1583 1979 -
1603 1960 1637 1986 ab
1663 1960 1786 1986 omnibus
1806 1961 1860 1986 [leri
1880 1963 1967 1992 potest
1985 1961 2031 1986 521
2059 1960 2073 1986 4
2100 1975 2133 1979 -

1496 2005 1543 2030 Per
1561 2005 1756 2036 eleemosynam
1777 2008 1862 2036 potest
1881 2005 1987 2037 intelligi
2001 2004 2136 2037 quodlibet

1495 2056 1563 2081 opus
1583 2048 1777 2074 misericordiae
1797 2049 1931 2074 ordinatae
1950 2049 2002 2074 303
2022 2049 2055 2074 82

1548 2107 1583 2110 ——
1602 2092 1744 2124 spiritualis
1772 2093 1888 2118 consistit
1916 2093 1941 2118 in
1968 2093 2136 2119 instructione

1496 2137 1607 2168 proximi
1628 2137 1659 2162 Vl
1680 2137 1712 2161 90
1733 2143 1758 2161 v.
1778 2136 1794 2161 7
1808 2150 1843 2155 —
1864 2140 1949 2168 potest
1969 2137 2018 2162 dici
2032 2140 2135 2162 scutum

1495 2181 1629 2213 spirituale
1649 2181 1699 2206 226
1720 2181 1747 2205 21
1779 2194 1813 2199 -
1839 2180 2000 2212 significatur
2021 2181 2046 2205 in
2065 2187 2136 2206 acce-

1496 2226 1584 2258 ptione
1603 2232 1737 2250 ramorum
1758 2224 1809 2250 594
1835 2232 1861 2250 v.
1883 2225 1914 2250 13
1935 2239 1969 2243 -
1988 2228 2026 2251 est
2046 2232 2136 2250 ramus

1497 2270 1558 2296 boni
1569 2270 1656 2302 operis
1666 2269 1811 2302 procedens
1820 2276 1849 2295 ex
1857 2269 1944 2294 radice
1952 2269 2065 2295 caritatis
2074 2268 2135 2295 ibid.

1548 2330 1583 2333 -
1603 2315 1651 2347 Qui
1672 2318 1754 2340 totum
1775 2314 1819 2339 dat
1848 2317 1872 2339 et
1896 2313 1957 2338 nihil
1986 2313 2034 2339 sibi
2056 2320 2136 2339 reser-

1496 2363 1540 2385 vat
1560 2360 1650 2391 implet
1668 2359 1805 2384 consilium
1825 2358 1920 2384 Christi
1941 2358 1981 2383 vu
2001 2358 2047 2383 521
2073 2358 2088 2382 5

1551 2419 1583 2422 —
1604 2404 1728 2435 Exemplo
1757 2403 1849 2429 Christi
1870 2403 2050 2434 eleemosynae
2070 2403 2136 2428 licite

1496 2448 1580 2480 accipi
1609 2451 1718 2479 possunt
1744 2450 1795 2472 tam
1815 2454 1828 2472 a
1850 2447 1925 2472 bonis
1949 2454 2028 2479 quam
2048 2454 2061 2472 a
2083 2454 2137 2472 ma-

1498 2493 1527 2517 lis
1548 2493 1590 2517 Vll
1610 2492 1660 2516 302
1681 2491 1714 2516 78
1735 2506 1770 2509 —
1789 2491 1871 2522 accipi
1901 2494 1986 2523 potest
2014 2498 2027 2516 a
2049 2492 2137 2522 matis,

1497 2539 1525 2561 ut
1544 2536 1607 2561 liant
1625 2535 1701 2567 boni,
1721 2535 1868 2561 dummodo
1888 2542 1939 2561 non
1960 2536 2021 2561 dent
2035 2535 2067 2561 de
2081 2536 2138 2561 alie-

1497 2580 1537 2606 nis
1557 2581 1597 2605 vel
1618 2580 1685 2605 male
1705 2580 1838 2612 acquisitis
1858 2578 1920 2605 ibid.

1552 2625 1704 2650 ΕιΕΜΕΝτυΜ
1716 2637 1751 2642 -
1762 2624 1891 2649 Elementa
1903 2626 2037 2649 transeunt
2049 2624 2138 2657 quoad

1498 2668 1692 2700 corruptionem
1712 2668 1752 2693 sui
1771 2668 1917 2694 secundum
1937 2672 2037 2699 partem
2060 2669 2090 2693 Vl
2104 2669 2136 2693 29

1498 2720 1524 2745 q.
1544 2713 1559 2739 2
1578 2726 1614 2731 -
1634 2712 1763 2737 Elementa
1783 2715 1940 2743 generantur
1968 2715 1993 2737 et
2021 2719 2139 2737 corrum-

1499 2760 1595 2788 puntur
1615 2756 1640 2781 in
1659 2756 1713 2782 suis
1733 2756 1864 2786 terminis,
1882 2756 1907 2781 in
1927 2755 2026 2788 quibus
2044 2764 2073 2783 se
2087 2760 2139 2782 tan·

1499 2804 1564 2833 gunt
1582 2799 1645 2826 ibid.

1552 2859 1587 2862 —
1607 2844 1722 2869 Virtutes
1741 2845 1931 2870 elementorum
1952 2848 2012 2870 sunt
2030 2845 2138 2878 qualita-

1500 2892 1537 2914 tes
1557 2890 1582 2913 et
1600 2886 1739 2913 seminales
1757 2888 1871 2914 rationes
1894 2892 1919 2914 et
1941 2889 2139 2914 commixtiones

1499 2932 1540 2957 vel
1554 2932 1727 2957 connexiones
1741 2936 1765 2957 ot
1778 2933 2018 2964 contemperantiae
2031 2933 2140 2958 elemen-

1500 2979 1586 3002 torum
1607 2976 1637 3001 Vl
1661 2976 1708 3002 155
1728 2983 1753 3002 x’.
1778 2976 1807 3001 17
1827 2990 1861 2995 -
1881 2977 2012 3002 Elementa
2026 2980 2139 3008 quatuor

1499 3023 1559 3046 suut
1586 3027 1708 3046 mensura
1735 3021 1853 3045 omnium
1885 3020 2060 3051 corporalium
2089 3020 2138 3045 182

1500 3071 1526 3089 v.
1545 3064 1573 3089 21
1598 3078 1632 3082 -
1652 3064 1758 3095 Singula
1778 3065 1905 3089 elementa
1931 3067 1956 3088 et
1983 3064 2139 3089 elementata

1501 3109 1664 3134 harmonittm
1693 3115 1768 3134 suam
1798 3108 1940 3133 naturalem
1970 3110 1996 3132 et
2019 3107 2139 3133 ordinem

1500 3155 1558 3179 actu
1579 3153 1729 3178 custodiunt
1749 3153 1799 3178 232
1813 3159 1838 3176 v.
1859 3151 1885 3176 17
1900 3164 1934 3170 -
1948 3158 2029 3176 unum
2043 3151 2070 3176 in
2084 3152 2139 3177 vim

1500 3200 1525 3222 et
1544 3199 1698 3228 potestatem
1718 3203 1764 3221 seu
1784 3195 1899 3221 officium
1928 3198 1954 3221 et
1974 3195 2082 3221 modum
2107 3196 2140 3221 al·

1501 3241 1581 3266 terius
1599 3240 1755 3266 miraculose
1774 3247 1788 3265 a
1809 3240 1862 3265 Deo
1882 3240 2041 3266 conxertitur
2060 3238 2122 3265 ibid.

1554 3298 1589 3303 —
1608 3291 1745 3316 compassa
1765 3287 1825 3309 sunt
1853 3283 1987 3310 Conditori
2013 3290 2061 3310 suo
2087 3290 2140 3309 mo-

824 3329 932 3364 peribus
946 3330 997 3355 368
1018 3330 1051 3356 30
1065 3345 1098 3348 -
1112 3330 1228 3356 iacienda
1246 3333 1285 3356 est
1304 3328 1465 3361 pauperibus
1481 3306 1484 3350 Ι
1501 3328 1574 3354 rienti
1596 3329 1637 3355 Vll
1658 3328 1703 3354 581
1729 3328 1763 3354 55

1999 3380 2032 3405 94
