2427 3872
197 261 199 263 ,
349 233 414 260 CHR
434 232 472 265 (2)

146 293 182 298 -
200 279 309 304 lactatus
327 285 342 303 a
362 278 415 303 sola
437 276 546 309 Virgine
565 277 608 303 Vll
628 277 679 303 296
700 277 729 302 61

92 337 127 343 -
145 326 221 349 natus
245 322 370 348 adoratur
395 328 410 347 a
428 321 597 347 multitudine
621 321 736 353 Angelo-

762 188 800 221 ΙΝ
823 187 1121 221 COMMENTAfflOS
1144 189 1173 221 S.
1199 188 1425 223 SCRIPTURAE

827 291 862 296 —-—
882 280 993 303 vocatur
1012 284 1079 308 puer
1097 277 1197 303 ratione
1211 278 1362 303 humilitatis
1373 278 1416 303 Vll

774 320 825 352 459
846 321 874 346 31
901 336 935 339 -
954 321 1051 347 dicitur
1070 328 1137 353 puer
1156 324 1265 354 propter
1293 322 1418 348 innocen-

91 374 151 394 rum
177 367 210 392 50
237 367 270 392 28
289 380 325 386 —
343 366 401 392 eius
425 366 548 392 nativitas
572 365 735 392 admirabilis
773 365 851 398 tiam,
870 368 896 391 et
915 365 1034 397 sapiens,
1053 366 1116 398 quia
1140 368 1180 391 est
1207 366 1265 398 ipsa
1286 367 1416 398 Sapientia

92 412 139 438 fuit
151 411 269 437 celeriter
281 411 417 443 divulgata
437 410 471 436 53
490 411 523 436 39
537 424 572 430 —
586 410 678 436 Omnis
693 416 736 436 na·
773 410 806 436 Vl
828 410 855 435 41
876 418 900 435 ν.
916 410 949 436 15
962 423 998 428 -
1011 410 1106 436 dicitur
1119 410 1273 436 adolescens
1283 412 1416 437 secundus

92 460 164 487 tura,
193 456 279 481 omnis
307 462 400 486 sexus,
424 455 512 481 omnis
535 457 608 480 aetas
632 454 735 480 Christo

91 500 205 527 nascenti
219 500 396 526 testimonium
422 498 570 531 perhibuit,
597 499 658 532 quia
680 499 735 530 ipse

91 544 205 571 debebat
229 551 354 576 reparare
378 543 467 569 omnia
486 544 520 568 62
540 544 569 569 81
595 557 628 561 -—
648 543 735 575 primo

91 588 203 615 innotuit
231 588 256 614 in
274 588 360 620 stella,
386 588 411 613 in
431 586 554 613 columba
579 590 605 613 et
628 587 653 612 in
672 587 735 612 vino

90 636 191 659 mutato
211 633 244 658 Vl
265 632 317 658 272
339 632 371 657 14
390 645 426 651 -
439 631 533 658 Christi
553 634 645 657 natura
664 631 735 656 intel-

90 677 180 709 ligitur
204 684 252 709 per
278 677 369 702 faciem
395 676 523 708 hominis,
549 675 658 701 victoria
687 682 735 707 per

90 721 182 747 faciem
201 721 297 752 leonis,
318 720 424 746 victima
451 727 499 752 per
523 720 615 746 faeiem
640 719 735 751 bovis,

90 765 208 792 doctrina
229 772 277 797 per
302 765 395 791 faciem
414 764 519 797 aquilae
546 765 586 790 Vll
610 765 626 790 6
647 764 680 790 24

142 824 178 830 --
197 810 267 836 Οειιε
286 817 315 835 se
333 809 445 835 subiecit
464 808 617 835 hominibus
636 809 678 835 Vll
699 809 732 835 68

92 855 142 880 108
161 869 197 873 -
215 857 272 880 erat
289 854 375 880 viator
399 854 527 880 transiens
551 861 598 886 per
611 853 735 880 ‚transito-

89 899 127 925 ria
144 899 195 925 135
215 900 230 924 3

144 958 178 962 -
197 943 270 969 venit
282 946 311 969 ut
330 942 456 969 Dominus
469 943 503 969 ad
522 950 630 968 servum
644 943 687 968 Vll
701 943 733 968 59

91 988 124 1013 68
142 1002 179 1008 —
198 988 363 1014 Adveniente
386 987 489 1014 Christo
515 987 574 1013 iusti
596 988 736 1020 acquirunt

90 1040 184 1065 pacem
204 1031 266 1059 ibid.
280 1046 313 1050 —
329 1039 450 1058 summae
469 1032 628 1064 dignationis
641 1032 734 1058 affectu

90 1084 142 1103 non
162 1079 263 1103 tantum
287 1077 429 1109 parvulus,
454 1076 501 1102 sed
526 1076 609 1111 etiam¹
624 1083 735 1108 pauper-

89 1122 164 1148 culus
188 1125 214 1147 et
241 1121 383 1154 despectus
408 1128 457 1152 pro
482 1120 559 1146 nobis
585 1121 668 1146 factus
696 1123 735 1146 est

91 1166 123 1192 48
147 1166 178 1192 ’16
197 1180 233 1185 -
252 1166 279 1191 ιιι
300 1165 489 1198 temporalibus
514 1166 598 1191 factus
621 1168 661 1191 est
686 1172 734 1197 pro

89 1210 167 1236 nobis
185 1217 286 1243 egenus
299 1213 325 1236 et
343 1210 482 1236 mendicus
496 1209 547 1236 405
567 1210 583 1235 6
597 1223 631 1229 -
648 1210 674 1235 ιιι
684 1210 734 1242 ερι-

89 1255 227 1281 ritualibus
245 1254 363 1281 abundat
385 1253 447 1281 ibid.

144 1314 178 1318 —
197 1300 340 1326 adveniens
358 1302 398 1325 est
411 1298 608 1325 benedicendus
628 1299 679 1324 493
700 1299 733 1325 57

90 1360 125 1363 —
137 1344 270 1371 Christum
284 1347 434 1370 nascentem
449 1347 574 1377 tanquam
588 1351 733 1376 pauperem

90 1392 285 1422 persequuntur
308 1388 417 1421 superbi
435 1391 461 1414 et
486 1388 662 1421 vanegloriosi
682 1389 734 1415 354

90 1434 124 1459 66
143 1447 179 1453 -
197 1434 342 1459 adveniens
361 1433 504 1466 despectus
527 1437 567 1460 est
585 1433 699 1459 maxime
718 1441 732 1459 a

89 1478 205 1508 ludaeis.
229 1478 275 1511 qui
301 1477 434 1504 debebant
458 1485 519 1504 eum
545 1479 675 1504 honorare
701 1478 733 1504 Vl

90 1524 141 1549 252
162 1523 194 1548 26

143 1581 178 1586 -
197 1566 309 1593 visibilis
327 1568 436 1593 effeetus
455 1569 507 1599 est,
522 1570 550 1592 ut
563 1574 733 1599 cognoscere-

91 1615 132 1637 tur
153 1611 184 1637 Vl
205 1612 251 1638 251
277 1611 311 1637 24
330 1626 366 1630 -
385 1611 455 1637 Deus
483 1618 607 1643 egressus
628 1615 668 1638 est
686 1619 733 1644 per

90 1656 340 1682 condescensionem
363 1656 554 1682 manifestando
572 1663 600 1682 se
619 1657 733 1683 exterius

91 1701 117 1726 in
136 1708 215 1727 carne
234 1701 277 1727 Vll
298 1700 348 1726 400
369 1700 401 1726 48
422 1714 457 1720 —-
475 1707 505 1726 se
524 1701 656 1727 inclInavit
685 1709 733 1734 per

90 1745 355 1778 condescendendam
383 1745 549 1778 dignativam
581 1752 611 1771 ex
642 1753 733 1771 amore

91 1790 137 1815 331
162 1790 196 1815 72
215 1803 251 1809 ·—
269 1789 405 1816 descendit
429 1790 462 1815 ad
492 1790 731 1822 peregrinationem

91 1835 233 1860 humanam
263 1834 297 1860 87
326 1835 354 1860 61
382 1847 417 1853 -
442 1834 578 1860 descendit
606 1841 654 1866 per
681 1841 733 1860 ma-

91 1885 171 1911 gnam
190 1878 363 1905 humilitatem
392 1878 442 1904 104
469 1878 503 1904 65
522 1893 557 1897 --
576 1879 648 1904 venit
671 1886 733 1904 cum

91 1923 236 1949 humilitate
260 1923 378 1949 insidens
404 1923 478 1948 asino
504 1923 672 1948 humanitatis
690 1930 734 1948 no-

91 1971 159 1993 strae
183 1968 217 1993 Vl
241 1967 293 1993 595
314 1967 329 1993 4
348 1981 383 1986 —
403 1967 474 1993 venit
499 1974 559 1992 cum
586 1970 734 1993 mansuetu-

91 2013 153 2038 dine
181 2015 206 2038 et
230 2014 385 2044 paupertate
410 2010 472 2037 ibid.
491 2024 527 2030 —
545 2014 585 2037 est
610 2018 735 2043 praesens

91 2057 192 2083 mundo
211 2063 258 2089 per
277 2056 453 2089 praesentiam
483 2058 508 2081 et
536 2063 585 2088 per
612 2056 734 2082 effectum

91 2101 124 2127 Vl
145 2101 196 2127 252
217 2101 260 2134 24,
279 2101 313 2127 25

144 2160 180 2164 --
198 2146 311 2171 Erronea
332 2145 528 2171 mundanorum
555 2145 681 2171 sententia
701 2145 734 2171 de

92 2190 195 2217 Christo
214 2197 294 2216 verae
313 2190 375 2217 fidei
393 2189 498 2216 inimica
513 2190 555 2215 Vll
575 2190 627 2215 225
646 2190 675 2216 31
699 2203 735 2209 -

92 2235 120 2260 ιιι
132 2241 211 2261 carne
220 2235 374 2267 apparendo
385 2234 547 2260 mundanam
557 2235 736 2261 conversatio-

92 2286 153 2305 nem
183 2279 320 2305 damnavit
347 2278 398 2305 474
417 2279 434 2305 7
453 2293 489 2297 -
507 2279 616 2305 advenit
634 2282 734 2305 cessata

92 2323 217 2350 unctione
236 2323 391 2350 sacerdotali
410 2326 436 2349 et
454 2323 536 2355 regali
554 2324 589 2349 70
614 2323 629 2349 4
649 2337 684 2343 —
707 2324 734 2350 Ιιι

93 2368 208 2394 adventu
228 2367 321 2395 Christi
341 2368 473 2394 silentium
498 2367 613 2394 debebat
632 2368 733 2400 imponi

93 2412 239 2438 sacerdotio
254 2412 329 2444 legali
354 2413 383 2437 19
403 2412 437 2438 34

146 2470 181 2476 -
200 2457 248 2482 Per
267 2463 374 2482 sensum
394 2456 550 2482 exteriorem
565 2457 734 2488 cognoscitur

92 2501 150 2527 eius
169 2501 330 2533 humanitas,
350 2507 397 2533 per
421 2501 608 2526 revelationem
628 2501 734 2526 interio-

92 2552 148 2571 rem
169 2544 306 2571 invisibilis
325 2545 451 2571 Divinitas
472 2545 503 2571 Vl
518 2544 569 2571 348
590 2545 623 2570 46
643 2560 679 2563 -
697 2545 734 2571 vi-

93 2589 170 2615 detur
188 2589 335 2615 secundum
349 2589 538 2615 humanitatem
548 2608 554 2620 ,
568 2589 683 2615 creditur
696 2596 734 2615 se-

93 2633 210 2659 cundum
235 2633 400 2659 Divinitatem
420 2634 471 2659 328
492 2634 536 2659 61.
556 2633 608 2659 329
629 2634 662 2659 63

147 2692 181 2696 -
201 2678 227 2704 ln
247 2677 349 2704 ChriSto
370 2678 417 2703 fuit
435 2678 557 2703 voluntas
583 2677 690 2704 rationis
709 2681 734 2704 et

94 2722 267 2748 sensualitatis
280 2722 312 2748 Vl
333 2721 384 2747 4l9
411 2721 444 2747 42
464 2735 499 2740 -
517 2722 622 2754 Triplex
642 2722 690 2748 fuit
708 2722 734 2747 in

93 2766 195 2792 Christo
213 2766 335 2792 voluntas
355 2767 485 2798 humana,
504 2766 602 2792 scilicet
614 2766 734 2799 rationis,

93 2810 197 2842 pietatis
215 2813 241 2836 et
258 2810 431 2836 sensualitatis
450 2810 502 2836 404
521 2810 555 2837 57

146 2868 183 2874 -
201 2857 240 2880 εει
258 2855 338 2880 homo
357 2857 529 2880 conversatus
557 2855 623 2881 inter
650 2856 735 2881 homi-

94 2905 141 2924 nes
160 2898 203 2924 Vll
223 2898 274 2924 384
293 2898 310 2924 7
329 2911 365 2917 —
380 2902 436 2924 erat
448 2906 509 2925 cum
523 2899 674 2925 hominibus
687 2907 735 2932 per

95 2943 321 2968 conversationem
336 2942 489 2968 familiarem
505 2943 529 2968 in
542 2950 621 2969 carne
634 2944 681 2969 601
700 2945 734 2970 56

147 3001 181 3005 -
201 2990 240 3012 εει
259 2987 328 3012 filius
347 2987 475 3019 hominis,
494 2987 521 3013 id
533 2990 573 3014 est
585 2988 667 3013 solius
681 2988 736 3014 Vir·

96 3030 165 3062 ginis
184 3031 215 3056 Vl
238 3031 288 3056 168
308 3038 335 3056 ν.
354 3031 370 3056 6
389 3044 425 3050 —
443 3030 586 3063 putabatur
610 3032 678 3058 tilius
700 3033 736 3058 lo-

95 3076 160 3106 seph
186 3075 237 3100 266
262 3075 297 3101 92
322 3088 358 3094 -
376 3078 454 3101 vocat
471 3082 500 3101 se
518 3076 601 3101 fllium
622 3077 735 3103 hominis

95 3119 138 3144 Vh
168 3118 219 3144 440
242 3119 276 3144 45
294 3132 330 3139 -
349 3121 427 3145 vocat
453 3126 481 3147 se
509 3119 592 3145 titium
620 3121 735 3147 hominis

94 3165 221 3195 quantum
241 3162 274 3189 ad
300 3163 472 3189 humilitatem
500 3164 670 3190 humanitatis
696 3171 735 3190 as-

95 3209 197 3232 sumtae
217 3206 267 3232 137
287 3207 302 3232 9
316 3221 351 3225 -
364 3213 393 3232 se
412 3210 490 3233 vocat
508 3207 589 3233 tilium
609 3208 734 3240 hominis,

95 3253 124 3275 ut
142 3252 252 3283 utraque
271 3250 328 3277 eius
345 3253 438 3277 natura
458 3251 601 3277 innotescat
613 3254 639 3277 et
650 3258 735 3278 exem·

95 3293 168 3325 plum
188 3293 339 3320 humilitatis
357 3294 434 3320 detur
453 3295 485 3321 Vl
505 3295 556 3321 268
573 3295 622 3321 103
640 3308 676 3315 -
694 3302 735 3321 re-

95 3340 136 3362 cte
148 3344 177 3363 se
189 3338 303 3370 appellat
315 3338 396 3364 fllium
407 3338 522 3364 hominis
532 3339 609 3365 unius
619 3339 670 3365 269
682 3339 732 3364 103

201 3389 233 3416 S.
250 3390 355 3417 Bonav.
368 3404 400 3415 ψ
415 3390 493 3417 Tom.
505 3392 561 3418 Vll.

773 453 808 480 ib.
823 455 951 480 iti—est
970 454 1011 479 vir
1025 454 1048 479 in
1063 455 1237 486 conceptione
1257 456 1308 480 260
1328 456 1362 481 63
1382 470 1418 474 -

774 499 822 525 fuit
831 500 872 525 vir
886 498 911 524 in
925 499 1102 524 incarnatione
1112 502 1221 530 propter
1230 499 1416 531 perfectionem

774 544 918 576 sapientiae
946 543 998 569 262
1021 543 1055 569 73
1075 556 1110 562 -
1129 543 1226 568 dicitur
1244 543 1285 569 vir
1304 550 1318 569 a
1338 544 1418 569 virtu-

774 588 806 614 tis
825 587 922 614 robore
941 588 975 613 78
996 595 1021 613 v.
1043 587 1075 612 15
1095 601 1130 606 -
1150 587 1300 613 incarnatus
1325 591 1364 613 est
1384 588 1419 613 in-

774 631 987 664 comparabiliter
1006 632 1110 662 for-tior,
1127 631 1232 664 dignior
1251 635 1277 658 et
1295 633 1419 658 excellen-

775 677 824 703 tior
844 676 996 703 hominibus
1015 677 1059 702 Vll
1079 677 1112 702 79
1133 677 1166 702 38

828 736 862 740 —
881 721 977 747 dicitur
994 722 1074 747 homo
1088 721 1296 747 antonomastice
1310 721 1351 747 Vll
1366 720 1418 746 346

775 766 809 791 39
830 780 863 785 -
884 766 979 792 dicitur
1005 767 1085 791 homo
1113 765 1223 798 quidam
1252 765 1419 797 singulariter

773 810 825 837 370
845 811 879 836 36

826 869 861 875 --
880 855 936 881 eius
955 855 1162 880 calceamentum
1190 856 1230 880 est
1255 854 1417 886 humanitas,

772 899 885 931 corrigia
915 899 977 924 unio
1006 901 1158 925 naturarum
1189 899 1220 924 Vl
1250 898 1301 924 258
1329 899 1362 924 56
1381 913 1416 917 -

772 943 876 976 Corpus
894 944 990 970 Christi
1013 946 1053 969 est
1076 946 1200 976 tanquam
1231 943 1416 969 indumentum

773 989 824 1014 283
845 988 878 1013 27
898 987 927 1013 2*
949 1002 984 1007 -
1003 987 1086 1013 Pedes
1105 987 1254 1019 significant
1273 987 1417 1013 humanita-

773 1036 825 1059 tem
844 1032 948 1063 Christi,
967 1035 1047 1064 eaput
1066 1032 1233 1057 Divinitatem
1253 1032 1304 1057 593
1326 1039 1351 1057 v.
1372 1032 1387 1057 3

825 1091 861 1097 —
880 1078 907 1103 ln
927 1076 1093 1108 susceptione
1112 1076 1198 1102 carnis
1216 1079 1323 1102 nostrae
1346 1076 1416 1102 Deus

773 1121 887 1147 ostendit
897 1121 1087 1153 benignitatem
1097 1124 1123 1146 et
1133 1121 1268 1146 veritatem
1279 1120 1323 1146 Vll
1335 1121 1367 1146 33
1382 1121 1416 1146 99

824 1180 860 1185 --
878 1169 917 1192 εει
945 1166 1024 1191 Filius
1052 1165 1166 1191 hominis
1196 1165 1281 1191 minor
1309 1165 1416 1197 Angelis

773 1214 880 1244 propter
900 1210 1071 1243 ignominiam
1095 1210 1225 1242 passionis
1253 1210 1297 1236 Vll
1327 1210 1377 1235 137
1399 1210 1415 1235 9

772 1270 807 1274 -
826 1255 973 1281 secundum
993 1255 1182 1281 humanitatem
1202 1258 1242 1281 est
1258 1254 1309 1280 sub
1322 1255 1377 1280 Deo
1390 1257 1416 1280 et

773 1301 897 1327 MedIator
917 1300 982 1326 inter
1001 1300 1121 1326 homines
1134 1303 1159 1325 et
1172 1300 1255 1325 Deum
1270 1299 1303 1325 Vl
1314 1299 1366 1325 510
1380 1299 1414 1324 26

771 1360 807 1364 ——
825 1345 971 1371 secundum
986 1345 1176 1375 humanitatem
1190 1344 1252 1370 dicit
1265 1351 1293 1370 se
1306 1351 1414 1370 servum

772 1390 833 1421 Dei,
852 1397 906 1416 non
925 1389 1017 1415 Filium
1038 1389 1090 1415 167
1110 1397 1136 1415 v.
1156 1389 1172 1415 5

825 1450 860 1453 -
883 1434 978 1461 Christi
1006 1434 1155 1460 humanitas
1183 1433 1373 1460 consideranda
1399 1440 1413 1459 a

771 1479 985 1512 contemplativis
1005 1479 1047 1505 Vll
1067 1479 1119 1505 237
1139 1478 1173 1504 64
1193 1493 1228 1498 -
1241 1485 1374 1511 apparens
1387 1479 1414 1504 in

771 1532 850 1551 carne
877 1524 992 1550 ostendit
1016 1523 1092 1550 nobis
1121 1524 1214 1549 faciem
1240 1523 1290 1549 178
1317 1524 1345 1549 51
1379 1538 1412 1542 -

772 1570 844 1596 Visio
864 1568 958 1595 Christi
972 1568 1120 1595 secundum
1134 1569 1277 1605 humanam
1291 1571 1412 1594 naturam

770 1621 823 1640 non
841 1616 881 1640 est
907 1614 942 1640 de
970 1613 1081 1639 essentia
1107 1613 1232 1645 praemii,
1252 1613 1298 1638 sed
1327 1612 1353 1638 in
1381 1619 1414 1638 eo

770 1659 818 1684 crit
832 1658 1064 1684 vehementissima
1074 1657 1210 1683 delectatio
1225 1657 1256 1682 Vl
1272 1656 1323 1682 469
1338 1657 1366 1682 11
1385 1656 1414 1682 2*

823 1718 858 1722 -
877 1702 981 1735 Corpus
999 1701 1093 1728 Christi
1113 1704 1152 1727 est
1165 1702 1305 1733 templum,
1320 1701 1345 1726 ιιι
1359 1708 1413 1734 quo

770 1747 898 1773 Divinitas
916 1747 1086 1779 corporaliter
1106 1744 1231 1771 inhahitat
1251 1746 1282 1770 Vl
1308 1745 1359 1770 276
1379 1745 1413 1770 35

770 1807 804 1811 -
824 1791 977 1817 Humanitas
996 1793 1112 1816 assumta
1132 1792 1172 1815 est
1194 1790 1322 1821 templum
1342 1789 1413 1814 aedi-

771 1836 877 1862 sscatum
907 1836 931 1860 in
959 1834 1154 1866 incarnatione,·
1172 1834 1286 1859 solutum
1307 1833 1332 1858 in
1353 1839 1413 1864 pas-

770 1880 845 1906 sione
864 1882 890 1905 et
902 1878 1098 1904 reaedificatum
1111 1878 1138 1903 in
1151 1877 1343 1903 resurrectione
1361 1876 1412 1902 548

772 1926 787 1949 2
800 1938 836 1943 -
849 1922 1003 1949 Humanitas
1021 1924 1137 1947 assumta
1156 1924 1195 1948 est
1213 1922 1286 1948 locus
1307 1921 1413 1947 divinae

771 1967 947 1999 habitationis,
967 1966 1013 1992 ubi
1032 1966 1106 1992 visus
1124 1969 1163 1991 est
1182 1965 1368 1997 temporaliter,
1387 1968 1412 1990 et

771 2013 844 2039 locus
863 2012 969 2038 divinae
988 2010 1161 2037 exauditionis
1180 2014 1205 2036 et
1228 2010 1335 2036 divinae
1354 2010 1412 2035 visi-

772 2057 875 2083 tationis
895 2056 946 2081 549
966 2055 982 2081 5

826 2115 860 2119 -
880 2101 916 2126 De
936 2100 1114 2126 incarnatione
1126 2098 1220 2125 Christi
1234 2099 1320 2125 omnis
1332 2102 1413 2125 status

771 2145 851 2171 debet
869 2145 976 2171 laudare
995 2145 1079 2170 Deum
1101 2145 1143 2170 Vll
1163 2144 1196 2169 60
1215 2143 1249 2169 73
1269 2157 1305 2163 -
1317 2143 1412 2169 Christi

771 2190 900 2216 adventus
920 2190 945 2215 in
965 2196 1072 2215 carnem
1091 2192 1131 2214 est
1150 2188 1339 2215 memorandus
1353 2195 1412 2220 pro·

771 2238 829 2267 pter
848 2235 957 2260 nimiam
977 2234 1174 2266 dignationem,
1193 2233 1219 2258 in
1239 2235 1354 2259 mentem
1375 2235 1413 2258 est

771 2279 948 2312 acceptandus
977 2281 1084 2311 propter
1104 2278 1212 2303 nimiam
1231 2278 1412 2309 dilectionem,

771 2324 804 2350 ad
831 2324 957 2349 iudicium
986 2323 1062 2348 finale
1080 2325 1120 2348 est
1139 2322 1340 2354 praestolandus
1364 2329 1412 2354 per

772 2368 879 2394 nimiam
899 2367 1085 2394 discretionem
1116 2367 1166 2392 493
1192 2366 1226 2393 57
1255 2381 1290 2385 -
1318 2365 1411 2392 Christi

771 2413 903 2439 adventus
921 2412 947 2437 in
966 2418 1072 2437 carnem
1092 2411 1221 2442 recolitur,
1235 2411 1366 2437 adventus
1386 2411 1410 2436 in

772 2460 886 2483 mentem
906 2457 1010 2488 petitur,
1029 2456 1159 2481 adventus
1178 2455 1212 2480 ad
1231 2455 1358 2481 iudicium
1384 2458 1413 2480 ut

771 2501 937 2534 propinquus
960 2500 1130 2532 praevidetur
1157 2498 1220 2525 ibid.
1244 2513 1280 2518 —
1304 2499 1412 2525 veniens

770 2545 850 2571 debet
867 2544 1009 2570 collaudari
1030 2544 1056 2569 in
1081 2551 1128 2569 sua
1156 2543 1290 2569 nativitate
1319 2546 1345 2568 et
1364 2542 1412 2568 im-

772 2589 886 2614 minente
905 2588 1026 2620 passione
1045 2590 1153 2620 propter
1172 2587 1303 2612 adventus
1324 2588 1412 2612 effica-

771 2634 838 2659 ciam
853 2632 886 2660 ib.
900 2633 934 2659 59
953 2646 989 2652 -
1007 2632 1064 2658 eius
1084 2632 1224 2657 incarnatio
1238 2631 1411 2657 memoranda

771 2678 804 2705 Vl
823 2678 857 2703 92
876 2685 903 2703 v.
923 2678 949 2706 2,

824 2737 859 2741 -
873 2725 929 2749 erat
941 2721 1036 2748 nobilis
1054 2721 1201 2747 secundum
1221 2727 1337 2751 carnem,
1350 2720 1411 2753 quia

770 2767 804 2793 de
823 2774 921 2799 genere
948 2767 1022 2798 regio
1049 2766 1091 2792 Vll
1112 2765 1162 2791 478
1184 2766 1216 2791 18
1235 2779 1271 2784 -
1295 2768 1350 2790 erat
1368 2772 1412 2790 no-

771 2811 848 2838 bilior
857 2814 986 2845 quantum
1000 2811 1032 2837 ad
1047 2810 1245 2842 superadditam
1257 2812 1411 2842 potestatem

771 2855 833 2882 ibid.
852 2869 888 2875 -—
907 2855 1085 2882 nobilissimus
1103 2858 1143 2881 est
1161 2857 1288 2888 quantum
1308 2854 1342 2880 ad
1361 2854 1412 2879 ori-

772 2900 861 2932 ginem
881 2907 912 2925 ex
932 2901 1006 2925 Patre
1025 2899 1085 2926 ibid.
1101 2914 1134 2918 —
1154 2900 1174 2925 A
1198 2898 1278 2925 nobili
1305 2905 1415 2930 genera-

772 2945 842 2970 tione
855 2944 948 2970 Christi
959 2951 989 2970 ex
1000 2945 1074 2969 Patre
1087 2943 1227 2974 laudanda,
1240 2943 1411 2975 exprimenda

771 2992 797 3015 et
816 2989 956 3020 cogitanda
976 2988 1064 3014 deficit
1082 2988 1168 3013 omnis
1187 2988 1275 3019 lingua
1295 2986 1357 3013 ibid.

825 3046 860 3052 -
879 3033 999 3064 Mysteria
1018 3031 1112 3058 Christi
1130 3032 1259 3063 completa
1273 3034 1335 3057 sunt
1348 3031 1412 3056 inter

771 3084 821 3103 nos
838 3080 864 3103 et.
883 3079 990 3109 propter
1009 3083 1058 3102 nos
1077 3076 1120 3102 Vll
1141 3076 1168 3101 11
1194 3076 1209 3101 2
1229 3089 1264 3094 -
1283 3076 1309 3101 ιιι
1328 3075 1412 3100 incar-

771 3121 875 3147 natione
894 3120 989 3147 Christi
1009 3120 1080 3146 unita
1099 3122 1161 3145 sunt
1180 3119 1232 3145 ima
1251 3119 1364 3145 summis
1378 3119 1411 3143 Vl

773 3165 826 3190 160
836 3171 863 3190 ν.
878 3164 887 3189 1
906 3177 941 3183 -
954 3164 980 3189 in
994 3163 1169 3190 incarnatione
1182 3163 1311 3194 disposuit
1323 3162 1410 3188 omnia

772 3208 870 3234 fortiter
888 3214 936 3239 per
954 3208 1096 3239 potentiam
1115 3206 1240 3232 infinitam
1260 3205 1321 3232 ibid.

823 3264 860 3271 -
878 3251 915 3277 De
934 3251 1031 3283 templo
1050 3250 1218 3277 humanitatis
1236 3249 1330 3276 Christi
1349 3256 1410 3281 pro-

771 3295 848 3321 cessit
868 3295 939 3321 salus
957 3297 1045 3323 nostra
1072 3301 1120 3326 per
1140 3294 1320 3324 Sacramenta,
1339 3300 1409 3326 quae

771 3340 926 3365 effluxerunt
944 3339 977 3365 de
996 3339 1075 3365 latere
1102 3337 1196 3365 Christi
1216 3337 1248 3363 Vl
1268 3337 1319 3363 549
1340 3337 1356 3363 5
1377 3351 1409 3356 —

2033 196 2096 229 689

1708 237 1773 263 cua
1795 238 1833 270 (ε)

1455 280 1481 304 ιιι
1502 283 1588 306 nostra
1603 282 1764 308 humanitate
1779 282 1906 309 habitavit
1920 285 2096 317 corporaliter,

1454 324 1479 349 in
1499 328 1585 350 nostra
1606 326 1729 351 societate
1757 328 1990 359 sacramentaliter,
2010 329 2034 354 in
2054 336 2098 354 no·

1454 371 1506 394 stra
1526 373 1613 396 mente
1631 371 1798 402 spiritualiter
1817 373 1868 397 537
1883 373 1898 397 6
1912 387 1947 392 -
1961 380 2008 405 ρει·
2021 381 2095 399 suam

1455 413 1643 439 humanitatem
1664 419 1768 441 nostrae
1796 416 1912 442 caecitati
1939 419 2097 449 compatitur

1455 457 1498 483 Vll
1518 458 1564 483 471
1589 459 1622 483 63
1643 473 1677 478 -
1697 461 1857 486 humanitate
1878 461 1957 487 Verbi
1971 462 2097 488 incarnati

1455 502 1619 533 amplectitur
1639 504 1801 533 poenitentes
1821 505 1871 530 395
1892 505 1924 531 34
1944 520 1979 525 -
1999 507 2097 533 habitat

1455 545 1480 571 in
1500 549 1586 572 nostra
1607 548 1767 573 humanitate
1786 553 1908 580 assumta,
1923 550 1956 576 de
1969 558 2020 583 qua
2036 559 2097 583 pro—

1455 590 1527 615 fluxit
1545 591 1819 618 omniummodieina
1842 594 1871 618 vt
1893 594 1944 620 537
1965 595 1980 619 6
2001 610 2035 613 -
2054 596 2097 621 ad-

1455 633 1526 660 hibet
1545 635 1690 661 remedium
1720 641 1808 662 contra
1835 643 1949 663 nostram
1976 639 2098 665 abiectio-

1454 686 1514 704 nem
1535 682 1560 704 et
1578 680 1779 712 desolationem,
1799 689 1859 707 cum
1880 682 1983 709 exhibet
2001 691 2030 709 se
2050 691 2096 710 no-

1455 722 1496 749 bis
1516 724 1620 749 fratrem
1639 727 1665 749 et
1685 726 1838 751 familiarem
1858 726 1892 752 ib.
1916 728 1922 751 1

1507 781 1543 787 -
1557 769 1652 794 missus
1665 772 1704 794 est
1717 770 1748 795 ad
1763 771 1969 797 annuntiandum
1982 779 2091 804 regnum

1455 812 1501 836 Dei
1516 812 1557 838 Vll
1573 813 1587 837 6
1609 813 1650 838 19.
1667 813 1716 839 112
1730 814 1763 839 96
1777 815 1852 840 —ln
1866 815 1980 841 adventu
2000 816 2092 842 Christi

1455 856 1520 881 facta
1539 859 1578 882 est
1596 857 1702 883 divinae
1721 859 1819 889 gratiae
1839 859 1934 885 oblatio
1949 860 1998 885 438
2014 860 2046 885 37
2061 874 2095 879 —

1454 903 1530 926 natus
1549 903 1588 926 est
1606 901 1639 926 ad
1660 902 1794 928 utilitatem
1815 904 1950 929 hominum
1966 904 1998 929 49
2014 905 2046 930 24
2060 919 2095 924 --

1454 945 1526 970 venit
1545 946 1668 977 copulare
1687 953 1798 977 regnum
1819 948 1975 973 ludaeorum
1995 952 2020 974 et
2034 956 2093 981 gen-

1454 989 1519 1014 tium
1530 989 1564 1014 70
1575 990 1591 1015 5
1605 1003 1640 1008 -
1655 991 1750 1016 missus
1764 994 1802 1016 est
1815 992 1848 1016 ad
1862 992 2004 1023 spiritualia
2021 1000 2094 1018 com-

1454 1032 1612 1059 municanda
1639 1034 1689 1059 316
1721 1035 1753 1060 23
1773 1048 1808 1054 -
1827 1036 1898 1061 venit
1923 1036 1956 1061 ad
1983 1037 2093 1068 gratiam

1453 1078 1638 1103 conferendam
1653 1081 1678 1103 ει
1689 1079 1873 1110 poenitentiam
1887 1081 2091 1112 praedicandam

1454 1122 1505 1147 333
1523 1122 1557 1148 79
1577 1137 1613 1140 —
1632 1124 1704 1148 venit
1716 1123 1743 1148 in
1757 1124 1886 1150 mundum
1901 1125 1933 1150 arl
1948 1126 2091 1157 propitian-

1453 1166 1531 1199 dum,
1551 1174 1603 1192 non
1623 1168 1656 1193 ad
1670 1168 1852 1194 damnandum
1868 1170 1898 1194 Vl
1914 1170 1964 1195 283
1985 1170 2026 1195 30.
2042 1170 2093 1195 284

1453 1211 1488 1236 35
1506 1226 1542 1230 -
1561 1212 1632 1237 νειιιι
1651 1212 1676 1237 ιιι
1696 1214 1765 1238 hunc
1793 1213 1923 1239 mundum
1953 1214 1987 1239 ad
2010 1215 2091 1240 homi-

1452 1262 1514 1282 nem
1533 1257 1689 1282 salvandum
1709 1257 1752 1283 Vll
1783 1258 1834 1283 385
1857 1259 1883 1283 11
1907 1272 1942 1277 -
1961 1259 2046 1289 venit,
2067 1263 2094 1285 ut

1453 1301 1586 1327 hominem
1607 1301 1739 1333 perditum
1759 1303 1871 1328 salvaret
1890 1310 1904 1328 a
1924 1303 2038 1334 miseria,
2059 1304 2094 1329 di-

1453 1348 1518 1371 taret
1537 1346 1635 1378 gratia,
1654 1346 1807 1373 sublimaret
1825 1348 1851 1373 in
1870 1348 1950 1379 gloria
1966 1348 1998 1373 Yl
2013 1348 2064 1374 595
2079 1349 2093 1374 3

1452 1404 1488 1409 —
1506 1390 1630 1417 veniebat
1654 1394 1762 1423 propter
1787 1399 1918 1424 pauperes
1943 1388 2094 1419 liberandos

1452 1435 1496 1460 Vll
1516 1435 1549 1460 49
1569 1436 1613 1461 22.
1632 1436 1666 1461 50
1687 1437 1720 1462 26
1739 1450 1774 1455 -
1793 1437 1864 1462 venit
1883 1436 1994 1463 liberare
2013 1438 2095 1463 humi-

1452 1480 1489 1505 les
1508 1480 1541 1505 50
1562 1481 1595 1506 26
1614 1494 1649 1499 -
1668 1481 1783 1506 maxime
1802 1481 1947 1513 gaudet‘de
1967 1481 2094 1508 beneficio

1451 1524 1642 1557 redemptionis
1661 1525 1776 1551 hominis
1795 1526 1845 1551 386
1867 1526 1899 1552 12

1506 1582 1541 1588 -
1570 1570 1753 1601 Exspectantes
1781 1570 1924 1596 adventum
1954 1571 2096 1597 Salvatoris

1452 1615 1567 1646 perfecte
1600 1614 1724 1639 consolati
1756 1618 1833 1647 sunt,
1865 1615 1948 1641 salute
1979 1615 2039 1641 data
2070 1618 2096 1641 et

1451 1660 1570 1689 ostensa,
1590 1665 1642 1691 qua
1662 1658 1814 1684 laetificatur
1834 1659 1933 1684 tristitia
1954 1662 1979 1684 et
1998 1659 2094 1684 releva-

1451 1705 1496 1728 tur'
1513 1703 1600 1734 inopia
1621 1703 1652 1727 Vl
1673 1703 1725 1728 632
1745 1709 1759 1727 a
1779 1717 1813 1721 —
1832 1704 1858 1728 ln
1878 1704 1992 1729 adventu
2008 1704 2094 1730 Salva-

1452 1747 1515 1772 toris
1533 1746 1646 1772 exhibita
1666 1749 1705 1772 est
1723 1746 1800 1772 uobis
1812 1748 1883 1773 salus
1896 1747 2006 1773 visibilis
2019 1752 2044 1773 ct
2058 1749 2093 1773 vi-

1451 1791 1489 1816 sio
1508 1791 1628 1816 salutaris
1647 1789 1680 1816 ib.
1701 1790 1717 1815 b
1747 1805 1778 1809 —
1809 1791 1833 1816 Ιιι
1854 1791 1969 1817 adventu
1998 1791 2091 1817 Christi

1450 1834 1530 1866 Regis
1548 1835 1776 1867 appropinquavit
1795 1842 1907 1866 regnum
1923 1836 1969 1860 Dei
1982 1836 2025 1861 Vll
2039 1836 2090 1861 258

1452 1879 1484 1904 17
1497 1893 1532 1897 —-
1546 1880 1573 1904 1ιι
1592 1878 1687 1905 Christi
1705 1879 1820 1904 adventu
1841 1879 1900 1904 data
1920 1883 1959 1905 est
1977 1880 2090 1905 maxima

1450 1923 1533 1955 gratia
1552 1923 1603 1948 308
1628 1923 1661 1948 98
1680 1936 1716 1942 ——-
1737 1923 1796 1948 Post
1824 1923 1967 1949 adventum
1997 1923 2090 1949 Christi

1451 1968 1476 1993 in
1501 1974 1581 1993 carne
1606 1967 1758 1993 hominibus
1786 1968 1883 1993 veritas
1910 1968 2090 1993 manifestatur

1451 2013 1483 2038 Vl
1503 2012 1549 2037 521
1575 2012 1608 2037 12

1505 2071 1539 2075 -
1557 2057 1661 2083 Primus
1689 2057 1819 2083 adventus
1840 2057 1956 2083 studiose
1975 2057 2091 2083 conside-

1450 2101 1550 2127 randus
1578 2102 1621 2127 Vll
1649 2101 1698 2127 438
1728 2101 1761 2126 37
1780 2115 1817 2120 -
1835 2101 1937 2127 Primus
1961 2101 2091 2128 adxentus

1450 2145 1543 2172 Christi
1573 2149 1612 2171 est
1640 2146 1836 2172 misericordiae
1865 2146 1897 2172 Vt
1927 2146 1979 2172 284
2003 2146 2036 2171 35
2056 2160 2090 2166 —-

1451 2191 1554 2217 Primus
1573 2191 1703 2216 adventus
1723 2198 1773 2216 non
1788 2191 1834 2216 fuit
1847 2191 1971 2221 iustitiae,
1986 2191 2032 2216 sed
2047 2191 2091 2216 mi·

1450 2235 1608 2261 sericordiae
1627 2235 1661 2261 ad
1681 2235 1835 2261 salvandum
1857 2236 1907 2261 248
1929 2236 1979 2260 100
1993 2249 2027 2254 -
2041 2236 2090 2261 Ρι·ι-

1450 2287 1510 2306 mus
1529 2280 1659 2305 adventus
1677 2279 1771 2305 Christi
1792 2280 1839 2305 fuit
1858 2279 1978 2305 amabilis
1991 2280 2042 2305 324
2057 2280 2088 2305 49

1449 2339 1484 2343 -
1506 2325 1579 2350 veuit
1597 2324 1623 2349 in
1643 2325 1686 2349 via
1705 2324 1857 2350 clementiae
1876 2324 1951 2357 quasi
1971 2324 2090 2350 medicus

1449 2371 1475 2394 et
1494 2372 1617 2401 tanquam
1639 2375 1753 2400 sponsus
1777 2369 1819 2393 181
1842 2369 1875 2393 60

1504 2427 1540 2432 -
1559 2413 1583 2438 ln
1603 2413 1689 2445 primo
1708 2413 1825 2438 adventu
1853 2413 1925 2438 venit
1948 2412 1982 2438 ad
2004 2413 2090 2445 propi-

1450 2457 1583 2487 tiandum,
1611 2464 1664 2482 non
1683 2456 1718 2482 ad
1737 2457 1908 2483 iudicandum
1929 2457 1961 2482 w
1983 2457 2033 2482 284
2055 2458 2088 2483 35

1449 2515 1485 2520 —
1504 2501 1575 2526 venit
1595 2501 1620 2526 in
1640 2501 1766 2527 iudicium
1786 2501 1966 2532 discretionis,
1987 2508 2040 2534 quo
2054 2502 2091 2527 lu-

1449 2545 1509 2571 daei
1537 2552 1588 2570 non
1616 2545 1752 2571 credentes
1781 2546 1848 2571 iuste
1876 2549 1936 2571 sunt
1961 2546 2088 2572 excaecati

1449 2589 1496 2614 381
1521 2589 1554 2614 50
1574 2603 1609 2608 -
1627 2589 1700 2615 venit
1718 2590 1745 2614 in
1770 2589 1896 2615 iudicium
1927 2589 2090 2615 discretionis

1448 2632 1483 2659 ib.
1503 2633 1544 2658 54.
1566 2632 1611 2658 421
1646 2632 1689 2659 51.
1712 2633 1763 2658 552
1793 2634 1817 2665 2,
1847 2634 1871 2659 3.
1901 2634 1943 2659 vu
1974 2634 2024 2659 494
2055 2634 2087 2658 60

1449 2692 1484 2697 -
1503 2678 1528 2703 ιιι
1548 2677 1634 2709 ριὶιιιο
1653 2677 1769 2703 adventu
1799 2685 1850 2703 non
1876 2678 1948 2703 venit
1972 2678 2006 2703 ad
2027 2678 2089 2704 iudi-

1450 2723 1519 2748 cium
1548 2721 1693 2747 secundum
1714 2721 1818 2746 finalem
1840 2722 2022 2753 intentionem,
2042 2723 2089 2748 sed

1449 2773 1479 2791 ex
1507 2765 1621 2791 adventu
1649 2764 1706 2789 eius
1734 2764 1839 2796 aliquod
1864 2764 1990 2790 iudicium
2011 2765 2038 2790 tlt
2064 2766 2089 2790 in

1450 2809 1580 2842 superbos
1600 2808 1631 2833 Vl
1653 2809 1704 2833 382
1726 2808 1759 2834 54

1503 2867 1538 2873 -
1558 2853 1728 2879 Praeconium
1743 2853 1861 2878 'nominis
1889 2852 1981 2878 Christi
2002 2853 2090 2878 multis

1450 2901 1505 2924 erat
1523 2904 1601 2924 causa
1622 2897 1761 2928 credendi,
1790 2896 1922 2930 aliquibus
1941 2901 2027 2923 tamen
2047 2904 2090 2922 oc-

1450 2943 1521 2968 casio
1539 2942 1673 2968 lnvidendi
1689 2942 1732 2967 vu
1755 2941 1805 2967 173
1825 2942 1859 2968 35
1877 2955 1913 2961 -—
1933 2945 1972 2967 est
1991 2942 2091 2974 positus

1450 2994 1464 3012 a
1485 2987 1558 3012 Patre
1586 2990 1710 3018 tanquam
1739 2986 1844 3017 signum
1876 2986 1908 3010 vt
1932 2986 1982 3011 325
2003 2987 2034 3011 43
2055 3000 2090 3006 -

1449 3031 1540 3057 divino
1560 3030 1656 3056 iudicio
1675 3030 1776 3062 positus
1796 3033 1834 3055 est
1853 3030 1878 3055 in
1897 3030 2000 3055 ruinam
2024 3031 2090 3056 mul-

1450 3077 1537 3100 torum
1556 3081 1605 3106 pro
1624 3074 1700 3105 culpa
1728 3075 1847 3105 ipsorum
1877 3073 1919 3099 Vll
1948 3074 1976 3098 61
2001 3074 2033 3098 77
2054 3088 2089 3093 --

1449 3118 1631 3144 Contradictio.
1653 3117 1749 3143 erroris
1776 3120 1864 3142 contra
1894 3116 2026 3142 Christum
2051 3122 2090 3143 est

1449 3169 1528 3188 causa
1547 3161 1640 3187 rutnae
1660 3161 1684 3186 in
1704 3161 1793 3186 multis
1806 3159 1868 3186 ibid.
1887 3174 1923 3179 —
1943 3161 1976 3186 Ex
1995 3160 2090 3187 Christi

1449 3205 1575 3237 operibus
1594 3205 1636 3230 alii
1659 3205 1838 3236 profecerunt,
1867 3204 1909 3229 alii
1939 3205 2090 3231 defecerunt

1450 3249 1482 3274 Vl
1503 3249 1552 3274 406
1573 3249 1606 3274 62
1620 3263 1654 3267 -
1668 3248 1705 3273 De
1720 3249 1816 3273 virtute
1835 3247 1929 3274 Christi
1949 3249 2091 3281 stupebant

1447 3293 1597 3318 innocentes
1615 3292 1648 3318 ad
1668 3292 1845 3323 eredendum,
1869 3293 2042 3325 malignantes
2055 3293 2088 3318 ad

1448 3336 1660 3367 confundendum
1681 3336 1734 3362 Vll.
1748 3337 1795 3362 127
1815 3336 1848 3362 56

1947 3389 1979 3414 87
