2476 3921
323 240 388 271 1122

324 327 525 369 coinquinata
555 329 586 359 et
621 335 639 358 a
670 325 767 358 verbo
799 324 950 357 mendacii
972 336 1007 363 ¹³3
1040 323 1138 356 lacobi
1172 323 1281 356 tertio:

330 393 346 409 α
363 380 481 422 Lingua
504 379 706 412 constituitur
730 379 761 411 in
785 378 935 411 membris
959 377 1091 416 nostris,
1116 385 1197 419 quae
1218 385 1282 408 ma-

326 434 410 466 culat
442 436 541 465 totum
573 441 689 474 corpus
719 435 750 464 et
782 432 985 464 inflammat»
1021 434 1079 463 etc.
1110 431 1202 468 ltem,
1226 439 1283 471 per

326 486 421 519 verba
445 484 658 527 infructuosa
666 496 678 523 ;
702 485 800 518 lacobi
827 484 928 526 primo
943 485 967 514 ¹:
995 497 1010 512 α
1027 484 1056 516 Si
1081 484 1152 525 quis
1176 486 1282 525 putat»,

326 549 359 573 se
372 540 551 581 religiosum
564 548 647 578 esse,
664 548 724 571 non
738 538 901 571 refrenans
918 538 1055 580 linguam
1072 545 1162 569 suam
1175 549 1190 565 ιι
1208 539 1282 574 010.;

325 596 356 626 01
373 592 575 625 Ecclesiastici
592 591 713 624 decimo
728 600 825 623 nono:
848 604 863 619 «
879 591 956 632 Quis
971 586 1054 622 enim
1071 593 1132 628 est,
1149 589 1203 630 qui
1221 597 1283 620 non

324 646 492 688 deliquerit
516 645 622 687 lingua
646 654 703 677 sua
727 658 744 673 2»
772 647 829 677 etc.
856 644 891 677 Et
922 644 991 676 ideo
1022 643 1121 675 lacobi
1146 642 1281 674 terti02:

330 712 346 727 «
362 699 421 740 Qui
446 708 508 730 non
530 697 709 736 offenditin
733 697 845 736 verbo,
870 697 921 729 hic
937 696 1095 738 perfectus
1118 698 1165 728 est
1182 695 1230 726 vir
1247 706 1282 733 n;

320 752 409 784 >unde
432 751 547 784 dicitur
570 750 812 783 Proverbiorum
837 749 958 782 decimo
974 752 1082 781 sexto:
1112 761 1127 776 α
1146 746 1283 780 Hominis

319 809 372 838 *est
396 813 585 847 praeparare
615 803 768 841 animam,
800 806 831 835 et
863 802 983 834 Domini
1015 802 1193 843 gubernare
1225 800 1283 831 lin-

325 867 418 901 guam
435 870 470 896 »;
493 857 733 889 Proverbiorum
750 855 870 888 decimo
893 860 1020 888 octavo:
1042 867 1057 882 <1
1074 855 1156 886 Mors
1172 857 1203 886 et
1219 853 1283 884 vita

325 912 358 944 in
391 920 486 943 manu
518 910 643 952 linguae
666 923 696 941 ι».
732 910 766 942 Et
798 909 866 941 ideo
898 908 1007 941 orabat
1035 906 1282 944 Ecclesiasticus,

325 965 476 1006 vigesimo
499 963 678 997 secundo³:
709 976 724 991 α
740 962 816 1003 Quis
839 961 924 994 dabit
946 961 993 993 ori
1018 969 1087 993 meo
1110 959 1283 992 custodiam

325 1021 356 1050 et
379 1027 475 1059 super
504 1017 585 1049 labia
608 1025 677 1049 mea
701 1016 895 1058 signaculum
921 1018 1061 1052 certum,
1086 1016 1122 1045 ut
1146 1021 1208 1045 non
1232 1020 1283 1044 ca-

324 1071 395 1104 dam
412 1071 451 1103 ab
467 1070 560 1112 ipsis,
584 1074 615 1103 et
638 1070 744 1111 lingua
761 1078 831 1101 mea
847 1068 956 1110 perdat
974 1076 1023 1100 me
1040 1070 1077 1098 n?
1094 1084 1135 1090 —
1154 1066 1283 1106 Propter

325 1125 384 1157 hoc
400 1133 476 1166 ergo
491 1123 578 1156 dives
602 1123 652 1155 hic
671 1122 854 1155 ‘ininferno
874 1121 994 1163 positus
1010 1120 1102 1158 dicit,
1126 1122 1162 1151 ut
1182 1117 1283 1160 refri-

317 1181 411 1220 yeret
435 1176 588 1219 linquam
602 1185 730 1213 meam,
747 1175 827 1217 quia
844 1174 979 1206 crucior
1003 1173 1038 1205 in
1054 1171 1117 1204 hae
1132 1171 1282 1213 flamma.

415 1230 466 1262 53.
493 1230 532 1261 Et
562 1229 649 1261 dixit
671 1228 721 1260 illi
753 1226 925 1260 Abraham
950 1229 1007 1259 etc„
1034 1226 1199 1267 Postquam
1230 1224 1283 1256 de-

910 235 1106 268 COMMENT.
1132 235 1168 267 IN
1193 233 1431 268 EVANGELIUM
1455 233 1572 266 LUCAE
1597 233 1629 265 C.
1653 232 1728 265 XVI.

1348 331 1435 355 mero
1468 322 1613 361 illorum,
1645 321 1684 354 de
1715 321 1832 362 quibus
1862 319 1979 352 dicitur
2014 320 2159 353 Matthaei
2195 323 2308 353 sexto:

1353 389 1368 405 «
1385 376 1479 408 Amen
1502 375 1572 408 dico
1604 374 1708 413 vobis,
1742 376 1930 415 receperunt
1958 373 2135 406 mercedem
2166 382 2256 406 suam
2278 387 2308 405 ».

1347 429 1408 462 Hoc
1432 438 1507 470 ergo
1523 428 1673 461 meritum
1699 427 1759 459 fuit
1782 426 1998 459 transitorium
2015 429 2047 458 et
2069 426 2308 468 praeambulum

1347 482 1385 514 ad
1410 481 1609 523 supplicium.
1628 499 1670 504 —
1688 480 1746 512 Sed
1770 489 1788 512 e
1811 479 1970 512 contrario
1993 479 2054 512 fuit
2080 479 2230 512 meritum
2254 480 2309 512 La-

1348 535 1430 573 zari;
1448 534 1531 567 unde
1548 534 1673 567 subdit:
1701 534 1740 565 Et
1763 534 1924 568 Lazarus
1942 532 2095 565 similiter
2116 533 2226 570 mala‚·
2250 533 2310 566 hoc

1347 588 1429 621 enim
1453 591 1500 621 est
1522 587 1676 633 similiter
1692 587 1728 619 in
1744 586 1935 619 contrario.-
1959 586 2095 619 Lazarus
2116 586 2200 619 enim
2224 594 2310 619 rece-

1347 642 1393 683 pit
1416 642 1497 674 mala
1512 641 1551 673 ad
1568 645 1693 682 tempus
1708 640 1747 672 ad
1771 639 1973 681 purgandum
1992 639 2073 671 mala
2096 639 2208 680 culpae
2223 642 2255 671 et
2271 639 2308 671 ad

1347 694 1575 736 acquirendum
1599 693 1681 726 hona
1708 692 1863 726 felicitatis
1886 696 2042 725 aeternae.
2061 691 2147 724 Unde
2171 691 2252 724 Beda
2265 692 2308 723 ¹⁰:

1352 760 1369 777 «
1386 749 1520 780 Lazarus
1536 746 1653 788 aliquid
1678 746 1749 778 mali
1768 745 1895 784 babuit,
1921 745 1974 778 sed
1991 745 2071 787 ignis
2095 744 2217 786 inopiae
2233 753 2309 787 pur-

1347 801 1431 843 gavit
1451 813 1481 839 »3
1513 803 1545 832 et
1575 799 1762 841 Gregorius:
1797 798 1858 831 «Si
1891 807 1955 840 qua
1986 797 2246 840 reprehensibilia
2276 797 2308 830 in

1347 852 1541 895 pauperibus
1568 851 1729 890 videmus,
1755 860 1816 883 non
1847 850 1999 883 debemus
2022 850 2201 892 despicere,
2234 850 2310 892 quia

1345 906 1495 944 fortasse,
1520 914 1600 947 quos
1624 913 1750 937 morum
1775 904 1942 936 infirmitas
1966 904 2129 942 vulnerat,
2154 904 2212 935 hos
2244 912 2310 936 me-

1346 959 1448 991 dicina
1479 957 1673 1000 paupertatis
1704 960 1839 989 sanat».
1870 957 1906 989 Et
1937 957 2014 989 haec
2046 959 2093 989 est
2125 956 2176 989 via
2199 964 2310 997 perve-

1347 1011 1451 1044 niendi
1481 1011 1520 1043 ad
1545 1019 1696 1052 regnum;
1725 1011 1857 1042 Actuum
1875 1009 1997 1042 decimo
2020 1012 2134 1051 quarto
2148 1010 2191 1041 ¹1:
2222 1021 2237 1037 α
2254 1009 2311 1041 Ρο1

1346 1065 1462 1097 multas
1487 1063 1712 1096 tribulationes
1728 1066 1853 1105 oportet
1876 1072 1933 1096 nos
1957 1062 2089 1095 introire
2112 1062 2143 1094 10
2176 1070 2310 1104 regnum

1346 1117 1401 1150 Dei
1418 1130 1448 1148 ».
1474 1116 1560 1149 Unde
1585 1117 1615 1149 10
1632 1117 1692 1149 000
1717 1116 1913 1148 verificatum
1934 1119 1981 1149 est
2005 1115 2083 1148 illud
2108 1115 2310 1148 Ecclesiastae

1347 1174 1474 1203 octavo:
1504 1183 1518 1198 α
1536 1171 1616 1202 Sunt
1629 1169 1723 1208 iusti,
1749 1169 1866 1211 quibus
1886 1169 1968 1202 mala
1991 1168 2195 1211 proveniunt,
2220 1168 2310 1210 quasi

1347 1233 1443 1265 opera
1466 1223 1588 1265 egerint
1611 1223 1833 1267 impiorum->m
1859 1229 1916 1255 nec
1944 1222 2119 1261 immerito,
2144 1221 2219 1264 quia
2251 1222 2310 1254 To-

2330 491 2458 532 Notandumt

1347 1277 1416 1310 biae
1439 1276 1641 1309 duodecimo:
1671 1289 1686 1305 α
1704 1268 1783 1317 Quia
1806 1279 1954 1318 acceptus
1982 1284 2054 1308 eras
2077 1275 2159 1315 Deo,
2183 1283 2310 1308 necesse

1347 1330 1423 1369 fuit,
1449 1333 1484 1363 ut
1509 1330 1638 1363 tentatio
1661 1330 1810 1372 probaret
1834 1332 1864 1362 te
1882 1343 1911 1361 ».

1437 1384 1488 1415 55.
1514 1383 1656 1416 Secundo
1680 1386 1833 1425 quantum
1863 1382 1901 1415 ad
1925 1382 2159 1425 oppositionem
2188 1382 2310 1424 stipen-

167 1293 311 1318 50enna0,a0
325 1283 450 1325 scripsit
473 1291 604 1324 poenam
628 1285 782 1324 quantum
799 1280 837 1312 ad
855 1280 1010 1312 miseriam
1036 1278 1199 1317 inflictam,
1232 1277 1283 1309 hic

160 1320 309 1343 misericordia

161 1351 248 1401 1333:AE
262 1347 308 1394 ἐξ
324 1335 474 1368 describit
496 1344 564 1368 eam
598 1338 752 1377 quantum
779 1333 818 1366 ad
849 1331 1114 1365 misericordiam
1145 1331 1284 1372 deneya-

187 1401 279 1428 pliciter.
326 1389 442 1426 tam⁴;
465 1391 496 1420 et
527 1388 603 1420 haec
632 1396 706 1428 pars
728 1386 878 1418 dividitur
909 1386 941 1417 in
965 1385 1052 1417 duas.
1086 1384 1117 1416 In
1145 1392 1281 1426 quarum
2328 1394 2453 1417 secunaum.

326 1440 429 1483 prima
450 1439 642 1481 exprimitur
672 1438 842 1479 deneyatio
870 1437 1118 1470 misericordiae
1138 1440 1283 1478 respectu

324 1502 485 1536 personae
505 1492 684 1535 propriae,
718 1491 748 1523 in
780 1491 917 1524 secunda
948 1493 1093 1532 respectu
1121 1499 1285 1531 personae

325 1546 535 1591 coniunctae,
559 1545 600 1578 ibi
615 1545 645 1577 ⁵:
673 1545 711 1577 Ει
734 1545 800 1577 ait:
826 1545 914 1586 Royo
937 1553 1014 1586 erqo
1038 1547 1081 1582 te,
1103 1547 1200 1585 pater
1223 1547 1281 1576 etc.

415 1599 504 1631 Circa
519 1598 761 1641 deneyationem
777 1597 1025 1630 misericordiae
1048 1600 1193 1638 respectu
1206 1606 1282 1638 per-

187 1665 294 1692 nespeczu
324 1662 426 1685 sonae
445 1653 608 1695 propriae
630 1651 875 1684 introducuntur
899 1651 973 1689 tria,
998 1650 1114 1683 scilicet
1137 1650 1282 1682 dissimi-

161 1698 321 1749 ”tartu-

170 1748 248 1772 guutur
262 1748 311 1766 tna.

327 1706 429 1739 titudo
453 1706 665 1744 meritorum,
690 1705 850 1747 oppositio
878 1704 1118 1746 stipendiorum
1142 1707 1173 1737 et
1197 1704 1281 1736 rati-

327 1760 404 1792 tudo
416 1760 429 1779 ⁶
452 1759 646 1792 divinorum
666 1758 879 1791 iudiciorum.

416 1813 466 1845 54.
492 1810 593 1854 (Vers.
626 1812 703 1851 ⁶25).
730 1811 831 1844 Primo
855 1811 950 1853 igitur
974 1813 1127 1853 quantum
1151 1810 1190 1843 ad
1213 1810 1281 1843 dis-

202 1862 305 1898 paulum.
324 1864 574 1898 similitudinem
598 1864 794 1896 meritorum
817 1864 904 1897 dicit:
927 1864 967 1896 Et
989 1863 1074 1896 dixit
1098 1863 1148 1895 illi
1170 1862 1280 1895 Abra-

325 1917 422 1950 ham:
447 1917 530 1956 Fili,
554 1918 747 1955 recordare,
771 1917 853 1960 quia
876 1914 1026 1958 recepisti
1040 1916 1125 1948 bona
1151 1916 1186 1948 in
1210 1915 1281 1948 vita

325 1975 394 2003 tua.
419 1970 546 2003 Filium
568 1973 658 2002 vocat
682 1978 743 2001 non
768 1978 809 2002 ex
834 1968 1021 2007 imitatione,
1036 1968 1100 2001 -sed
1123 1977 1165 2001 ex
1189 1971 1281 2001 natu-

325 2025 382 2057 rali
407 2023 623 2067 generatione;
640 2023 781 2055 Psalmus
794 2022 820 2054 ⁷:
844 2035 859 2050 α
875 2022 939 2054 Filii
956 2022 1047 2054 alieni
1067 2022 1188 2055 mentiti
1206 2025 1281 2055 sunt

315 2079 419 2117 mihi,
444 2078 499 2110 filii
523 2077 614 2110 alieni
635 2077 798 2109 inveterati
823 2080 896 2109 sunt
913 2089 941 2108 υ.
966 2075 1052 2108 Unde
1075 2075 1149 2108 dicit
1169 2076 1281 2108 Petrus

316 2132 502 2164 Ravennas:
533 2143 548 2159 α
564 2131 611 2163 Το
636 2139 727 2163 vocas
747 2139 796 2163 me
809 2133 956 2172 patrem,
980 2132 1011 2162 et
1027 2138 1084 2171 ego
1104 2132 1134 2162 te
1157 2128 1279 2171 filium,

316 2187 361 2216 -ut
383 2187 413 2216 te
436 2183 540 2216 doleas
563 2183 701 2225 graviter
717 2183 888 2225 perdidisse
911 2182 993 2224 quod
1011 2185 1103 2215 natus
1127 2191 1174 2221 es,
1195 2182 1279 2224 quod

174 2249 304 2271 Notandum.
324 2237 379 2269 tibi
400 2236 500 2279 gratia
521 2236 649 2269 dederat
665 2239 696 2269 et
719 2239 833 2268 natura
848 2249 879 2267 n.
904 2235 979 2268 Huic
998 2235 1061 2267 filio
1083 2235 1173 2274 dicit,
1194 2235 1279 2278 quod

324 2290 514 2322 recordetur
538 2289 711 2328 bonorum,
728 2298 790 2321 non
814 2289 852 2321 ad
869 2288 1012 2321 solatium
1024 2315 1031 2327 ‚
1050 2288 1102 2321 sed
1119 2288 1224 2331 potius
1240 2288 1279 2321 ad

324 2346 532 2381 tormentum3
558 2342 641 2375 unde
664 2342 853 2375 Boethiusss:
876 2355 891 2371 α
908 2342 1154 2375 Infelicissimum
1178 2351 1279 2384 genus

323 2395 467 2428 fortunae
490 2399 554 2435 est,
579 2395 674 2428 fuisse
698 2395 817 2429 felicem
835 2409 864 2427 n.
892 2396 926 2428 Et
956 2396 1015 2429 hoc
1038 2396 1156 2438 recepit
1180 2396 1211 2428 in
1228 2405 1278 2429 re-

323 2449 570 2482 munerationem
588 2449 905 2488 bonorumpsuorum3
923 2449 1006 2482 unde
1022 2449 1138 2482 Beda⁹2
1158 2462 1173 2478 ιι
1186 2449 1278 2487 Nota,

324 2501 408 2544 quod
424 2502 510 2534 dives
534 2501 591 2534 iste
614 2502 732 2544 aliquid
755 2502 827 2535 boni
852 2502 980 2541 habuit,
1004 2511 1045 2535 ex
1069 2511 1132 2544 quo
1159 2502 1277 2535 bonum

324 2555 539 2588 transitorium
565 2555 594 2587 in
620 2555 678 2588 hac
699 2555 762 2587 vita
786 2555 902 2597 recepit
919 2567 954 2594 »;
978 2555 1061 2588 unde
1078 2558 1145 2588 erat
1164 2555 1203 2588 de
1218 2564 1278 2588 nu-

1347 1436 1482 1469 diorum
1506 1436 1670 1469 subditur:
1695 1435 1793 1468 Nune
1817 1439 1927 1468 autem
1951 1434 2004 1468 hie
2036 1434 2239 1474 consolatur,
2273 1439 2310 1468 tu
2362 1446 2365 1447 ⁷

1346 1499 1422 1521 vero
1445 1489 1624 1524 cruciaris.
1651 1489 1728 1528 Hie,
1753 1489 1900 1531 inquam,
1925 1489 2106 1522 consolatur
2130 1497 2188 1531 pro
2210 1488 2310 1522 tribu·

1347 1543 1477 1582 latione3
1503 1543 1624 1576 loannis
1642 1543 1763 1576 decimo
1779 1547 1870 1576 sexto
1884 1543 1926 1575 l²:
1956 1556 1972 1571 α
1989 1543 2124 1576 Mundus
2147 1542 2309 1585 gaudebit,

1346 1605 1402 1629 vos
1425 1605 1500 1629 vero
1517 1596 1792 1635 contristabimini,
1817 1596 1872 1629 sed
1895 1596 2022 1629 tristitia
2038 1599 2143 1629 vestra
2167 1598 2310 1629 vertetur

1345 1649 1376 1682 in
1401 1649 1550 1692 gaudium
1567 1662 1602 1689 »;
1627 1649 1711 1682 unde
1744 1650 1889 1683 Matthaei
1922 1650 2055 1692 quinto:
2085 1662 2101 1678 α
2118 1649 2221 1688 Beati,
2253 1649 2308 1691 qui

1346 1703 1471 1745 lugent,
1492 1703 1640 1745 quoniam
1658 1702 1716 1745 ipsi
1741 1703 1989 1736 consolabuntur
2006 1716 2036 1735 ι’.
2054 1703 2141 1735 Sicut
2161 1702 2245 1735 enim
2262 1702 2308 1734 di-

1345 1756 1428 1789 citur
1452 1756 1607 1789 secundae
1623 1756 1662 1789 ad
1678 1756 1857 1789 Corinthios
1880 1760 1994 1798 quarto
2008 1756 2049 1787 ¹³:
2072 1768 2088 1784 α
2105 1755 2137 1788 ld
2160 1755 2246 1798 quod
2261 1758 2309 1788 est

1344 1810 1377 1842 in
1401 1810 1556 1851 praesenti
1581 1814 1836 1843 momentaneum
1859 1812 1891 1842 et
1914 1810 1982 1842 leve
2013 1808 2226 1842 tribulationis
2253 1817 2311 1841 no-

1345 1866 1445 1902 strae,
1476 1872 1574 1905 supra
1605 1863 1734 1896 modum
1756 1877 1772 1892 ι»
1802 1866 1861 1896 010.
1894 1863 1929 1895 Et
1961 1862 2030 1895 ideo
2062 1862 2160 1895 lacobi
2186 1862 2307 1904 primo:

1350 1929 1366 1944 <t
1382 1915 1481 1948 Omne
1504 1916 1656 1958 gaudium
1679 1916 1877 1955 existimate,
1901 1916 2034 1955 fratres,
2059 1924 2132 1948 cum
2152 1915 2183 1948 in
2209 1918 2309 1948 tenta-

1345 1968 1445 2001 tiones
1468 1969 1571 2001 varias
1587 1969 1759 2002 incideritis
1776 1981 1811 2008 »3
1837 1972 1868 2002 et
1884 1973 1971 2011 post:
2001 1982 2016 1998 α
2034 1969 2147 2002 Beatus
2170 1969 2235 2008 vir,
2252 1969 2306 2012 qui

1345 2021 1456 2054 suffert
1489 2022 1691 2055 tentationem
1708 2036 1724 2051 n
1753 2026 1811 2055 etc.
1838 2022 1875 2055 Et
1905 2022 1975 2055 ideo
2003 2022 2246 2064 chrysostomus
2262 2024 2307 2055 ¹⁴:

1351 2075 1412 2108 «Si
1444 2078 1662 2118 aegrotamus,
1692 2075 1717 2109 si
1748 2085 1903 2118 pauperes
1934 2085 2067 2116 sumus;
2096 2076 2307 2119 gaudeamus,

1344 2129 1535 2171 accipiamus
1559 2129 1641 2162 mala
1664 2129 1695 2162 in
1721 2129 1784 2162 vita
1808 2133 1933 2169 nostra,
1957 2133 1994 2163 ut
2022 2133 2092 2172 post
2120 2130 2310 2173 recipiamus

1344 2183 1425 2216 bona
1441 2197 1471 2215 22.
1496 2183 1571 2216 Nam
1598 2183 1642 2217 sic
1665 2184 1740 2217 dicit
1764 2184 1936 2226 Propheta:
1967 2197 1983 2213 α
2004 2184 2221 2218 Transivimus
2250 2193 2309 2227 per

1343 2236 1446 2278 ignem
1466 2239 1498 2269 et
1520 2246 1651 2279 aquam,
1673 2240 1704 2270 et
1720 2237 1858 2270 eduxisti
1882 2246 1939 2270 nos
1955 2237 1986 2270 in
2005 2237 2204 2280 refrigerium
2222 2250 2254 2269 ι».
2273 2237 2309 2270 Et

1343 2289 1374 2322 in
1392 2289 1488 2323 buius
1506 2290 1657 2332 figuram,
1682 2290 1804 2323 loannis
1828 2290 1966 2323 secundo
1980 2290 2020 2329 ¹⁶,
2045 2290 2084 2323 ad
2108 2289 2234 2332 nuptias
2257 2298 2309 2322 ar-

1342 2342 1511 2376 chitriclini
1528 2352 1611 2386 aqua
1627 2352 1778 2377 conversa
1793 2347 1840 2376 est
1861 2344 1892 2376 in
1918 2343 2036 2376 vinum.
2062 2343 2111 2376 Sic
2134 2352 2210 2385 ergo
2229 2352 2308 2385 pau-

1332 2405 1399 2438 per
1422 2397 1612 2436 consolatur,
1628 2400 1660 2430 et
1679 2397 1767 2430 dives
1782 2406 1799 2430 e
1823 2397 1982 2430 contrario
2006 2396 2184 2436 cruciatur;
2209 2405 2308 2438 supra

1342 2452 1455 2482 sexto}
1476 2462 1491 2478 α
1509 2450 1571 2483 Vae
1595 2450 1697 2483 vobis!
1718 2449 1845 2489 divites,
1862 2450 1916 2492 qui
1941 2450 2064 2483 habetis
2091 2450 2142 2483 hic
2167 2449 2307 2482 consola-

1343 2502 1458 2536 tionem
1483 2507 1619 2536 vestram
1635 2515 1670 2542 »;
1695 2506 1726 2536 et
1751 2503 1993 2536 Proverbiorum
2021 2503 2142 2536 decimo
2169 2504 2306 2544 quarto:

1347 2569 1362 2585 «
1380 2556 1470 2589 Risus
1493 2556 1601 2590 dolore
1625 2556 1824 2596 miscebitur,
1849 2560 1881 2590 et
1903 2561 2048 2590 extrema
2072 2555 2176 2599 gaudii
2200 2555 2307 2588 luctus

395 2732 403 2747 ¹
426 2733 499 2758 Vers.
520 2733 567 2764 26,
586 2736 646 2765 post
663 2740 743 2766 quem
764 2734 840 2759 Eccli.
864 2734 910 2766 19,
930 2735 971 2760 17.

393 2775 404 2791 ²
425 2778 498 2802 Vers.
524 2779 548 2802 2.
570 2791 602 2795 -
623 2778 679 2802 Duo
704 2784 777 2810 seqq.
801 2778 850 2804 loci
875 2782 935 2803 sunt
957 2779 1034 2805 Prov.
1061 2780 1106 2811 16,
1132 2781 1155 2806 1.
1180 2783 1206 2806 01
1231 2782 1277 2814 18,

325 2822 374 2852 21,
394 2822 436 2847 001
455 2821 504 2846 FG
524 2828 583 2846 cum
604 2822 663 2847 vat.
683 2822 830 2853 praefigunt
850 2823 961 2857 Propter
981 2823 1053 2857 quod
1072 2824 1158 2857 (Prov.
1179 2825 1242 2858 ta).

393 2864 404 2879 ⁸
425 2866 498 2891 Vers.
518 2866 560 2891 33.
580 2865 630 2892 Cfr.
651 2866 690 2891 vs.
712 2866 775 2897 140,
799 2867 823 2892 3.
844 2874 898 2900 seq.

393 2909 404 2924 ⁴
423 2910 473 2936 Csr.
493 2917 571 2942 supra
592 2917 618 2936 n.
639 2910 681 2936 46.

392 2953 403 2968 ⁶
424 2956 497 2981 Vers.
517 2955 560 2980 27.
579 2969 611 2973 -
633 2956 758 2987 Superius
778 2963 825 2988 pro
845 2956 1009 2990 exprimitur
1028 2958 1049 2982 G
1068 2957 1237 2985 describitur.

391 2998 402 3013 ⁶
422 3000 456 3025 lta
481 3000 522 3025 hic
547 2999 642 3031 ACD,
667 3000 714 3026 sed
740 3001 847 3027 inferius
872 3009 897 3027 0.
923 3003 965 3027 56.
993 3003 1045 3027 fere
1068 3009 1159 3028 omnes
1185 3004 1278 3035 codd.;

322 3044 380 3070 Vat.
401 3043 538 3070 rectitudo.
558 3044 609 3070 Cfr.
629 3044 668 3070 Du
688 3044 791 3077 Gange,
817 3046 975 3071 Glossarium
995 3050 1042 3072 etc.
1069 3046 1208 3079 Ratitudo,
1228 3048 1278 3073 Fir-

323 3087 437 3119 mitudo,
457 3088 581 3114 soliditas.

391 3129 401 3144 ”
422 3131 513 3157 Psalm.
538 3132 582 3164 17,
603 3132 643 3157 46.
657 3146 692 3151 -
706 3133 835 3158 Sententia
850 3134 915 3159 l‘etri
935 3134 1052 3159 Ravenn.
1069 3134 1180 3161 habetur
1194 3137 1276 3161 Serm.

322 3175 383 3199 123.
402 3181 426 3199 0.
447 3175 477 3205 3,
499 3174 542 3200 ubi
562 3179 621 3207 post
640 3175 712 3209 quod
734 3175 820 3209 [Card.
840 3177 916 3208 nugo
941 3180 966 3202 et
984 3178 1116 3203 Gorranus
1141 3178 1177 3204 ad
1195 3179 1277 3213 quod]

320 3220 402 3245 natus
421 3226 448 3245 es
467 3219 539 3244 addit
565 3219 659 3246 Adhuc
677 3227 741 3246 voco
767 3220 868 3255 filium,
888 3223 919 3247 ut
941 3220 1065 3248 amarius
1084 3221 1174 3249 doleas
1191 3223 1278 3257 perdi-

322 3263 393 3289 disse
412 3265 443 3289 te.

392 3305 402 3320 ⁸
422 3307 490 3333 Libr.
511 3308 537 3333 ll.
555 3308 588 3334 de
607 3308 736 3334 Consolat.
756 3316 832 3341 prosa
853 3308 882 3335 t:
902 3310 966 3335 Nam
987 3310 1011 3335 in
1030 3311 1101 3336 omni
1120 3311 1278 3338 adversitate

321 3353 440 3377 fortunae
459 3352 663 3378 infelicissimum
683 3360 768 3385 genus
787 3357 827 3379 est
845 3354 988 3384 infortunii,
1011 3355 1088 3380 fuisse
1108 3356 1218 3382 felicem.

391 3394 403 3409 ⁹
422 3395 491 3422 Libr.
516 3397 544 3421 V.
565 3397 589 3422 in
609 3397 670 3422 Luc.
692 3398 738 3430 16,
766 3397 816 3428 25,
837 3397 881 3423 ubi
901 3399 1018 3431 sequitur
1042 3400 1164 3432 Gregor.,
1177 3401 1208 3432 11.
1227 3401 1278 3426 110-

1342 2737 1396 2763 mil.
1414 2737 1440 2763 in
1460 2738 1561 2769 Evang.
1581 2736 1670 2762 homil.
1689 2736 1730 2761 40.
1755 2744 1781 2762 0.
1800 2737 1825 2762 6.
1845 2735 1975 2762 Sententia
1996 2735 2080 2761 nedae
2094 2734 2231 2761 exhibetur
2249 2742 2308 2761 ver-

1343 2781 1383 2807 bis
1408 2781 1515 2807 Glossae
1539 2780 1708 2812 ordinariae,
1734 2787 1803 2814 quae
1829 2780 1913 2812 ipsam
1939 2779 2057 2805 attribuit
2081 2779 2234 2813 Auqustino
2254 2779 2305 2813 (ila

1343 2826 1420 2851 etiam
1442 2825 1521 2857 Vat.).
1533 2824 1585 2851 Cfr.
1597 2824 1746 2857 chrysost,
1765 2824 1889 2851 Concion.
1903 2824 1929 2849 3.
1942 2824 1975 2850 de
1989 2824 2098 2857 Lazaro,
2112 2831 2136 2849 0.
2151 2823 2176 2849 4.
2191 2838 2223 2842 --
2238 2823 2307 2855 Sub-

1344 2870 1404 2895 inde
1423 2870 1550 2901 allegatur
1576 2870 1662 2895 Matth.
1687 2870 1717 2901 6,
1738 2870 1763 2895 2.
1782 2883 1816 2887 —-
1836 2869 1962 2901 Superius
1987 2876 2035 2901 pro
2055 2868 2083 2894 in
2107 2868 2306 2895 remuneratio-

1343 2921 1404 2940 nem
1423 2914 1448 2939 10
1461 2914 1591 2940 nonnullis
1611 2914 1687 2940 codd.
1701 2913 1736 2939 ob
1756 2913 1981 2939 abbreviationem
2002 2914 2050 2945 legi
2068 2916 2154 2945 potest
2172 2913 2200 2940 in
2217 2920 2306 2940 remu—

1343 2956 1493 2984 neratione.

1416 3000 1438 3015 ¹⁰
1457 3002 1526 3028 Loco
1545 3003 1601 3035 rit,
1615 3002 1662 3028 ubi
1681 3003 1799 3036 sequitui·
1812 3003 1937 3035 Gregon,
1950 3003 1976 3028 ll.
1991 3002 2084 3028 Homil.
2105 3002 2130 3028 in
2147 3003 2247 3034 Evang.
2260 3003 2306 3028 ho-

1342 3046 1395 3071 1011.
1417 3045 1459 3071 to.
1479 3054 1504 3072 0.
1524 3047 1553 3077 63
1574 3046 1636 3073 ibid.
1657 3054 1681 3072 n.
1704 3048 1745 3072 10.
1765 3046 1875 3072 habetur
1894 3053 1950 3079 seq.
1969 3046 2088 3079 Gregorii
2114 3046 2248 3072 sententia.
2269 3060 2305 3066 —

1342 3090 1471 3122 Superius
1490 3098 1538 3122 pro
1557 3090 1754 3125 acquirendum
1775 3091 1831 3116 vat.
1851 3090 2052 3124 inquirendum.

1414 3134 1434 3149 ¹¹
1448 3136 1522 3162 Vers.
1534 3136 1575 3162 21.
1586 3149 1621 3155 -
1633 3137 1690 3162 Duo
1700 3143 1774 3169 seqq.
1786 3136 1834 3161 loci
1845 3139 1906 3162 sunt
1916 3136 2030 3168 Εο010.8,
2042 3135 2082 3161 14.
2095 3138 2120 3161 01
2129 3135 2197 3161 Το1).
2210 3136 2249 3167 12,
2262 3135 2305 3161 13.

1414 3178 1435 3193 ¹²
1456 3180 1530 3206 Vers.
1551 3181 1599 3211 20,
1619 3183 1679 3212 post
1697 3187 1777 3212 quem
1798 3180 1885 3206 Matth.
1906 3180 1936 3211 5,
1957 3180 1983 3205 5.

1414 3222 1436 3238 ¹¹³
1456 3224 1532 3250 Vers.
1552 3224 1599 3256 17;
1619 3224 1714 3250 deinde
1734 3225 1782 3250 lae.
1806 3226 1832 3257 l,
1853 3226 1878 3250 2.
1896 3227 1922 3250 et
1942 3225 1984 3250 12.

1414 3267 1436 3282 ¹⁴
1455 3268 1553 3295 Concio
1574 3269 1597 3294 1.
1617 3276 1647 3294 ex
1666 3269 1734 3294 Luca
1755 3276 1778 3294 c.
1793 3269 1835 3294 16.
1856 3269 1911 3301 (cfr.
1930 3275 2009 3301 supra
2024 3275 2086 3300 pag.
2102 3268 2167 3300 117,
2180 3271 2242 3294 nota
2255 3268 2302 3301 7.).

1341 3325 1376 3331 —
1390 3312 1512 3345 Sequitur
1532 3313 1571 3338 Ps.
1594 3313 1644 3343 65,
1668 3312 1714 3345 12,
1733 3316 1793 3338 ante
1805 3319 1884 3345 quem
1905 3319 1954 3345 pro
1969 3312 2040 3339 Nam
2053 3311 2092 3339 sic
2104 3313 2126 3337 H
2140 3312 2211 3339 Nam
2224 3311 2302 3338 sicut.

1413 3355 1436 3370 ¹⁹
1458 3357 1529 3382 Vers.
1549 3357 1574 3381 9.
1589 3370 1622 3374 -
1635 3357 1693 3382 Duo
1712 3364 1786 3390 seqq.
1806 3357 1854 3382 loci
1869 3351 1929 3382 sunt
1948 3357 2009 3382 Luc.
2023 3357 2054 3388 6,
2075 3356 2117 3382 24.
2132 3357 2191 3388 (010
2209 3355 2303 3383 divites

1343 3401 1401 3427 Vat.
1420 3408 1481 3427 curn
1502 3401 1615 3433 Vulgata
1634 3400 1771 3433 divitibus)
1791 3404 1817 3427 et
1831 3402 1906 3426 Prov.
1927 3400 1974 3432 lt,
1995 3401 2037 3427 13.
