2476 3921
57 375 159 397 Tertium.

40 1809 150 1836 Quartum.

20 2126 147 2150 Notandum.

778 216 972 249 COMMENT.
997 217 1034 250 ΙΝ
1059 215 1297 249 EVANGELlUM
1321 216 1439 249 LUCAE
1462 217 1494 249 C.
1519 218 1554 250 X.

269 307 322 340 73.
345 307 451 340 Tertio
482 315 558 340 vero
589 309 744 348 qnantum
772 305 809 338 ad
838 305 1140 348 promulyationem

177 360 355 393 sententiae
385 359 553 393 subditur:
579 358 692 391 Maria
723 358 884 401 optimam
915 363 1048 400 partem
1082 358 1140 391 ele-

175 413 250 455 512't‚·
280 412 356 455 quia
390 412 508 446 scilicet
539 411 709 454 praeelegit
743 421 854 444 unum.
892 424 908 439 α
934 411 1140 453 Praeponitur

178 469 284 499 autem
305 475 408 498 unum
427 465 535 499 multis
552 479 587 504 υ,
608 465 690 498 sicut
711 464 787 497 dicit
810 464 1004 507 Augustinus
1018 466 1039 504 ¹,
1064 464 1140 506 quia

182 528 288 551 «non
307 528 414 551 unum
445 528 464 550 a
494 518 621 557 multis,
644 517 699 550 sed
722 517 829 550 multa
864 517 904 550 ab
936 527 1009 550 uno.
1043 517 1139 550 Multa

176 575 268 611 sunt,
293 581 374 614 quae
398 571 479 604 facta
501 574 593 610 sunt;
618 579 717 610 unus,
744 571 800 612 qui
829 570 919 609 fecit;
943 571 1026 603 bona
1048 570 1138 603 valde

176 634 258 667 quae
280 625 367 664 fecit,
391 627 510 666 quanto
530 624 641 657 melior
657 624 709 657 ille
731 623 785 666 qui
803 623 875 656 fecit
891 636 927 662 »;
953 623 1048 656 immo
1064 624 1138 657 sim-

176 678 299 721 pliciter
322 677 469 720 optimus.
501 677 536 709 Et
567 677 644 709 haec
676 685 749 719 pars
771 677 893 709 animae
921 677 1138 718 contemplati-

175 740 246 771 vae3
271 730 356 764 unde
371 731 571 763 Threnorum
596 730 688 763 tertio
701 730 728 762 ²³:
751 743 767 759 α
784 731 858 763 Pars
875 739 944 763 mea
967 731 1137 770 Dominus,

174 785 257 818 dixit
279 784 383 817 anima
405 793 492 823 mea,
516 787 684 826 propterea
707 784 897 826 exspectabo
920 793 1004 817 eum.
1035 785 1138 817 Bonus

173 838 327 871 Dominus
357 837 558 879 sperantibus
588 837 620 869 in
644 845 735 876 eum,
759 837 881 870 animae
904 838 1068 880 quaerenti
1101 838 1137 870 il-

175 892 241 924 lum
258 903 294 930 »;
319 894 350 924 et
373 890 404 923 in
426 890 563 923 Psalmo:
592 903 608 919 α
625 891 725 931 Quam
750 890 852 923 bonus
876 891 967 924 lsrael
987 891 1071 924 Deus
1087 891 1137 924 his

174 944 228 987 qui
253 947 340 977 recto
363 942 437 976 sunt
461 943 558 976 corde
578 943 617 975 »l
650 943 766 982 Valde,
799 943 943 986 inquam,
975 943 1081 976 bonus
1105 948 1137 977 et

173 997 328 1040 optimus;
354 996 422 1030 ideo
438 996 513 1030 dicit
535 997 641 1029 anima
657 997 898 1039 contemplativa
918 997 948 1030 in
975 997 1135 1030 Psalmo³:

178 1063 194 1078 c
210 1050 346 1083 Clamavi
371 1050 409 1082 ad
431 1053 488 1095 te,
521 1049 668 1089 Domine,
692 1049 777 1082 dixi:
810 1050 857 1082 Tu
888 1059 922 1083 es
954 1059 1025 1092 spes
1048 1059 1135 1090 mea,

173 1103 277 1146 portio
300 1111 370 1135 mea
393 1102 425 1135 in
447 1106 533 1136 terra
556 1102 729 1136 viventium
745 1116 777 1142 υ,
794 1103 912 1136 scilicet
935 1112 1007 1136 cum
1025 1104 1134 1144 Maria;

172 1166 269 1199 quam
304 1156 423 1189 scilicet
456 1156 518 1189 iam
549 1156 782 1198 contemplativi
818 1157 1000 1199 elegerunt,
1036 1158 1134 1200 ipsam

172 1209 411 1252 contemplando
434 1213 465 1242 et
491 1209 706 1242 desiderando.
732 1209 817 1242 Unde
841 1210 872 1242 in
904 1219 1039 1252 persona
1062 1220 1135 1244 con-

173 1262 345 1305 templativi
377 1262 612 1296 Deuteronomii
644 1263 764 1296 terti04
787 1263 920 1296 dicitur:
950 1277 965 1293 α
982 1264 1135 1297 Transibo

172 1319 204 1348 et
226 1315 338 1348 videbo
363 1318 480 1348 terram
506 1316 587 1348 hanc
619 1316 770 1358 optimam
801 1320 832 1349 et
866 1320 1004 1349 montem
1037 1317 1133 1350 istum

171 1369 333 1411 egregium
357 1372 389 1402 et
420 1369 571 1402 Libanum
591 1382 623 1401 n.
649 1369 685 1402 Et
716 1373 846 1412 propter
870 1370 962 1403 istius
993 1379 1133 1404 amorem

170 1422 250 1456 nihil
273 1422 373 1455 voluit
397 1413 563 1464 'possidere
587 1422 618 1454 in
643 1426 729 1455 terra
760 1423 818 1455 nisi
846 1423 944 1456 solam
976 1423 1133 1466 inopiam,

172 1475 346 1509 secundum
370 1475 448 1508 illud
479 1476 609 1508 Psalmi:
639 1489 654 1505 α
671 1476 825 1517 Quoniam
850 1477 961 1509 melior
992 1480 1040 1510 est
1067 1477 1134 1510 dies

169 1538 235 1562 una
257 1528 288 1561 in
313 1528 402 1561 atriis
425 1528 489 1561 tuis
505 1537 601 1570 super
619 1528 726 1561 millia.
744 1529 827 1571 Elegi
844 1529 986 1562 abiectus
1009 1539 1077 1563 esse
1100 1530 1132 1563 in

168 1582 262 1615 domo
278 1582 331 1615 Dei
357 1582 416 1615 mei
434 1594 469 1622 »;
493 1582 583 1624 quia,
607 1582 689 1615 sicut
704 1582 822 1615 dicitur
846 1583 991 1616 Matthaei
1010 1583 1133 1617 decimo

169 1635 278 1675 tertio,
300 1648 316 1664 α
328 1635 429 1668 simile
445 1638 492 1668 est
508 1644 642 1677 regnum
659 1635 817 1668 caelorum
835 1635 986 1668 thesauro
1001 1636 1132 1669 abscon-

168 1688 234 1721 dito
257 1688 289 1721 in
313 1697 404 1731 agro,
428 1697 523 1731 quem
540 1688 594 1731 qui
611 1688 731 1721 invenit
747 1688 841 1721 homo
857 1688 1049 1722 abscondit»
1071 1693 1130 1722 etc.

259 1741 311 1774 74.
336 1742 456 1783 Quarto
478 1745 632 1784 quantum
657 1741 697 1774 ad
721 1742 983 1784 assiqnationem
1007 1752 1132 1775 causae

168 1795 291 1828 subdit:
319 1796 411 1835 Quae
432 1805 499 1827 non
516 1793 692 1837 auferetur
715 1795 757 1827 ab
781 1805 829 1828 ea..
854 1794 1002 1828 Glossa⁶z
1032 1808 1048 1824 «ι
1064 1795 1130 1828 Νοη

166 1849 412 1891 reprehenditur
435 1857 510 1891 pars
533 1849 687 1888 Marthae,
711 1849 786 1891 quia
809 1853 840 1882 et
864 1849 931 1891 ipsa
955 1849 1051 1888 bona,
1075 1849 1130 1882 sed

166 1901 315 1935 laudatur
338 1910 412 1944 pars
435 1901 564 1941 Mariae,
592 1911 674 1943 quae
697 1911 797 1945 quare
824 1902 865 1935 sit
887 1902 1022 1944 optima,
1054 1902 1130 1936 sub-

166 1948 318 1988 infertur:
344 1955 436 1996 Quae
459 1964 526 1987 non
549 1954 726 1998 auferetur
749 1955 791 1988 ab
811 1966 850 1989 ea
868 1970 898 1989 n.
929 1969 945 1985 α
962 1957 1009 1989 Ex
1033 1965 1129 1999 oppo-

166 2009 226 2042 sito
249 2008 401 2051 intellige,
426 2008 511 2051 quod
534 2018 552 2041 a
576 2009 698 2042 Martha
728 2009 892 2043 auferetur
916 2019 1008 2052 pars,
1033 2019 1128 2053 quam

166 2062 276 2105 elegit,
301 2062 375 2105 quia
406 2062 518 2095 transit
550 2062 639 2096 labor
662 2063 893 2103 multitudinis,
925 2067 956 2097 et
988 2066 1131 2097 remanet

165 2116 280 2149 caritas
311 2115 464 2149 unitatis⁶
487 2129 517 2148 υ.
552 2116 587 2148 Et
611 2116 688 2149 haec
718 2118 766 2149 est
789 2125 902 2156 causa,
932 2125 1032 2159 quare
1055 2125 1130 2158 pars

165 2169 280 2202 Mariae
302 2169 487 2212 simpliciter
509 2169 621 2202 m‘elior
641 2173 673 2202 et
695 2169 875 2212 eligibilior,
893 2170 968 2212 quia
991 2173 1129 2203 contem-

165 2223 282 2265 plativa
313 2223 364 2255 hic
395 2223 505 2265 incipit
539 2226 570 2255 et
598 2223 629 2255 in
660 2222 770 2256 futuro
801 2223 923 2256 finitur.
956 2223 1045 2264 Quod
1075 2223 1129 2256 de-

165 2276 308 2318 signatur
332 2276 363 2308 in
396 2276 500 2318 figura
530 2276 666 2315 loannis,
699 2276 872 2309 secundum
904 2276 989 2319 quod
1012 2276 1129 2309 dicitur

165 2329 287 2362 loannis
302 2329 414 2362 ultimo
427 2329 454 2362 ⁷:
484 2342 500 2358 «
516 2329 566 2362 Sic
589 2338 661 2362 eum
687 2329 757 2363 volo
774 2338 901 2362 manere
918 2343 949 2368 n,
974 2329 1062 2372 quasi
1081 2329 1128 2362 in-

164 2382 277 2415 choata
300 2382 521 2424 contemplatio
538 2385 677 2421 maneat,
706 2394 722 2410 «
738 2382 836 2414 donoc
860 2382 982 2415 veniam
1000 2395 1015 2411 »
1028 2407 1035 2421 ,
1057 2390 1129 2424 per-

164 2435 310 2474 ficienda,
334 2444 407 2468 cum
432 2444 558 2469 venero.
583 2435 620 2468 Et
647 2435 722 2477 quia
746 2435 937 2475 manentior‚
962 2435 1032 2468 ideo
1063 2444 1128 2468 me-

233 2618 243 2634 ¹
263 2620 347 2645 Serm.
370 2619 427 2645 404.
449 2619 521 2652 (alias
540 2618 583 2645 27.
599 2619 633 2645 de
647 2619 740 2645 Verbis
753 2620 874 2654 Domini)
894 2627 918 2646 c.
937 2619 967 2646 2!
981 2627 1007 2646 n.
1026 2620 1050 2646 3.
1065 2621 1125 2646 Post

160 2670 250 2695 unus,
268 2663 317 2697 qui
333 2663 396 2698 fecit
419 2666 502 2690 textus
527 2663 659 2696 originalis
684 2665 759 2696 plura
785 2665 866 2690 addit.
886 2665 1034 2697 Respicitur
1057 2665 1122 2691 Gen.

165 2708 175 2734 4
187 2727 194 2740 ,
213 2709 242 2734 34
255 2718 262 2734 :
282 2709 405 2742 Viditque
425 2709 494 2735 Deus
507 2712 609 2740 cuncta,
623 2716 692 2742 quae
705 2711 813 2740 fecerat,
827 2712 852 2736 et
864 2713 939 2736 erant
955 2710 1032 2736 valde
1046 2710 1123 2736 bona.

232 2750 243 2766 ²
264 2753 337 2778 Vers.
357 2753 400 2779 24.
420 2756 445 2779 et
465 2753 514 2784 25,
533 2752 631 2786 quibus
650 2753 818 2786 subiungitur
837 2754 877 2780 ΡΒ.
896 2754 946 2786 7-2,
968 2755 991 2780 4.

232 2795 243 2811 ⁸
261 2798 354 2823 Psalm.
376 2798 440 2830 iti,
460 2799 490 2829 ὃ,
510 2801 570 2830 post
588 2806 669 2831 quem
695 2799 751 2825 Vnt.
777 2800 946 2832 prosequitur
972 2806 1055 2833 quam
1075 2799 1124 2827 uli-

161 2848 213 2876 que
226 2842 380 2876 portionem
399 2849 461 2869 cum
480 2842 572 2869 Maria
591 2842 647 2869 iam
665 2843 866 2877 contemplativi
883 2847 933 2871 etc.
954 2855 961 2865 ·

231 2885 243 2900 ¹
263 2887 336 2913 Vers.
348 2887 391 2913 25.
402 2901 435 2906 —
446 2887 503 2913 Duo
514 2894 587 2921 seqq.
599 2888 648 2913 loci
659 2891 720 2914 sunt
733 2889 772 2914 ΡΒ.
786 2889 828 2920 83,
840 2889 850 2914 4
861 2890 883 2915 l.
893 2892 918 2915 et
928 2889 1016 2915 Matth.
1027 2889 1069 2920 43,
1081 2874 1130 2914 bis

230 2929 242 2945 ⁶
261 2931 363 2957 Scilicet
380 2931 523 2958 ordinaria
541 2939 572 2957 ex
590 2932 660 2958 Beda
672 2951 679 2963 ,
700 2933 746 2965 qui
769 2933 887 2966 sequitur
909 2933 1048 2965 Ambros.,
1067 2934 1120 2959 Vll.

162 2975 188 3001 in
207 2976 269 3002 Luc.
287 2983 314 3002 n.
333 2977 376 3008 86,
396 2980 421 3002 et
439 2977 563 3009 Gregor„
581 2977 610 3003 ll.
629 2977 722 3003 Homil.
742 2977 767 3003 in
788 2978 879 3004 Ezech.
896 2979 987 3004 homil.
1006 2980 1032 3004 2.
1051 2986 1076 3004 n.
1097 2979 1121 3005 9.

229 3018 242 3034 ⁰
260 3020 324 3047 Cod.
343 3021 366 3046 Η
391 3021 464 3047 addit
487 3022 519 3047 ut
543 3020 606 3048 dicit
625 3021 736 3054 Glossa,
761 3022 1025 3055 nempeordinaria
1049 3023 1122 3056 apud

160 3065 307 3097 Lyranum,
325 3066 471 3092 seeundum
492 3064 617 3099 August,
636 3067 719 3092 Serm.
740 3066 800 3092 lot.
821 3066 895 3100 (alias
914 3067 956 3093 27.
974 3068 1007 3094 de
1027 3067 1122 3094 Verbis

160 3108 278 3142 Domini)
298 3116 320 3135 c.
339 3110 364 3135 2.
383 3116 410 3135 n.
430 3110 454 3135 3.
474 3122 509 3129 —
527 3109 612 3141 Beda,
633 3110 668 3136 lll.
686 3110 713 3136 in
731 3111 793 3137 Luc.
814 3111 861 3143 40,
876 3110 918 3137 42.
940 3111 982 3145 (ex
998 3112 1121 3145 Gregor.‚

160 3152 208 3178 loc.
228 3153 253 3178 in
273 3153 440 3185 praecedenti
459 3156 520 3179 nota
539 3153 608 3187 cit.):
626 3153 694 3180 Cum
713 3155 845 3187 praesenti
864 3162 930 3187 ergo
949 3156 1054 3182 saeculo
1067 3156 1120 3182 vitu

158 3198 275 3223 aufertur
292 3198 392 3229 activa,
412 3198 614 3230 contemplativa
639 3201 726 3225 autem
746 3199 788 3225 hic
814 3199 947 3233 incipitur,
967 3203 995 3226 ut
1020 3200 1046 3226 in
1066 3207 1121 3226 cae-

159 3240 215 3266 lesti
234 3241 316 3273 putria
335 3241 493 3274 perficiatur.
753 3241 759 3246 ’

229 3283 239 3299 “’
260 3286 336 3318 Vers.
355 3287 397 3312 22.
416 3300 452 3306 --
474 3286 600 3319 Superius
620 3294 668 3319 pro
680 3286 789 3322 finitur,
802 3287 829 3313 id
842 3290 881 3314 est
893 3287 1045 3322 completur
1058 3287 1119 3322 [cn.

159 3329 178 3355 Ι.
197 3330 267 3356 Sent.
286 3330 314 3357 d.
332 3330 374 3356 43,
393 3338 416 3356 u.
438 3331 463 3357 4.
481 3338 508 3364 q.
529 3332 552 3357 2.
573 3331 698 3365 passimJ,
716 3331 789 3365 quod
808 3331 906 3358 habent
926 3331 1040 3359 ACDG
1060 3332 1119 3358 Vat.

162 3376 316 3408 permanet,
335 3375 357 3401 Π
372 3375 523 3410 perficitur.
803 3373 805 3376 ⁴

2099 223 2162 254 ⁰275

1204 304 1278 344 lior,
1302 305 1385 338 sicut
1407 306 1571 347 Apostolus
1594 306 1632 339 de
1655 308 1785 340 caritate
1808 308 1883 340 dicit
1906 309 2025 350 primae
2045 309 2082 341 ad
2107 309 2163 342 Co-

1204 358 1338 391 rinthios
1353 358 1474 391 decimo
1491 359 1583 391 tertio
1595 359 1622 391 ⁸:
1648 373 1662 387 «ι
1680 360 1799 393 Caritas
1815 371 1977 403 nunquam
2002 363 2119 395 excidit
2132 376 2162 401 »;

1203 413 1235 442 et
1258 419 1299 442 ex
1324 411 1383 443 hoc
1407 411 1581 451 concludit,
1606 412 1691 454 quod
1715 414 1813 445 maior
1837 419 1884 446 est
1907 415 2030 447 caritas.
2060 416 2109 448 Sic
2132 420 2164 448 et

1202 463 1241 497 de
1266 464 1329 496 vita
1353 465 1616 507 contemplativa;
1641 466 1724 499 unde
1748 467 1827 499 Beda
1858 468 1888 500 in
1912 468 2036 501 Glossa:
2067 482 2082 497 «
2103 470 2162 510 Qui

1204 517 1255 550 hic
1278 517 1390 550 ardere
1407 518 1551 557 inchoat,
1576 527 1648 551 cum
1673 519 1776 561 ipsum
1795 529 1888 562 quem
1912 526 2010 560 amat,
2035 522 2162 560 viderit,

1204 570 1234 603 in
1251 579 1359 603 amore
1382 571 1518 613 amplius
1535 572 1664 613 ignescit
1676 584 1711 610 »;
1730 573 1824 605 Isaiae
1841 573 2000 615 trigesimo
2021 575 2123 616 primo
2134 575 2161 606 ¹³:

1207 637 1224 653 α
1240 624 1337 657 Cuius
1361 625 1441 667 ignis
1464 628 1512 658 est
1536 626 1566 658 in
1591 626 1661 658 Sion
1683 629 1715 658 et
1737 626 1879 659 caminus
1902 627 1970 660 eius
1987 627 2016 660 in
2044 628 2163 661 ierusa-

1202 677 1262 710 lem
1279 691 1310 709 υ.
1334 678 1420 711 Unde
1444 681 1597 721 quantum
1614 682 1661 712 est
1676 679 1715 712 de
1739 689 1787 718 se,
1804 683 1852 713 est
1868 681 2098 722 praeeligenda,
2115 690 2163 714 se-

1201 730 1340 764 cundum
1365 731 1444 764 illud
1468 732 1624 765 secundae
1647 732 1685 764 ad
1709 733 1887 766 Corinthios
1909 737 2038 775 quarto:
2068 735 2162 767 «Non

1201 784 1486 826 contemplantibus
1510 785 1600 818 nobis
1624 794 1705 827 quae
1730 785 1891 824 videntur,
1917 786 1971 819 sed
1995 796 2076 828 quae
2100 796 2161 819 non

1201 836 1358 869 videntur.
1383 838 1469 879 Quae
1497 838 1580 870 enim
1599 838 1744 871 videntur
1770 839 1952 881 temporalia
1976 843 2064 879 sunt,
2081 849 2163 882 quae

1200 893 1305 923 autem
1330 900 1391 923 non
1417 891 1564 924 videntur
1588 895 1716 925 aeterna
1739 897 1814 925 sunt
1830 906 1860 925 ι».

1290 945 1342 976 75.
1369 944 1500 986 Propter
1526 945 1585 978 hoc
1608 945 1792 987 simpliciter
1816 947 1880 979 vita
1911 947 2163 990 contemplativa
2182 955 2284 976 iudicium
2300 956 2327 977 ue

1199 997 1299 1039 magis
1321 1001 1369 1030 est
1391 997 1596 1030 desideranda
1613 1001 1761 1041 tanquam
1786 1008 1823 1032 ea
1846 1009 1927 1042 quae
1944 1001 2054 1033 melior
2077 1005 2108 1034 et
2123 1002 2162 1035 de

1200 1059 1233 1083 se
1257 1051 1492 1093 praeeligenda,
1518 1055 1584 1084 tum
1607 1053 1682 1094 quia
1698 1053 1840 1086 securior
1854 1054 1889 1093 ¹⁰,
1908 1058 1974 1086 tum
1991 1055 2066 1097 quia
2089 1065 2161 1088 sua-

1200 1104 1283 1143 vior,
1319 1107 1387 1136 tum
1422 1105 1497 1147 quia
1531 1105 1690 1145 stabilior;
1725 1110 1927 1142 nontamen
1963 1107 2162 1149 despicienda

1199 1158 1327 1196 activa,
1352 1158 1406 1190 sed
1431 1167 1488 1200 pro
1513 1159 1580 1191 loco
1602 1162 1634 1191 et
1658 1163 1798 1201 tempore
1820 1159 1858 1192 ad
1881 1163 2004 1202 tempus
2029 1162 2161 1202 praeeli-

1198 1210 1312 1252 genda,
1337 1214 1403 1243 tum
1428 1211 1504 1253 quia
1526 1212 1679 1250 anterior,
1706 1217 1772 1244 tum
1797 1213 1871 1254 quia
1889 1214 2064 1254 poenalior,
2091 1217 2157 1246 tum

2177 985 2266 1009 utraque
2275 983 2326 1003 vita.

1198 1263 1273 1305 quia
1289 1263 1468 1300 secundior:
1487 1264 1568 1297 valet
1583 1265 1666 1297 enim
1683 1264 1740 1297 sibi
1759 1269 1792 1297 et
1806 1265 1884 1298 aliis.
1900 1285 1940 1288 —
1955 1266 1990 1298 Et
2005 1266 2062 1299 hoc
2079 1267 2158 1299 bene
2177 1275 2262 1302 Figura.

1197 1316 1394 1358 designatum
1425 1321 1473 1349 est
1504 1317 1533 1349 in
1558 1317 1682 1350 duabus
1715 1318 1871 1351 uxoribus
1905 1319 2011 1358 iacob,
2044 1320 2159 1352 Rachel

1198 1370 1315 1403 scilicet
1338 1374 1369 1403 et
1393 1370 1457 1409 Lia,
1489 1380 1626 1412 quarum
1643 1381 1706 1404 una
1729 1371 1870 1414 designat
1888 1373 1982 1405 vitam
2007 1373 2158 1412 activam,

1197 1423 1295 1456 altera
1308 1424 1580 1466 contemplativam
1597 1426 1631 1456 ¹¹.
1649 1425 1735 1458 Unde
1749 1434 1883 1467 sponsus
1896 1427 2054 1468 compellit
2066 1436 2159 1469 spon-

1197 1480 1265 1509 sam
1291 1477 1461 1519 aliquando
1483 1477 1523 1510 ad
1546 1478 1699 1511 actionem
1727 1479 1851 1521 egredi,
1876 1480 2049 1512 secundum
2074 1481 2157 1522 quod

1196 1530 1312 1563 dicitur
1335 1530 1534 1564 Canticorum
1551 1531 1705 1564 secundo:
1733 1545 1748 1561 «
1765 1531 1858 1565 Sonet
1875 1542 1937 1565 vox
1956 1536 2010 1565 tua
2030 1534 2061 1566 in
2078 1534 2160 1566 auri-

1196 1582 1257 1615 bus
1281 1582 1358 1615 meis
1374 1596 1389 1612 n
1418 1586 1476 1616 etc.
1494 1583 1580 1616 Unde
1604 1583 1628 1616 si
1653 1584 1692 1616 de
1716 1584 1910 1617 melior-itate
1934 1585 1988 1617 liat
2002 1586 2144 1627 quaestio
2174 1595 2274 1621 Quacum
2289 1595 2316 1616 de

1194 1635 1390 1677 simpliciter
1405 1636 1648 1678 contemplativa
1663 1640 1711 1669 est
1729 1637 1857 1676 melior,
1882 1637 2057 1670 secundum
2074 1639 2158 1680 quod

1195 1688 1271 1721 dicit
1285 1688 1456 1731 Gregorius
1473 1689 1635 1722 Moralium
1654 1690 1737 1722 libro
1751 1694 1842 1723 sexto
1857 1691 1901 1722 ¹²:
1927 1703 1942 1719 α
1960 1691 2068 1733 Magna
2084 1697 2158 1724 sunt

1194 1741 1314 1774 activae
1337 1742 1465 1781 merita,
1489 1742 1543 1775 sed
1567 1743 1827 1785 contemplativae
1851 1743 1973 1785 potiora
1988 1757 2019 1776 n.
2045 1744 2159 1777 Maria

1194 1795 1276 1828 enim
1301 1795 1461 1837 optimam
1483 1801 1614 1838 partem
1637 1796 1748 1838 eleyz'c,
1773 1806 1858 1840 quae
1885 1806 1952 1829 uon
1980 1796 2157 1840 auferetur

2175 1622 2310 1643 meliorilale.

1193 1848 1236 1881 ab
1259 1858 1308 1881 ea.
1325 1867 1369 1872 —
1385 1848 1415 1881 Si
1439 1853 1544 1882 autem
1562 1849 1615 1882 fiat
1639 1850 1781 1891 quaestio
1804 1849 1842 1882 de
1866 1849 2082 1892 eliyibile'tate,
2099 1851 2225 1887 ali-nem,
2242 1862 2268 1883 cu
2282 1863 2321 1884 en.

1193 1901 1319 1944 quando
1346 1901 1582 1945 praeeliyenda
1612 1907 1660 1935 cst
1690 1902 1821 1941 activa,
1855 1903 1970 1936 scilicet
2003 1904 2072 1936 viro
2097 1904 2155 1936 im-

1193 1956 1348 1999 perfecto,
1381 1955 1435 1998 qui
1469 1956 1558 1998 prius
1588 1956 1680 1989 debet
1712 1965 1745 1989 se
1777 1965 1929 1990 exercere
1962 1957 1992 1989 in
2025 1958 2156 1991 actionis

1193 2018 1317 2051 campo,
1341 2009 1392 2042 vel
1415 2017 1487 2041 cum
1511 2002 1583 2051 quis
1607 2009 1765 2051 obligatur
1788 2009 1827 2042 ad
1850 2010 1970 2042 activae
1993 2019 2089 2052 opera
2113 2020 2155 2044 ex

1193 2060 1360 2104 praecepto
1392 2062 1457 2095 sive
1488 2071 1531 2095 ex
1561 2062 1681 2101 oflici03
1713 2066 1745 2095 et
1776 2063 1845 2095 ideo
1875 2063 2043 2106 aliquando
2074 2064 2155 2097 acci-

1192 2116 1238 2149 dit
1260 2115 1394 2148 dubium
1418 2116 1450 2149 in
1472 2115 1713 2158 praeelectione,
1738 2116 1910 2149 secundum
1933 2117 2008 2150 illud
2033 2117 2071 2149 ad
2089 2117 2156 2150 Phi-

1193 2169 1350 2211 lippenses
1373 2169 1476 2211 primo
1490 2169 1534 2201 ¹³:
1561 2183 1577 2197 «
1593 2169 1666 2202 Mihi
1684 2169 1790 2202 vivere
1806 2170 1949 2203 Christus
1966 2174 2013 2203 est
2029 2174 2060 2203 et
2075 2171 2154 2203 mori

1193 2223 1331 2256 lucrum.
1364 2222 1480 2264 Quodsi
1513 2223 1620 2256 vivere
1651 2224 1683 2256 in
1707 2232 1820 2263 carne,
1845 2224 1896 2257 hic
1926 2224 2003 2256 mihi
2031 2224 2155 2257 fructus

1193 2275 1299 2318 operis
1322 2279 1386 2315 est,
1404 2279 1435 2309 et
1452 2276 1526 2318 quid
1550 2276 1680 2319 eligam,
1698 2277 1817 2319 ignoro.
1841 2277 1990 2310 Coarctor
2013 2281 2119 2310 autem
2137 2286 2155 2310 e

1193 2329 1336 2368 duobus,
1359 2329 1550 2362 desiderium
1568 2330 1687 2363 habens
1702 2330 1828 2363 dissolvi
1846 2334 1875 2364 et
1892 2340 1960 2364 esse
1977 2340 2048 2364 cum
2065 2331 2155 2363 Chri-

1193 2385 1256 2421 sto,
1273 2382 1374 2415 multo
1397 2382 1497 2424 magis
1512 2383 1626 2415 melius
1648 2386 1709 2423 est;
1727 2392 1913 2425 permanere
1934 2384 1965 2416 in
1982 2393 2077 2416 carne
2100 2393 2154 2417 ne-

1192 2434 1365 2468 cessarium
1382 2438 1430 2468 est
1445 2439 1575 2477 propter
1600 2432 1701 2469 vos'».
1719 2455 1763 2460 —
1780 2436 1849 2469 [deo
1866 2437 1951 2470 viros
1974 2437 2154 2479 spirituales

1261 2617 1272 2634 ⁸
1290 2620 1365 2646 νοτε.
1386 2620 1412 2645 8.
1429 2634 1464 2638 —
1484 2619 1574 2645 Glossa
1595 2619 1679 2645 nedae
1699 2618 1751 2652 (ui.
1778 2619 1802 2645 in
1823 2620 1883 2645 Luc.
1908 2607 1952 2650 to,
1973 2619 2026 2653 42.)
2051 2623 2090 2646 est
2108 2626 2153 2646 or-

1189 2664 1299 2691 dinaria
1316 2664 1389 2697 apud
1402 2665 1532 2696 Lyranum
1541 2674 1548 2696 ς
1568 2664 1638 2690 idem
1651 2664 1715 2690 dicit
1733 2665 1857 2696 Gregor.‚
1872 2664 1899 2690 ll.
1913 2664 2007 2690 Homil.
2022 2665 2047 2690 in
2061 2665 2151 2690 Ezecli.

1189 2710 1279 2736 homil.
1298 2710 1322 2735 2.
1342 2716 1368 2735 n.
1389 2709 1414 2734 9.

1261 2752 1273 2768 ⁹
1293 2755 1367 2780 Vers.
1387 2754 1412 2779 9.
1427 2768 1462 2774 --
1483 2754 1605 2787 Sequitur
1624 2754 1650 2779 ll.
1670 2753 1730 2780 Cor.
1751 2753 1780 2784 4,
1801 2754 1842 2779 48.

1261 2797 1283 2813 ¹⁰
1303 2798 1424 2824 Nonnulli
1443 2798 1535 2831 codd.‚
1561 2801 1589 2824 ut
1607 2797 1673 2830 AC,
1699 2799 1749 2824 hoc
1769 2797 1919 2824 membrum
1946 2798 2084 2829 omittunt,
2105 2799 2150 2824 cfr.

1187 2844 1310 2876 Gregor„
1330 2844 1348 2869 l.
1367 2843 1463 2869 nomn.
1481 2843 1508 2868 in
1530 2843 1621 2869 Ezech.
1641 2843 1732 2869 homil.
1748 2843 1772 2868 3.
1792 2850 1817 2869 n.
1838 2843 1884 2868 ⁴3:
1904 2843 1970 2876 Quia
1989 2843 2078 2876 itaque
2090 2850 2150 2869 con·

1188 2888 1338 2920 templativa
1358 2888 1411 2913 vita
1431 2887 1465 2913 ud
1484 2888 1620 2920 superiora
1639 2887 1725 2913 evolat
1743 2890 1769 2913 et
1793 2887 1894 2913 activae
1913 2887 1982 2913 vitae
2007 2887 2085 2919 longe
2109 2895 2150 2913 su-

1187 2936 1275 2965 perest
1293 2932 1425 2965 quadam,
1445 2934 1473 2957 ut
1492 2932 1525 2957 ita
1550 2932 1652 2963 dicam,
1678 2931 1804 2963 dignitate
1822 2932 1968 2958 securitatis
1993 2939 2071 2962 suae,
2092 2935 2153 2964 apte

1188 2984 1258 3003 nunc
1276 2976 1386 3003 dicitur:
1410 2976 1446 3002 Et
1462 2983 1562 3002 manus
1587 2975 1704 3002 hominis
1728 2975 1779 3002 sub
1801 2976 1898 3010 pennis
1924 2982 2019 3002 eorum
2044 2975 2150 3010 [Ezecli.

1188 3022 1218 3053 4,
1238 3021 1286 3053 8.].

1259 3064 1279 3080 ¹¹
1299 3065 1447 3097 Respicitur
1466 3065 1529 3091 Gen.
1544 3065 1592 3096 29,
1608 3065 1649 3091 48.
1661 3072 1736 3098 seqq.
1751 3079 1787 3084 —
1800 3064 1917 3091 Subinde
1930 3065 2056 3097 allegatur
2074 3064 2148 3091 Cant.

1186 3111 1217 3141 2,
1238 3109 1280 3136 44.
1298 3123 1334 3128 -
1352 3109 1404 3135 Ctr.
1423 3110 1548 3141 Gregor.,
1570 3110 1608 3135 vl.
1634 3110 1721 3135 Moral.
1741 3116 1765 3135 c.
1787 3109 1828 3135 37.
1856 3117 1882 3135 n.
1904 3109 1994 3134 56-64.
2014 3112 2039 3135 et
2065 3110 2082 3134 l.
2101 3110 2150 3135 Ho-

1185 3154 1239 3180 mil.
1259 3154 1287 3180 in
1312 3155 1404 3180 Ezech.
1425 3154 1513 3179 homil.
1540 3154 1565 3179 3.
1589 3161 1615 3179 n.
1641 3154 1665 3179 9.
1685 3161 1759 3186 seqq.
1785 3157 1811 3180 et
1836 3154 1862 3179 ll.
1889 3153 1978 3179 homil.
2005 3154 2029 3178 2.
2056 3160 2080 3179 n.
2107 3154 2150 3178 40.

1184 3206 1274 3232 seqq.,
1293 3198 1339 3224 ubi
1357 3202 1383 3225 et
1402 3201 1544 3230 tanguntur
1562 3205 1592 3224 ea
1617 3205 1686 3232 quae
1704 3198 1826 3230 superius
1845 3198 1914 3224 dicta
1932 3201 1993 3223 sunt
2017 3200 2042 3223 et
2067 3198 2147 3230 paulo

1183 3243 1291 3269 inferius
1310 3243 1431 3269 dicentur
1449 3242 1482 3268 de
1502 3242 1554 3268 vitu
1573 3242 1657 3268 activa
1677 3245 1703 3269 et
1721 3242 1933 3274 contemplativa.

1255 3286 1278 3304 ¹¹
1296 3286 1361 3319 Cap.
1381 3287 1424 3313 37.
1445 3294 1470 3313 n.
1491 3287 1535 3313 64.
1547 3300 1583 3306 -
1596 3287 1722 3319 Superius
1741 3293 1790 3319 pro
1808 3285 1969 3313 meliom'tate
1989 3286 2046 3312 Vnt.
2067 3292 2146 3319 prae-

1183 3330 1343 3363 eminentia,
1363 3333 1389 3356 et
1408 3330 1514 3356 inferius
1533 3330 1657 3357 electione
1670 3337 1718 3362 pro
1737 3329 1910 3364 eliqibilitate.

1253 3373 1276 3390 ¹⁸
1296 3376 1371 3402 Vers.
1390 3376 1434 3402 21.
1452 3378 1478 3401 et
1496 3375 1537 3401 22.
1558 3375 1607 3401 Pro
1626 3374 1669 3401 hic
1687 3374 1706 3401 C
1718 3375 1739 3400 D
1759 3374 1809 3401 hoc
1826 3373 1942 3408 [rouro]

2183 1890 2297 1916 gibilitate.

2173 2449 2295 2471 Conclusio.
