2476 3921
334 250 394 281 182

329 336 493 370 subditur:
522 336 559 367 Et
582 333 764 376 iustificata
788 338 834 366 est
865 333 1037 375 Sapientia
1061 333 1103 366 ab
1135 334 1288 366 omnibus

328 389 408 430 filiis
438 388 519 420 suis.
556 387 763 429 Sapientiam
797 395 933 428 namque
969 386 1163 428 Evangelista
1197 391 1287 420 vocat

328 442 503 480 Christum,
527 440 700 473 secundum
727 440 804 472 illud
823 440 943 481 primae
966 439 1003 472 ad
1028 440 1206 472 Corinthios
1222 441 1287 482 pri-

327 497 417 528 mo¹:
448 507 463 523 «
479 494 537 535 Qui
560 493 662 526 factus
685 496 732 525 est
755 493 845 525 nobis
876 502 894 524 a
918 493 981 525 Deo
1008 492 1160 534 sapientia
1182 496 1213 526 et
1237 494 1287 525 iu-

163 554 314 606 Affistgffigff
327 548 452 581 stitia».
473 547 537 578 Filii
562 546 652 578 istius
680 545 853 587 Sapientiae
877 549 951 577 sunt
975 545 1108 586 Apostoli
1134 554 1189 586 per
1218 555 1285 578 ver-

177 606 227 627 tiae.

326 601 402 634 bum
431 600 521 632 istius
552 599 725 641 Sapientiae
756 598 851 640 geniti
880 602 911 630 et
943 607 999 639 per
1031 598 1181 639 Spiritum
1214 608 1284 631 san-

327 658 411 687 ctum
444 652 608 690 vivificati,
640 651 813 684 secundum
846 651 923 683 illud
956 651 1158 684 Ecclesiastici
1188 661 1284 694 quar-

326 707 401 739 to2:
431 719 446 733 «
471 705 627 746 Sapientia
650 704 722 736 filiis
746 704 812 736 suis
845 704 938 736 vitam
972 704 1103 745 inspirat
1128 718 1158 743 u,
1182 704 1213 737 id
1237 708 1284 738 est

324 759 469 791 Christus
499 757 660 799 Apostolis.
696 757 782 790 Unde
806 761 837 789 et
869 757 980 789 Petrus
1008 756 1131 789 dicebat
1162 757 1284 791 loannis

324 815 431 845 sexto:
462 824 477 839 «
493 810 639 849 Domine,
664 810 702 842 ad
726 819 820 852 quem
847 810 984 843 ibimus?
1008 810 1111 843 Verba
1136 811 1216 843 vitae
1233 820 1284 844 ae-

323 869 429 898 ternae
454 864 551 896 habes
566 877 597 896 ».
615 863 665 896 Isti
690 863 973 905 iustificaverunt,
990 863 1020 895 id
1045 867 1105 902 est,
1123 864 1283 897 Christum

321 919 441 951 iustum
466 920 709 959 reputaverunt,
733 917 808 949 dum
833 917 901 949 eius
933 917 1029 949 verba
1052 926 1109 958 per
1132 917 1283 950 iustitiam

321 975 353 1004 et
375 970 582 1003 obedientiam
607 970 837 1011 impleverunt,
868 969 1040 1002 secundum
1077 970 1154 1002 illud
1181 970 1283 1003 Eccle-

321 1024 434 1057 siastici
460 1023 593 1056 tertioss:
620 1036 635 1051 «
655 1023 719 1055 Filii
745 1023 929 1064 sapientiae,
957 1023 1087 1055 ecclesia
1110 1023 1282 1063 iustorum,

321 1081 351 1110 et
383 1076 468 1109 natio
492 1077 630 1114 illorum,
654 1075 830 1108 obedientia
861 1078 892 1108 61
922 1075 1047 1108 dilectio
1070 1089 1101 1108 ».
1135 1076 1177 1108 Ad
1209 1076 1284 1109 isto-

320 1139 393 1163 rum
432 1129 615 1170 exemplum
651 1128 805 1160 Pharisaei
838 1128 1017 1161 debuerunt
1051 1130 1192 1168 moveri,
1229 1130 1283 1162 sed

319 1186 448 1225 propter
479 1181 682 1224 pertinaciam
714 1190 803 1213 suam
836 1184 1057 1214 remanserunt
1081 1181 1112 1213 10
1143 1181 1283 1214 faecibus

319 1236 394 1269 suis.
427 1235 512 1268 Unde
544 1235 619 1276 ipsis
649 1234 771 1267 dicebat
802 1234 947 1267 Matthaei
978 1234 1180 1267 duodecimo:
1211 1248 1227 1263 <c
1251 1235 1281 1267 Si

318 1299 375 1332 ego
400 1290 430 1321 in
455 1289 628 1322 Beelzebub
650 1288 738 1321 eiicio
762 1288 943 1327 daemones,
968 1288 1021 1320 filii
1048 1289 1143 1321 vestri
1169 1289 1199 1321 in
1217 1299 1281 1331 quo

317 1342 472 1375 eiiciunt?
505 1342 635 1384 [deoque
667 1342 724 1383 ipsi
749 1341 868 1374 iudices
900 1342 994 1374 vestri
1026 1346 1122 1374 erunt
1143 1355 1174 1381 »,
1206 1343 1281 1385 quia

315 1396 374 1438 ipsi
392 1396 464 1428 iusti
482 1398 672 1437 reputantur
695 1405 713 1428 a
737 1395 909 1437 Sapientia,
927 1405 1020 1438 quam
1038 1396 1227 1435 iustificam,
1249 1399 1280 1429 et

316 1450 472 1482 Pharisaei
491 1450 598 1482 iniusti
615 1453 645 1482 et
662 1449 787 1491 reprobi
805 1449 844 1481 ab
860 1449 967 1482 eadem
992 1450 1164 1491 Sapientia,
1181 1459 1277 1492 quam

316 1502 523 1535 condemnant
547 1505 677 1544 propter
702 1502 903 1544 pertinaciam
929 1505 959 1535 et
982 1502 1220 1544 blasphemiam.

358 1617 445 1643 Tertio
465 1616 615 1644 declaratur
634 1617 784 1644 sublimitas
802 1617 918 1644 Doetoris
937 1618 1039 1653 propter
1058 1618 1217 1645 affluentiam

656 1662 767 1696 pietatis
783 1661 938 1697 tripliciter.

413 1770 465 1801 62.
509 1768 657 1811 Royabat
695 1772 804 1800 autem
841 1769 935 1801 illum
974 1769 1112 1812 quidam
1154 1768 1293 1816 Phari-¹

313 1832 413 1854 saeus
425 1823 447 1854 ⁴.
473 1822 575 1863 Supra
599 1822 733 1854 ostendit
757 1822 952 1864 Evangelista
975 1823 1198 1856 sublimitatem
1217 1823 1277 1856 Do-

314 1875 389 1907 mini
414 1875 582 1907 Salvatoris
613 1878 766 1916 quantum
799 1875 837 1907 ad
866 1875 1083 1908 excellentiam
1115 1876 1278 1922 potestatis

314 1931 345 1960 et
368 1932 521 1970 quantum
546 1927 583 1960 ad
600 1928 786 1961 evidentiam
813 1928 971 1967 veritatis;
989 1928 1040 1960 hic
1065 1928 1157 1961 tertio
1173 1932 1277 1961 osten-

314 1980 358 2013 dit
370 1984 524 2023 quantum
542 1980 579 2013 ad
592 1980 802 2023 affluentiam
815 1981 956 2023 pietatis.
970 1981 1154 2014 Ostenditur
1171 1985 1276 2015 autem

314 2032 391 2067 11366
415 2034 538 2076 pietatis
562 2034 722 2067 affluentia
738 2034 768 2066 in
786 2034 918 2066 Domino
935 2035 1003 2067 lesu
1021 2044 1134 2077 magna
1156 2035 1187 2067 in
1205 2044 1277 2077 pec·
1303 2068 1306 2070 ,

314 2086 438 2120 catricis
472 2087 693 2129 susceptione,
730 2087 829 2119 maior
866 2087 898 2119 in
933 2087 1190 2129 approbatione,
1223 2087 1275 2120 sed

314 2140 453 2172 maxima
476 2140 506 2172 in
532 2139 743 2172 absolutione.
777 2140 919 2182 Suscepit
947 2140 1030 2173 enim
1058 2140 1276 2180 accedentem,

315 2193 544 2226 commendavit
566 2193 745 2235 diligentem
770 2197 801 2226 et
824 2194 957 2227 absolvit
981 2194 1201 2236 poenitentem.

404 2246 618 2279 Introducitur
649 2255 725 2289 ergo
748 2248 851 2289 primo
874 2247 907 2279 -in
932 2248 990 2280 hac
1023 2250 1111 2289 parte
1142 2247 1277 2290 benigna

205 2303 296 2326 Divisio‘
314 2299 476 2341 susceptio
506 2299 700 2342 peccatricis
723 2300 923 2339 accedentis3
947 2300 1084 2333 secundo
1109 2309 1199 2339 vero,
1224 2300 1277 2333 be-

316 2352 441 2397 nignior
463 2352 661 2394 approbatio
685 2353 869 2395 diligentis,
894 2353 935 2386 ibi
949 2353 979 2386 ⁵:
1006 2355 1045 2386 Et
1075 2354 1277 2396 respondens

317 2407 409 2439 Iesus
432 2406 518 2438 dixit
542 2406 588 2438 ad
604 2406 698 2438 illum
721 2409 798 2444 etc.;
823 2407 915 2439 tertio
940 2416 1032 2446 vero,
1057 2407 1278 2449 benignissima

317 2459 479 2491 absolutio
506 2459 700 2501 poenitentis
731 2458 923 2501 confitentis,
948 2460 1008 2492 ibi:
1042 2460 1134 2492 Dixit
1166 2464 1278 2492 autem

318 2512 364 2544 ad
386 2512 495 2544 illam:
522 2512 746 2545 Remittuntur
766 2511 825 2544 tibi
844 2516 990 2553 peccata.

406 2565 565 2606 Quantum
589 2564 627 2597 ad
645 2565 781 2607 primum
800 2564 988 2603 notandum,
1013 2566 1097 2608 quod
1113 2566 1278 2608 susceptio

161 2620 253 2673 ’,ξὲξῖξὲ
266 2620 299 2667 ξιξ-
315 2618 511 2660 peccatricis
541 2618 578 2650 ad
606 2618 772 2650 Dominum
805 2618 980 2650 accedentis
1003 2619 1179 2651 ostenditur
1210 2628 1278 2651 esse

174 2673 298 2726 ssssk’sslssffifl
318 2679 447 2712 magnae
479 2671 601 2712 pietatis
632 2674 663 2703 et
687 2671 937 2709 misericordiae,
975 2675 1040 2703 tum
1075 2676 1203 2713 propter
1226 2681 1277 2704 so-

209 2726 257 2746 tria.

320 2722 517 2756 lemnitatem
552 2724 712 2762 convivii,
749 2725 778 2756 in
815 2733 878 2765 quo
913 2733 981 2756 eam
1017 2725 1172 2766 suscepit;
1209 2728 1274 2757 turn

393 2915 400 2930 ¹
424 2916 496 2941 Vers.
516 2916 559 2941 30.
578 2915 629 2942 Csr.
656 2916 774 2947 Ilierou.,
793 2918 819 2942 ll.
844 2916 990 2943 Comment.
1012 2918 1035 2943 in
1055 2918 1142 2943 Matth.
1171 2919 1211 2951 lt,
1237 2919 1277 2944 19.

321 2974 356 2979 —-
375 2961 502 2992 Superius
521 2968 569 2992 pro
589 2960 622 2986 Et
646 2960 709 2994 quia
735 2960 901 2994 blasphemia
921 2962 1002 2988 ACD
1027 2961 1060 2988 Et
1085 2963 1218 2995 quantum
1243 2962 1280 2989 ad

322 3003 529 3037 blasphemiam,
550 3004 570 3029 Η
591 3004 661 3030 Haec
679 3006 770 3030 autem
788 3004 860 3038 falsa
879 3004 1052 3039 blasphemia.

391 3046 402 3061 ⁹
423 3048 496 3073 Vers.
518 3048 557 3085 [2.
572 3062 606 3066 —
620 3049 744 3081 Sequitur
757 3049 822 3074 ioan.
844 3049 873 3080 6,
893 3050 934 3075 69.
948 3064 982 3068 -
997 3051 1123 3082 Superius
1136 3058 1185 3083 pro
1198 3051 1281 3085 yenitz'

323 3093 405 3125 (quod
425 3091 444 3118 C
456 3093 476 3118 H
495 3093 627 3125 omittunt)
648 3097 673 3118 et
691 3092 818 3127 vivificati
837 3094 895 3119 Vat.
919 3095 1073 3128 reyenerati
1090 3099 1115 3121 et
1133 3095 1278 3130 iustificati.

393 3134 403 3149 ⁸
425 3137 497 3162 Vers.
518 3137 540 3161 l.
561 3151 595 3156 —
615 3136 732 3162 Subinde
751 3137 877 3169 allegatur
897 3138 982 3164 Matth.
1005 3139 1052 3171 ⁴2,
1067 3139 1279 3165 27.—1nrerius

322 3187 370 3211 pro
391 3179 464 3206 Unde
483 3180 547 3213 ipsis
566 3180 667 3207 dicebat
686 3181 704 3207 C
715 3181 736 3207 D
757 3181 831 3207 Unde
847 3181 902 3215 ipse
920 3181 1030 3209 dicebat.

394 3223 404 3237 ⁴
423 3225 550 3256 Vulgata,
569 3232 648 3257 quam
669 3226 786 3258 sequitur
806 3226 878 3258 Vat,
898 3225 929 3252 de
954 3226 1115 3253 Pharisaeis.
1134 3242 1169 3246 —
1188 3228 1224 3253 De
1243 3228 1280 3253 di-

323 3268 424 3293 visione
442 3275 496 3300 seq.
517 3269 562 3293 err.
582 3276 662 3300 supra
682 3276 708 3294 n.
730 3270 753 3294 l.
772 3283 806 3288 —
825 3269 933 3295 interius
947 3277 994 3302 pro
1013 3270 1153 3304 quandam
1171 3271 1280 3305 affluen—

323 3311 389 3337 tiam
409 3319 439 3337 ex
466 3312 486 3337 11
513 3312 696 3338 substituimus
720 3315 852 3346 quantum
878 3313 914 3340 ad
938 3314 1119 3348 affluentiam,
1146 3316 1166 3339 G
1190 3315 1282 3348 quoad

323 3354 498 3388 affluentiam.

394 3397 404 3412 ⁶
426 3399 497 3424 Vers.
520 3400 567 3430 403
587 3400 691 3425 tertium
712 3400 821 3426 liabetur
841 3408 866 3426 v.
889 3402 930 3426 48.

913 245 1105 278 COMMENT.
1133 246 1166 277 IN
1194 246 1432 279 EVANGELIUM
1457 246 1574 279 LUCAE
1599 246 1630 278 C.
1656 247 1716 278 Vll.

1352 338 1481 376 propter
1512 333 1781 377 familiaritatem
1815 335 1977 379 obsequii,
2002 337 2040 369 ad
2064 338 2148 380 quod
2172 339 2309 379 admisit;

1352 391 1419 420 tum
1445 391 1574 429 propter
1607 388 1820 421 temeritatem
1843 388 1945 421 alieni
1974 390 2111 430 iudicii,
2136 391 2176 423 ob
2200 392 2309 434 quod⁶

1350 450 1417 473 eam
1443 447 1504 473 1100
1529 441 1656 474 dimisit.

1440 494 1491 526 63.
1517 494 1618 533 (Vers.
1648 494 1725 535 36.).
1762 494 1864 527 Primo
1892 503 1967 537 ergo
2002 500 2154 537 quantum
2190 498 2228 530 ad
2259 508 2310 531 so·
2328 471 2449 529 Primum:-i

1349 546 1548 579 lemnitatem
1572 548 1726 586 convivii,
1747 548 1779 580 in
1803 557 1867 589 quo
1884 548 2043 590 peccatrix
2067 549 2126 582 fuit
2150 550 2200 591 pie
2215 560 2234 582 a
2254 551 2311 584 Do-

1350 599 1435 632 mino
1458 603 1621 642 suscepta,
1648 600 1778 633 dicitur:
1808 601 1959 644 Royabat
1985 605 2095 634 autem
2116 601 2209 635 illum
2237 604 2310 646 qui-

1348 652 1428 685 dam
1448 651 1674 692 Pharisaeus,
1698 658 1736 686 ut
1753 654 1976 686 manducaret
1998 664 2074 687 cum
2091 655 2162 694 illo;
2185 665 2246 688 non
2263 660 2310 689 est

1347 703 1498 743 dubium,
1523 704 1599 747 quin
1623 705 1792 738 Dominum
1817 706 1935 745 lesum;
1960 710 1991 739 et
2011 711 2112 746 recte,
2137 708 2309 741 secundum

1348 758 1513 790 consilium
1530 762 1560 791 et
1577 759 1772 801 propositum
1787 759 1954 801 Sapientis;
1973 759 2147 802 Sapientiae
2162 764 2272 793 octavo
2283 761 2308 793 ⁷:

1353 823 1369 838 α
1382 811 1531 852 Proposui
1558 812 1638 844 hanc
1652 826 1682 851 »,
1698 812 1728 844 id
1745 815 1792 845 est
1815 812 2013 854 sapientiam,
2034 813 2209 853 Christum,
2231 827 2246 843 «
2259 814 2310 847 ad-

1348 864 1464 896 ducere
1495 864 1533 896 ad
1569 865 1817 904 convivendum,
1850 865 1968 904 sciens,
2000 866 2148 908 quoniam
2184 876 2307 900 mecum

1348 918 1590 950 communicabit
1612 918 1651 951 de
1678 918 1768 951 bonis
1788 919 1896 952 suis».
1921 919 1975 952 Hic
1994 923 2100 953 autem
2125 920 2310 954 Pharisaeus

1348 971 1408 1003 iam
1433 980 1494 1003 non
1519 974 1587 1004 erat
1610 981 1628 1004 a
1655 972 1787 1004 Domino
1813 972 1949 1011 divisus,
1975 973 2028 1005 sed
2060 974 2158 1015 magis
2182 974 2308 1013 unitus,

1348 1027 1378 1056 et
1402 1024 1471 1056 ideo
1494 1033 1605 1057 secure
1621 1025 1789 1057 Dominum
1814 1026 1944 1067 rogabat
1966 1029 1997 1058 et
2013 1026 2052 1058 ad
2068 1026 2245 1060 convivium
2261 1027 2308 1059 in—

1348 1077 1479 1116 vitabat,
1504 1078 1678 1110 secundum
1702 1078 1779 1111 illud
1804 1079 1855 1111 lob
1879 1079 2030 1121 vigesimo
2050 1080 2226 1113 secundossz
2249 1093 2264 1109 «
2278 1080 2306 1113 Si

1348 1139 1496 1162 reversus
1519 1130 1616 1163 fueris
1640 1130 1678 1163 ad
1695 1130 1964 1173 Omnipotentem,
1988 1132 2202 1166 aedificaberis
2218 1146 2253 1172 »;
2278 1137 2309 1166 et

1346 1183 1509 1225 sequitur:
1531 1196 1547 1212 α
1560 1184 1692 1226 Rogabis
1707 1193 1780 1217 eum
1791 1211 1799 1223 ,
1816 1189 1847 1218 et
1863 1186 2012 1219 exaudiet
2029 1189 2059 1219 te
2072 1200 2102 1218 1».
2116 1205 2160 1211 —
2172 1187 2261 1228 Quod
2277 1190 2308 1220 et

1346 1236 1404 1269 iste
1429 1240 1617 1269 consecutus
1641 1240 1705 1275 est;
1730 1237 1814 1270 unde
1836 1242 1867 1271 et
1884 1238 2047 1271 subditur:
2074 1240 2114 1272 Et
2136 1239 2308 1282 inyressus

1346 1290 1479 1322 domum
1506 1288 1688 1322 Pharisaei
1709 1290 1886 1323 discubuit.
1912 1292 2034 1325 Resedit
2056 1292 2093 1329 ad
2117 1293 2308 1326 manducan-

1344 1343 1420 1375 dum
1444 1346 1476 1375 et
1499 1343 1543 1375 sic
1566 1342 1707 1384 implevit
1730 1343 1807 1376 illud
1832 1344 2005 1384 visibiliter,
2030 1345 2113 1387 quod
2138 1346 2308 1388 spirituali-

1344 1400 1392 1429 ter
1417 1396 1572 1438 promittit
1594 1396 1625 1428 in
1657 1396 1855 1438 Apocalypsis
1878 1398 2015 1430 tertio⁹z
2046 1411 2061 1427 «
2081 1398 2111 1431 Si
2136 1399 2207 1441 quis
2234 1408 2307 1441 ape-

1343 1449 1446 1483 ruerit
1469 1449 1564 1488 mihi,
1589 1449 1713 1481 intrabo
1737 1449 1775 1481 ad
1803 1450 1893 1482 illum
1917 1454 1948 1483 et
1971 1451 2108 1484 coenabo
2132 1461 2203 1485 cum
2235 1452 2306 1492 illo,

1342 1507 1374 1536 et
1398 1503 1464 1545 ipse
1488 1512 1612 1535 mecum
1630 1516 1660 1534 n.
1682 1503 1743 1535 Nec
1767 1502 1900 1542 mirum,
1925 1504 2014 1546 quia,
2039 1504 2119 1537 sieut
2143 1505 2209 1547 ipse
2232 1505 2307 1539 dicit

1342 1556 1586 1589 Proverbiorum
1603 1559 1730 1594 octavo,
1760 1568 1774 1584 «
1792 1555 1919 1589 deliciae
1937 1566 2024 1590 meae
2047 1566 2115 1591 esse
2136 1567 2207 1591 61110
2235 1558 2307 1592 filiis

1341 1610 1504 1642 hominum
1521 1623 1552 1641 ».
1577 1609 1639 1641 Hoc
1662 1609 1736 1641 dicit
1759 1613 1913 1651 quantum
1941 1610 1979 1643 ad
2003 1611 2195 1644 nimietatem
2227 1612 2307 1645 cari-

1342 1663 1428 1701 tatis,
1453 1665 1582 1704 propter
1606 1671 1701 1704 quam
1719 1662 1813 1694 110100
1836 1661 1937 1695 factus
1957 1666 2004 1695 est
2027 1667 2058 1695 et
2082 1663 2236 1696 humanas
2259 1664 2306 1696 111-

1341 1714 1493 1756 digentias
1525 1715 1659 1747 libenter
1694 1714 1832 1757 suscepit
1863 1719 1894 1747 et
1926 1715 2056 1756 pertulit
2090 1715 2172 1748 inter
2207 1716 2308 1749 homi-

1342 1776 1414 1806 065,
1446 1768 1620 1801 secundum
1653 1768 1729 1800 illud
1763 1768 1884 1801 Baruch
1910 1768 2003 1801 tertio
2021 1769 2068 1801 ¹⁰:
2099 1782 2114 1797 «
2135 1769 2205 1802 Post
2229 1769 2307 1803 haec

1342 1820 1373 1852 in
1408 1821 1499 1853 terris
1530 1821 1616 1854 visus
1648 1824 1695 1854 est
1723 1825 1753 1854 et
1785 1830 1858 1854 cum
1889 1821 2071 1855 hominibus
2103 1826 2307 1855 conversatus

1342 1876 1435 1906 est».
1461 1874 1540 1906 Haec
1564 1883 1639 1916 ergo
1667 1875 1847 1908 introducta
1871 1878 1944 1910 sunt
1972 1879 2102 1918 propter
2129 1875 2307 1908 solemnita-

1344 1930 1405 1959 tem
1431 1927 1576 1959 convivii.

1433 1980 1484 2012 64.
1520 1980 1621 2021 (Vers.
1655 1981 1732 2020 37.).
1770 1982 1929 2023 Quantum
1966 1982 2004 2015 ad
2035 1981 2305 2025 familiaritatem

1341 2032 1506 2076 obsequii,
1530 2033 1569 2065 ad
1593 2033 1677 2075 quod
1708 2033 1768 2067 fuit
1791 2034 1944 2075 admissa,
1969 2035 2134 2069 subditur:
2160 2036 2198 2068 Et
2222 2045 2306 2075 ecce,

1341 2086 1474 2125 mulier,
1499 2096 1583 2129 quae
1607 2090 1680 2119 erat
1710 2087 1746 2119 in
1769 2088 1901 2121 civitate
1930 2089 2117 2131 peccatrix,
2143 2089 2235 2123 cuius
2259 2089 2306 2122 in-

1341 2140 1435 2173 famia
1457 2140 1638 2173 innotuerat
1670 2140 1725 2173 toti
1758 2141 1893 2180 civitati,
1925 2141 1969 2174 ita
1998 2146 2034 2175 ut
2058 2146 2163 2185 posset
2185 2143 2214 2176 ei
2246 2143 2313 2176 dici

1342 2193 1418 2226 illud
1443 2193 1592 2226 Ieremiae
1624 2194 1774 2226 terti011:
1804 2207 1820 2222 «κ
1845 2195 1941 2227 Frons
1966 2195 2107 2228 mulieris
2130 2196 2306 2229 meretricis

1341 2247 1423 2280 facta
1438 2250 1486 2280 est
1510 2247 1580 2286 tibi,
1598 2247 1725 2280 noluisti
1750 2247 1981 2281 erubescere».
2004 2248 2082 2281 Haec
2105 2252 2152 2282 est
2167 2249 2221 2282 illa
2237 2259 2306 2282 mu-

1342 2300 1415 2339 lier,
1443 2300 1481 2333 de
1512 2310 1576 2342 qua
1606 2300 1723 2333 dicitur
1748 2301 1949 2334 Ecclesiastae
1978 2301 2129 2344 septimo:
2158 2315 2173 2331 «
2199 2303 2304 2336 Inveni

1341 2354 1529 2386 amariorem
1554 2358 1656 2387 morte
1679 2355 1863 2394 mulierem,
1888 2364 1970 2397 quae
1994 2356 2126 2398 laqueus
2142 2360 2190 2389 est
2212 2366 2306 2390 vena-

1342 2411 1463 2445 torum,
1487 2411 1519 2439 et
1542 2416 1656 2449 sagena
1679 2415 1733 2440 cor
1757 2408 1826 2441 eius
1845 2421 1876 2448 »;
1905 2412 1937 2441 61
1968 2409 2041 2448 1106,
2071 2410 2146 2451 quia
2172 2410 2306 2444 fornica-

1334 2460 1390 2492 ·’113
1412 2459 1590 2499 manifesta,
1615 2460 1697 2493 sicut
1712 2461 1788 2493 dicit
1804 2462 1964 2495 Ravennas
1979 2463 2015 2501 ¹²,
2039 2463 2124 2505 quod
2149 2464 2305 2497 «infamia

1342 2513 1410 2545 eius
1435 2515 1530 2544 totam
1549 2513 1681 2546 laeserat
1696 2513 1853 2546 civitatem
1871 2528 1902 2553 n,
1923 2515 1965 2547 ita
1989 2519 2025 2548 ut
2045 2516 2208 2558 impletum
2225 2521 2306 2550 esset

1342 2566 1373 2599 in
1398 2575 1434 2599 ea
1455 2566 1539 2608 quod
1563 2567 1773 2599 comminatur
1795 2567 1946 2601 Dominus
1967 2578 2024 2610 per
2045 2570 2135 2602 Amos
2158 2570 2197 2602 ad
2221 2572 2306 2603 Ama-

1343 2620 1420 2653 siam
1445 2619 1656 2658 sacerdotem,
1681 2621 1771 2653 Amos
1795 2621 1944 2662 septimo:
1975 2635 1990 2650 «
2011 2622 2098 2654 Uxor
2123 2627 2177 2655 1113
2208 2624 2238 2655 10
2263 2624 2306 2656 61-

1343 2672 1438 2705 vitate
1458 2672 1665 2705 fornicabitur
1678 2686 1707 2704 n.
1731 2673 1765 2704 Et
1785 2672 1854 2705 ideo
1873 2673 1986 2706 merito
2005 2673 2121 2706 dicitur
2135 2675 2306 2716 peccatrix

1321 2729 1374 2757 xet
1398 2725 1519 2758 ratione
1543 2725 1687 2758 infamiae
1703 2729 1734 2759 et
1758 2726 1878 2759 ratione
1894 2726 2107 2768 frequentiae,
2132 2727 2304 2760 secundum

1413 2917 1424 2933 ⁶
1442 2919 1526 2945 Codd.
1545 2918 1654 2945 ACFG
1673 2918 1709 2945 ad
1727 2918 1813 2952 quod,
1834 2920 1854 2944 ll
1873 2921 1984 2953 propter
1997 2919 2070 2953 quod
2082 2920 2179 2953 etiam,
2199 2922 2246 2946 cfr.
2265 2921 2305 2946 10-

1342 2965 1379 2989 fra
1399 2972 1424 2990 0.
1445 2965 1486 2989 68,
1507 2963 1624 2989 Subinde
1643 2971 1692 2996 pro
1711 2963 1813 2989 dimisit
1831 2964 1889 2990 Vat.
1906 2963 2007 2991 abiecit.

1413 3007 1422 3022 ⁷
1445 3009 1519 3034 Vers.
1539 3009 1563 3033 9.

1414 3051 1424 3066 ³
1446 3053 1520 3078 Vers.
1540 3054 1582 3078 23.
1602 3056 1627 3078 et
1647 3053 1688 3078 27.

1414 3095 1425 3110 ⁹
1446 3098 1518 3123 Vers.
1540 3098 1586 3129 20,
1606 3100 1665 3129 post
1683 3104 1762 3129 quem
1783 3097 1859 3122 Prov.
1880 3098 1909 3128 8,
1930 3097 1971 3122 3¹.

1415 3139 1437 3155 ¹⁰
1457 3141 1530 3166 Vers.
1551 3141 1592 3165 38.

1415 3184 1435 3199 ¹¹
1457 3185 1530 3210 Vers.
1551 3185 1574 3210 3.
1595 3198 1630 3203 -
1650 3183 1766 3210 Subinde
1785 3184 1910 3215 allegatur
1931 3184 2013 3210 Eeclc.
2032 3184 2057 3214 7,
2077 3183 2119 3209 27.

1416 3227 1437 3243 ¹²
1458 3229 1559 3255 Scilicet
1571 3229 1638 3254 Petr.
1650 3228 1805 3260 chrysolog.
1817 3228 1970 3260 archiepisc.
1990 3229 2137 3260 Ravennas,
2158 3229 2241 3254 Serm.
2261 3229 2303 3254 93.

1343 3281 1368 3299 0.
1380 3274 1407 3299 8:
1420 3274 1450 3299 ln
1460 3273 1565 3299 civitate
1571 3272 1723 3306 peccatrix.
1733 3271 1843 3297 Civitate
1854 3271 1931 3305 [alias
1940 3271 2048 3297 Civitati
2053 3280 2063 3302 ,·
2076 3271 2105 3296 ln
2116 3271 2234 3305 civitate]
2245 3280 2303 3304 pec-

1344 3322 1462 3348 caverat,
1481 3318 1542 3350 quia
1563 3319 1631 3342 sama
1651 3323 1696 3342 sua
1718 3317 1813 3341 sumam
1833 3317 1911 3342 totius
1930 3316 2048 3348 tetigerat
2067 3316 2193 3347 civitatis;
2212 3317 2303 3349 sicque

1345 3360 1395 3385 iam
1417 3367 1467 3385 nou
1487 3360 1615 3392 peccatrix
1635 3361 1734 3391 solum,
1754 3360 1799 3385 sed
1819 3360 1903 3392 ipsius
1922 3360 2032 3385 civitatis
2059 3361 2123 3385 sacta
2145 3361 2227 3386 tuerat
2245 3360 2301 3392 ipsa

1342 3408 1491 3437 peccatum.
1501 3402 1543 3422 ⁴—'
1554 3404 1676 3436 Sequitur
1691 3404 1770 3429 Amos
1783 3404 1809 3436 7,
1833 3404 1871 3429 17.
1884 3417 1919 3422 -
1933 3404 1982 3429 Pro
1996 3403 2136 3430 Ravennas
2155 3404 2176 3429 D
2197 3403 2302 3430 Glossa.

2325 1989 2452 2012 Secundum.
