2427 3872
389 227 453 255 CON

97 273 148 299 324
168 273 203 299 37
222 287 258 292 -
275 273 396 306 sequitur
409 272 575 299 vocationem
591 272 642 299 453
656 273 689 298 30
702 268 741 292 -—‘

95 318 145 344 Per
158 324 317 344 consensum
331 317 449 350 aperitur
462 320 537 350 porta
548 317 649 349 gratiae
658 316 732 342 597⁴

103 370 106 373 ’
149 376 185 381 -—-
204 363 231 388 ln
242 369 373 388 consensu
387 365 586 388 consummatur
600 364 737 394 peccatum

95 406 206 433 interius
225 406 258 432 Vl
278 407 330 432 399
351 407 385 432 30
403 421 439 425 -
458 407 485 433 111
504 413 635 433 consensu
658 407 738 432 homo

95 451 207 477 moritur
226 450 288 477 ibid.
301 450 354 477 585
368 451 378 477 1
396 466 432 470 -
445 451 493 477 Per
506 457 664 477 consensum
685 457 739 476 mo-

94 496 162 522 ritur
181 499 304 528 peccator
323 496 350 521 in
370 495 451 521 domo
466 495 517 521 406
537 496 572 521 63
590 510 627 514 -—
647 495 739 527 lmpie·

96 543 136 566 tas
155 543 194 566 est
212 540 238 566 in
257 540 338 567 corde
356 547 405 573 per
423 547 582 566 consensum
596 539 739 572 iniquitatis

97 585 148 610 ⁴⁴8
168 584 186 610 b
204 599 240 604 —
259 585 285 610 ln
305 591 434 611 consensu
463 587 586 617 peccator
610 584 739 610 occiditur

96 629 205 655 interius
232 629 310 662 quasi
334 629 359 654 in
382 629 496 655 thalamo
516 628 568 654 563
588 629 604 654 2
622 643 658 646 -
677 628 739 654 Pec-

95 676 185 700 cantes
204 673 230 699 in
249 680 378 699 consensu
398 673 580 705 significantur
598 679 646 705 per
664 673 739 704 puel-

95 718 148 744 lam
168 721 300 744 mortuam
329 718 355 744 in
374 718 456 744 domo
475 717 527 744 593
547 725 572 743 v.
593 717 627 743 44
647 718 673 743 2.
694 717 738 743 Vll

97 763 150 789 172
170 763 204 788 32

150 822 186 826 -
210 807 259 833 Per
285 813 443 833 consensum
471 809 571 839 pravae
598 806 739 832 voluntatis

98 853 179 878 homo
197 851 337 878 subiicitur
355 851 463 878 diabolo
483 851 517 878 Vl
538 851 589 877 427
610 850 643 877 14
663 850 692 877 2·
704 864 740 870 —

97 896 208 923 ratiflcat
227 896 426 922 matrimonium
446 896 539 928 culpae
559 895 611 921 545
631 895 647 921 4
664 895 739 920 —in

97 941 321 974 perpetrationem
332 940 432 973 peccati
443 940 573 973 figuratur
583 946 631 972 per
641 946 738 973 aquam

97 985 281 1012 decurrentem
309 986 356 1012 221
384 993 411 1011 ν.
431 986 464 1011 18
483 999 518 1004 -—-
538 985 623 1011 malus
648 984 740 1017 polluit

98 1030 174 1063 quasi
195 1030 350 1056 immundus
369 1029 446 1056 cibus
464 1030 517 1055 599
537 1030 552 1055 3

150 1074 323 1101 Consumto
351 1089 387 1093 -
414 1075 485 1100 Deus
512 1074 627 1100 continet
651 1073 739 1099 omnia

97 1126 145 1146 sua
164 1119 279 1152 potentia
299 1119 482 1145 conservando
501 1119 534 1145 Vl
555 1118 606 1144 ⁴⁴4
625 1125 652 1144 v.
668 1118 685 1144 7
704 1132 740 1138 —

97 1167 137 1190 est
154 1165 262 1190 effectus
282 1163 405 1190 bonitatis
424 1164 474 1189 Dei*
490 1163 543 1189 204
556 1170 583 1189 ν.
598 1164 607 1188 1
626 1176 662 1182 -
674 1163 740 1195 Ope-

96 1209 164 1236 ratio
182 1208 390 1236 conservationis
402 1212 442 1234 est
454 1215 534 1241 supra
555 1210 677 1234 naturam
692 1215 739 1234 nec

97 1254 168 1280 cadit
185 1253 236 1280 sub
255 1256 389 1286 tempore,
409 1253 456 1279 sed
476 1260 557 1285 supra
578 1252 612 1278 17
630 1259 656 1285 q.
677 1252 692 1278 3

149 1311 186 1318 —
216 1298 290 1331 Opus
320 1297 530 1324 conservationis
562 1297 681 1323 consistit
713 1297 739 1322 iu

96 1343 314 1369 transmutatione
339 1346 365 1368 et
389 1342 581 1375 propagatione
599 1344 626 1367 et
643 1341 740 1367 anima-

95 1395 156 1414 rum
176 1388 307 1414 creatione
327 1388 359 1413 Vl
378 1387 431 1413 308
451 1387 485 1413 34
497 1401 534 1407 -
546 1387 598 1413 Res
615 1393 668 1412 non
681 1392 740 1418 pos-

97 1436 158 1460 sunt
176 1433 327 1459 conservari
342 1432 367 1458 in
380 1439 409 1458 se
423 1432 500 1465 ipsis,
514 1432 576 1465 quia
591 1434 666 1457 natae
679 1434 740 1457 sunt

96 1485 145 1511 per
163 1481 284 1504 naturam
303 1477 439 1509 corrumpi
458 1475 520 1503 ibid.
533 1491 568 1495 -
581 1475 739 1502 Conservari

97 1530 112 1548 a
131 1522 201 1549 malo
219 1529 273 1549 non
293 1525 332 1548 est
344 1522 400 1548 sine
413 1522 537 1547 continuo
549 1520 669 1547 subsidio
682 1527 738 1552 gra-

97 1568 148 1594 tiae
167 1567 218 1594 474
239 1567 273 1593 34

152 1611 336 1638 Consum-:nnio
355 1626 389 1630 —-
409 1614 448 1637 est
466 1611 604 1643 diligenter
620 1610 739 1643 undique

97 1657 209 1683 circuire
228 1660 254 1683 et
273 1657 383 1683 lustrare
409 1656 531 1682 universa
552 1656 578 1681 in
597 1656 685 1681 animo
705 1655 738 1680 Vl

97 1702 131 1727 62
151 1709 178 1727 ν.
198 1702 230 1727 26
250 1716 285 1720 -
305 1701 417 1734 provida
445 1701 520 1727 deest
546 1700 573 1726 in
597 1700 676 1726 stulto
706 1700 739 1725 85

97 1754 124 1772 v.
144 1746 177 1772 14

149 1806 184 1809 -
203 1794 291 1817 nostra
312 1791 376 1816 nihil
395 1793 484 1826 potest·
508 1790 651 1816 immutare
670 1789 739 1815 circa

96 1835 247 1862 divinorum
267 1842 379 1868 operum
399 1834 637 1860 immutabilitatem
655 1834 685 1860 Vl
705 1834 738 1859 33

96 1888 123 1906 v.
145 1878 177 1906 ⁴4
196 1894 232 1900 —
251 1880 307 1906 Non
326 1879 405 1906 debet
424 1881 503 1905 homo
519 1879 686 1905 considerare
709 1885 738 1904 ea

96 1932 165 1959 quae
184 1925 313 1952 excedunt
337 1931 401 1950 suae
420 1923 637 1949 considerationis
656 1923 739 1955 possi-

95 1969 222 1996 bilitatem
242 1969 276 1996 54
296 1977 323 2003 q.
343 1970 358 1994 2
371 1983 407 1988 —
420 1969 530 1994 Animus
544 1968 739 1994 transferendus

95 2015 129 2041 ad
140 2014 377 2041 considerationem
397 2013 566 2046 sapientium,
579 2013 666 2039 relicta
680 2020 740 2039 con=

96 2059 254 2086 sideratione
273 2060 413 2085 stultorum
434 2059 468 2084 20
488 2066 515 2084 ν.
536 2059 551 2084 3

150 2118 185 2123 -
203 2105 238 2130 Ex
256 2103 369 2130 diversis
387 2102 641 2129 considerationibus
659 2104 739 2128 homo

97 2149 168 2176 cadit
186 2148 220 2174 ab
239 2156 291 2174 una
317 2148 487 2174 meditatione
509 2148 535 2173 in
554 2148 631 2173 aliam
651 2148 684 2174 Vl
704 2147 738 2173 49

96 2202 123 2227 q.
137 2194 152 2220 2
165 2207 202 2213 —
214 2194 338 2227 Quinque
351 2193 573 2229 considerationes
592 2195 653 2218 sunt
665 2192 739 2225 quin-

95 2246 149 2273 que
168 2245 251 2271 panes
269 2239 321 2264 319
342 2239 370 2264 11
388 2253 423 2256 -
437 2238 458 2263 Α
477 2238 687 2264 consideratione
701 2244 738 2263 re-

97 2284 176 2310 trahit
195 2283 313 2309 delectus
326 2282 471 2316 potentiae,
491 2283 636 2315 sapientiae
654 2285 679 2308 et
695 2289 737 2314 pa-

99 2328 137 2354 cis
157 2328 188 2354 ⁴7
209 2335 235 2353 v.
256 2328 289 2353 ⁴2
303 2341 338 2347 —-
351 2328 376 2353 ln
397 2327 589 2353 considerando
607 2330 647 2352 est
665 2325 739 2352 labor

98 2376 124 2399 et
142 2372 246 2398 afflictio
265 2372 373 2404 spiritus
391 2373 425 2398 20
444 2379 472 2398 ν.
492 2372 501 2397 1

151 2432 186 2436 -
205 2417 390 2444 Considerator
408 2417 528 2442 incautus
551 2416 662 2441 malitiae
681 2415 739 2441 alie-

98 2469 147 2489 nae
166 2462 218 2488 ruit
235 2461 270 2488 ad
289 2461 507 2491 inobedientiam,
523 2460 662 2486 locutionis
680 2461 739 2486 stul-

97 2507 193 2538 titiam,
212 2506 399 2539 cogitationem
413 2512 549 2532 erroneam
570 2506 603 2531 Vl
624 2505 657 2531 42
677 2512 691 2530 a
705 2519 739 2524 —

97 2551 277 2578 Consideratio
287 2551 438 2577 defectuum
449 2550 549 2576 inducit
560 2550 740 2582 compunctio-

99 2603 160 2622 nem
181 2595 227 2621 271
254 2596 286 2621 13

152 2654 187 2659 -
211 2640 309 2671 Omne,
338 2640 411 2673 quod
440 2639 558 2672 agimus,
584 2638 740 2672 praevenire

76 2718 79 2719 .
96 2684 227 2712 debemus
245 2691 293 2717 per
311 2684 429 2710 studium
457 2683 672 2709 considerationis
699 2683 740 2708 Vll

99 2729 151 2755 377
170 2728 204 2754 58

152 2773 285 2800 Consmuu
304 2788 339 2792 —
359 2773 454 2799 Semita
475 2772 642 2798 consiliorum
668 2772 741 2798 ducit

98 2819 132 2844 ad
152 2817 283 2845 Christum
298 2818 330 2844 Vl
350 2818 401 2843 563
422 2817 438 2843 5
456 2830 492 2836 -
510 2817 660 2848 evange-lica
681 2823 741 2848 per-

99 2863 200 2889 ducunt
224 2862 340 2888 animam
365 2862 399 2887 ad
428 2861 614 2893 perfectionem
643 2860 741 2893 praeci-

98 2914 181 2940 puam
201 2907 245 2933 Vll
265 2907 316 2932 523
331 2907 345 2932 8
359 2920 393 2926 -—
408 2907 455 2932 Per
468 2906 573 2932 consilia
594 2906 646 2931 itur
664 2906 739 2938 quasi

99 2958 148 2984 per
167 2955 290 2978 montana
311 2954 336 2977 et
349 2958 397 2984 per
410 2951 530 2977 semitam
544 2950 577 2976 Vl
598 2950 648 2976 583
670 2950 680 2975 ⁴
704 2963 739 2969 —

98 2997 191 3029 triplex
210 2996 315 3029 respicit
334 2996 421 3022 carnis
440 2995 665 3021 mortificationem
682 3001 741 3021 con·

99 3045 137 3066 tra
166 3041 405 3073 concupiscentiam
433 3040 531 3071 carnis,
555 3039 739 3072 temporalium

99 3085 281 3111 dimissionem
299 3087 390 3111 contra
404 3084 641 3117 concupiscentiam
655 3084 741 3110 oculo-

100 3136 169 3162 rum,
188 3129 312 3161 propriae
330 3128 472 3155 voluntatis
491 3128 663 3155 abiectionem
682 3135 740 3154 con-

99 3176 139 3199 tra
158 3172 311 3206 superbiam
330 3173 400 3199 vitae
426 3173 477 3199 584
502 3174 517 3198 3
541 3186 577 3192 -
595 3173 683 3199 divina
703 3180 741 3198 se-

99 3217 189 3250 quenti
208 3223 260 3243 non
278 3217 390 3243 deerunt
409 3217 555 3243 necessaria
576 3216 627 3243 554
648 3216 680 3242 47

153 3274 189 3281 -—
207 3261 323 3294 disponit
341 3262 375 3288 ad
404 3261 559 3288 intellectum
590 3261 633 3287 Vll
654 3260 704 3287 474
723 3260 739 3286 7

100 3318 135 3324 —
155 3305 267 3331 salutare
292 3313 398 3338 semper
422 3305 630 3339 perquirendum
649 3308 689 3331 est
706 3303 740 3331 ab

101 3356 154 3376 uno
174 3349 365 3382 sapientissimo
384 3349 486 3377 Christo
515 3353 541 3376 et
564 3357 670 3376 summo
689 3356 741 3376 ma-

765 183 800 216 ΙΝ
824 182 1118 216 COMMENTARIOS
1142 183 1170 215 S.
1196 183 1422 217 SCRIPTURAE

776 272 858 304 gistro
878 271 924 297 461
949 271 983 297 36
1002 285 1037 291 -
1063 271 1163 298 bonum
1191 279 1297 304 semper
1322 272 1417 298 haben-

775 317 841 342 dum
860 322 951 342 secum
973 316 1004 341 Vl
1025 315 1058 341 40
1079 323 1106 341 ν.
1126 317 1159 341 12

829 360 983 387 Consentino
996 373 1032 379 —
1046 361 1117 385 fovet
1136 363 1228 386 mutuo
1248 360 1281 386 Vl
1297 360 1329 386 40
1343 368 1370 387 ν.
1385 362 1417 386 12

775 420 810 424 -
829 405 932 431 animae
950 404 1104 436 designatur
1123 405 1148 430 in
1167 404 1301 430 sedatione
1320 408 1418 437 tempe·

776 450 848 476 statis
867 449 997 475 maximae
1018 449 1059 475 vn
1080 449 1131 474 200
1151 448 1195 481 43,
1214 448 1248 474 45
1261 463 1296 467 -
1310 450 1343 475 ad
1358 456 1419 475 con-

776 494 930 520 solationem
950 493 1054 519 animae
1081 496 1121 519 est
1148 494 1294 519 necessaria
1320 494 1418 525 oratio,

776 539 884 565 devotio
902 542 928 564 ct
948 538 992 564 Dei
1013 537 1195 563 honorificatio
1214 538 1261 563 201
1287 537 1320 563 45

828 598 864 602 -
882 583 1003 608 Defectus
1022 583 1209 608 consolationis
1228 585 1268 608 est
1285 582 1418 615 quaedam

777 628 892 654 solitudo
912 627 945 654 Vl
966 627 999 653 40
1018 635 1045 661 q.
1066 642 1100 646 —
1119 627 1210 653 divina
1238 627 1371 655 obtinetur
1393 628 1419 653 in

776 672 915 699 solitudine
926 672 978 697 569
989 679 1016 698 ν.
1027 671 1060 697 15
1069 687 1105 690 -
1115 672 1235 698 hauritur
1252 679 1267 697 a
1283 673 1354 697 fonte
1366 671 1420 704 spl-

776 718 875 743 ritualis
894 717 1005 742 laetitiae
1018 716 1070 742 555
1090 717 1106 742 3
1124 730 1161 736 —
1180 716 1293 748 Spiritus
1311 719 1419 742 sanctus

776 762 925 788 consolatur
943 768 992 793 spe
1011 761 1105 787 veniae
1125 761 1175 786 443
1197 761 1230 786 36

829 820 865 826 -
884 806 1080 833 consolationes
1098 812 1226 838 supernas
1247 805 1347 831 hahere
1365 812 1418 831 non

777 858 920 884 possumus
938 851 988 877 nisi
1007 858 1055 883 per
1074 851 1174 876 donum
1194 851 1294 883 gratiae
1312 850 1419 876 divinae

778 897 820 923 Vll
834 896 886 922 539
900 896 934 921 58
947 910 982 915 -
996 895 1137 922 Deficiente
1156 895 1334 921 consolatione
1352 898 1419 921 exte-

776 941 852 973 riori,
871 941 946 967 adest
964 940 1073 966 interior
1099 940 1141 979 Vt!
1159 940 1211 965 608
1230 940 1246 965 3
1267 939 1285 965 b
1303 954 1339 958 —
1359 947 1420 972 pro-

777 986 886 1012 mittitur
913 985 1020 1012 tristatis
1047 992 1078 1011 ex
1106 985 1213 1011 caritate
1242 985 1293 1010 608
1314 986 1330 1011 2
1349 992 1364 1010 a
1383 999 1418 1003 —

776 1030 866 1057 divina
885 1030 1045 1063 promittitur
1058 1029 1181 1056 desolatis
1195 1029 1246 1055 458
1261 1030 1305 1056 ⁴3.
1319 1029 1369 1055 460
1384 1029 1418 1055 24

775 1089 812 1095 -
830 1082 936 1108 semper
954 1075 1069 1102 admixta
1089 1078 1128 1101 est
1147 1075 1266 1101 tristitiae
1290 1074 1417 1107 spirituali

777 1120 828 1146 607
856 1122 871 1146 2
891 1134 926 1140 -
944 1121 1036 1153 Aquae
1064 1119 1249 1146 consolationis
1276 1119 1419 1152 spiritualis

776 1165 941 1198 appetendae
960 1165 1012 1191 627
1033 1165 1048 1190 9
1138 1184 1141 1189 .,

829 1225 865 1228 -
883 1210 971 1236 danda
1000 1208 1164 1242 plorantibus
1192 1209 1226 1235 Vl
1250 1209 1283 1234 37
1303 1216 1330 1235 v.
1349 1210 1365 1234 2
1384 1222 1420 1228 -

777 1255 844 1281 Tota
872 1254 986 1281 Trinitas
1014 1254 1163 1280 consolatur
1190 1254 1294 1280 animae
1316 1257 1418 1286 partem

776 1299 930 1325 rationalem
961 1299 1130 1331 intelligentia
1143 1318 1150 1330 ,
1185 1297 1418 1331 concupiscibilem

777 1344 871 1370 laetitia
881 1365 887 1376 ,
906 1343 1064 1370 irascibilem
1080 1350 1145 1376 pace
1158 1347 1184 1369 et
1197 1343 1354 1369 confidentia
1368 1342 1419 1369 457

779 1389 811 1414 10
830 1403 865 1408 —
884 1389 979 1414 Anima
999 1389 1024 1414 in
1043 1388 1174 1420 praesenti
1200 1388 1280 1414 habet
1303 1388 1420 1414 consola-

776 1433 874 1459 tionem
893 1440 923 1459 ex
942 1433 1135 1465 exspectatione
1153 1432 1284 1458 bonorum
1304 1436 1420 1458 aeterno-

777 1485 837 1504 rum
866 1481 892 1503 et
919 1484 951 1503 ex
978 1478 1137 1510 experientia
1156 1477 1346 1509 spiritualium,
1366 1484 1418 1510 qua

776 1525 937 1549 sustentatur
956 1522 980 1548 in
999 1522 1159 1551 adversitate
1178 1522 1317 1554 temporali
1337 1524 1363 1547 et
1380 1528 1420 1547 re-

777 1567 862 1593 ficitur
881 1567 907 1592 in
927 1567 1101 1599 prosperitate
1119 1566 1246 1598 spirituali
1267 1566 1355 1591 566”8

829 1625 865 1631 -
884 1612 956 1637 Nulla
975 1611 1118 1637 consolatio
1138 1611 1163 1636 in
1182 1610 1299 1637 absentia
1324 1610 1420 1637 Christi

778 1657 810 1683 Vl
829 1657 881 1682 508
901 1657 930 1682 21
955 1671 989 1675 —
1009 1656 1130 1682 Defectus
1159 1656 1276 1681 internae
1304 1656 1419 1681 consola-

777 1702 858 1740 tionis·
872 1701 1038 1734 plangendus
1057 1701 1103 1726 271
1130 1701 1162 1726 13
1181 1715 1215 1719 —
1228 1699 1418 1726 Abstinendum

776 1753 790 1772 a
810 1746 949 1772 dulcedine
963 1745 1107 1778 praesentis
1125 1745 1312 1772 consolationis
1332 1744 1382 1770 240
1403 1745 1418 1770 3

776 1806 811 1810 -
831 1791 871 1818 Ad
890 1791 1094 1818 consolationem
1114 1793 1281 1823 praesentem
1300 1790 1420 1823 sequitur

776 1836 903 1862 desolatio
922 1836 964 1862 Vll
988 1836 1032 1862 151
1058 1836 1091 1862 58
1105 1850 1140 1854 ——
1153 1842 1280 1868 praesens
1298 1837 1338 1860 est
1350 1841 1418 1860 vana

776 1884 802 1906 et
820 1881 882 1907 falsa
901 1880 963 1907 ibid.
983 1896 1017 1899 —
1037 1887 1162 1913 praesens
1180 1879 1303 1912 fugienda
1324 1882 1377 1910 est,
1391 1882 1418 1905 ut

776 1933 823 1958 per
842 1926 1032 1952 desolationem
1052 1925 1110 1951 viae
1129 1925 1300 1957 perveniatur
1313 1924 1347 1950 ad
1360 1931 1418 1950 con-

776 1970 929 1996 solationem
949 1971 1049 2003 patriae
1068 1969 1131 1996 ibid.
1155 1983 1191 1989 -
1210 1970 1310 2002 patriae
1329 1976 1419 2002 exspe-

775 2015 869 2041 ctanda
889 2018 943 2046 est,
970 2022 1022 2041 non
1052 2015 1271 2047 praeoccupanda
1296 2013 1358 2041 ibid.
1383 2029 1418 2032 —

776 2063 878 2087 terrena
899 2060 995 2086 tollitur
1014 2067 1028 2085 a
1047 2060 1232 2092 persecutione
1253 2059 1303 2085 467
1329 2060 1363 2085 50
1384 2074 1417 2078 -

776 2106 796 2131 Α
816 2105 994 2131 consolatione
1014 2108 1053 2131 est
1072 2105 1196 2130 transitus
1221 2104 1256 2130 ad
1283 2105 1419 2137 sempiter-

776 2157 836 2176 nam
856 2150 1022 2175 afflictionem
1043 2149 1093 2175 423
1115 2149 1149 2175 55

829 2209 865 2213 —-
884 2195 939 2220 Mos
959 2195 1114 2220 ludaeorum
1128 2197 1184 2220 erat
1196 2194 1325 2220 consolari
1345 2194 1418 2227 plan-

776 2244 868 2271 gentes
887 2242 1020 2265 mortuum
1050 2239 1093 2265 Vll
1118 2238 1163 2264 171
1188 2239 1222 2264 22
1241 2253 1276 2257 -
1295 2239 1350 2264 Non
1376 2240 1419 2264 ha-

777 2284 839 2310 bere
863 2284 1056 2310 consolatorem
1080 2286 1209 2316 aggravat
1236 2284 1417 2309 crudelitatem

779 2330 809 2355 vl
830 2329 862 2354 37
883 2336 909 2355 v.
929 2330 944 2354 2

830 2372 992 2399 Consrmtmo
1012 2386 1046 2392 -
1066 2375 1105 2398 cst
1123 2372 1253 2404 colligatio
1272 2372 1298 2397 iu
1318 2372 1417 2397 malum

777 2418 810 2444 Vl
831 2417 882 2443 378
902 2418 944 2443 28.
965 2417 1008 2443 Vll
1029 2417 1079 2442 139
1100 2417 1133 2442 19

830 2461 986 2488 ΕοΝετΑΝΉΛ
1006 2475 1041 2481 -
1060 2464 1099 2486 est
1118 2461 1242 2486 fortitudo
1267 2461 1292 2486 in
1319 2460 1370 2486 ssde
1394 2464 1420 2485 et

778 2507 803 2532 in
822 2506 894 2532 omni
919 2505 1033 2532 bonitate
1053 2506 1096 2531 Vll
1118 2505 1167 2530 177
1188 2505 1220 2530 48
1240 2520 1275 2523 -
1295 2505 1343 2537 Qui
1363 2505 1423 2532 vult

777 2551 886 2583 adipisci
906 2550 1028 2576 virtutem
1059 2550 1218 2575 constantiae
1247 2548 1327 2575 debet
1345 2549 1419 2574 relin-

777 2602 859 2629 quere
878 2595 1008 2621 mundum
1029 2598 1054 2619 et
1070 2594 1139 2619 exire
1152 2593 1185 2619 ad
1200 2593 1321 2619 loannem
1336 2593 1362 2618 in
1376 2593 1419 2619 de-

779 2644 877 2666 sertum
898 2638 959 2665 ibid.

830 2698 866 2704 —-
884 2685 940 2710 sine
959 2683 1082 2716 patientia
1107 2689 1165 2709 esse
1192 2689 1244 2708 non
1273 2685 1359 2715 potest
1385 2683 1417 2708 Vl

778 2730 812 2755 57
831 2737 858 2755 ν.
877 2730 892 2754 9
911 2743 947 2748 -
965 2736 1017 2755 11011
1038 2728 1105 2754 bene
1124 2730 1174 2753 stat
1201 2734 1262 2753 cum
1282 2727 1417 2753 Iracundia

778 2772 840 2799 ibid.
854 2787 889 2793 -
903 2773 1021 2805 perditur
1035 2779 1082 2804 per
1095 2772 1254 2798 calumniam
1274 2774 1300 2797 et
1319 2771 1418 2797 iracun-

777 2818 849 2844 diam
881 2822 907 2843 ct
934 2820 1106 2843 conservatur
1136 2823 1183 2848 per
1210 2816 1364 2848 patientiam
1392 2820 1418 2842 et

778 2863 1001 2895 perseverantiam
1021 2862 1054 2887 56
1075 2869 1101 2887 v.
1120 2861 1135 2885 8
1154 2874 1190 2880 —
1202 2860 1356 2887 Constantes
1368 2861 1418 2886 sal-

778 2910 873 2933 vantur
892 2914 906 2932 a
926 2907 994 2932 malo
1014 2913 1120 2938 pugnae
1148 2908 1172 2930 ct
1197 2905 1343 2931 tentationis
1365 2904 1417 2931 557

777 2955 803 2976 ν.
824 2950 856 2976 42
875 2965 910 2968 -
929 2950 1082 2976 Constantes
1100 2950 1204 2974 fuerunt
1222 2955 1315 2974 omnes
1330 2948 1417 2974 Sancti

777 2995 820 3020 Vll
843 2995 892 3020 177
912 2994 945 3020 48

832 3053 865 3058 -
886 3046 936 3065 non
955 3038 1035 3065 debet
1052 3038 1146 3064 dimitti
1166 3037 1199 3063 Vl
1219 3038 1253 3063 80
1273 3044 1299 3063 v.
1313 3037 1329 3063 4
1342 3052 1377 3056 -—
1391 3038 1417 3063 in

779 3084 834 3116 ipsa
853 3084 940 3109 anima
959 3082 1121 3117 conquiescit
1134 3081 1196 3108 ibid.
1215 3096 1249 3100 -—
1268 3081 1417 3108 adhibenda

778 3131 817 3154 est
830 3128 856 3153 in
867 3128 993 3160 perlculis
1003 3130 1093 3153 contra
1105 3126 1255 3152 violentiam
1267 3126 1309 3152 Vll
1321 3125 1372 3151 552
1384 3126 1411 3151 41

829 3172 995 3199 Οοκευετυυο
1016 3186 1049 3190 -
1068 3174 1107 3197 est
1119 3172 1199 3197 altera
1212 3174 1303 3196 natura
1320 3171 1350 3196 Vl
1367 3170 1416 3195 ⁴86

778 3224 803 3242 v.
825 3217 857 3242 ⁴0
876 3230 911 3236 —
930 3217 964 3242 Ea
988 3223 1057 3249 quae
1076 3223 1106 3241 ex
1126 3214 1316 3241 consuetudine
1343 3218 1417 3246 sunt,

778 3261 883 3286 difilcile
901 3261 943 3286 vel
962 3266 1099 3293 nunquam
1118 3259 1177 3285 exui
1196 3262 1308 3291 possunt
1326 3257 1386 3285 ibid.

831 3319 866 3324 —
885 3305 953 3330 maln
967 3305 1057 3337 polluit
1071 3304 1204 3330 hominem
1218 3303 1295 3336 quast
1308 3303 1418 3329 immun-

779 3349 829 3375 dus
848 3348 959 3375 morbus
978 3349 1010 3375 vt
1032 3348 1082 3374 599
1103 3349 1118 3374 3
1137 3361 1173 3367 -
1192 3349 1212 3374 Α
1229 3347 1419 3374 consuetudine

2032 187 2095 220 723

1746 230 1808 256 cos

1456 274 1582 305 peccandi
1611 275 1693 300 oritur
1715 275 1856 301 obstinatio
1877 276 1926 301 579
1948 278 1963 302 2
1982 291 2016 295 -
2036 284 2097 309 pec-

1455 318 1504 343 cati
1534 321 1659 351 tanquam
1688 319 1754 351 lapis
1782 320 1947 351 ponderosus
1971 322 2096 348 deorsum

1456 362 1533 387 trahit
1552 362 1603 387 406
1623 363 1657 388 63
1670 377 1705 383 —
1719 365 1817 395 peccati
1832 368 1871 390 est
1883 366 2016 397 sepultura
2035 366 2096 392 ibid.

1456 406 1509 432 585
1530 407 1539 431 ⁴
1564 420 1599 426 —
1613 407 1751 433 Dece-antes
1765 408 1790 433 in
1810 410 2001 435 consuetudine
2020 411 2097 442 signi·

1456 450 1568 476 ficantur
1593 458 1640 482 per
1666 452 1791 477 Lazarum
1818 454 1950 485 sepultum
1984 455 2033 479 399
2055 456 2097 480 30.

1457 494 1508 519 593
1530 502 1557 520 ν.
1575 495 1607 520 44
1628 496 1653 520 2.
1674 496 1715 521 Vll
1737 497 1787 522 1172
1808 497 1841 522 32

1509 539 1646 572 —iniqua
1668 541 1755 571 potius
1773 542 1938 573 exstirpanda
1959 547 1997 567 est
2016 551 2095 576 quam

1457 583 1567 608 tenenda
1582 583 1614 608 Vl
1630 584 1680 609 200
1696 592 1721 609 ν.
1742 585 1772 609 16
1786 599 1821 604 -
1836 592 1916 617 prava
1937 587 2097 618 significatur

1457 633 1505 659 per
1515 634 1621 653 cursum
1632 629 1784 654 animalium
1799 629 1943 655 ludentium
1959 632 2004 656 221
2023 639 2048 656 ν.
2066 633 2096 656 ⁴8

1510 671 1720 698 Cowreurnuv».
1739 687 1776 693 —
1794 678 1833 699 est
1853 674 1876 699 in
1897 675 1943 700 Dei
1957 676 2098 702 adhaeren-

1458 716 1501 746 tia,
1521 716 1545 741 in
1565 723 1617 749 qua
1637 721 1676 742 est
1702 717 1754 742 vita
1783 717 1856 744 beata
1878 719 1919 744 Vll
1940 720 1991 745 274
2011 720 2044 745 72
2064 735 2097 738 —

1456 763 1564 786 revocat
1583 761 1615 786 ad
1637 761 1757 786 interiora
1778 762 1809 787 Vl
1831 762 1881 787 385
1903 764 1929 788 11
1949 765 2022 789 —ln
2039 772 2098 790 ςοιι-

1457 805 1609 837 templativa
1636 809 1674 831 est
1693 813 1830 837 regressus
1848 807 1882 832 ad
1901 814 1946 833 cor
1966 812 1992 833 et
2011 809 2099 834 transi-

1457 852 1498 875 tus
1516 849 1550 875 ad
1570 850 1750 876 delectationis
1768 851 1921 877 convivium
1942 852 1984 878 Vll
2000 853 2045 878 431
2069 854 2097 880 18

1456 909 1491 913 -
1511 894 1625 920 Refectio
1644 896 1864 927 contemplativae
1883 903 1936 922 non
1956 898 2042 923 statim
2056 898 2099 924 da—

1457 941 1498 965 tur
1517 939 1616 965 homini
1637 940 1749 965 venienti
1773 940 1812 966 -de
1840 942 1962 967 exercitio
1990 943 2099 968 actionis

1456 983 1519 1010 ibid.

1509 1042 1546 1048 —-
1563 1029 1700 1061 suspendit
1719 1032 1745 1055 et
1763 1030 1859 1056 occidit
1873 1034 1957 1057 morte
1970 1031 2097 1064 spirituali

1458 1073 1490 1099 Vl
1510 1073 1561 1099 590
1583 1074 1615 1099 13
1635 1088 1669 1092 ——
1689 1074 1737 1100 Per
1762 1075 2009 1107 contemplationem
2030 1076 2099 1102 intel-

1455 1120 1537 1146 lectus
1557 1121 1627 1146 Deus
1645 1125 1756 1153 apparet
1775 1122 1826 1149 112
1846 1129 1871 1147 ν.
1892 1123 1907 1148 2
1926 1137 1961 1141 -
1981 1122 2098 1149 Contem-

1457 1164 1591 1196 plantibus
1610 1166 1727 1198 aperitur
1747 1167 1787 1192 lux
1807 1167 1923 1193 veritatis
1943 1167 1984 1193 Vll
2000 1169 2049 1193 586
2065 1169 2098 1193 69

1456 1223 1492 1229 -
1517 1209 1733 1242 Contemplativis
1761 1212 1907 1237 necessaria
1936 1217 1974 1238 est
2002 1213 2098 1238 veritas

1457 1254 1593 1281 doctrinae
1611 1255 1644 1281 Vl
1665 1256 1716 1281 606
1737 1257 1752 1281 2
1772 1271 1807 1274 --
1820 1256 2019 1289 Contemplativi
2033 1259 2099 1283 exal-

1457 1301 1543 1324 tantur
1562 1302 1671 1331 propter
1690 1306 1765 1325 suam
1785 1300 1941 1332 sapientiam
1963 1301 2013 1326 596
2035 1301 2048 1327 4
2064 1315 2099 1320 -

1457 1342 1660 1376 Contemplativi
1688 1344 1851 1370 delectantur
1870 1346 1940 1371 fonte
1959 1346 2099 1377 spiritualiS

1457 1387 1568 1414 laetitiae
1588 1391 1711 1414 manante
1730 1396 1744 1414 a
1764 1389 1866 1415 Christo
1887 1390 1938 1415 555
1958 1392 1973 1416 2
1987 1405 2021 1410 -
2035 1390 2100 1417 Con-

1457 1433 1603 1465 templativi
1623 1433 1734 1459 audiunt
1753 1435 1913 1467 colloquium
1939 1436 2044 1461 divinae
2067 1438 2099 1461 fa-

1458 1477 1614 1504 miliaritatis
1639 1478 1690 1503 602
1711 1479 1726 1503 3
1754 1493 1788 1497 -
1816 1479 2017 1512 Contemplativi
2047 1481 2100 1506 Deo

1456 1523 1568 1548 offerunt
1580 1522 1703 1548 ardorem
1717 1523 1891 1555 spiritualium
1905 1525 2097 1551 desideriorum

1456 1567 1507 1593 594
1527 1568 1539 1592 1

1509 1626 1545 1631 -
1563 1611 1808 1645 Contemplantibus
1832 1615 1982 1640 revelantur
2000 1621 2098 1642 secreta

1456 1656 1657 1688 mysteriorum,
1682 1658 1820 1684 visitantur
1840 1659 1963 1685 fruitione
1981 1660 2100 1692 spiritua-

1455 1701 1519 1726 lium
1539 1701 1697 1733 gaudiorum
1727 1706 1753 1728 et
1779 1703 1956 1729 certificantur
1983 1704 2016 1730 de
2041 1705 2100 1730 adc-

1457 1746 1544 1778 ptione
1563 1747 1744 1778 praemiorum
1767 1747 1797 1772 Vl
1819 1748 1871 1773 574
1891 1749 1906 1773 6
1926 1762 1962 1768 -
1981 1748 2099 1774 Contem-

1456 1791 1557 1823 plantes
1576 1791 1747 1817 laetificantur
1771 1792 1873 1818 visione
1896 1793 2024 1825 spirituali
2047 1794 2100 1819 Sal-

1456 1836 1554 1861 vatoris
1573 1836 1707 1868 regnantis
1736 1836 1786 1861 628
1817 1837 1841 1862 3.
1871 1837 1921 1863 630
1949 1838 1990 1868 15,
2013 1838 2044 1863 16
2064 1852 2099 1857 -

1455 1879 1658 1912 Contemplativi
1678 1888 1726 1913 per
1738 1880 1870 1907 Christum
1884 1881 2058 1908 sublimantur
2074 1883 2098 1908 in

1456 1925 1556 1957 gratiae
1581 1926 1738 1957 experientia
1758 1926 1810 1952 574
1830 1927 1863 1952 26
1882 1941 1917 1946 -
1936 1926 2098 1959 Contempla-

1455 1970 1517 1996 tivis
1535 1970 1720 1996 exsistentibus
1732 1971 1759 1996 in
1772 1975 1861 1997 monte
1874 1971 2099 2003 contemplationis

1456 2015 1526 2041 Deus
1545 2015 1667 2047 perhibet
1686 2016 1863 2041 testimonium
1884 2016 1935 2041 597
1955 2023 1980 2040 ν.
2001 2016 2034 2041 28

1510 2074 1544 2078 -
1564 2061 1614 2085 Sex
1634 2064 1694 2086 sunt
1722 2061 1948 2092 contemplationis
1968 2067 2062 2092 genera
2083 2067 2096 2085 a

1455 2112 1484 2130 se
1503 2108 1528 2130 et
1547 2105 1614 2131 inter
1632 2112 1660 2131 se
1679 2106 1786 2131 omuino
1812 2106 1896 2131 divisa
1923 2106 1965 2131 Vll
1992 2106 2038 2130 231
2065 2105 2096 2130 47

1456 2163 1491 2169 -
1505 2150 1554 2175 Sex
1568 2157 1664 2181 genera
1679 2151 1905 2182 contemplationis
1925 2157 1971 2182 per
1984 2157 2027 2175 sex
2042 2149 2097 2175 dics

1457 2193 1635 2225 intelliguntur
1664 2197 1689 2219 et
1717 2201 1764 2225 per
1792 2201 1835 2219 sex
1861 2194 1975 2225 gradus,
2000 2193 2097 2226 quibus

1456 2237 1648 2264 ascendebatur
1667 2238 1700 2263 ad
1720 2238 1868 2263 Salomonis
1892 2239 2014 2263 thronum
2035 2236 2097 2263 ibid.

1455 2296 1490 2301 ——-
1510 2283 1558 2308 Per
1576 2289 1619 2308 sex
1640 2283 1681 2307 vel
1701 2286 1759 2308 octo
1778 2282 1834 2308 dies
1848 2282 2024 2313 intelliguntur
2039 2288 2097 2313 gra-

1456 2327 1507 2352 dus
1525 2327 1752 2358 contemplationis
1770 2326 1819 2351 sibi
1839 2326 2010 2352 succedentes
2023 2325 2094 2358 ibid„

1458 2371 1490 2395 48
1509 2384 1546 2390 —
1564 2371 1628 2396 Octo
1653 2374 1713 2395 sunt
1737 2370 1836 2402 gradus
1857 2371 2095 2402 contemplationis,

1456 2422 1570 2447 quorum
1590 2418 1691 2446 septem
1711 2418 1771 2440 sunt
1796 2414 1820 2439 in
1840 2415 1897 2446 via,
1926 2419 2035 2441 octavus
2055 2422 2096 2441 re-

1456 2463 1576 2484 servatur
1596 2459 1620 2484 in
1641 2459 1724 2490 patria
1744 2458 1777 2484 ib.
1799 2459 1830 2484 48
1851 2474 1886 2477 —
1909 2460 2014 2491 Septem
2040 2466 2096 2491 gra-

1457 2503 1507 2529 dus
1517 2503 1752 2535 contemplationis,
1765 2503 1798 2529 de
1811 2503 1909 2536 quibus
1922 2504 2037 2536 loquitur
2048 2505 2096 2530 Αυ-

1457 2548 1592 2579 gustinus,
1606 2551 1666 2573 sunt
1678 2555 1729 2573 non
1744 2551 1844 2573 tantum
1864 2549 1963 2580 gradus
1983 2552 2096 2574 contem-

1457 2592 1592 2624 plationis,
1606 2592 1652 2618 sed
1666 2592 1763 2625 quibus
1774 2593 1878 2618 venitur
1891 2593 1925 2618 ad
1938 2593 2096 2625 contempla-

1456 2636 1554 2663 tionem
1568 2636 1629 2663 ibid.
1643 2652 1678 2655 —
1691 2636 1925 2670 Contemplationis
1944 2637 2043 2670 gradus
2056 2644 2096 2663 se-

1456 2685 1527 2714 ptem
1547 2686 1718 2707 numcrantur
1736 2689 1750 2707 a
1772 2683 1850 2708 fratre
1869 2682 1978 2714 Aegidio
1999 2681 2058 2708 ibid.

1509 2740 1543 2744 —
1563 2726 1629 2752 Tres
1648 2730 1708 2752 sunt
1727 2727 1837 2752 virtutes
1863 2727 2026 2752 necessariae
2045 2726 2096 2751 ani-

1456 2777 1514 2795 mae
1532 2771 1751 2802 contemplativae
1766 2771 1806 2796 Vll
1821 2771 1872 2796 232
1893 2770 1926 2796 49
1946 2784 1979 2788 -
2000 2771 2025 2796 ln
2040 2770 2095 2802 api-

1455 2821 1513 2840 cem
1533 2815 1761 2847 contemplationis
1780 2815 1929 2840 ascenditur
1952 2821 1999 2846 per
2023 2815 2094 2840 viam

1455 2859 1616 2891 splendoris,
1637 2856 1741 2885 doloris*
1754 2863 1779 2885 et
1798 2860 1895 2885 amoris
1914 2858 1972 2885 ibid.
1993 2872 2030 2878 —
2048 2859 2095 2886 Per

1455 2905 1703 2936 contemplationem
1724 2903 1875 2929 ascenditur
1894 2904 1918 2928 in
1933 2904 2033 2929 caelum
2048 2910 2096 2935 per

1455 2951 1508 2974 tres
1526 2949 1625 2980 gradus
1646 2948 1695 2973 488
1718 2948 1750 2973 44

1507 3007 1542 3011 —
1562 2993 1636 3018 Vitae
1655 2992 1873 3024 contemplativae
1890 2994 2003 3024 quatuor
2021 2994 2095 3017 actus

1454 3036 1626 3069 designantur
1645 3037 1671 3062 in
1691 3043 1799 3062 ascensu
1816 3036 1911 3061 montis
1925 3036 1968 3061 Vll
1989 3036 2040 3061 239
2059 3035 2093 3061 72

1454 3094 1490 3100 --
1502 3082 1581 3107 Actus
1595 3080 1813 3112 contemplativae
1822 3083 1882 3105 sunt
1892 3080 1988 3111 oratio,
2003 3079 2094 3110 lectio,

1455 3125 1579 3151 contuitio
1593 3125 1743 3151 divinorum
1757 3128 1782 3149 et
1796 3123 1919 3149 revelatio
1933 3127 2094 3149 secretorum

1455 3169 1516 3196 ibid.

1509 3228 1542 3232 —
1563 3214 1619 3240 Vita
1640 3212 1840 3244 contemplativa
1868 3211 1985 3238 abundat
2007 3214 2094 3245 cogni-

1456 3259 1540 3289 tione,
1553 3257 1707 3289 devotione‚
1722 3257 1841 3289 caritate,
1855 3256 2015 3288 defensione,
2026 3261 2095 3283 tran-

1455 3302 1595 3336 quillitate,
1613 3301 1741 3328 suavitate
1761 3304 1786 3327 et
1807 3308 1913 3328 sursum
1923 3302 2038 3333 agilitate
2052 3302 2094 3327 Vll

1456 3347 1507 3373 232
1536 3346 1570 3373 50
1590 3359 1623 3365 -—
1643 3346 1668 3371 ln
1697 3345 1923 3378 contemplationis
1952 3352 2093 3378 progressu
