2476 3921
183 781 288 807 Respecto

163 807 263 835 pauperis
272 807 306 827 de*

196 834 273 855 relicti.

170 1310 298 1331 Notandum.

320 256 384 288 [118

322 344 372 377 lob
396 342 545 385 vigesimo
569 341 706 374 secundo
721 342 754 373 ¹:
785 354 801 369 <t
817 340 934 382 Aquam
968 340 1049 372 lasso
1081 348 1142 371 non
1167 337 1277 371 dedisti

320 403 350 429 et
374 396 524 430 esurienti
549 394 735 428 subtraxisti
753 402 864 436 panem
883 404 914 432 »;
931 396 961 426 et
978 392 1176 425 Ambrosius:
1198 404 1214 419 α
1227 391 1279 423 Di-

321 452 412 489 vites‚
438 453 585 491 tanquam
610 457 707 490 supra
730 450 874 480 naturam
900 445 969 484 siti,
992 446 1030 478 de
1052 445 1186 478 miseriis
1202 454 1279 487 pau-

321 513 430 546 perum
449 502 601 535 incentiva
618 510 748 534 suarum
766 500 893 542 capiunt
910 500 1106 541 voluptatum
1125 512 1154 530 n.
1173 516 1214 522 -
1233 498 1277 529 Ex

322 558 369 589 lllS
393 560 497 589 autem
522 564 579 588 sex
610 553 772 586 manifeste
802 553 977 586 ostenditur
1009 552 1100 584 istius
1131 550 1279 593 pauperis

320 612 562 651 030513101130
585 607 714 649 dignum
739 606 841 648 ipsum
868 604 1082 638 misericordia
1102 603 1233 636 faciebat
1248 605 1279 635 et

319 663 446 695 divitem
470 662 507 694 de
530 661 647 693 duritia
671 658 948 702 reprehensibilem
973 657 1165 691 ostendebat.

409 715 461 748 43.
487 714 628 747 Secundo
652 717 806 755 quantum
838 712 875 744 ad
905 711 1069 753 pauperis
1098 709 1279 755 derelictio-

319 773 395 802 nem'
416 768 542 802 subdit:
577 768 615 800 Et
642 776 734 799 nemo
759 766 808 798 illi
830 765 955 803 dabac;
980 764 1062 797 unde
1088 766 1209 806 poterat
1232 762 1278 794 di-

320 832 390 856 cere
414 824 548 855 Lazarus
572 820 648 853 illud
673 821 767 853 lsaiae
791 818 986 861 sexagesimo
1010 818 1149 850 tertiofl:
1180 829 1195 845 a
1211 815 1278 848 Cir-

320 876 501 918 cumspexi,
534 877 564 907 et
588 883 649 906 non
673 876 742 906 erat
764 872 952 912 auxiliator3
977 870 1136 914 quaesivi,
1160 872 1191 902 et
1215 878 1276 901 non

320 933 388 963 crat
411 929 464 971 qui
489 928 652 960 adiuvaret
669 939 699 965 »;
724 930 755 959 et
779 925 981 958 Ecclesiastae
1006 915 1109 956 nono:
1133 936 1147 951 α
1165 922 1276 954 Nullus

319 982 465 1024 deinceps
495 980 678 1014 recordatus
710 983 758 1013 est
788 978 924 1012 hominis
956 978 1041 1010 illius
1072 976 1221 1019 pauperis
1245 987 1275 1013 »;

319 1035 392 1076 quia
404 1060 411 1073 ,
436 1034 517 1066 sicut
533 1033 648 1066 dicitur
665 1032 906 1065 proverbiorum
924 1031 1043 1063 decimo
1060 1038 1160 1068 nono,
1181 1041 1196 1056 «
1214 1028 1276 1060 fra-

319 1093 383 1120 tres
406 1087 543 1119 hominis
566 1086 714 1128 pauperis
730 1085 865 1118 oderunt
881 1093 952 1116 eum
965 1110 972 1122 ,
990 1083 1119 1124 insuper
1136 1085 1167 1115 et
1182 1081 1273 1114 amici

319 1142 387 1173 cius
410 1143 610 1173 recesserunt
633 1139 673 1171 ab
696 1148 733 1172 eo
751 1152 779 1170 ».
804 1138 890 1171 Unde
908 1137 964 1169 iste
981 1145 1102 1178 pauper
1119 1144 1192 1168 vere
1209 1140 1277 1168 erat

318 1194 504 1232 derelictus,
537 1192 710 1225 secundum
742 1191 819 1224 illud
851 1190 1008 1223 Psalmi-²³:
1039 1189 1137 1222 «Tibi
1162 1189 1275 1222 dereli-

319 1251 388 1279 ctus
411 1250 458 1278 est
483 1254 603 1287 pauper
619 1257 649 1284 »;
682 1245 755 1286 quia
787 1244 892 1276 nullus
924 1243 992 1276 eius
1024 1242 1182 1275 relevabat
1206 1251 1277 1284 ege-

319 1304 448 1338 statem,
478 1299 585 1331 nullus
609 1298 702 1330 etiam
726 1297 850 1329 fovebat
875 1296 1097 1328 infirmitatem.
1124 1313 1165 1318 —
1191 1295 1277 1328 Unde

320 1358 350 1386 et
374 1352 539 1386 subditur:
565 1352 627 1384 Sed
650 1355 679 1383 et
702 1360 800 1383 canes
815 1349 984 1382 veniebant
999 1353 1028 1381 ec
1044 1348 1211 1391 lingebant
1226 1348 1276 1380 αἶ’-

321 1416 397 1439 cera
413 1406 493 1438 eius.
511 1405 618 1437 Glossa
630 1405 643 1423 4
659 1417 665 1435 :
695 1417 709 1432 «
728 1404 787 1436 Hos
803 1412 859 1435 nec
875 1412 893 1435 a
910 1411 942 1435 se
960 1411 1123 1435 removere
1139 1405 1275 1443 poterat,

320 1468 377 1491 nec
402 1458 544 1490 visitator
568 1460 653 1495 erat,
678 1456 731 1498 qui
750 1459 926 1488 removeret
943 1467 972 1492 »ς
990 1463 1030 1487 ex
1048 1463 1112 1496 quo
1127 1457 1276 1495 apparet,

320 1511 403 1553 quod
427 1510 513 1542 dives
539 1508 760 1541 inexcusabilis
784 1511 868 1546 erat,
894 1507 947 1549 qui
973 1515 1142 1549 pauperem
1166 1506 1208 1538 ita
1224 1506 1277 1539 de-

323 1564 465 1597 relictum
491 1562 624 1595 videbat.
651 1562 695 1594 Ex
722 1562 779 1593 hoc
797 1561 887 1593 etiam
907 1564 1007 1602 potest
1024 1560 1103 1592 mira
1120 1560 1216 1592 huius
1231 1560 1278 1605 di3

321 1617 392 1649 vitis
423 1615 592 1648 crudelitas
623 1614 760 1652 adverti,
785 1614 860 1655 quia
883 1613 1013 1645 canibus
1036 1612 1096 1644 suit
1119 1607 1278 1657 liberalior

321 1679 414 1712 quam
440 1669 589 1710 pauperi,
621 1672 652 1700 et
676 1676 768 1700 canes
792 1667 921 1699 suerunt
945 1666 1084 1699 mitiores
1108 1666 1165 1708 ipsi
1199 1675 1277 1708 pau-

322 1723 387 1765 peri
414 1731 508 1764 quam
533 1722 640 1760 dives;
666 1720 749 1753 unde
774 1721 884 1753 Petrus
912 1720 1119 1752 Ravennasfiz
1149 1733 1163 1747 (ι
1181 1719 1279 1752 Canes

321 1776 468 1818 pauperis
504 1775 611 1808 ulcera
647 1769 759 1807 curant
795 1774 973 1815 magisterio
1008 1777 1157 1811 naturae,
1192 1773 1279 1805 dives

322 1838 491 1871 pauperem
522 1828 665 1870 negligit,
690 1832 805 1860 natura
828 1830 994 1859 accusante
1011 1839 1041 1865 »;
1066 1830 1097 1859 et
1122 1827 1180 1859 hoc
1205 1835 1278 1859 con-

322 1887 370 1914 tra
401 1881 477 1914 illud
510 1881 594 1923 quod
623 1881 738 1914 dicitur
767 1880 819 1913 Iob
846 1880 977 1922 quinto:
1011 1893 1026 1908 a
1048 1879 1183 1912 Visitans
1210 1888 1279 1921 spe-

320 1937 397 1969 ciem
423 1939 527 1974 tuam,
552 1944 612 1967 non
642 1934 785 1976 peccabis
802 1948 830 1966 ι).
860 1934 946 1967 Unde
974 1934 1055 1966 idem
1084 1934 1194 1966 Petrus
1222 1934 1279 1966 Ra-

321 1989 484 2021 vennas⁶:
514 2002 528 2016 «
546 1989 638 2021 Miser
662 1988 766 2025 dives,
791 1988 815 2020 si
842 1987 953 2019 micam
978 1987 1108 2029 pauperi
1133 1996 1194 2019 non
1226 1987 1279 2019 de-

319 2042 408 2081 disti,
434 2042 542 2074 saltem
567 2050 667 2084 quare
691 2050 783 2073 canes
799 2040 925 2083 abigere
945 2040 1137 2082 neglexisti?
1154 2040 1212 2073 Sed
1229 2049 1279 2073 ea-

320 2104 375 2128 nes
399 2096 444 2127 tui
469 2095 610 2127 mitiores
635 2098 682 2133 te,
706 2095 801 2127 immo
826 2097 860 2126 tu
884 2094 1034 2126 immitior
1058 2094 1103 2126 eis
1127 2097 1157 2126 et
1173 2094 1279 2126 mitior

320 2149 450 2181 canibus
475 2148 536 2181 tuis
560 2157 655 2190 quam
673 2147 803 2190 pauperi
821 2147 924 2185 suisti;
941 2156 1033 2180 canes
1050 2146 1095 2179 tui
1112 2146 1280 2188 aliquando

321 2202 465 2243 pinguia,
490 2201 543 2234 sed
568 2210 688 2243 pauper
720 2210 777 2233 nec
802 2200 913 2232 micam
937 2200 975 2232 de
998 2209 1106 2232 mensa
1138 2203 1193 2232 tua
1223 2199 1280 2231 ali-

319 2254 445 2295 quando
477 2254 645 2295 recepit».
678 2253 725 2285 Ex
756 2252 970 2294 magnitudine
1006 2252 1102 2294 igitur
1134 2252 1279 2284 miseriae

320 2307 468 2350 pauperis
503 2310 693 2349 aggravatur
728 2306 983 2339 immisericordia
1020 2305 1142 2344 divitis,
1173 2309 1206 2338 et
1236 2314 1278 2338 ex

319 2360 510 2393 abundantia
540 2360 645 2392 divitis
675 2363 809 2401 augetur
841 2359 989 2401 patientia
1021 2358 1169 2400 pauperis
1193 2366 1279 2390 men-

906 251 1098 284 COMMENT.
1124 251 1161 283 IN
1187 249 1423 283 EVANGELIUM
1447 249 1564 282 LUCAE
1587 248 1619 280 C.
1644 248 1718 281 xvl.

1344 337 1414 370 dici.
1440 337 1526 370 Unde
1549 336 1766 379 Gregorius⁷:
1796 349 1811 364 «ι
1829 336 1861 368 111
1886 344 1949 368 11113
1973 344 2007 368 re
2030 335 2094 368 duo
2118 335 2232 368 iudicia
2249 335 2303 368 Dei

1344 390 1537 432 explentur:
1562 393 1593 422 et
1616 398 1657 422 ex
1682 389 1807 422 visione
1829 388 1992 431 pauperis
2014 388 2102 421 diviti
2126 397 2188 421 non
2212 388 2306 421 mise-

1344 443 1424 475 renti
1450 442 1598 476 cumulus
1620 442 1829 475 damnationis
1845 441 1999 480 infertur,
2016 444 2047 474 et
2063 450 2193 474 rursum
2211 441 2304 473 etiam

1343 505 1384 529 ex
1409 496 1533 529 visione
1555 496 1669 528 divitis
1697 494 1836 537 quotidie
1867 497 2006 527 tentatus
2038 503 2159 536 pauper
2190 494 2305 536 proba-

1344 553 1397 582 tur
1415 561 1445 588 »3
1472 549 1714 582 Proverbiorum
1739 547 1889 590 vigesimo
1914 547 2073 580 secundo:
2096 560 2111 576 α
2131 547 2251 590 Pauper
2274 551 2306 580 et

1342 602 1430 635 dives
1446 602 1656 635 obviaverunt
1672 601 1749 640 sibi,
1767 601 1937 643 utriusque
1953 603 2100 642 operator
2117 604 2164 633 est
2176 600 2261 633 Deus
2272 613 2304 632 n.

1432 655 1485 688 [tlt.
1511 655 1612 697 (Vers.
1638 656 1716 695 22).
1749 654 1854 687 Tertio
1885 657 2041 696 quantum
2072 653 2111 686 ad
2139 652 2305 696 pauperis

1341 708 1550 741 sanctitatem
1576 708 1760 750 subiungit:
1786 708 1929 740 Factum
1952 710 1998 739 est
2022 710 2153 745 aulem,
2170 711 2215 739 >ut
2236 716 2304 739 mo-

1343 766 1475 794 reretur
1506 761 1678 794 mendicus
1702 765 1731 793 et
1751 765 1950 803 portaretur
1974 760 2015 792 ab
2041 760 2178 803 Anyelt's
2200 759 2236 793 in
2259 759 2305 792 si-

1341 824 1424 847 nam
1449 813 1631 852 Abraham
1655 824 1696 847 ex
1721 823 1785 856 quo
1808 817 1956 856 apparet,
1973 813 2057 855 quod
2074 813 2126 846 hic
2143 812 2306 846 mendicus

1342 872 1410 901 erat
1433 871 1561 900 sanctus
1585 871 1615 900 et
1639 868 1759 906 bonus,
1784 867 1860 909 quia
1883 867 2021 900 moriens
2044 867 2084 899 ab
2108 866 2231 908 Angelis
2252 874 2306 899 su-

1342 921 1474 962 scipitur
1506 924 1537 953 et
1568 920 1598 952 in
1631 921 1735 953 locum
1767 920 1853 962 pacis
1887 920 2095 962 deportatur;
2131 919 2306 962 Sapientiae

1342 973 1482 1007 terti08:
1512 987 1527 1002 «ε
1546 973 1608 1006 Visi
1634 976 1708 1007 sunt
1735 974 1835 1007 oculis
1867 974 2083 1016 insipientium
2113 972 2194 1005 mori
2211 984 2242 1012 »;
2274 976 2306 1005 et

1342 1027 1509 1069 sequitur:
1539 1040 1553 1055 ιι
1572 1027 1615 1059 1111
1640 1031 1746 1059 autem
1773 1030 1847 1059 sunt
1871 1027 1901 1059 in
1920 1036 1995 1069 pace
2013 1041 2042 1058 ».
2061 1026 2150 1059 Tales
2166 1026 2306 1068 angelico

1341 1072 1510 1123 portantur
1534 1080 1729 1119 ministerio;
1754 1080 1837 1113 unde
1855 1081 1966 1113 Petrus
1982 1080 2187 1113 Ravennas⁹z
2211 1093 2226 1108 «
2239 1080 2305 1113 Non

1341 1134 1551 1176 dedignantur
1583 1143 1657 1166 eum
1681 1137 1809 1176 portare
1832 1134 1957 1176 Angeli,
1981 1134 2031 1166 cui
2057 1134 2147 1179 prius
2171 1134 2222 1166 hic
2246 1133 2307 1165 mi-

1342 1187 1534 1226 nistrabant;
1552 1187 1591 1219 ad
1607 1187 1763 1220 Hebraeos
1780 1188 1902 1229 primo:
1923 1187 2042 1220 Omnes
2065 1191 2144 1219 sunt
2159 1187 2306 1220 admini-

1340 1240 1496 1273 stratorii
1510 1240 1652 1282 spii-itas
1670 1254 1684 1269 »
1706 1244 1783 1278 ete.;
1801 1245 1831 1273 et
1848 1243 1918 1282 post
1932 1241 1975 1272 ¹⁰:
2005 1252 2021 1268 α
2038 1240 2147 1272 Merito
2171 1239 2303 1282 pauperi

1341 1293 1480 1336 angelica
1511 1293 1705 1335 deputantur
1737 1293 1857 1332 officia,
1887 1293 1937 1326 cui
1962 1297 2025 1326 tam
2050 1293 2222 1326 crudeliter
2252 1292 2307 1326 de-

1341 1350 1454 1389 negata
1477 1351 1551 1379 sunt
1576 1347 1782 1380 humanitatis
1805 1347 1957 1389 obsequia
1973 1361 2004 1379 ».
2029 1347 2182 1380 Deferunt
2197 1350 2304 1380 autem

2324 659 2430 691 Respecto

2328 692 2429 735 Ρῖἱὲἳῗ

2325 1349 2356 1371 De
2372 1349 2420 1370 sinu

2319 1376 2428 1398 Abrahae.

1342 1400 1444 1443 Angeli
1470 1400 1647 1433 mendicum
1673 1400 1769 1433 istum
1794 1400 1825 1432 in
1850 1400 1953 1433 sinum
1979 1401 2138 1439 Abrahae,
2163 1400 2193 1433 id
2210 1400 2303 1433 estin
2346 1440 2351 1443 .
2379 1446 2382 1447 ⁷

1341 1454 1445 1486 locum
1476 1453 1611 1496 quietis;
1643 1453 1697 1495 qui
1730 1453 1856 1495 quidem
1890 1454 1978 1486 loeus
2009 1457 2081 1486 ante
2108 1453 2303 1495 apertionem

1342 1507 1453 1539 ianuae
1485 1509 1553 1539 erat
1584 1506 1616 1538 in
1648 1506 1744 1539 limbo
1780 1510 1811 1539 et
1847 1506 1964 1539 dicitur
1993 1507 2091 1539 sinas
2126 1505 2304 1545 Abrahae,

1342 1560 1417 1601 quia
1440 1560 1505 1601 ipse
1529 1560 1685 1592 Abraham
1710 1563 1877 1601 susceptus
1900 1563 1947 1593 est
1971 1560 2012 1592 ibi
2039 1563 2189 1602 tanquam
2207 1559 2239 1591 in
2263 1559 2305 1592 si-

1342 1622 1418 1645 num
1444 1613 1556 1646 merito
1580 1613 1671 1651 fidei,
1704 1622 1768 1655 quo
1799 1613 1902 1646 dictus
1926 1616 1974 1646 est
1994 1617 2092 1655 pater
2115 1608 2303 1645 multarum

1340 1666 1489 1709 yencz'um
1504 1667 1549 1704 ¹¹,-
1573 1670 1604 1699 et
1627 1666 1671 1699 illi
1695 1667 1749 1709 qui
1775 1666 1817 1699 ibi
1842 1666 2078 1709 suscipiuntur,
2095 1666 2245 1699 dicuntur
2269 1665 2305 1698 in

1342 1720 1413 1752 eius
1436 1719 1514 1752 sinu
1538 1720 1674 1762 suscipi.
1700 1720 1786 1753 Unde
1810 1723 1841 1752 et
1864 1720 1891 1753 ei
1915 1720 2018 1763 primo
2034 1720 2115 1753 facta
2130 1722 2178 1753 est
2195 1728 2305 1762 repro—

1342 1773 1448 1806 missio
1471 1773 1510 1806 de
1534 1773 1747 1806 incarnatione
1770 1773 1886 1806 Christi
1903 1774 1938 1805 ¹².
1968 1774 2106 1807 Vocatur
2130 1777 2235 1806 autem
2259 1773 2305 1806 si-

1342 1837 1426 1865 nus,
1451 1827 1542 1869 quia,
1567 1827 1648 1859 sicut
1672 1827 1704 1859 in
1728 1826 1800 1859 sinu
1819 1836 1869 1860 res
1885 1827 2109 1867 absconditur,
2132 1827 2258 1860 fovetur
2274 1829 2307 1860 et

1343 1880 1520 1913 custoditur
1544 1880 1634 1922 quasi
1659 1880 1690 1913 in
1716 1881 1783 1913 loco
1806 1880 1971 1919 familiari,
1997 1880 2041 1914 sic
2065 1884 2096 1913 et
2126 1880 2225 1927 sancti
2250 1880 2306 1913 Pa-

1345 1937 1410 1966 tres
1442 1934 1473 1966 in
1506 1933 1574 1966 loeo
1605 1933 1658 1966 illo
1689 1934 1979 1973 conservabantur;
2012 1934 2107 1966 Isaiae
2130 1937 2245 1976 quarto
2258 1934 2331 1966 1⁸1.

1348 2000 1363 2015 «
1381 1987 1481 2028 Super
1512 1995 1635 2019 omnem
1660 1986 1791 2029 gloriam
1816 1987 1978 2028 protectio.
2005 1987 2040 2019 Et
2064 1986 2305 2019 tabernaculum

1343 2041 1404 2074 erit
1427 2041 1457 2073 in
1483 2040 1706 2073 umbraculum
1735 2040 1794 2073 diei
1820 2041 1860 2073 ab
1883 2044 1973 2073 aestu
2004 2044 2036 2073 et
2066 2040 2099 2073 in
2128 2040 2307 2073 absconsio-

1344 2102 1414 2125 nem
1439 2102 1457 2125 a
1481 2093 1608 2125 turbine
1632 2096 1663 2125 et
1686 2102 1705 2125 a
1728 2093 1835 2134 pluvia
1853 2105 1882 2130 »;
1904 2097 1935 2126 et
1959 2093 1990 2125 in
2016 2093 2160 2126 Psalmo:
2190 2106 2206 2121 «
2222 2093 2307 2135 Quo-

1343 2146 1426 2178 niam
1459 2146 1621 2178 abscondit
1650 2155 1699 2178 me
1723 2146 1754 2178 in
1779 2146 1984 2179 tabernaculo
2008 2155 2084 2186 suo,
2109 2146 2139 2179 in
2165 2146 2215 2179 die
2240 2155 2306 2179 ma-

1343 2199 1447 2231 lorum
1479 2199 1619 2240 protexit
1644 2208 1693 2232 me
1717 2200 1749 2232 in
1773 2199 1956 2233 abscondito
1980 2199 2174 2233 tabernaculi
2207 2199 2256 2233 sui
2274 2213 2305 2232 n.

1343 2252 1375 2284 ln
1400 2252 1460 2284 hoc
1484 2252 1555 2285 sinu
1579 2252 1700 2294 positus
1723 2256 1771 2285 est
1794 2254 1931 2286 Lazarus
1953 2256 1985 2286 et
2008 2253 2048 2286 ab
2071 2253 2218 2286 omnibus
2241 2262 2307 2285 ma—

1342 2305 1381 2337 lis
1397 2313 1454 2337 sua
1471 2308 1572 2337 morte
1596 2305 1766 2344 liberatus,
1783 2305 1959 2339 secundum
1975 2306 2052 2339 illud
2070 2306 2122 2339 Iob
2138 2306 2249 2348 quinto
2263 2306 2306 2338 ¹⁴²:

1348 2371 1363 2385 «
1380 2357 1413 2389 ln
1437 2367 1494 2390 sex
1518 2357 1776 2391 tribulationibus
1807 2359 1953 2392 liberabit
1978 2362 2025 2398 te,
2058 2363 2089 2392 et
2117 2359 2149 2391 in
2173 2359 2307 2401 septima

391 2526 400 2540 ¹
422 2527 496 2551 Vers.
508 2526 534 2551 7.
544 2539 579 2544 —
589 2525 719 2551 Sententia
740 2525 870 2550 Ambrosii
884 2525 995 2551 habetur
1009 2526 1068 2551 Vlll⁴
1083 2526 1108 2551 in
1124 2527 1186 2551 Luc.
1199 2533 1221 2551 c.
1236 2527 1277 2551 16.

321 2579 347 2596 n.
368 2570 415 2602 14,
435 2570 461 2595 111
480 2577 532 2602 qua
546 2577 594 2601 pro
606 2569 651 2595 siti
665 2569 708 2602 (ita
725 2570 780 2595 Vat.
795 2576 855 2595 cum
871 2572 938 2595 textu
952 2570 1081 2603 originali)
1102 2571 1121 2595 Α
1133 2570 1151 2596 C
1164 2571 1211 2595 DF
1229 2569 1277 2602 sic,

321 2618 346 2640 et
365 2622 414 2647 pro
434 2613 544 2648 capiunt
568 2613 709 2639 CDFGH
737 2613 849 2647 rapiunt
869 2613 1051 2646 (Amin-osius:
1071 2615 1101 2640 ul
1119 2616 1279 2648 tanquam...

321 2658 451 2692 capiant).
470 2672 506 2677 —
524 2658 652 2689 Superius
671 2665 720 2690 pro
740 2657 803 2691 quia
822 2657 898 2684 micis
922 2654 1061 2684 contentas
1081 2658 1129 2684 BC
1141 2659 1193 2683 DH
1214 2658 1278 2692 quia

321 2702 432 2729 modicis
451 2704 598 2729 contentus.

392 2747 402 2762 ²
423 2749 496 2773 Vers.
508 2747 577 2773 5.—
588 2748 645 2773 Duo
658 2755 732 2780 seqq.
743 2747 791 2772 loci
802 2750 862 2773 sunt
876 2748 959 2772 Eccle.
973 2747 997 2778 9,
1013 2747 1054 2773 15.
1068 2750 1093 2772 et
1106 2748 1181 2772 Prov.
1198 2747 1239 2779 19,
1253 2747 1278 2772 7.

391 2791 402 2806 ⁸
422 2793 516 2818 Psalm.
536 2793 567 2824 9,
586 2792 629 2817 35.
648 2792 704 2817 sive
723 2792 869 2817 secundum
890 2791 1023 2817 Hebraeos
1044 2792 1090 2823 lo,
1112 2791 1154 2816 14.

391 2836 402 2851 ⁴
422 2837 524 2863 Scilicet
542 2836 733 2863 interlinearis.
753 2836 803 2862 Csr.
823 2836 969 2868 chrysost„
988 2835 1111 2862 Concion.
1133 2836 1155 2861 1.
1176 2836 1209 2861 de
1235 2837 1280 2861 La-

321 2888 395 2912 zaro,
415 2888 441 2906 n.
460 2881 493 2906 9:
512 2880 597 2906 Canes
616 2880 750 2912 lingebant
770 2881 856 2905 ulcera
876 2880 946 2912 eius,
966 2880 1033 2905 adeo
1053 2883 1108 2905 erat
1130 2880 1217 2905 fractis
1240 2881 1280 2905 vi-

319 2926 408 2957 ribus,
432 2929 460 2951 ut
487 2933 520 2951 ne
539 2932 616 2950 canes
634 2925 742 2957 quidem
763 2928 851 2956 posset
879 2924 987 2956 abigere
1011 2928 1060 2950 etc.
1090 2925 1279 2956 Theophylact.

320 2971 346 2995 in
365 2972 428 2996 Luc.
451 2970 497 3000 16,
519 2970 612 2994 19-22:
633 2969 740 3000 lnsuper
759 2969 897 2994 destitutus
915 2972 971 2994 erat
989 2969 1062 2994 omni
1075 2976 1151 3000 cura,
1165 2973 1189 2994 et
1203 2975 1280 2994 canes

320 3014 453 3047 lingebant
471 3014 556 3039 ulcera
570 3014 640 3044 eius,
654 3021 713 3039 cum
728 3020 806 3039 nemo
819 3017 902 3044 esset,
915 3013 961 3046 qui
974 3012 1007 3038 ab
1021 3014 1064 3038 illo
1078 3013 1140 3039 istos
1153 3013 1280 3045 abigeret.

391 3057 402 3072 ⁶
423 3059 482 3083 Sive
502 3058 569 3083 petr.
587 3057 778 3089 Clirysologus,
799 3058 883 3082 Serm.
904 3058 962 3082 l2l.
989 3065 1013 3082 n.
1044 3058 1082 3082 18,
1102 3071 1137 3076 -
1157 3057 1280 3089 Sequitur

323 3101 367 3127 lob
386 3102 416 3132 5,
437 3101 480 3127 24.
504 3116 534 3119 —
553 3101 680 3133 Superius
700 3108 748 3133 pro
767 3100 914 3127 crudelitas
928 3102 985 3126 Vat.
1000 3100 1241 3136 immzsssericordia,
1255 3104 1281 3126 et

320 3153 370 3178 pro
390 3146 454 3180 quia
472 3145 584 3173 canibus
603 3147 622 3171 G
645 3146 692 3180 qut*
709 3145 831 3173 canibus.
1256 3156 1261 3157 ⁷

392 3189 403 3204 ⁶
422 3192 483 3216 Loc.
502 3190 543 3216 cit.
563 3190 655 3215 Ultima
676 3198 737 3222 pars
756 3190 897 3215 sententiae
927 3191 963 3221 (et
981 3189 1072 3216 mitior
1098 3189 1173 3221 ete),
1199 3197 1279 3222 quam

321 3234 400 3260 habet
418 3235 495 3260 etiam
515 3234 590 3260 Card.
611 3235 701 3266 Ilugo,
721 3235 746 3259 in
765 3233 953 3260 recentioribus
972 3234 1033 3259 edd.
1053 3241 1104 3259 non
1124 3234 1263 3259 invenitur.

392 3276 402 3292 ⁷
423 3278 492 3304 Libr.
512 3280 538 3304 ll.
560 3279 654 3304 [lomil.
674 3279 700 3304 in
721 3280 819 3310 Evang.
840 3278 929 3304 homil.
944 3278 985 3304 40.
999 3286 1023 3304 n.
1039 3278 1063 3304 4.
1077 3278 1208 3304 Sententia
1222 3278 1282 3303 Gre-

322 3323 389 3355 gorii
408 3323 545 3349 exhibetur
564 3323 653 3349 verbis
672 3324 778 3349 Glossae
797 3322 955 3349 ordinariae
983 3323 1008 3348 in
1033 3324 1096 3349 Luc.
1118 3323 1165 3356 l6,
1185 3324 1228 3348 21.
1246 3336 1283 3341 —

320 3367 439 3393 Subinde
458 3369 584 3400 allegatur
602 3369 679 3393 Prov.
699 3369 747 3398 22,
767 3369 792 3393 2.
1044 3367 1055 3384 3
1075 3368 1147 3393 Yers.
1168 3368 1192 3392 2.
1212 3371 1238 3393 et
1257 3368 1281 3392 3.

393 3410 404 3425 ⁹
422 3413 456 3437 lta
476 3412 553 3437 etiam
573 3412 649 3437 Card.
669 3413 745 3443 Hugo
765 3413 832 3437 hanc
851 3412 918 3437 Petri
938 3412 1053 3438 Ravenn.
1073 3412 1227 3437 sententiam
1247 3413 1284 3437 as-

1342 2527 1406 2556 fert;
1427 2526 1476 2551 loc.
1496 2527 1536 2550 eit.
1558 2533 1583 2551 11,
1603 2527 1630 2550 2.
1648 2526 1739 2551 Petrus
1758 2526 1811 2551 ait:
1839 2526 1891 2556 En,
1922 2527 2027 2556 tratres,
2056 2533 2136 2558 quam
2159 2533 2248 2551 rerum
2274 2526 2308 2551 la-

1342 2569 1481 2594 mentanda
1502 2569 1628 2594 mutatio:
1649 2576 1793 2601 pauperem
1813 2572 1922 2601 portant-
1935 2570 2042 2601 Angeli,
2066 2570 2175 2595 divitem
2196 2569 2308 2601 deglutit

1342 2613 1466 2639 infernus.
1485 2613 1537 2639 Csr.
1557 2614 1641 2639 Serm.
1662 2614 1722 2639 425.
1740 2621 1766 2639 n.
1785 2614 1818 2639 7:
1839 2614 1927 2639 Merito
1946 2621 2011 2646 ergo
2031 2613 2186 2646 portabatur
2205 2613 2239 2639 ab
2258 2614 2308 2639 An-

1342 2658 1407 2689 gelis
1425 2658 1471 2690 qui
1492 2657 1601 2683 iacebat.
1622 2672 1655 2676 -
1675 2659 1700 2683 ln
1720 2658 1777 2689 ipsa
1797 2659 1923 2690 allegatur
1942 2658 2022 2684 Hebr.
2038 2657 2067 2689 7l,
2089 2658 2130 2684 14.
2223 2655 2225 2657 ’

1414 2701 1436 2716 ¹⁰
1456 2703 1540 2728 serm.
1560 2703 1620 2727 l2l.
1640 2710 1665 2727 n.
1685 2703 1719 2728 2:
1738 2703 1828 2728 Merito
1842 2703 1865 2728 ei
1879 2710 1939 2728 mox
1959 2703 2077 2734 angelica
2097 2703 2196 2734 officia,
2214 2703 2307 2728 merito

1342 2747 1431 2772 divina
1450 2747 1611 2778 deputantur
1630 2746 1772 2779 obsequia,
1792 2747 1833 2772 cui
1848 2750 1900 2772 tam
1915 2747 2056 2773 crudeliter
2069 2751 2163 2779 negata
2176 2750 2237 2773 sunt
2249 2747 2307 2779 ipsa

1343 2785 1511 2816 humanitatis
1529 2793 1653 2815 extrema.

1416 2833 1434 2848 ¹¹
1456 2836 1520 2860 Gen.
1536 2834 1577 2865 17,
1591 2834 1615 2860 5.
1628 2848 1663 2853 —
1676 2835 1799 2866 August,
1815 2835 1856 2860 lV.
1871 2835 1905 2861 de
1918 2835 2010 2861 Anima
2024 2838 2050 2861 et
2062 2836 2119 2861 eius
2138 2836 2205 2868 orig.
2227 2842 2249 2861 c.
2266 2836 2308 2861 16.

1343 2886 1369 2904 11,
1391 2878 1442 2903 21ε
1461 2878 1559 2905 Sinum
1578 2877 1704 2905 Abrahae
1723 2879 1836 2911 intellige
1854 2882 1983 2905 remotam
2003 2880 2095 2905 sedem
2114 2880 2215 2912 quietis-
2228 2882 2308 2912 atque

1343 2926 1486 2953 secretam,
1507 2922 1550 2948 ubi
1577 2926 1616 2948 est
1640 2922 1782 2948 Abraham.
1811 2924 1840 2949 Et
1868 2924 1928 2949 ideo
1957 2923 2084 2950 Abrahae
2112 2924 2228 2955 dictum,
2253 2931 2306 2949 non

1343 2967 1416 2999 quod
1440 2967 1523 2999 ipsius
1551 2970 1651 2992 tantum
1672 2967 1717 2999 sit,
1737 2967 1782 2993 sed
1802 2968 1875 3000 quod
1896 2968 1952 3000 ipse
1967 2969 2048 3001 pater
2067 2967 2221 2994 multarum
2246 2975 2308 3002 yen-

1344 3010 1412 3037 lium
1431 3011 1463 3036 sit
1482 3011 1597 3043 positus,
1617 3011 1715 3043 quibus
1734 3014 1773 3036 est
1791 3012 1824 3037 ad
1839 3011 1994 3037 imitandum
2010 3012 2069 3038 fidei
2083 3012 2232 3044 principatu
2245 3018 2308 3044 pro-

1344 3055 1446 3087 positus
1464 3059 1514 3081 etc.
1535 3055 1587 3087 Csr.
1608 3056 1634 3080 ll.
1655 3056 1703 3088 Qq.
1724 3056 1889 3087 Evangelior.
1908 3064 1934 3089 q.
1955 3057 1998 3081 38.
2017 3064 2044 3082 n.
2065 3058 2094 3082 l:
2114 3056 2198 3083 Sinus
2220 3055 2309 3083 Abra-

1345 3099 1409 3131 hae,
1429 3100 1534 3132 requies
1555 3099 1692 3129 beatorum
1712 3099 1874 3133 pauperum,
1894 3107 2014 3134 quorum
2032 3102 2073 3127 est
2089 3108 2206 3134 reanum
2225 3100 2309 3127 caelo-

1343 3149 1409 3171 rum
1429 3143 1527 3177 [Matth.
1547 3144 1577 3176 5,
1596 3143 1647 3177 3.],
1667 3144 1694 3169 in
1713 3151 1766 3177 quo
1786 3148 1846 3176 post
1866 3146 1932 3170 hanc
1946 3145 2027 3170 vitam
2047 3145 2219 3177 recipiuntur.
2239 3144 2308 3171 Vide

1345 3188 1386 3213 lV.
1408 3188 1478 3213 Sent.
1497 3188 1523 3213 d.
1544 3189 1567 3213 1.
1587 3195 1614 3220 p.
1633 3189 1660 3213 11.
1681 3188 1744 3214 dub.
1765 3190 1797 3214 3.»
1809 3192 1835 3214 et
1854 3189 1880 3214 d.
1901 3189 1943 3215 45.
1962 3196 1986 3215 a.
2008 3190 2032 3214 1.
2051 3197 2077 3222 q.
2099 3190 2122 3214 1.

1417 3231 1439 3246 ¹²
1459 3232 1511 3258 Csr.
1530 3240 1609 3265 supra
1630 3239 1690 3265 pag.
1710 3233 1778 3264 353,
1796 3237 1856 3258 11013
1877 3234 1903 3258 6.

1418 3275 1440 3291 ¹⁸
1460 3278 1534 3303 Vers.
1553 3277 1577 3303 5.
1597 3280 1623 3302 et
1642 3277 1672 3309 6,
1692 3277 1790 3310 quibus
1808 3277 1978 3310 subiungitur
1997 3278 2036 3303 ps.
2057 3278 2105 3310 26,
2125 3276 2215 3310 5„ubi
2229 3276 2307 3303 codd.

1319 3318 1321 3320 ’
1347 3322 1468 3348 omittunt
1487 3321 1515 3348 in
1534 3321 1709 3349 tabernaculo
1728 3329 1787 3349 suo.

1419 3365 1440 3380 ¹¹
1462 3367 1534 3392 Vers.
1557 3367 1642 3392 89-24.
1662 3366 1714 3393 Csr.
1733 3368 1857 3400 Gregor.,
1871 3368 1913 3393 Vl.
1927 3367 2015 3393 Moral.
2034 3375 2057 3393 c.
2077 3368 2120 3393 26.
2139 3374 2164 3393 n.
2179 3367 2226 3398 43;
2245 3366 2308 3393 vide

1347 3411 1424 3437 etiam
1445 3414 1508 3437 tom.
1529 3412 1569 3437 Vl.
1589 3419 1650 3444 pag.
1672 3413 1737 3443 126,
1756 3415 1846 3438 notam
1867 3413 1892 3438 l.
1911 3412 1937 3437 in
1958 3412 2009 3437 fine
2027 3415 2053 3438 et
2071 3412 2098 3437 in
2117 3418 2140 3438 c.
2161 3412 2208 3444 10,
2229 3411 2271 3437 14.
