2476 3921
157 1040 284 1062 Secundum.

142 1146 172 1167 De
182 1144 290 1176 locis'pro·

167 1178 261 1199 pinquis.

140 1624 170 1645 De
184 1623 236 1654 locis
251 1629 283 1644 re-

179 1653 248 1671 motin.

200 2156 284 2183 Figura.

183 2423 284 2444 Tertium.

313 259 372 291 146

308 344 469 379 deseendit
485 353 559 377 curn
577 343 661 381 iltis,
678 342 716 374 ad
733 341 915 383 exemplum
932 341 1135 379 humilitatis,
1152 349 1263 373 secun-

308 399 382 431 dum
396 397 471 430 illud
486 395 686 429 Ecclesiastici
702 394 862 437 trigesimo
874 393 1013 426 secundo
1027 395 1054 426 ¹:
1073 407 1089 422 a
1102 394 1262 426 Rectorem

309 455 338 484 te
355 452 551 492 posuerunt?
574 448 638 481 Noli
656 447 783 486 extolli;
799 450 866 480 esto
885 447 917 479 in
934 446 995 479 illis
1011 446 1099 488 quasi
1117 455 1201 479 unus
1221 455 1275 482 ex,

307 504 367 536 illis
388 518 417 535 ».
450 502 534 535 Unde
568 510 625 534 sua
659 500 848 542 benignitate
881 509 991 533 omnes
1021 499 1199 532 attrahebat
1233 502 1264 532 et

307 556 476 594 adunabat,
493 555 574 588 sicut
589 554 703 596 gallina
720 554 835 596 pullos;
860 553 1004 586 Matthaei
1031 553 1180 595 vigesimo
1200 556 1262 585 ter—

307 610 365 642 tio:
388 622 402 637 a
420 608 546 650 Quoties
570 608 652 640 volui
677 616 868 650 congregare
885 607 964 640 filios
988 610 1076 645 tuos,
1100 606 1183 639 sicut
1198 606 1262 648 gal-

307 663 368 694 lina
393 661 493 703 pullos
509 674 524 689 ι»
539 664 603 693 etc.
629 660 689 693 Nec
706 660 876 699 immerito,
900 659 1036 701 quiade
1052 659 1120 701 ipso
1143 658 1262 691 dictum

305 719 351 747 est
375 713 605 747 Deuteronomii
633 712 792 755 trigesimo
817 712 972 745 secundo:
1003 712 1155 744 «Invenit
1187 720 1260 744 eum

305 769 336 800 in
360 772 445 800 terra
467 767 608 805 deserta,
633 767 663 798 in
688 767 755 799 loco
780 765 922 799 horroris
945 769 976 798 et
992 769 1097 798 vastae
1120 765 1263 798 solitudi-

304 821 368 859 nis;
393 819 608 853 circumduxit
631 828 704 851 eum
735 822 766 851 et
789 818 897 851 docuit
919 822 950 851 et
973 818 1142 852 custodivit
1172 818 1261 860 quasi

304 874 453 916 pupillam
478 873 558 905 oculi
595 872 654 905 sui.
688 872 775 905 Sicut
797 872 917 914 aquila,
941 881 1118 914 provocans
1141 872 1179 904 ad
1208 881 1262 903 vo-

305 927 430 959 landum
454 926 558 969 pullos
582 934 674 964 suos,
699 925 851 967 expandit
873 925 938 957 alas
962 934 1059 967 super
1088 934 1142 958 eos
1157 938 1173 953 »
1202 929 1261 958 etc.

393 978 450 1011 43:
471 979 629 1019 Quantum
658 977 697 1010 ad
727 977 865 1020 populos
893 981 1125 1009 concurrentes
1156 977 1264 1009 subdi-

305 1036 374 1065 tur:
402 1032 439 1063 Et
463 1031 639 1063 multitudo
663 1030 798 1072 eopiosa
813 1029 935 1072 plebis,
953 1029 1072 1062 scilicet
1088 1029 1174 1062 stetit
1190 1038 1263 1062 cum

304 1094 357 1122 eo,
382 1077 436 1126 qui
460 1084 578 1125 scilicet
601 1093 642 1116 ex
667 1083 801 1116 diversis
831 1083 905 1115 locis
937 1086 1166 1121 convenerant;
1190 1091 1263 1114 con-

305 1141 454 1170 venerant
480 1141 541 1169 tam
566 1137 603 1169 de
628 1136 711 1169 loeis
721 1136 939 1179 propinqui&
957 1138 1110 1178 quantum
1128 1135 1166 1167 ad
1183 1143 1264 1177 quae
1282 1169 1287 1171 ,

303 1192 395 1224 dicit:
423 1190 471 1223 Ab
496 1190 588 1223 omni
611 1190 739 1222 Iudaea
763 1194 791 1222 et
816 1189 979 1222 Samaria
1002 1193 1030 1221 et
1063 1188 1263 1227 Ierusalem,

304 1254 384 1287 quae
408 1245 491 1277 intra
514 1253 647 1286 regnum
673 1244 766 1277 Israel
790 1246 897 1282 erant;
923 1243 1052 1275 Iudaea
1076 1251 1189 1275 nomen
1217 1245 1265 1274 est

304 1298 409 1340 regni,
435 1297 597 1330 Samaria
621 1297 824 1339 principalior
848 1296 957 1330 civitas
980 1296 1012 1329 in
1038 1304 1134 1338 regno
1156 1295 1264 1328 decem

304 1352 463 1390 tribuum,
495 1355 526 1384 et
560 1350 739 1383 Ierusalem
769 1350 970 1392 principalior
1000 1349 1030 1382 111
1061 1358 1158 1391 regno
1186 1348 1264 1382 dua-

304 1405 417 1442 rum²;
447 1404 486 1438 ah
519 1404 567 1436 his
595 1403 743 1436 omnibus
777 1402 978 1435 confluebant
1013 1401 1052 1434 ad
1083 1401 1263 1439 Christum,

302 1457 474 1490 secundum
499 1457 575 1489 illud
601 1456 695 1489 Isaiae
719 1456 874 1489 secundo:
905 1468 920 1484 «
938 1455 1003 1488 Erit
1026 1455 1057 1487 111
1086 1454 1264 1487 novissimis

301 1511 412 1544 diebus
436 1514 642 1552 praeparatus
673 1519 763 1542 mons
796 1509 910 1542 domus
946 1508 1066 1541 Domini
1091 1508 1122 1541 iu
1147 1508 1264 1541 vertice

303 1565 474 1602 montium,
507 1568 537 1596 et
572 1563 748 1596 elevabitur
783 1571 880 1605 super
904 1563 1015 1601 colles,
1040 1566 1071 1594 et
1094 1562 1194 1595 fluent
1225 1561 1262 1594 ad

302 1627 375 1651 eum
399 1626 508 1651 omnes
532 1621 641 1659 gentes
657 1629 689 1655 »;
714 1626 809 1658 quam
833 1616 926 1649 etiam
951 1616 989 1649 de
1014 1616 1093 1648 loeis
1116 1616 1263 1654 remotis,

303 1676 456 1714 quantum
489 1671 527 1703 ad
559 1680 640 1713 quae
671 1670 764 1703 dicit:
799 1671 837 1702 Et
865 1670 1042 1702 maritima
1073 1674 1101 1702 et
1133 1669 1215 1713 Tyri
1237 1673 1265 1701 et

304 1725 446 1758 Sidonis.
472 1725 508 1757 Et
531 1724 623 1757 debet
647 1723 773 1756 iterari:
797 1723 967 1756 multitudo
991 1723 1116 1764 copiosa
1147 1722 1264 1764 plebis,

303 1788 326 1811 a
349 1778 540 1816 maritima,
565 1781 595 1810 et
619 1777 789 1810 multitudo
813 1776 938 1818 copiosa
970 1776 1052 1819 Tyri
1066 1780 1095 1808 et
1112 1776 1265 1814 Sidonis,

304 1832 333 1865 id
358 1836 422 1871 est,
447 1831 485 1864 de
501 1832 584 1873 Tyro
599 1835 630 1864 et
646 1830 768 1863 Sidone.
787 1830 823 1863 Et
840 1830 917 1863 haec
933 1833 1024 1862 erant
1040 1830 1107 1862 loca
1122 1833 1265 1868 remota,

304 1886 385 1919 sicut
409 1885 483 1918 dicit
507 1885 587 1918 Beda
618 1885 648 1917 in
681 1884 788 1917 Glossa
802 1884 826 1922 ³,
850 1883 935 1926 quod
965 1896 981 1911 α
996 1883 1172 1915 maritima
1204 1892 1265 1915 non

304 1948 322 1971 a
347 1939 492 1981 proximo
525 1938 603 1970 mari
639 1937 810 1976 Galilaeae,
835 1937 890 1969 sed
925 1946 944 1969 a
967 1936 1046 1969 mari
1073 1945 1186 1978 magno
1215 1945 1266 1968 c-o-

304 1992 551 2034 gnominatur»;
577 1991 672 2024 Isaiae
700 1990 914 2033 sexagesimo:
945 2003 960 2019 «
977 1991 1065 2023 Tunc
1094 1990 1213 2023 videbis
1236 1992 1268 2023 et

304 2046 432 2084 afflues,
457 2049 488 2078 et
511 2045 680 2078 mirabitur
704 2048 735 2077 et
751 2044 934 2077 dilatabitur
950 2053 1005 2077 cor
1021 2047 1124 2083 tuum,
1141 2043 1268 2086 quando

305 2108 456 2132 conversa
479 2099 575 2132 fuerit
598 2098 636 2131 ad
661 2102 691 2131 te
716 2097 886 2131 multitudo
902 2098 1009 2137 maris,
1025 2097 1177 2130 fortitudo
1192 2107 1268 2140 gen-

306 2153 383 2185 tium
410 2152 530 2185 venerit
553 2151 607 2185 tibi
626 2165 656 2183 n.
675 2170 718 2175 —-
735 2152 795 2184 Hoc
811 2154 917 2184 autem
942 2151 1191 2193 praefiguratum
1208 2150 1268 2183 fuit

305 2206 336 2238 in
369 2206 549 2245 Salomone,
586 2205 669 2238 tertii
703 2206 820 2247 Regum
852 2204 974 2237 decimo
986 2205 1010 2244 4,
1047 2204 1100 2237 ubi
1133 2204 1267 2242 dicitur,

304 2258 388 2301 quod
417 2272 432 2287 «
447 2268 557 2291 omnes
579 2258 799 2292 desiderabant
822 2257 929 2293 videre
952 2257 1077 2290 vultum
1094 2257 1269 2290 Salomonis

304 2316 335 2345 et
358 2312 468 2345 audire
491 2312 674 2354 sapientiam
699 2311 768 2344 eius
785 2325 815 2343 ιο.

394 2366 446 2406 [14.
472 2365 573 2407 (Vers.
602 2366 676 2406 18.).
702 2365 863 2407 Quantum
887 2364 926 2397 ad
950 2374 1076 2397 eausa-5
1092 2364 1269 2397 incitantes

304 2418 526 2460 subiungitur:
553 2418 619 2459 Qui
641 2421 819 2456 venerant,
837 2421 875 2449 ut
890 2417 1048 2450 audirent
1065 2427 1151 2456 eum,
1168 2426 1269 2459 quan-

303 2477 370 2505 tum
402 2472 441 2504 ad
472 2471 728 2505 illustrationem
758 2471 909 2503 veritatis
937 2471 968 2503 111
1000 2474 1123 2509 mente,
1155 2474 1183 2503 et
1214 2480 1269 2503 sa-

303 2530 469 2559 narentur
492 2525 534 2558 ab
559 2524 814 2565 infirmitatibus
835 2524 909 2557 suis
921 2525 946 2563 ⁵,
970 2529 1125 2567 quantum
1149 2525 1189 2557 ad
1212 2534 1268 2557 eu-

305 2579 467 2612 rationein
490 2578 612 2611 salutis
635 2578 666 2610 in
691 2587 795 2611 carne.
829 2578 865 2610 Et
896 2578 973 2611 haec
1004 2582 1081 2611 erat.
1105 2581 1190 2611 recta
1222 2578 1268 2610 in-

905 253 1098 285 COMMENT.
1124 253 1160 285 IN
1183 253 1420 286 EVANGELIUM
1445 253 1562 286 LUCAE
1586 253 1618 285 C.
1645 253 1691 285 Vl.

1328 340 1442 379 tentio,
1467 340 1640 373 secundum
1665 340 1741 373 illud
1765 340 1844 373 Osee
1868 344 1976 373 sexto:
2006 354 2021 369 α
2039 341 2165 380 Venite,
2189 346 2220 374 et
2238 350 2286 375 re-

1329 396 1491 426 vertamur
1521 393 1559 426 ad
1592 393 1779 433 Dominum,
1802 394 1877 436 quia
1901 394 1967 435 ipse
2001 394 2084 436 cepit
2106 397 2137 427 et
2165 395 2286 428 sanabit

1327 455 1384 479 nos
1399 458 1430 485 »;
1455 450 1486 479 et
1510 450 1596 488 post:
1627 459 1642 475 τι
1660 447 1695 479 Et
1720 447 1863 480 vivemus
1879 447 1910 479 in
1927 451 2098 489 conspectu
2114 448 2192 487 eius,
2210 448 2287 481 scie-

1327 508 1398 532 mus
1422 508 1676 542 sequemurque,
1701 504 1737 533 ut
1760 509 1986 543 cognoscamus
2009 501 2176 534 Dominum
2191 515 2221 533 ι).
2255 502 2285 534 111

1327 553 1386 585 hoc
1409 553 1615 586 ostendebant
1638 554 1706 593 isti,
1730 554 1815 596 quod
1839 557 1930 587 erant
1953 554 1992 587 de
2015 554 2128 587 ovibus
2151 555 2286 594 Christi,

1326 606 1401 648 quia
1423 607 1461 639 ad
1485 607 1588 649 ipsum
1613 607 1843 640 concurrebant
1858 607 1897 640 ad
1914 607 2076 640 veritatem
2101 611 2132 640 et
2154 608 2286 641 salutem

1327 659 1580 701 percipiendam,
1614 660 1734 693 loannis
1762 660 1925 693 decimo⁶:
1960 673 1975 688 «
2000 660 2082 693 Oves
2116 669 2203 694 meae
2234 670 2283 693 vo-

1326 720 1393 744 cem
1419 721 1520 744 meam
1545 713 1691 752 audient,
1715 716 1746 746 et
1770 722 1827 755 ego
1851 722 2004 756 cognosco
2019 722 2090 752 eas,
2107 717 2138 746 et
2154 722 2287 756 sequen-

1327 768 1380 797 tur
1404 774 1471 804 me,
1495 769 1526 798 et
1549 775 1607 808 ego
1632 766 1725 798 vitam
1749 770 1910 799 aeternam
1934 766 1975 799 do
1998 767 2044 799 eis
2060 780 2089 798 ».
2115 767 2207 799 Amor
2231 766 2288 809 igi-

1327 821 1380 849 tur
1405 818 1545 851 veritatis
1570 818 1786 861 intelligendae
1810 823 1840 852 et
1864 819 2006 852 sanitatis
2028 819 2215 852 obtinendae
2242 822 2288 851 at-

1328 871 1473 904 trahebat
1496 880 1567 910 eos,
1604 875 1640 904 ut
1671 872 1814 905 venirent
1848 872 1887 905 ad
1919 872 2099 911 Christum,
2133 873 2215 909 sicut
2249 873 2287 905 ad

1327 925 1512 966 magistrum
1537 930 1568 958 et
1591 926 1673 958 sicut
1696 926 1734 958 ad
1759 926 1925 958 medicum.
1950 924 1993 958 Ad
2015 926 2153 967 primum
2178 916 2288 958 invitat

1328 978 1468 1010 Salvator
1492 978 1523 1010 in
1550 979 1671 1011 Psalmo
1693 979 1722 1010 ⁷:
1752 979 1913 1018 «Venite,
1938 978 2012 1017 filii,
2036 978 2142 1011 audite
2166 987 2232 1016 me;
2250 978 2288 1011 ti-

1329 1039 1447 1063 morem
1475 1031 1595 1063 Domini
1620 1031 1738 1063 docebo
1763 1040 1818 1064 vos
1835 1044 1865 1070 »ς
1891 1031 1929 1064 ad
1959 1031 2132 1064 secundum
2157 1031 2187 1063 in
2213 1032 2288 1063 Mat-

1328 1083 1410 1115 thaei
1435 1083 1618 1116 undecimo:
1648 1097 1663 1112 «
1681 1084 1790 1117 Venite
1806 1085 1843 1117 ad
1863 1093 1929 1124 me,
1954 1093 2078 1123 omnes,
2095 1084 2148 1126 qui
2167 1084 2288 1117 labora-

1330 1136 1367 1168 tis
1391 1141 1422 1169 et
1445 1137 1564 1169 onerati
1590 1137 1682 1176 estis;
1707 1141 1738 1170 et
1760 1147 1818 1180 ego
1843 1138 1979 1170 reficiam
2006 1147 2061 1170 vos
2077 1152 2108 1169 ι).

1417 1190 1470 1222 [15.
1496 1191 1654 1232 Quantum
1680 1190 1719 1223 ad
1742 1190 1909 1234 efficacias
1931 1196 2098 1235 sequentes
2132 1191 2288 1224 subinser—
2306 1204 2415 1231 Quanam.

1330 1247 1400 1276 tur:
1435 1245 1473 1276 Et
1504 1245 1564 1287 qui
1593 1244 1803 1277 vexabantur
1838 1255 1860 1277 a
1894 1245 2070 1287 spiritibus
2104 1245 2288 1278 immundis

1328 1297 1558 1335 curabantur‚·
1583 1297 1612 1330 in
1649 1307 1713 1340 quo
1745 1298 1884 1340 tangitur
1916 1298 2054 1331 efficacia
2088 1298 2216 1331 virtutis
2240 1307 2289 1331 re-

1328 1355 1439 1392 spectu
1474 1350 1644 1392 spirituum
1681 1350 1936 1390 immundorum;
1973 1352 2141 1385 Zachariae
2169 1352 2290 1394 decimo

1328 1403 1461 1440 tertioss:
1491 1416 1506 1432 α
1524 1404 1675 1446 Spiritum
1700 1404 1897 1437 immundum
1930 1404 2071 1438 auferam
2094 1405 2133 1438 de
2157 1409 2243 1438 terra
2259 1418 2288 1437 ».

1329 1457 1378 1489 Isti
1412 1457 1543 1499 spiritus
1575 1457 1727 1490 immundi
1765 1462 1882 1491 vexant
1913 1467 1966 1491 eos
1997 1468 2078 1500 quos
2113 1458 2289 1500 possident3

1328 1511 1472 1543 Matthaei
1497 1511 1618 1544 decimo
1642 1511 1769 1554 quinto:
1793 1512 1896 1544 «Filia
1913 1521 1981 1545 mea
1996 1513 2077 1545 male
2092 1521 2111 1544 a
2126 1503 2290 1545 daemonio

1329 1568 1464 1597 vexatur
1482 1578 1512 1596 ».
1537 1565 1616 1597 Haec
1642 1566 1767 1598 vexatio
1801 1566 2008 1607 compellebat
2042 1575 2095 1598 eos
2120 1566 2228 1607 fugere
2252 1564 2291 1597 ad
2309 1580 2385 1607 Quoad
2398 1580 2438 1602 ani.

1328 1618 1508 1656 Christum,
1533 1618 1626 1660 quia,
1649 1618 1822 1651 secundum
1846 1619 1929 1660 quod
1947 1619 2064 1651 dicitur
2089 1619 2182 1651 Isaiae
2208 1618 2291 1660 vige-

1329 1670 1408 1702 simo
1431 1673 1541 1702 octavo
1554 1670 1577 1708 ⁹,
1603 1670 1819 1702 tantummodo
1847 1684 1862 1698 «
1880 1671 2007 1703 vexatio
2023 1671 2215 1704 intellectum
2237 1670 2291 1703 da-

1330 1723 1375 1756 bit
1398 1723 1519 1756 auditui
1537 1735 1567 1762 »;
1592 1723 1765 1756 secundum
1791 1727 1897 1756 autem
1915 1724 1999 1766 quod
2015 1724 2091 1757 dicit
2105 1724 2291 1767 Gregorius,

1335 1790 1348 1805 «
1368 1777 1467 1815 mala,
1493 1786 1574 1818 quae
1598 1786 1655 1809 nos
1680 1777 1730 1809 hic
1754 1781 1919 1819 premunt,
1943 1776 2105 1810 ad'Deum
2133 1778 2180 1811 ire
2208 1787 2292 1811 com-

1330 1830 1498 1872 pellunt».
1523 1830 1614 1863 Certe
1637 1830 1712 1862 dum
1746 1830 1784 1862 ad
1818 1831 1917 1863 Deum
1941 1831 2151 1873 compellunt,
2175 1832 2212 1865 ad
2237 1832 2291 1865 bo-

1330 1893 1401 1916 nam
1433 1883 1668 1924 dispositionem
1702 1883 1880 1922 deducunt,
1918 1884 2090 1917 secundum
2127 1885 2204 1918 illud
2239 1887 2292 1919 Sa-

1332 1936 1466 1978 pientiae
1491 1936 1600 1969 tertio:
1631 1949 1647 1965 «
1664 1936 1696 1968 111
1727 1936 1836 1978 paucis
1869 1937 1989 1976 vexati,
2015 1937 2045 1970 in
2082 1938 2189 1972 multis
2213 1939 2291 1972 bene

1331 1990 1538 2032 disponentur
1552 2003 1582 2021 n.

1421 2044 1473 2076 [16.
1500 2044 1601 2083 (Vers.
1638 2045 1711 2084 19.).
1744 2044 1805 2077 Nec
1838 2048 1959 2077 tantum
1989 2045 2127 2078 efficacia
2160 2050 2229 2079 erat
2261 2047 2291 2079 in

1331 2098 1486 2136 animam,
1510 2097 1564 2130 sed
1588 2097 1680 2130 etiam
1706 2097 1737 2129 in
1761 2099 1876 2139 corpus
1900 2107 1956 2140 per
1973 2098 2071 2140 ipsius
2087 2099 2201 2133 Christi
2224 2110 2293 2134 cor-

1333 2161 1409 2194 pus;
1434 2150 1520 2193 quod
1543 2153 1690 2190 notatur,
1722 2159 1794 2183 cum
1826 2151 1950 2184 subdit:
1978 2153 2015 2184 Et
2047 2153 2155 2185 omnis
2191 2154 2292 2187 turba

1331 2204 1510 2249 quaerebat
1533 2214 1608 2236 eum
1625 2208 1778 2246 tanyere,
1795 2213 1836 2238 ex
1854 2205 1913 2237 fide
1930 2205 2048 2238 scilicet
2063 2210 2094 2239 et
2117 2207 2292 2247 devotione,

1332 2258 1414 2291 sicut
1438 2258 1489 2289 illa
1512 2257 1645 2295 mulier,
1661 2257 1700 2289 de
1716 2266 1779 2299 qua
1803 2258 1947 2290 Matthaei
1972 2268 2055 2291 110110
2068 2260 2109 2292 ¹⁰:
2139 2274 2153 2288 «ι
2168 2260 2196 2292 Si
2223 2261 2293 2293 teti-

1332 2321 1408 2354 gero
1424 2311 1581 2343 ssmbriam
1599 2310 1774 2343 vestimenti
1792 2311 1877 2350 eius,
1895 2312 1981 2344 salva
1996 2321 2051 2345 ero
2068 2326 2097 2345 ».
2114 2333 2158 2337 —
2176 2314 2211 2346 Et
2228 2323 2293 2347 me-

1334 2366 1395 2398 rito
1418 2364 1520 2398 devoti
1546 2367 1653 2403 erant;
1671 2364 1754 2397 unde
1771 2365 1935 2398 subditur:
1955 2366 2043 2407 Quia
2059 2366 2169 2398 virtus
2184 2367 2223 2400 de
2239 2367 2293 2401 illo

1333 2417 1443 2451 exibat
1459 2421 1489 2449 et
1503 2416 1649 2449 sanabat
1671 2419 1800 2457 omnes,
1818 2418 1847 2450 id
1865 2422 1912 2451 est
1927 2418 2069 2460 operatio
2085 2418 2229 2459 virtutis;
2247 2420 2293 2453 in-

1333 2471 1381 2504 fra
1397 2474 1507 2503 octavo
1522 2471 1561 2501 ¹¹:
1584 2483 1599 2498 «
1616 2470 1677 2512 Ego
1694 2471 1834 2513 cognovi,
1852 2472 2003 2505 virtutem
2015 2471 2053 2504 de
2069 2481 2119 2505 me
2131 2472 2246 2506 exiisse
2263 2487 2292 2506 n.

1333 2525 1420 2557 Tunc
1447 2523 1553 2555 virtus
1577 2524 1661 2561 exit,
1691 2524 1832 2566 quando,
1859 2525 1958 2558 latens
1981 2525 2011 2557 in
2036 2534 2089 2564 se,
2118 2526 2294 2560 manifesta-

1334 2582 1387 2610 tur
1413 2578 1443 2609 in
1468 2586 1581 2619 opere,
1606 2578 1778 2610 secundum
1797 2578 1872 2611 illud
1895 2579 2069 2621 Sapientiae
2092 2579 2292 2614 duodecimo:

379 2759 395 2775 ¹·
410 2759 483 2786 Vers.
504 2761 528 2787 1.
547 2774 582 2780 -—
602 2761 659 2787 Duo
679 2768 754 2794 seqq.
777 2761 826 2787 loci
845 2765 906 2787 sunt
924 2762 1011 2787 Matth.
1032 2763 1079 2793 23,
1100 2762 1142 2788 37.
1156 2765 1181 2788 et
1194 2763 1269 2788 Deut.

310 2804 356 2836 32,
377 2804 419 2829 10.
438 2811 493 2837 seq.
512 2818 548 2824 —
567 2805 674 2831 inferius
693 2812 742 2837 pro
760 2804 900 2832 adunabat
920 2806 977 2831 Vat.
996 2805 1151 2832 adiuvabat.

379 2846 390 2862 ²
409 2849 530 2879 Hieron.,
548 2850 564 2875 1.
584 2848 730 2875 Comment.
754 2849 781 2875 in
801 2850 867 2875 Osee
889 2850 917 2882 1,
938 2850 968 2876 5;
994 2849 1138 2882 Samaria,
1158 2858 1227 2883 quae
1245 2853 1270 2875 et

309 2893 367 2924 ipsa
387 2893 466 2918 altera
487 2893 550 2919 urbs
569 2894 616 2919 suit
640 2894 792 2926 metropolis
818 2894 910 2920 decem
939 2893 1071 2926 tribuum,
1092 2902 1160 2928 quae
1180 2898 1269 2926 postea

309 2936 343 2962 ab
364 2938 483 2969 Augusto
502 2937 614 2963 Caesare
632 2938 760 2970 appellata
780 2941 819 2964 est
838 2940 970 2971 Augusta,
990 2939 1015 2965 id
1036 2943 1074 2965 est
1094 2935 1225 2972 Σιβαστή,
1245 2939 1269 2964 111

309 2987 360 3013 qua
381 2987 439 3006 ossa
460 2981 561 3007 loannis
579 2982 711 3014 Baptistae
730 2982 833 3008 condita
853 2986 923 3008 sunt.
942 2983 1003 3008 Post
1021 2982 1180 3009 divisionem
1206 2990 1271 3014 ergo

309 3024 423 3050 duarum
443 3028 467 3050 et
486 3026 579 3051 decem
599 3025 715 3052 tribuum
740 3026 776 3052 ob
801 3026 943 3052 maximam
962 3029 1065 3059 partem
1086 3027 1271 3058 multitudinis,

310 3075 378 3101 quae
397 3068 532 3096 leroboam
552 3074 640 3096 secuta
659 3074 713 3102 est,
733 3078 829 3097 nomen
849 3071 988 3103 pristinum
1008 3072 1085 3097 Israel
1105 3072 1231 3097 remansit
1245 3072 1270 3097 in

310 3113 403 3139 decem
433 3114 562 3141 tribubus.
587 3116 617 3141 Et
645 3119 753 3148 propter
782 3115 880 3142 tribum
906 3116 982 3148 luda,
1007 3123 1077 3150 quae
1105 3116 1227 3148 regnavit
1245 3116 1274 3142 in*

312 3158 472 3191 Ierusalem,
497 3160 562 3185 aliae
581 3160 649 3186 duae
668 3160 752 3187 11111115
771 3161 915 3193 appellatae
939 3164 1001 3187 sunt
1025 3161 1102 3187 ludas
1121 3164 1170 3187 etc.
1189 3175 1224 3179 —-
1244 3161 1270 3186 ln

312 3203 389 3234 vulg.
409 3203 503 3229 desunt
521 3203 603 3229 verba
622 3205 647 3230 et
665 3204 803 3231 Samaria.
823 3205 947 3238 Sequitur
966 3205 1023 3231 lsai.
1043 3206 1073 3237 2,
1093 3205 1117 3230 2.

382 3244 393 3260 ⁸
413 3247 516 3273 Scilicet
533 3247 676 3275 ordinaria
706 3249 732 3274 in
761 3249 822 3275 Luc.
843 3249 872 3280 6,
905 3249 951 3275 ¹7:
974 3249 1145 3277 «Maritima.
1172 3250 1226 3275 Non
1255 3256 1270 3274 a

312 3291 432 3322 proximo
446 3291 510 3317 mari
524 3287 739 3325 Galilaeae,‘quia
753 3294 803 3318 hoc
823 3300 874 3319 non
889 3293 1007 3319 miraculi
1021 3294 1078 3320 loco
1092 3297 1204 3326 ponunt,
1223 3294 1270 3319 sed

312 3342 326 3360 a
346 3335 412 3360 mari
432 3342 528 3367 magno
552 3336 766 3368 cognominatur,
787 3337 811 3362 111
841 3345 895 3370 quo
920 3337 998 3364 etiam
1028 3338 1116 3370 Tyrus
1138 3341 1164 3364 et
1189 3338 1270 3364 Sidon

312 3380 499 3411 comprehendi
529 3383 657 3412 poterant.
683 3380 734 3406 sed
759 3381 819 3413 quia
840 3385 900 3407 sunt
919 3382 1036 3408 civitates
1055 3383 1189 3415 gentium,
1209 3389 1271 3409 cou-

313 3424 379 3449 sulte
394 3424 546 3449 nominatim
559 3427 699 3455 ponuntur,
713 3428 749 3455 ut,
759 3429 855 3457 quanta
868 3426 900 3451 sit
911 3426 994 3452 virtus
1003 3426 1106 3457 Christi,
1120 3427 1269 3458 intimetur,

1334 2769 1402 2795 quae
1421 2763 1499 2788 etiam
1520 2766 1619 2788 exteras
1638 2763 1757 2789 civitates
1775 2763 1907 2789 excitat».
1927 2763 2041 2793 11101011,
2062 2762 2093 2787 V.
2107 2762 2252 2788 Comment.
2267 2763 2293 2789 in

1335 2808 1382 2833 ler.
1401 2807 1449 2838 25,
1468 2808 1516 2832 2¹:
1537 2807 1623 2839 Tyrus
1641 2810 1667 2833 et
1686 2808 1766 2833 Sidon
1787 2808 1812 2833 in
1833 2807 1969 2833 Phoenicis
1988 2806 2074 2832 littore
2086 2806 2220 2839 principes
2233 2808 2294 2833 civi-

1335 2854 1408 2877 tates.
1429 2865 1462 2869 -
1482 2851 1599 2877 Subinde
1618 2851 1745 2883 allegatur
1764 2852 1820 2877 lsai.
1840 2852 1886 2883 60,
1907 2850 1931 2876 5.

1405 2893 1416 2909 ⁴
1437 2895 1511 2921 Vers.
1525 2895 1566 2921 24.
1586 2895 1639 2922 Csr.
1659 2896 1684 2921 11,
1705 2896 1816 2928 Paralip.
1835 2896 1863 2926 9,
1885 2895 1927 2921 23.

1405 2937 1417 2952 ⁶
1438 2939 1547 2971 Vulgata
1567 2943 1593 2965 et
1611 2940 1663 2965 GH
1683 2947 1701 2966 a
1720 2938 1900 2973 languoribus
1927 2938 2002 2971 suis,-
2022 2940 2069 2964 etr.
2099 2946 2179 2971 supra
2199 2939 2229 2970 5,
2249 2940 2292 2965 15.

1334 2996 1370 3002 -
1388 2984 1539 3016 Sequuntur
1557 2984 1623 3010 Osee
1642 2984 1674 3015 6,
1693 2985 1719 3009 2.
1737 2990 1793 3016 seq.
1812 2986 1838 3009 et
1856 2983 1917 3010 dein
1937 2990 1963 3008 v.
1983 2983 2007 3008 3.

1405 3025 1417 3041 ⁰
1436 3027 1511 3053 Vers.
1534 3028 1578 3054 27.
1596 3032 1622 3054 01
1640 3028 1683 3054 28.

1406 3070 1416 3085 ⁷
1437 3073 1529 3098 psalm.
1551 3073 1597 3105 33,
1619 3074 1666 3104 12,
1685 3076 1745 3105 post
1764 3079 1844 3106 quem
1866 3072 1953 3098 Matth.
1974 3071 2022 3102 11,
2041 3071 2084 3096 28.

1406 3115 1417 3130 ⁸
1439 3118 1510 3142 vers.
1532 3118 1556 3142 2.
1574 3131 1610 3136 —
1629 3117 1753 3150 Sequitur
1778 3117 1865 3143 Matth.
1895 3116 1941 3148 15,
1961 3116 2005 3141 22.
2029 3129 2064 3134 —
2089 3116 2216 3147 Superius
2245 3123 2294 3148 pro

1334 3161 1451 3195 efficacia
1469 3161 1577 3188 virtutus
1596 3163 1654 3188 Vat.
1673 3161 1791 3196 efficacia
1808 3160 1942 3188 sanitatis.

1405 3204 1417 3219 ⁹
1437 3206 1511 3232 Vers.
1542 3207 1583 3232 19.
1610 3220 1646 3226 -
1669 3206 1789 3238 Gregorii
1812 3205 1939 3232 sententia
1968 3204 2115 3230 insinuatur
2143 3205 2169 3229 11.
2199 3205 2292 3231 1-1011111.

1336 3249 1361 3274 111
1382 3250 1480 3282 Evang.
1506 3250 1595 3276 homil.
1625 3250 1668 3276 36.
1699 3257 1726 3275 11.
1750 3251 1780 3283 9,
1809 3249 1853 3275 11111
1880 3249 1986 3282 exponit
2010 3248 2073 3274 illud
2092 3248 2153 3274 Luc.
2180 3248 2225 3281 14,
2245 3249 2292 3274 23:

1335 3293 1468 3327 compelle
1487 3293 1606 3326 intrare,
1626 3295 1657 3320 ut
1685 3293 1831 3327 impleatur
1859 3293 1956 3320 domus
1984 3299 2054 3319 mea.
2081 3291 2133 3319 Cir.
2160 3295 2222 3318 10111.
2252 3294 2294 3319 Vl.

1335 3345 1395 3370 pag.
1416 3338 1483 3369 294,
1502 3343 1560 3364 nota
1582 3339 1607 3364 2.
1626 3338 1746 3364 Subinde
1758 3338 1886 3370 allegatur
1906 3338 1967 3370 Sap.
1987 3338 2017 3368 3,
2037 3337 2060 3361 5.

1406 3380 1428 3396 ¹⁰
1448 3382 1522 3408 Vers.
1542 3383 1585 3407 21.
1650 3382 1652 3384 ’

1406 3425 1427 3441 ¹¹
1449 3427 1523 3452 Vers.
1535 3427 1575 3452 46.
1587 3440 1622 3445 —
1633 3427 1689 3452 Duo
1702 3433 1776 3459 seqq.
1787 3426 1835 3452 loci
1847 3429 1907 3452 sunt
1917 3426 1978 3457 Sap.
1990 3425 2085 3456 12,17.
2095 3428 2121 3451 01
2132 3426 2186 3451 lsai.
2200 3426 2240 3456 40,
2252 3427 2293 3451 29.

2344 1612 2407 1628 mam.

2311 2061 2386 2088 Quoad
2400 2066 2444 2082 cor·

2352 2094 2400 2115 pus.

2313 2541 2442 2563 Notandum.
