2476 3921
11 423 13 461 l

15 480 153 504 corollarium.

4 1092 5 1125 ἲ
34 1113 62 1134 Do
75 1112 145 1134 tertio.

18 2332 142 2354 Notandum.

747 223 940 256 COMMENT.
966 223 1003 255 IN
1029 221 1266 255 EVANGELIUM
1291 222 1408 256 LUCAE
1433 222 1465 254 C.
1491 224 1563 255 Vlll.

173 313 318 355 pluribus
334 313 461 346 medicis
484 318 515 346 et
538 315 722 355 erogaverat
737 311 841 344 omnia
858 320 932 350 sua,
958 320 1015 343 nec
1038 309 1130 352 quid-

172 375 267 408 quam
292 366 483 408 profecerat,
508 366 562 399 sed
586 365 685 407 magis
708 364 848 397 deterius
872 363 1006 396 habebat
1024 377 1052 395 n.
1070 363 1129 396 Sed

172 419 268 451 Lucas
299 419 438 452 medicus
470 419 529 452 hoc
561 422 658 457 tacet,
689 417 728 450 de
758 417 885 450 medicis
913 416 1065 449 curialius
1089 416 1130 448 lo-

169 480 278 513 quens.
293 490 337 495 —
349 472 394 504 Ex
415 481 478 514 quo
494 471 669 513 colligitur,
686 470 770 513 quod
787 469 980 502 medicorum
1006 478 1059 501 ars
1082 471 1130 502 est

170 524 369 563 laudabilis,
394 524 519 567 quando
543 524 688 566 sequitur
711 531 880 565 supernam
905 522 1073 573 potentiam
1098 526 1130 555 et

169 581 313 610 naturam
338 578 538 611 substratam.
564 577 649 610 Unde
672 576 788 608 dicitur
813 575 1016 609 Ecclesiastici
1034 575 1129 617 trige-

169 631 248 664 simo
270 634 380 663 octavo
394 632 422 662 ¹:
449 643 464 659 «
482 630 526 662 Da
543 630 646 662 locum
664 629 801 668 medico,
818 638 857 661 ne
875 629 999 662 recedat
1015 638 1033 661 a
1050 633 1080 661 te
1096 642 1127 661 ι).

169 684 227 717 Sed
251 687 326 716 tunc
349 683 410 715 erit
432 682 662 724 vituperabilis
683 683 825 724 ,operatio
849 682 978 721 medici,
1003 682 1129 724 quando

168 735 296 778 negligit
325 736 373 768 vel
397 735 596 768 considerare
620 738 784 774 naturam,
810 735 858 768 vel
882 743 943 767 non
968 736 1129 777 anteponit

167 789 304 821 divinam
329 789 517 831 potentiam,
541 788 623 821 sicut
646 789 762 821 dicitur
785 789 824 821 de
847 789 905 822 Asa
928 789 1055 822 secundi
1075 789 1128 821 Pa-

168 842 384 884 ralipomenon
405 842 526 875 decimo
549 845 640 875 sexto
653 842 925 884 ²:⁴«Aeg1'0tavlt
949 843 1006 875 Asa
1021 842 1128 875 dolore

169 895 281 938 pedum
307 896 509 929 vehementer
533 904 590 928 nec
614 895 658 928 sic
682 895 848 928 Dominum
874 896 1056 937 requisivit,
1073 895 1127 927 sed

168 949 265 991 magis
296 949 490 983 medicorum
522 952 590 982 arte
621 949 758 982 confisus
788 951 836 981 est
855 961 886 987 »;
910 952 941 981 et
964 948 1125 989 sequitur,

166 1002 251 1045 quod
279 1015 295 1031 «
313 1005 458 1035 mortuus
481 1005 575 1035 est».

255 1056 307 1088 81.
331 1055 432 1097 (Vers.
457 1055 535 1095 Ma).
561 1054 665 1087 Tertio
689 1057 842 1096 quantum
867 1054 905 1086 ad
928 1052 1124 1096 facilitatem

163 1106 329 1150 perfectae
352 1107 539 1139 curationis
563 1116 581 1139 a
605 1107 764 1140 Salvatore
788 1107 952 1139 subditur:
981 1107 1126 1139 Accessit

166 1164 255 1192 retro
278 1163 306 1192 et
331 1160 433 1202 tetigit
456 1159 626 1201 fimbriam
650 1160 833 1192 vestimenti
855 1160 936 1192 eius.
959 1161 1123 1199 Accessit,

166 1213 240 1255 quia
264 1212 435 1250 credebam
466 1212 504 1245 ad
537 1212 692 1245 Hebraeos
719 1212 931 1245 undecimo⁸z
961 1226 976 1241 (ι
993 1213 1125 1255 Oportet

165 1266 363 1299 accedentem
385 1265 514 1298 credere
531 1277 561 1304 »;
588 1269 696 1304 retro,
713 1265 788 1307 quia
809 1265 961 1305 timebat,
977 1266 1059 1299 sicut
1075 1275 1124 1299 so-

166 1329 220 1353 ror
243 1319 382 1352 eiusdem
406 1319 518 1358 Maria,
544 1327 641 1360 supra
662 1319 811 1361 septimo:
835 1332 850 1347 a
867 1320 957 1352 Stans
973 1323 1060 1352 retro
1076 1329 1124 1353 se-

165 1382 221 1406 cus
244 1372 339 1415 pedes
362 1372 531 1405 Domini».
564 1372 698 1414 Tetiyit,
724 1372 798 1414 quia
814 1373 963 1414 speravit
978 1373 1101 1406 curari
1112 1385 1123 1411 ,·

165 1426 310 1459 Matthaei
341 1435 443 1458 nono:
473 1439 489 1454 ε(
506 1425 633 1458 Dicebat
657 1425 741 1458 intra
764 1434 818 1458 se:
844 1426 873 1458 Si
899 1426 1031 1468 tetigero
1054 1427 1123 1459 fim-

165 1479 264 1513 briam
297 1479 490 1517 vestimenti,
522 1479 607 1511 salva
638 1487 692 1511 ero
708 1492 738 1510 ».
777 1479 894 1522 Tetiyit
921 1483 1026 1513 autem
1050 1480 1123 1521 sim-

165 1532 320 1570 briam4,
345 1531 376 1564 id
399 1535 447 1564 est
476 1532 615 1564 infimam
649 1535 771 1574 partem
799 1533 998 1572 vestimenti,
1028 1543 1123 1576 repu—

165 1589 233 1617 tans
256 1593 289 1617 se
313 1584 505 1617 immundam
523 1587 555 1618 et
570 1585 783 1619 honorificans
806 1586 921 1619 Christi
938 1588 1122 1627 potentiam,

163 1638 218 1680 qui
242 1640 343 1680 potest
366 1638 498 1671 salutem
522 1638 598 1671 dare
621 1648 678 1680 per
703 1639 820 1672 infima.
846 1659 887 1664 —
912 1641 949 1673 Et
965 1641 1039 1683 quia
1055 1650 1123 1674 cre-

163 1691 240 1724 didit
263 1694 294 1724 et
318 1691 473 1733 speravit,
498 1692 567 1725 ideo
590 1692 722 1725 faciliter
738 1685 883 1726 obtinuit.
910 1694 1040 1735 Propter
1064 1694 1123 1729 boc

163 1743 306 1777 additur:
334 1745 373 1776 Et
396 1743 566 1787 confestim
590 1745 678 1778 Stetit
698 1745 815 1788 fluxus
837 1747 1016 1788 eamq-uinis
1031 1747 1123 1784 eius,-

163 1806 204 1830 ex
228 1807 291 1840 quo
314 1801 445 1840 apparet
468 1798 549 1831 mira
573 1799 626 1832 Dei
653 1799 772 1839 virtus,
797 1809 878 1841 quae
894 1799 1040 1832 morbum
1059 1803 1121 1839 tam

162 1850 349 1884 diuturnum
374 1855 405 1884 et
428 1855 492 1885 tam
516 1859 644 1894 gravem
668 1852 791 1885 curavit
815 1852 918 1884 statim
943 1851 982 1884 ad
1003 1854 1120 1884 tactum

163 1904 259 1938 unius
282 1905 463 1947 particulae.
488 1905 565 1937 Mira
588 1908 635 1937 est
658 1914 733 1946 ergo
759 1905 859 1937 virtus
882 1904 1015 1944 Christi,
1040 1914 1122 1947 quae

163 1957 348 1990 credulitate
371 1957 419 1989 sui
444 1957 647 1998 impossibilia
662 1957 735 1989 facit
752 1956 870 1996 facilia,
895 1957 1067 1990 secundum
1084 1958 1121 1991 il-

163 2010 216 2042 lud
239 2009 332 2042 Marci
349 2018 432 2042 nono
443 2009 475 2041 ⁶:
497 2022 512 2038 α
529 2009 558 2042 Si
576 2013 664 2051 potes
679 2009 826 2049 credere,
842 2010 947 2043 omnia
962 2011 1122 2053 possibilia

163 2065 236 2096 sunt
251 2061 389 2095 credenti
403 2074 433 2101 »;
450 2065 481 2094 et
497 2062 618 2095 Ioannis
630 2062 750 2095 decimo
767 2067 898 2105 quarto:
917 2077 932 2092 (ι
945 2064 1005 2105 Qui
1022 2064 1122 2098 credit

163 2116 194 2149 in
209 2124 274 2155 me,
291 2124 404 2157 opera,
421 2124 502 2158 quae
525 2124 583 2158 ego
606 2115 703 2155 facio,
720 2119 751 2149 et
767 2116 834 2158 ipse
850 2117 940 2150 faciet
956 2120 987 2150 et
1003 2118 1122 2151 maiora

162 2170 277 2203 horum
301 2168 392 2202 faciet
407 2180 438 2208 »;
463 2171 494 2201 et
518 2169 651 2202 Actuum
676 2169 797 2203 decimo
821 2179 921 2203 nono:
947 2184 962 2199 α
980 2171 1120 2205 Virtutes

161 2232 225 2256 non
254 2221 391 2255 modicas
421 2221 554 2255 faciebat
585 2222 670 2255 Deus
701 2232 757 2265 per
788 2232 916 2257 manum
950 2225 1053 2264 Pauli,
1085 2230 1122 2258 ut

161 2275 255 2309 etiam
278 2275 316 2308 de
340 2284 472 2317 corpore
503 2275 571 2309 eius
601 2275 803 2310 deferrentur
826 2277 952 2310 sudaria
975 2281 1006 2311 et
1029 2278 1122 2311 semi-

161 2328 272 2362 cinctia
282 2355 290 2368 ,
314 2332 345 2362 et
368 2329 555 2362 recedebant
570 2330 610 2363 ab
625 2330 670 2363 eis
687 2331 854 2373 languores
870 2345 900 2363 n.
918 2332 948 2365 Si
965 2341 1041 2374 ergo
1057 2336 1121 2365 tam

162 2381 288 2414 salubre
311 2384 357 2416 est
382 2390 438 2424 per
461 2381 554 2415 fidem
579 2385 707 2425 tangere
735 2383 893 2417 fimbriam
926 2385 1121 2425 vestimenti,

162 2444 256 2477 quan]
292 2434 419 2468 salubre
450 2435 511 2468 erit
541 2436 644 2478 ipsum
676 2436 836 2470 Christum
871 2440 1005 2471 tenere?
1036 2438 1122 2471 Unde

162 2488 386 2521 Bernardusss:
417 2502 432 2518 n
448 2489 545 2522 Dulce
568 2490 643 2523 satis
666 2492 713 2523 est
736 2494 785 2530 te,
810 2491 1001 2531 bone-Iesu,
1026 2500 1122 2534 quae-

162 2551 249 2582 rere,
272 2542 397 2576 dulcius
425 2545 532 2576 tenere
548 2556 580 2583 »;
604 2543 688 2577 unde
704 2553 818 2586 sponsa
834 2544 1034 2578 Canticorum
1059 2548 1122 2578 ter-

234 2729 243 2744 ¹
264 2731 339 2756 Vers.
360 2731 402 2757 11.
421 2735 446 2757 et
467 2732 508 2757 12.
523 2746 555 2750 -—
569 2732 697 2764 Superius
710 2739 758 2764 pro
778 2732 828 2759 hoc
847 2735 917 2760 tacet
934 2733 953 2759 C
967 2734 987 2759 D
1006 2733 1072 2760 haec
1086 2735 1122 2760 ta-

163 2777 209 2802 cet.
223 2774 341 2801 Subinde
354 2783 403 2808 pro
416 2777 548 2803 naturam
560 2775 726 2803 substratam
739 2778 796 2803 Vat.
805 2779 937 2804 naturam
946 2777 1121 2804 abstractam.

233 2816 244 2832 ²
264 2819 339 2844 Vers.
360 2820 402 2850 12,
423 2822 449 2845 et
468 2819 511 2845 13.
530 2833 564 2837 -
584 2820 711 2851 Superius
739 2827 788 2851 pro
816 2827 872 2847 non
899 2821 1037 2854 anteponit
1063 2822 1122 2847 Vat.

164 2869 218 2889 non
236 2862 355 2896 apponit.

234 2904 245 2919 ⁸
266 2907 339 2932 Vers.
359 2907 384 2931 6.
403 2920 438 2926 —
458 2907 515 2933 Duo
534 2914 609 2940 seqq.
626 2907 675 2933 loci
702 2911 763 2933 sunt
789 2909 852 2934 Luc.
876 2908 907 2939 7,
927 2909 970 2934 38.
989 2908 1121 2941 (respectu

164 2951 239 2977 cuius
257 2951 414 2983 supponitur
439 2951 565 2977 sententia
589 2951 721 2978 Ambrosii
740 2959 820 2984 supra
840 2960 865 2978 n.
885 2953 930 2979 78.
950 2953 975 2978 in
995 2954 1047 2979 line
1065 2955 1122 2980 alle-

164 2994 233 3028 gata)
253 2997 279 3020 et
298 2995 383 3020 Matth.
403 2995 433 3026 9,
453 2995 497 3020 21.
516 2997 542 3020 et
560 2996 612 3028 20;
632 2996 678 3021 etr.
698 2996 774 3022 Marc.
794 2996 825 3027 5,
845 2998 887 3022 28.

234 3037 245 3053 ⁴
266 3039 325 3065 Vat.
344 3039 416 3065 addit
434 3039 583 3066 vestimenti
600 3039 664 3066 eius.
685 3053 720 3059 —
738 3041 828 3066 Glossu
847 3040 989 3068 ordinaria
1009 3041 1050 3076 (ex
1063 3043 1122 3068 Am-

165 3084 247 3115 bros„
267 3084 309 3110 Vl.
328 3084 355 3109 in
373 3084 435 3109 Luc.
450 3091 475 3110 n.
489 3084 531 3110 58.
544 3086 615 3110 etex
628 3084 708 3117 Beda)
729 3085 755 3110 iu
774 3085 837 3112 Luc.
856 3087 887 3118 8,
908 3086 958 3112 tt:
978 3087 1122 3114 Fimbriam

164 3128 247 3160 tangit
270 3127 316 3160 qui
344 3127 530 3154 incarnationis
549 3128 673 3160 mysteria
692 3130 807 3160 perfecte
825 3133 897 3156 amat
916 3134 941 3156 et
959 3131 1056 3163 credit,
1078 3132 1122 3158 do-

164 3179 213 3197 nec
231 3172 265 3198 a‘d
285 3172 384 3198 maiora
398 3167 529 3204 'capienda
551 3173 693 3204 perveniat.
707 3172 733 3199 Si
747 3174 959 3207 consideremus,
978 3179 1076 3209 quanta
1089 3177 1122 3203 sit

165 3217 231 3243 tides
249 3220 349 3248 nostra,
368 3219 394 3242 et
411 3216 601 3249 intelligainu5‚
620 3220 734 3250 quantus
757 3218 790 3244 sit
808 3219 886 3245 Filius
905 3220 965 3252 Dei;
985 3220 1121 3253 videmus,

165 3261 227 3294 quia
245 3261 441 3292 comparatione
460 3261 517 3286 eius
535 3260 667 3287 fimbrium
687 3263 870 3289 tautummodo
884 3264 1030 3296 tangimus,
1044 3272 1123 3297 supe-

136 3324 139 3328 .
165 3304 262 3330 riorem
282 3304 428 3330 vestimenti
447 3304 504 3330 eius
523 3307 624 3336 partem
643 3306 783 3339 nequimus
801 3307 938 3340 attingere.

236 3346 247 3362 ⁵
267 3348 341 3374 Vers.
361 3349 410 3381 22„
429 3352 488 3381 post
506 3356 586 3382 quem
606 3350 674 3376 loan.
698 3350 742 3383 tt,
763 3352 804 3377 12.
825 3355 850 3377 et
864 3352 919 3378 Aet.
935 3353 982 3384 19,
999 3354 1039 3378 tl.
1053 3361 1121 3386 seq:

170 3392 337 3427 Virtutesque
355 3399 410 3419 non
430 3393 560 3427 quaslibet
583 3393 697 3427 faciebat
715 3398 763 3421 etc.
783 3409 818 3415 —
838 3396 964 3428 Superius
983 3400 1042 3429 post
1058 3404 1122 3431 par-

2089 227 2149 258 ‘211

1194 309 1257 342 tio:
1288 323 1303 338 «
1320 310 1417 343 Tenui
1442 319 1515 343 eum
1532 320 1589 343 nec
1605 311 1757 344 dimittam
1776 327 1805 343 υ.
1830 325 1843 339 «
1857 312 1963 345 Dulcis
1980 314 2089 355 utique
2107 319 2153 346 est

1192 363 1370 395 attrectatio
1394 363 1462 402 tui;
1486 372 1560 396 nam
1583 367 1613 397 et
1639 365 1702 405 ipse
1727 368 1829 397 tactus
1853 365 1958 398 fructu
1978 376 2038 398 non
2057 371 2151 399 caret.

1194 416 1304 449 Mulier
1327 416 1410 449 enim
1435 417 1612 459 evangelica
1636 417 1714 461 felici
1740 418 1824 450 furto
1849 420 1960 461 attiyit
1983 419 2153 461 fimbriam

1194 469 1279 507 lesu,
1304 473 1332 501 et
1355 470 1467 501 statim
1492 469 1578 501 stetit
1601 470 1630 501 in
1657 470 1708 501 illa
1738 469 1853 511 stuzas
1885 473 2019 505 carnalis
2051 473 2152 506 illece-

1193 522 1287 561 brae,
1311 522 1445 555 carnalis
1468 522 1680 555 delectationis
1704 527 1735 554 et
1757 532 1853 556 curae
1870 539 1900 556 υ.

1282 576 1334 608 82.
1367 576 1467 616 (Vers.
1500 576 1577 616 452).
1615 576 1653 608 Ει
1685 577 1733 607 ait
1771 577 1861 609 lesus
1892 581 1949 611 etc.
1987 580 2151 622 Postquam

1192 632 1317 661 ostensa
1340 632 1387 661 est
1410 628 1523 660 Christi
1542 629 1719 670 praesentia
1735 638 1803 662 esse
1819 630 2034 665 desiderabilis
2051 637 2082 665 et
2099 643 2152 675 po-

1193 682 1289 714 tentia
1311 681 1519 719 admirabilis,
1546 681 1596 713 hic
1621 682 1713 714 tertio
1736 684 1913 716 ostenditur
1937 685 2006 718 eius
2021 687 2151 728 sapien-

1193 734 1242 766 tia
1266 733 1475 776 infallibilis;
1499 737 1530 766 et
1553 734 1613 766 hoc
1637 735 1821 776 tripliciter,
1847 737 1965 770 scilicet
1981 747 2020 771 ex
2039 739 2154 781 ‹lepre-

1192 785 1343 819 lzensione
1371 787 1520 819 veritatis
1552 788 1714 826 occultae,
1740 798 1781 821 ex
1806 790 1980 823 detectione
2002 793 2152 825 veritatis

1191 837 1426 881 deprebensae,
1451 848 1492 872 ex
1517 840 1755 882 approbatione
1778 843 1929 876 veritatis
1952 845 2101 878 detectae.

1281 892 1383 925 Primo
1406 892 1503 934 igitur
1527 893 1740 927 introducitur
1765 896 1976 938 deprehensio
2001 900 2152 933 veritatis

1190 944 1334 977 occultae
1358 954 1375 977 a
1398 945 1523 978 Christo
1547 956 1602 988 per
1628 949 1788 990 propriam
1811 950 2062 992 inquisitionem,
2080 962 2151 985 cum

1189 997 1304 1031 dicitur
1319 1011 1325 1030 ι
1353 999 1393 1031 Et
1416 999 1465 1032 ait
1489 1000 1603 1032 lesus:
1631 1001 1713 1042 Quis
1727 1002 1738 1021 ⁷
1755 1012 1806 1034 me
1823 1003 1950 1046 tetigit?
1967 1005 2029 1038 Hoc
2045 1010 2149 1039 autem

1189 1060 1250 1083 non
1275 1051 1367 1091 dicit,
1392 1055 1429 1084 ut
1451 1052 1568 1093 discat,
1594 1054 1647 1087 sed
1664 1059 1700 1087 ut
1717 1056 1800 1097 quod
1818 1060 1927 1089 notum
1946 1061 1993 1090 est
2009 1058 2065 1091 sibi
2083 1059 2151 1092 aliis

1188 1104 1333 1146 detegat;
1359 1105 1450 1138 iuxta
1474 1107 1558 1149 quod
1583 1108 1613 1140 in
1640 1108 1761 1141 Psalmo
1784 1109 1920 1142 dicitur:
1951 1124 1966 1139 α
1985 1111 2150 1154 Palpebrae

1188 1158 1257 1191 eius
1279 1159 1474 1202 interrogant
1498 1160 1578 1194 filios
1604 1162 1765 1195 hominum
1779 1189 1786 1201 ,
1811 1163 1962 1197 Dominus
1979 1165 2150 1207 interrogat

1189 1211 1308 1244 iustum
1332 1216 1363 1244 et
1388 1212 1519 1255 impium
1537 1226 1567 1252 »;
1593 1223 1654 1246 non
1679 1218 1716 1247 ut
1738 1216 1778 1248 ab
1795 1216 1839 1248 eis
1855 1217 1972 1259 aliquid
1997 1217 2147 1256 addiscat,

1188 1264 1241 1297 sed
1259 1268 1294 1297 ut
1310 1265 1419 1299 doceat
1435 1266 1519 1308 quod
1537 1267 1690 1309 ignorant.
1708 1287 1752 1293 —-
1769 1269 1853 1302 Unde
1875 1270 1948 1311 quia
1965 1270 2148 1312 ignorabant

1188 1319 1380 1360 quaestionis
1411 1328 1555 1359 causam,
1592 1321 1760 1354 subditur:
1798 1322 2001 1364 Negantibus
2036 1328 2147 1356 autem

1188 1371 1361 1411 omnibus,
1385 1372 1473 1405 dixit
1496 1373 1633 1413 Petrus,
1657 1379 1686 1406 et
1709 1375 1768 1417 qui
1790 1385 1865 1407 cum
1890 1376 1944 1408 illo
1968 1381 2083 1415 erant,
2117 1377 2146 1409 id

1188 1428 1235 1458 est
1258 1425 1309 1457 alii
1333 1425 1493 1467 discipuli,
1517 1435 1643 1459 causam
1661 1427 1757 1460 huius
1773 1428 1963 1469 quaestionis
1980 1438 2040 1461 non
2058 1429 2148 1462 intel-

1188 1478 1339 1520 ligentes;
1363 1479 1447 1512 unde
1471 1483 1595 1521 poterat
1617 1480 1662 1512 eis
1685 1480 1744 1512 dici
1769 1480 1846 1513 illud
1863 1482 2008 1514 Matthaei
2025 1482 2147 1515 decimo

1187 1532 1298 1574 quinto
1311 1531 1323 1551 ⁸
1337 1544 1345 1564 ε
1375 1545 1390 1561 α
1406 1532 1515 1565 Adhuc
1539 1536 1569 1566 et
1592 1542 1647 1565 vos
1671 1533 1737 1566 sine
1753 1533 1913 1566 intellectu
1930 1535 2004 1567 estis
2021 1539 2058 1567 12?
2074 1536 2149 1578 quia

1187 1586 1401 1628 quaestionem
1426 1586 1510 1618 illam
1534 1586 1719 1625 carnaliter,
1744 1596 1806 1619 non
1832 1587 2038 1629 spiritualiter
2060 1589 2149 1622 intel-

1188 1639 1333 1681 ligebant.
1352 1658 1392 1662 —
1410 1639 1498 1680 Quod
1515 1642 1599 1680 patet
1616 1639 1647 1671 in
1665 1639 1724 1672 hoc
1741 1640 1825 1682 quod
1842 1640 1969 1674 adducit
1983 1654 1989 1674 z
2008 1643 2149 1676 Praece—

1183 1695 1279 1734 ptor,
1305 1691 1422 1724 turbae
1446 1695 1474 1724 te
1501 1692 1726 1734 comprimunt
1757 1697 1787 1725 et
1818 1693 1994 1737 affligunt,
2027 1700 2055 1728 et
2088 1697 2148 1729 tu⁹

1186 1744 1293 1776 dicis.-
1320 1745 1403 1785 Quis
1425 1755 1476 1777 me
1500 1745 1629 1787 tetiqit?
1653 1746 1742 1788 quasi
1764 1746 1886 1780 dicant:
1905 1757 1978 1781 cum
1994 1758 2103 1783 omnes
2121 1754 2149 1783 te

1186 1801 1313 1839 tangant
1337 1797 1569 1837 indifferenter,
1586 1799 1743 1841 quomodo
1759 1801 1887 1842 quaeris
1903 1801 1941 1835 de
1958 1802 2064 1845 aliquo
2081 1812 2150 1845 spe-

1185 1850 1329 1888 cialiter?
1353 1850 1439 1884 Unde
1462 1851 1678 1891 mirabantur,
1701 1853 1858 1895 quomodo
1875 1854 2035 1895 Christus,
2053 1857 2149 1899 magi-

1185 1906 1250 1936 ster
1273 1907 1305 1937 et
1327 1908 1531 1947 praeceptor,
1556 1910 1725 1948 quaereret
1749 1907 1839 1949 quasi
1868 1908 1907 1941 de
1938 1908 2034 1942 dubio
2065 1910 2149 1952 quod

1185 1957 1331 1991 omnibus
1355 1962 1423 1991 erat
1447 1958 1479 1991 in
1502 1959 1688 1999 manifesto;
1713 1963 1745 1993 et
1768 1961 1837 1994 ideo
1862 1962 1976 1995 merito
1992 1963 2149 1996 miraban-

1185 2014 1253 2050 tur,
1278 2011 1436 2054 quomodo
1451 2012 1596 2045 Christus
1612 2017 1802 2055 proponeret
1818 2015 2052 2056 quaestionem,
2069 2026 2150 2058 quae

1184 2069 1316 2108 apparet
1339 2066 1453 2105 stulta,
1478 2075 1550 2099 cum
1575 2066 1700 2100 dicatur
1722 2068 1878 2101 secundae
1894 2069 1932 2101 ad
1949 2069 2148 2103 Timotheum

1185 2118 1323 2152 secundo
1337 2119 1384 2151 ¹⁰:
1411 2132 1427 2148 α
1444 2119 1561 2153 Stultas
1576 2123 1608 2153 et
1623 2120 1690 2153 sine
1705 2120 1868 2163 disciplina
1883 2123 2081 2164 quaestiones
2096 2124 2148 2157 de-

1185 2171 1249 2204 vita
1265 2185 1295 2204 ».
1321 2172 1380 2205 Sed
1403 2173 1478 2215 quia
1501 2173 1694 2206 intellectum
1720 2174 1878 2207 habebant
1894 2176 2068 2215 carnalem,
2083 2186 2148 2210 ma-

1185 2224 1364 2258 nuducendi
1389 2228 1479 2258 erant
1501 2226 1540 2259 ad
1564 2226 1769 2268 spiritualem.

1275 2278 1327 2311 83.
1353 2278 1454 2320 (Vers.
1479 2279 1557 2321 46.).
1591 2280 1721 2322 Propter
1752 2280 1836 2322 quod
1868 2280 1973 2313 addit:
2000 2283 2040 2314 Et
2063 2282 2147 2314 dixit

1185 2331 1297 2364 lesus.-
1322 2331 1455 2375 Aliquis
1478 2342 1529 2365 me
1552 2333 1675 2376 tetiyit,
1700 2333 1730 2365 id
1747 2337 1794 2366 est
1809 2334 1916 2376 aliqua
1931 2343 2083 2375 persona,
2100 2338 2146 2367 ta-

1185 2388 1239 2418 ctu
1263 2385 1380 2419 scilicet
1403 2386 1581 2428 spirituali;
1605 2389 1637 2419 et
1652 2387 1712 2419 hoc
1727 2387 1860 2428 probat:
1886 2386 1974 2419 Nam
1998 2391 2026 2419 et
2040 2389 2065 2407 ¹¹
2089 2398 2145 2430 eya

1184 2439 1281 2478 novi,
1299 2439 1460 2471 vinalem
1483 2439 1522 2471 de
1544 2448 1595 2471 me
1617 2439 1744 2471 exiisse.
1767 2439 1828 2472 Hoc
1844 2439 1919 2472 dicit
1935 2444 2090 2482 quantum
2107 2441 2146 2473 ad

1185 2492 1331 2525 effectum
1362 2491 1555 2531 curationis;
1587 2495 1618 2524 et
1649 2492 1693 2525 sic
1717 2492 1898 2525 verificatur
1922 2493 1999 2525 illud
2023 2494 2147 2536 Sapien-

1186 2545 1248 2578 tiae
1276 2544 1481 2579 duodecimo:
1519 2545 1707 2578 «Virtutem
1740 2550 1845 2578 autem
1879 2549 1965 2579 tuam
1990 2547 2145 2587 ostendis,

1186 2732 1283 2760 ticultw
1302 2734 1323 2759 Η
1342 2733 1416 2759 addit
1435 2733 1584 2760 vestimenti
1600 2734 1645 2760 sui
1664 2733 1734 2767 [Vnt.
1747 2734 1897 2762 vestimenti
1908 2734 2015 2769 ipsius}
2030 2735 2146 2761 Subinde

1186 2784 1234 2809 pro
1253 2776 1410 2803 credulitate
1427 2777 1473 2803 sui
1490 2777 1539 2803 AC
1550 2778 1602 2803 DG
1613 2778 1634 2803 H
1654 2778 1812 2805 credulitate
1830 2786 1889 2805 sua.

1257 2820 1268 2835 ⁶
1288 2822 1334 2847 Vel
1354 2822 1441 2853 potius
1460 2821 1566 2848 Gilbert.
1586 2823 1619 2848 de
1638 2823 1788 2853 Hollandia,
1809 2824 1893 2849 Serm.
1917 2825 1936 2848 1.
1957 2824 1982 2849 in
2004 2824 2077 2850 Cant.
2098 2824 2146 2854 (in-

1187 2868 1224 2891 ter
1244 2872 1324 2897 opera
1344 2866 1480 2898 Bernardi)
1502 2874 1526 2892 n.
1546 2868 1576 2898 2,
1597 2866 1641 2892 ubi
1662 2874 1710 2899 pro
1730 2867 1801 2893 unde
1828 2874 1928 2901 sponsa
1954 2867 2029 2894 Cant.
2050 2866 2085 2899 5,
2106 2866 2125 2894 4
2137 2877 2144 2893 .-

1189 2910 1272 2936 Tenui
1289 2917 1366 2941 eum,
1386 2917 1433 2937 nec
1452 2910 1586 2937 dimittam
1605 2914 1688 2937 textus
1707 2912 1842 2943 originalis
1862 2911 1889 2937 in
1909 2918 1963 2940 ano
1973 2911 2037 2945 pius
2052 2911 2141 2943 labor,

1186 2954 1214 2980 in
1233 2954 1319 2981 allero
1337 2955 1455 2989 perfecta
1475 2955 1584 2982 laetitia.
1604 2955 1721 2981 Subinde
1734 2963 1782 2988 pro
1795 2955 1868 2989 felici
1878 2956 1953 2989 furto
1966 2957 2055 2988 plures
2068 2956 2146 2982 codd.

1185 2998 1257 3033 felici
1274 2999 1353 3033 furtu
1374 3000 1430 3031 (cfr.
1452 3000 1490 3025 Du
1509 2999 1610 3031 Gange,
1629 3001 1789 3026 Glossarium
1809 3004 1873 3031 etc.,
1894 2999 1938 3026 ubi
1958 3001 2067 3025 refertur
2089 3000 2147 3033 fur-

1187 3044 1245 3075 tus,
1264 3044 1386 3076 furtum),
1408 3044 1466 3069 Vnt.
1485 3043 1556 3078 felici
1573 3044 1674 3078 fructu.

1257 3085 1267 3101 ⁷
1288 3088 1413 3120 Vulgata,
1433 3095 1512 3121 quam
1532 3089 1717 3121 sequunturfl
1738 3091 1763 3113 et
1782 3088 1853 3119 Vat..
1875 3087 1941 3119 Quis
1959 3090 2010 3120 est,
2032 3087 2086 3121 qui.
2110 3102 2146 3107 —

1186 3131 1304 3158 Subinde
1323 3133 1450 3165 allegatur
1469 3134 1508 3158 Ps.
1530 3133 1577 3163 10,
1591 3133 1616 3157 5.
1629 3139 1686 3165 seq.
1698 3145 1733 3151 —
1746 3132 1835 3158 Glossa
1850 3131 1992 3158 ordinaria
2007 3133 2049 3165 (ex
2063 3133 2144 3159 Bedai

1187 3176 1214 3202 in
1231 3177 1294 3203 Luc.
1314 3177 1342 3209 8,
1358 3176 1408 3202 45:
1424 3176 1490 3208 Quis
1503 3177 1557 3208 est,
1576 3183 1627 3202 non
1642 3176 1759 3209 quaerit,
1773 3179 1800 3201 ut
1813 3176 1939 3202 doceatur
1953 3183 2022 3209 quae
2035 3178 2145 3208 nesciat,

1186 3221 1233 3247 sed
1253 3224 1281 3246 ut
1299 3221 1366 3246 fides
1385 3221 1501 3246 mulieris
1519 3224 1653 3252 appareat.
1974 3219 1985 3234 Β
2005 3222 2081 3247 Vers.
2105 3222 2147 3247 16.

1257 3263 1269 3278 ⁰
1290 3265 1416 3297 Vulgata,
1435 3265 1493 3290 Vat.
1513 3267 1538 3290 et
1557 3265 1578 3289 H
1597 3264 1720 3290 omittunt
1739 3266 1775 3290 tu.
1963 3263 1985 3279 ¹⁰
2007 3266 2080 3291 Vers.
2099 3267 2142 3292 23,

1259 3307 1279 3323 ¹¹
1299 3310 1326 3334 ln
1347 3309 1458 3340 Vulgata
1477 3309 1551 3334 deest
1568 3310 1606 3341 et,
1626 3309 1699 3342 quod
1718 3312 1804 3335 tamen
1824 3309 1947 3335 exhibent
1966 3310 2043 3336 etiam
2068 3309 2145 3336 Card.

1187 3343 1277 3386 Hugo'‚
1296 3354 1325 3379 Β.
1347 3353 1459 3384 Athen-t,
1478 3354 1503 3378 S.
1523 3353 1618 3379 Thom.
1638 3353 1703 3385 (Cat.
1722 3360 1800 3379 numa
1815 3354 1840 3379 in
1854 3354 1916 3379 Luc.
1936 3361 1958 3379 c.
1979 3355 2004 3379 8.
2023 3362 2048 3379 n.
2069 3354 2105 3385 7.)
2121 3359 2143 3379 et

1186 3398 1312 3429 Lyranus.
1332 3411 1367 3416 —
1387 3397 1443 3423 Duo
1463 3405 1538 3431 seqq.
1557 3397 1605 3423 loci
1625 3401 1685 3423 sunt
1704 3399 1765 3430 Sap.
1789 3398 1833 3430 12,
1855 3398 1898 3424 17.
1917 3402 1942 3424 et
1961 3399 2022 3424 Luc.
2043 3399 2073 3428 6,
2095 3398 2135 3423 19.

2176 587 2255 609 Tertio.
2272 588 2298 607 de

2166 613 2312 639 profunditate

2180 641 2298 666 aapientiae

2177 669 2261 687 ostensa
2276 672 2300 687 ex

2201 693 2275 713 tribus.

2173 904 2203 925 De
2219 905 2292 931 primo.

2169 1645 2245 1667 Petrus
2263 1647 2299 1667 mi-

2200 1676 2264 1693 ratur.

2167 2283 2290 2310 Respondet

2179 2310 2283 2331 Christus.
