<?xml version="1.0" encoding="UTF-8"?>
<!DOCTYPE html PUBLIC "-//W3C//DTD XHTML 1.0 Transitional//EN"
    "http://www.w3.org/TR/xhtml1/DTD/xhtml1-transitional.dtd">
<html xmlns="http://www.w3.org/1999/xhtml" xml:lang="en" lang="en">
 <head>
  <title>
</title>
<meta http-equiv="Content-Type" content="text/html;charset=utf-8" />
  <meta name='ocr-system' content='tesseract 3.04.00' />
  <meta name='ocr-capabilities' content='ocr_page ocr_carea ocr_par ocr_line ocrx_word'/>
</head>
<body>
  <div class='ocr_page' id='page_1' title='image "./doctorisseraphic07bona_0296.png"; bbox 0 0 2476 3921; ppageno 0'>
   <div class='ocr_carea' id='block_1_1' title="bbox 286 254 352 286">
    <p class='ocr_par' dir='ltr' id='par_1_1' title="bbox 286 254 352 286">
     <span class='ocr_line' id='line_1_1' title="bbox 286 254 352 286; baseline -0.015 0"><span class='ocrx_word' id='word_1_1' title='bbox 286 254 352 286; x_wconf 74' lang='lat'>270</span> 
     </span>
    </p>
   </div>
   <div class='ocr_carea' id='block_1_2' title="bbox 128 335 1256 2821">
    <p class='ocr_par' dir='ltr' id='par_1_2' title="bbox 284 335 1251 1061">
     <span class='ocr_line' id='line_1_2' title="bbox 285 335 1247 384; baseline -0.007 -10"><span class='ocrx_word' id='word_1_2' title='bbox 285 340 483 384; x_wconf 77' lang='lat' dir='ltr'>plorantibus</span> <span class='ocrx_word' id='word_1_3' title='bbox 506 340 537 371; x_wconf 92' lang='lat' dir='ltr'>in</span> <span class='ocrx_word' id='word_1_4' title='bbox 562 338 771 372; x_wconf 84' lang='lat' dir='ltr'>consolatione</span> <span class='ocrx_word' id='word_1_5' title='bbox 802 340 834 370; x_wconf 89' lang='lat' dir='ltr'>et</span> <span class='ocrx_word' id='word_1_6' title='bbox 867 346 940 370; x_wconf 90' lang='lat' dir='ltr'>cum</span> <span class='ocrx_word' id='word_1_7' title='bbox 968 335 1150 378; x_wconf 85' lang='lat' dir='ltr'>lugentibus</span> <span class='ocrx_word' id='word_1_8' title='bbox 1180 344 1247 367; x_wconf 86' lang='lat' dir='ltr'>am-</span> 
     </span>
     <span class='ocr_line' id='line_1_3' title="bbox 285 388 1247 434; baseline -0.006 -8"><span class='ocrx_word' id='word_1_9' title='bbox 285 394 374 433; x_wconf 89' lang='lat' dir='ltr'>bula;</span> <span class='ocrx_word' id='word_1_10' title='bbox 399 402 461 425; x_wconf 88' lang='lat' dir='ltr'>non</span> <span class='ocrx_word' id='word_1_11' title='bbox 486 395 516 425; x_wconf 86' lang='lat' dir='ltr'>te</span> <span class='ocrx_word' id='word_1_12' title='bbox 532 392 635 434; x_wconf 85' lang='lat' dir='ltr'><strong>pigeat</strong></span> <span class='ocrx_word' id='word_1_13' title='bbox 651 391 779 424; x_wconf 87' lang='lat' dir='ltr'>visitare</span> <span class='ocrx_word' id='word_1_14' title='bbox 795 390 957 423; x_wconf 87' lang='lat' dir='ltr'>infirmum</span> <span class='ocrx_word' id='word_1_15' title='bbox 971 402 1001 421; x_wconf 75' lang='grc' dir='ltr'>υ.</span> <span class='ocrx_word' id='word_1_16' title='bbox 1019 389 1107 421; x_wconf 86' lang='lat' dir='ltr'>Hunc</span> <span class='ocrx_word' id='word_1_17' title='bbox 1130 388 1247 430; x_wconf 85' lang='lat' dir='ltr'>piguit,</span> 
     </span>
     <span class='ocr_line' id='line_1_4' title="bbox 285 441 1247 490; baseline -0.006 -11"><span class='ocrx_word' id='word_1_18' title='bbox 285 447 378 490; x_wconf 88' lang='lat' dir='ltr'>quia,</span> <span class='ocrx_word' id='word_1_19' title='bbox 402 455 474 479; x_wconf 87' lang='lat' dir='ltr'>cum</span> <span class='ocrx_word' id='word_1_20' title='bbox 499 449 582 478; x_wconf 86' lang='lat' dir='ltr'>esset</span> <span class='ocrx_word' id='word_1_21' title='bbox 605 453 697 477; x_wconf 88' lang='lat' dir='ltr'>secus</span> <span class='ocrx_word' id='word_1_22' title='bbox 722 444 824 477; x_wconf 90' lang='lat' dir='ltr'>locum</span> <span class='ocrx_word' id='word_1_23' title='bbox 850 447 881 476; x_wconf 89' lang='lat' dir='ltr'>et</span> <span class='ocrx_word' id='word_1_24' title='bbox 896 443 1032 481; x_wconf 86' lang='lat' dir='ltr'>videret,</span> <span class='ocrx_word' id='word_1_25' title='bbox 1049 442 1151 474; x_wconf 89' lang='lat' dir='ltr'>noluit</span> <span class='ocrx_word' id='word_1_26' title='bbox 1174 441 1247 475; x_wconf 91' lang='lat' dir='ltr'>visi-</span> 
     </span>
     <span class='ocr_line' id='line_1_5' title="bbox 285 494 1249 537; baseline -0.006 -5"><span class='ocrx_word' id='word_1_27' title='bbox 285 503 362 532; x_wconf 88' lang='lat' dir='ltr'>tare.</span> <span class='ocrx_word' id='word_1_28' title='bbox 388 499 447 531; x_wconf 86' lang='lat' dir='ltr'>Iste</span> <span class='ocrx_word' id='word_1_29' title='bbox 470 507 534 530; x_wconf 90' lang='lat' dir='ltr'>non</span> <span class='ocrx_word' id='word_1_30' title='bbox 569 501 638 532; x_wconf 88' lang='lat' dir='ltr'>erat</span> <span class='ocrx_word' id='word_1_31' title='bbox 662 497 775 530; x_wconf 86' lang='lat' dir='ltr'>similis</span> <span class='ocrx_word' id='word_1_32' title='bbox 797 496 841 529; x_wconf 87' lang='lat' dir='ltr'>iili</span> <span class='ocrx_word' id='word_1_33' title='bbox 866 496 998 534; x_wconf 80' lang='lat' dir='ltr'>Tobiae,</span> <span class='ocrx_word' id='word_1_34' title='bbox 1022 498 1137 537; x_wconf 90' lang='lat' dir='ltr'>quarto</span> <span class='ocrx_word' id='word_1_35' title='bbox 1151 496 1173 533; x_wconf 86' lang='lat'>¹,</span> <span class='ocrx_word' id='word_1_36' title='bbox 1196 494 1249 527; x_wconf 85' lang='lat' dir='ltr'>do-</span> 
     </span>
     <span class='ocr_line' id='line_1_6' title="bbox 285 547 1248 586; baseline -0.005 -1"><span class='ocrx_word' id='word_1_37' title='bbox 285 552 366 586; x_wconf 90' lang='lat' dir='ltr'>centi</span> <span class='ocrx_word' id='word_1_38' title='bbox 390 551 490 584; x_wconf 85' lang='lat' dir='ltr'>filium</span> <span class='ocrx_word' id='word_1_39' title='bbox 515 560 628 584; x_wconf 91' lang='lat' dir='ltr'>suum:</span> <span class='ocrx_word' id='word_1_40' title='bbox 658 564 674 580; x_wconf 89' lang='lat'>«</span> <span class='ocrx_word' id='word_1_41' title='bbox 690 550 756 583; x_wconf 87' lang='lat' dir='ltr'>Noli</span> <span class='ocrx_word' id='word_1_42' title='bbox 788 553 933 583; x_wconf 87' lang='lat' dir='ltr'>avertere</span> <span class='ocrx_word' id='word_1_43' title='bbox 963 549 1074 581; x_wconf 83' lang='lat' dir='ltr'>faciem</span> <span class='ocrx_word' id='word_1_44' title='bbox 1098 551 1184 580; x_wconf 89' lang='lat' dir='ltr'>tuam</span> <span class='ocrx_word' id='word_1_45' title='bbox 1208 547 1248 580; x_wconf 92' lang='lat' dir='ltr'>ab</span> 
     </span>
     <span class='ocr_line' id='line_1_7' title="bbox 285 601 1248 647; baseline -0.003 -10"><span class='ocrx_word' id='word_1_46' title='bbox 285 605 351 638; x_wconf 91' lang='lat' dir='ltr'>ullo</span> <span class='ocrx_word' id='word_1_47' title='bbox 374 612 513 647; x_wconf 82' lang='lat' dir='ltr'>paupere</span> <span class='ocrx_word' id='word_1_48' title='bbox 529 617 560 635; x_wconf 68' lang='lat' dir='ltr'>n.</span> <span class='ocrx_word' id='word_1_49' title='bbox 594 604 647 637; x_wconf 87' lang='lat' dir='ltr'>Hic</span> <span class='ocrx_word' id='word_1_50' title='bbox 679 607 785 636; x_wconf 89' lang='lat' dir='ltr'>autem</span> <span class='ocrx_word' id='word_1_51' title='bbox 806 613 825 636; x_wconf 92' lang='lat' dir='ltr'>a</span> <span class='ocrx_word' id='word_1_52' title='bbox 847 611 987 645; x_wconf 79' lang='lat' dir='ltr'>paupere</span> <span class='ocrx_word' id='word_1_53' title='bbox 1010 601 1113 640; x_wconf 91' lang='lat' dir='ltr'>nudo,</span> <span class='ocrx_word' id='word_1_54' title='bbox 1137 601 1248 634; x_wconf 86' lang='lat' dir='ltr'>vulne-</span> 
     </span>
     <span class='ocr_line' id='line_1_8' title="bbox 286 653 1249 699; baseline -0.004 -9"><span class='ocrx_word' id='word_1_55' title='bbox 286 653 356 691; x_wconf 76' lang='lat' dir='ltr'>rato</span> <span class='ocrx_word' id='word_1_56' title='bbox 378 661 410 690; x_wconf 92' lang='lat' dir='ltr'>et</span> <span class='ocrx_word' id='word_1_57' title='bbox 432 657 471 689; x_wconf 90' lang='lat' dir='ltr'>de</span> <span class='ocrx_word' id='word_1_58' title='bbox 496 657 613 699; x_wconf 89' lang='lat' dir='ltr'>populo</span> <span class='ocrx_word' id='word_1_59' title='bbox 648 666 706 690; x_wconf 91' lang='lat' dir='ltr'>suo</span> <span class='ocrx_word' id='word_1_60' title='bbox 740 656 856 689; x_wconf 85' lang='lat' dir='ltr'>avertit</span> <span class='ocrx_word' id='word_1_61' title='bbox 879 656 987 688; x_wconf 89' lang='lat' dir='ltr'>oculos</span> <span class='ocrx_word' id='word_1_62' title='bbox 1019 663 1103 687; x_wconf 88' lang='lat' dir='ltr'>suos.</span> <span class='ocrx_word' id='word_1_63' title='bbox 1130 654 1165 686; x_wconf 89' lang='lat' dir='ltr'>Et</span> <span class='ocrx_word' id='word_1_64' title='bbox 1188 654 1249 686; x_wconf 91' lang='lat' dir='ltr'>hoc</span> 
     </span>
     <span class='ocr_line' id='line_1_9' title="bbox 286 707 1250 752; baseline -0.005 -8"><span class='ocrx_word' id='word_1_65' title='bbox 286 715 355 744; x_wconf 87' lang='lat' dir='ltr'>erat</span> <span class='ocrx_word' id='word_1_66' title='bbox 378 710 477 752; x_wconf 86' lang='lat' dir='ltr'>magis</span> <span class='ocrx_word' id='word_1_67' title='bbox 501 710 750 752; x_wconf 83' lang='lat' dir='ltr'>reprehensibile</span> <span class='ocrx_word' id='word_1_68' title='bbox 784 710 815 742; x_wconf 81' lang='lat' dir='ltr'>in</span> <span class='ocrx_word' id='word_1_69' title='bbox 853 708 1069 742; x_wconf 88' lang='lat' dir='ltr'>sacerdotibus</span> <span class='ocrx_word' id='word_1_70' title='bbox 1092 710 1124 740; x_wconf 89' lang='lat' dir='ltr'>et</span> <span class='ocrx_word' id='word_1_71' title='bbox 1148 707 1250 740; x_wconf 89' lang='lat' dir='ltr'>levitis</span> 
     </span>
     <span class='ocr_line' id='line_1_10' title="bbox 286 760 1251 807; baseline -0.004 -11"><span class='ocrx_word' id='word_1_72' title='bbox 286 773 382 807; x_wconf 84' lang='lat' dir='ltr'>quam</span> <span class='ocrx_word' id='word_1_73' title='bbox 418 764 450 796; x_wconf 92' lang='lat' dir='ltr'>in</span> <span class='ocrx_word' id='word_1_74' title='bbox 481 763 550 796; x_wconf 85' lang='lat' dir='ltr'>aliis</span> <span class='ocrx_word' id='word_1_75' title='bbox 586 763 743 805; x_wconf 89' lang='lat' dir='ltr'>personis;</span> <span class='ocrx_word' id='word_1_76' title='bbox 768 766 899 805; x_wconf 88' lang='lat' dir='ltr'>propter</span> <span class='ocrx_word' id='word_1_77' title='bbox 923 761 1008 804; x_wconf 86' lang='lat' dir='ltr'>quod</span> <span class='ocrx_word' id='word_1_78' title='bbox 1031 761 1147 793; x_wconf 88' lang='lat' dir='ltr'>dicitur</span> <span class='ocrx_word' id='word_1_79' title='bbox 1171 760 1251 793; x_wconf 91' lang='lat' dir='ltr'>Osee</span> 
     </span>
     <span class='ocr_line' id='line_1_11' title="bbox 287 813 1251 852; baseline -0.005 -2"><span class='ocrx_word' id='word_1_80' title='bbox 287 820 378 850; x_wconf 86' lang='lat' dir='ltr'>sexto</span> <span class='ocrx_word' id='word_1_81' title='bbox 392 817 418 849; x_wconf 80' lang='lat'>2:</span> <span class='ocrx_word' id='word_1_82' title='bbox 450 829 465 845; x_wconf 69' lang='grc' dir='ltr'><strong><em>κ</em></strong></span> <span class='ocrx_word' id='word_1_83' title='bbox 482 816 726 849; x_wconf 81' lang='lat' dir='ltr'>Misericordiam</span> <span class='ocrx_word' id='word_1_84' title='bbox 751 816 835 848; x_wconf 92' lang='lat' dir='ltr'>volui</span> <span class='ocrx_word' id='word_1_85' title='bbox 859 818 891 848; x_wconf 88' lang='lat' dir='ltr'>et</span> <span class='ocrx_word' id='word_1_86' title='bbox 913 824 975 847; x_wconf 90' lang='lat' dir='ltr'>non</span> <span class='ocrx_word' id='word_1_87' title='bbox 1000 813 1203 852; x_wconf 86' lang='lat' dir='ltr'>sacrificium,</span> <span class='ocrx_word' id='word_1_88' title='bbox 1219 815 1251 845; x_wconf 90' lang='lat' dir='ltr'>et</span> 
     </span>
     <span class='ocr_line' id='line_1_12' title="bbox 287 866 1250 911; baseline -0.004 -9"><span class='ocrx_word' id='word_1_89' title='bbox 287 870 447 903; x_wconf 91' lang='lat' dir='ltr'>scientiam</span> <span class='ocrx_word' id='word_1_90' title='bbox 472 869 526 901; x_wconf 91' lang='lat' dir='ltr'>Dei</span> <span class='ocrx_word' id='word_1_91' title='bbox 550 869 622 910; x_wconf 90' lang='lat' dir='ltr'>plus</span> <span class='ocrx_word' id='word_1_92' title='bbox 646 878 742 911; x_wconf 87' lang='lat' dir='ltr'>quam</span> <span class='ocrx_word' id='word_1_93' title='bbox 766 869 992 906; x_wconf 77' lang='lat' dir='ltr'>holocausta»;</span> <span class='ocrx_word' id='word_1_94' title='bbox 1016 867 1101 899; x_wconf 88' lang='lat' dir='ltr'>unde</span> <span class='ocrx_word' id='word_1_95' title='bbox 1124 866 1182 899; x_wconf 87' lang='lat' dir='ltr'>iste</span> <span class='ocrx_word' id='word_1_96' title='bbox 1207 866 1250 898; x_wconf 85' lang='lat' dir='ltr'>le-</span> 
     </span>
     <span class='ocr_line' id='line_1_13' title="bbox 285 920 1251 966; baseline -0.005 -10"><span class='ocrx_word' id='word_1_97' title='bbox 285 923 456 966; x_wconf 88' lang='lat' dir='ltr'>gisperitus</span> <span class='ocrx_word' id='word_1_98' title='bbox 471 923 587 955; x_wconf 87' lang='lat' dir='ltr'>dicitur</span> <span class='ocrx_word' id='word_1_99' title='bbox 611 922 730 955; x_wconf 84' lang='lat' dir='ltr'>dixisse</span> <span class='ocrx_word' id='word_1_100' title='bbox 746 921 840 954; x_wconf 90' lang='lat' dir='ltr'>Marci</span> <span class='ocrx_word' id='word_1_101' title='bbox 857 920 1059 954; x_wconf 88' lang='lat' dir='ltr'>duodecimo:</span> <span class='ocrx_word' id='word_1_102' title='bbox 1082 933 1096 948; x_wconf 76' lang='grc' dir='ltr'><em>α</em></span> <span class='ocrx_word' id='word_1_103' title='bbox 1114 920 1251 961; x_wconf 88' lang='lat' dir='ltr'>Diligere</span> 
     </span>
     <span class='ocr_line' id='line_1_14' title="bbox 286 973 1250 1019; baseline -0.003 -11"><span class='ocrx_word' id='word_1_104' title='bbox 286 976 469 1019; x_wconf 85' lang='lat' dir='ltr'>proximum</span> <span class='ocrx_word' id='word_1_105' title='bbox 494 979 643 1017; x_wconf 81' lang='lat' dir='ltr'>tanquam</span> <span class='ocrx_word' id='word_1_106' title='bbox 669 984 702 1008; x_wconf 89' lang='lat' dir='ltr'>se</span> <span class='ocrx_word' id='word_1_107' title='bbox 718 975 823 1016; x_wconf 90' lang='lat' dir='ltr'>ipsum</span> <span class='ocrx_word' id='word_1_108' title='bbox 841 974 944 1006; x_wconf 88' lang='lat' dir='ltr'>maius</span> <span class='ocrx_word' id='word_1_109' title='bbox 959 977 1007 1006; x_wconf 91' lang='lat' dir='ltr'>est</span> <span class='ocrx_word' id='word_1_110' title='bbox 1022 973 1170 1006; x_wconf 87' lang='lat' dir='ltr'>omnibus</span> <span class='ocrx_word' id='word_1_111' title='bbox 1194 973 1250 1005; x_wconf 91' lang='lat' dir='ltr'>ho-</span> 
     </span>
     <span class='ocr_line' id='line_1_15' title="bbox 284 1028 837 1061; baseline -0.004 0"><span class='ocrx_word' id='word_1_112' title='bbox 284 1028 548 1061; x_wconf 84' lang='lat' dir='ltr'>locautomatibus</span> <span class='ocrx_word' id='word_1_113' title='bbox 571 1031 603 1060; x_wconf 90' lang='lat' dir='ltr'>et</span> <span class='ocrx_word' id='word_1_114' title='bbox 628 1028 790 1060; x_wconf 86' lang='lat' dir='ltr'>sacrificiis</span> <span class='ocrx_word' id='word_1_115' title='bbox 806 1041 837 1059; x_wconf 81' lang='lat'>».</span> 
     </span>
    </p>

    <p class='ocr_par' dir='ltr' id='par_1_3' title="bbox 128 1078 1251 1230">
     <span class='ocr_line' id='line_1_16' title="bbox 376 1078 1250 1123; baseline -0.005 -9"><span class='ocrx_word' id='word_1_116' title='bbox 376 1083 427 1114; x_wconf 77' lang='lat'>57.</span> <span class='ocrx_word' id='word_1_117' title='bbox 452 1081 553 1123; x_wconf 90' lang='lat' dir='ltr'>(Vers.</span> <span class='ocrx_word' id='word_1_118' title='bbox 580 1080 657 1122; x_wconf 84' lang='lat'>33.).</span> <span class='ocrx_word' id='word_1_119' title='bbox 694 1080 938 1114; x_wconf 75' lang='lat' dir='ltr'>Samaritanus</span> <span class='ocrx_word' id='word_1_120' title='bbox 972 1083 1083 1112; x_wconf 84' lang='lat' dir='ltr'>autem</span> <span class='ocrx_word' id='word_1_121' title='bbox 1112 1082 1171 1112; x_wconf 90' lang='lat' dir='ltr'>etc.</span> <span class='ocrx_word' id='word_1_122' title='bbox 1196 1078 1250 1111; x_wconf 90' lang='lat' dir='ltr'>Hic</span> 
     </span>
     <span class='ocr_line' id='line_1_17' title="bbox 128 1131 1251 1176; baseline -0.003 -9"><span class='ocrx_word' id='word_1_123' title='bbox 128 1146 161 1167; x_wconf 73' lang='lat' dir='ltr'>ne</span> <span class='ocrx_word' id='word_1_124' title='bbox 176 1151 267 1176; x_wconf 50' lang='lat' dir='ltr'>pegma</span> <span class='ocrx_word' id='word_1_125' title='bbox 287 1135 380 1168; x_wconf 90' lang='lat' dir='ltr'>tertio</span> <span class='ocrx_word' id='word_1_126' title='bbox 402 1135 471 1167; x_wconf 90' lang='lat' dir='ltr'>loco</span> <span class='ocrx_word' id='word_1_127' title='bbox 494 1134 643 1167; x_wconf 82' lang='lat' dir='ltr'>subditur</span> <span class='ocrx_word' id='word_1_128' title='bbox 664 1143 812 1176; x_wconf 79' lang='lat' dir='ltr'>persona</span> <span class='ocrx_word' id='word_1_129' title='bbox 835 1133 1031 1165; x_wconf 74' lang='lat' dir='ltr'>subveniens</span> <span class='ocrx_word' id='word_1_130' title='bbox 1054 1142 1093 1164; x_wconf 75' lang='lat' dir='ltr'>ex</span> <span class='ocrx_word' id='word_1_131' title='bbox 1115 1131 1251 1164; x_wconf 80' lang='lat' dir='ltr'>clemen—</span> 
     </span>
     <span class='ocr_line' id='line_1_18' title="bbox 129 1173 1250 1230; baseline -0.002 -10"><span class='ocrx_word' id='word_1_132' title='bbox 129 1173 269 1220; x_wconf 64' lang='lat' dir='ltr'>⁵¹¹‹i&#39;i{?3¹.¹1¹2⁴=³2‘‡²⁰</span> <span class='ocrx_word' id='word_1_133' title='bbox 287 1189 345 1221; x_wconf 88' lang='lat' dir='ltr'>tia.</span> <span class='ocrx_word' id='word_1_134' title='bbox 370 1188 460 1220; x_wconf 89' lang='lat' dir='ltr'>Circa</span> <span class='ocrx_word' id='word_1_135' title='bbox 482 1197 578 1230; x_wconf 86' lang='lat' dir='ltr'>quam</span> <span class='ocrx_word' id='word_1_136' title='bbox 602 1187 723 1229; x_wconf 84' lang='lat' dir='ltr'>duplex</span> <span class='ocrx_word' id='word_1_137' title='bbox 747 1187 878 1220; x_wconf 80' lang='lat' dir='ltr'>effectus</span> <span class='ocrx_word' id='word_1_138' title='bbox 898 1186 1130 1219; x_wconf 79' lang='lat' dir='ltr'>misericordiae</span> <span class='ocrx_word' id='word_1_139' title='bbox 1146 1189 1250 1225; x_wconf 87' lang='lat' dir='ltr'>osten-</span> 
     </span>
    </p>

    <p class='ocr_par' dir='ltr' id='par_1_4' title="bbox 176 1226 1251 1328">
     <span class='ocr_line' id='line_1_19' title="bbox 176 1226 1251 1283; baseline -0.004 -8"><span class='ocrx_word' id='word_1_140' title='bbox 176 1226 225 1246; x_wconf 46' lang='grc' dir='ltr'>ἀπ’</span> <span class='ocrx_word' id='word_1_141' title='bbox 285 1242 387 1281; x_wconf 89' lang='lat' dir='ltr'>ditur,</span> <span class='ocrx_word' id='word_1_142' title='bbox 413 1241 532 1274; x_wconf 87' lang='lat' dir='ltr'>scilicet</span> <span class='ocrx_word' id='word_1_143' title='bbox 562 1240 774 1283; x_wconf 84' lang='lat' dir='ltr'>supportatio</span> <span class='ocrx_word' id='word_1_144' title='bbox 807 1239 1016 1282; x_wconf 76' lang='lat' dir='ltr'>infirmitatis</span> <span class='ocrx_word' id='word_1_145' title='bbox 1040 1242 1071 1272; x_wconf 88' lang='lat' dir='ltr'>et</span> <span class='ocrx_word' id='word_1_146' title='bbox 1094 1238 1251 1271; x_wconf 79' lang='lat' dir='ltr'>relevatio</span> 
     </span>
     <span class='ocr_line' id='line_1_20' title="bbox 285 1294 516 1328; baseline -0.004 -1"><span class='ocrx_word' id='word_1_147' title='bbox 285 1294 516 1328; x_wconf 72' lang='lat' dir='ltr'>mendicitatis.</span> 
     </span>
    </p>

    <p class='ocr_par' dir='ltr' id='par_1_5' title="bbox 376 1345 1250 1390">
     <span class='ocr_line' id='line_1_21' title="bbox 376 1345 1250 1390; baseline -0.002 -10"><span class='ocrx_word' id='word_1_148' title='bbox 376 1348 479 1381; x_wconf 85' lang='lat' dir='ltr'>Primo</span> <span class='ocrx_word' id='word_1_149' title='bbox 502 1347 600 1390; x_wconf 86' lang='lat' dir='ltr'>igitur</span> <span class='ocrx_word' id='word_1_150' title='bbox 625 1350 780 1389; x_wconf 87' lang='lat' dir='ltr'>quantum</span> <span class='ocrx_word' id='word_1_151' title='bbox 812 1347 850 1379; x_wconf 88' lang='lat' dir='ltr'>ad</span> <span class='ocrx_word' id='word_1_152' title='bbox 874 1345 1144 1379; x_wconf 85' lang='lat' dir='ltr'>misericordiam</span> <span class='ocrx_word' id='word_1_153' title='bbox 1169 1355 1250 1387; x_wconf 83' lang='lat' dir='ltr'>sup-</span> 
     </span>
    </p>

    <p class='ocr_par' dir='ltr' id='par_1_6' title="bbox 132 1400 1253 1763">
     <span class='ocr_line' id='line_1_22' title="bbox 160 1400 1252 1444; baseline -0.002 -11"><span class='ocrx_word' id='word_1_154' title='bbox 160 1411 264 1433; x_wconf 74' lang='lat' dir='ltr'>rrimum.</span> <span class='ocrx_word' id='word_1_155' title='bbox 282 1405 473 1444; x_wconf 83' lang='lat' dir='ltr'>portantem</span> <span class='ocrx_word' id='word_1_156' title='bbox 498 1400 728 1442; x_wconf 78' lang='lat' dir='ltr'>infirmitatem</span> <span class='ocrx_word' id='word_1_157' title='bbox 753 1400 845 1433; x_wconf 86' lang='lat' dir='ltr'>dicit:</span> <span class='ocrx_word' id='word_1_158' title='bbox 872 1400 1114 1432; x_wconf 76' lang='lat' dir='ltr'>Samaritanus</span> <span class='ocrx_word' id='word_1_159' title='bbox 1138 1403 1252 1432; x_wconf 83' lang='lat' dir='ltr'>autem</span> 
     </span>
     <span class='ocr_line' id='line_1_23' title="bbox 285 1453 1251 1499; baseline -0.002 -12"><span class='ocrx_word' id='word_1_160' title='bbox 285 1455 426 1499; x_wconf 85' lang='lat' dir='ltr'>quidam</span> <span class='ocrx_word' id='word_1_161' title='bbox 449 1455 511 1487; x_wconf 84' lang='lat' dir='ltr'>iter</span> <span class='ocrx_word' id='word_1_162' title='bbox 526 1453 656 1497; x_wconf 77' lang='lat' dir='ltr'>faciens</span> <span class='ocrx_word' id='word_1_163' title='bbox 672 1454 759 1487; x_wconf 83' lang='lat' dir='ltr'>venit</span> <span class='ocrx_word' id='word_1_164' title='bbox 774 1463 869 1486; x_wconf 81' lang='lat' dir='ltr'>secus</span> <span class='ocrx_word' id='word_1_165' title='bbox 885 1463 960 1486; x_wconf 90' lang='lat' dir='ltr'>eum</span> <span class='ocrx_word' id='word_1_166' title='bbox 973 1453 985 1472; x_wconf 82' lang='lat'>³</span> <span class='ocrx_word' id='word_1_167' title='bbox 1002 1457 1043 1492; x_wconf 89' lang='lat' dir='ltr'>et,</span> <span class='ocrx_word' id='word_1_168' title='bbox 1061 1453 1153 1486; x_wconf 88' lang='lat' dir='ltr'>oculo</span> <span class='ocrx_word' id='word_1_169' title='bbox 1175 1461 1251 1485; x_wconf 91' lang='lat' dir='ltr'>suae</span> 
     </span>
     <span class='ocr_line' id='line_1_24' title="bbox 132 1507 1251 1550; baseline -0.003 -9"><span class='ocrx_word' id='word_1_170' title='bbox 132 1519 213 1549; x_wconf 44' lang='lat' dir='ltr'>oenias</span> <span class='ocrx_word' id='word_1_171' title='bbox 226 1517 272 1545; x_wconf 77' lang='lat' dir='ltr'>pie·</span> <span class='ocrx_word' id='word_1_172' title='bbox 285 1508 486 1550; x_wconf 79' lang='lat' dir='ltr'>benignitatis</span> <span class='ocrx_word' id='word_1_173' title='bbox 501 1517 538 1541; x_wconf 90' lang='lat' dir='ltr'>ac</span> <span class='ocrx_word' id='word_1_174' title='bbox 554 1517 650 1550; x_wconf 89' lang='lat' dir='ltr'>opere</span> <span class='ocrx_word' id='word_1_175' title='bbox 667 1507 826 1540; x_wconf 86' lang='lat' dir='ltr'>maximae</span> <span class='ocrx_word' id='word_1_176' title='bbox 850 1507 974 1549; x_wconf 86' lang='lat' dir='ltr'>pietatis</span> <span class='ocrx_word' id='word_1_177' title='bbox 988 1533 996 1546; x_wconf 90' lang='lat'>,</span> <span class='ocrx_word' id='word_1_178' title='bbox 1020 1507 1135 1539; x_wconf 81' lang='lat' dir='ltr'>videns</span> <span class='ocrx_word' id='word_1_179' title='bbox 1163 1516 1251 1545; x_wconf 84' lang='lat' dir='ltr'>eum,</span> 
     </span>
     <span class='ocr_line' id='line_1_25' title="bbox 169 1547 1252 1602; baseline -0.002 -8"><span class='ocrx_word' id='word_1_180' title='bbox 169 1547 228 1567; x_wconf 63' lang='lat'>‘³²¹⁵&#39;</span> <span class='ocrx_word' id='word_1_181' title='bbox 285 1561 653 1594; x_wconf 83' lang='lat' dir='ltr'>misericordia.motus</span> <span class='ocrx_word' id='word_1_182' title='bbox 677 1565 742 1600; x_wconf 84' lang='lat' dir='ltr'>est,</span> <span class='ocrx_word' id='word_1_183' title='bbox 767 1561 810 1593; x_wconf 87' lang='lat' dir='ltr'>ita</span> <span class='ocrx_word' id='word_1_184' title='bbox 839 1564 875 1593; x_wconf 90' lang='lat' dir='ltr'>ut</span> <span class='ocrx_word' id='word_1_185' title='bbox 903 1564 1009 1602; x_wconf 82' lang='lat' dir='ltr'>posset</span> <span class='ocrx_word' id='word_1_186' title='bbox 1043 1560 1150 1593; x_wconf 81' lang='lat' dir='ltr'>dicere</span> <span class='ocrx_word' id='word_1_187' title='bbox 1173 1560 1252 1592; x_wconf 92' lang='lat' dir='ltr'>illud</span> 
     </span>
     <span class='ocr_line' id='line_1_26' title="bbox 285 1613 1252 1657; baseline -0.002 -9"><span class='ocrx_word' id='word_1_188' title='bbox 285 1615 338 1648; x_wconf 91' lang='lat' dir='ltr'>lob</span> <span class='ocrx_word' id='word_1_189' title='bbox 362 1614 537 1657; x_wconf 87' lang='lat' dir='ltr'>trigesimo.</span> <span class='ocrx_word' id='word_1_190' title='bbox 567 1627 583 1643; x_wconf 76' lang='lat' dir='ltr'>a</span> <span class='ocrx_word' id='word_1_191' title='bbox 601 1614 723 1647; x_wconf 85' lang='lat' dir='ltr'>Flebam</span> <span class='ocrx_word' id='word_1_192' title='bbox 750 1614 908 1656; x_wconf 89' lang='lat' dir='ltr'>quondam</span> <span class='ocrx_word' id='word_1_193' title='bbox 925 1623 1022 1656; x_wconf 89' lang='lat' dir='ltr'>super</span> <span class='ocrx_word' id='word_1_194' title='bbox 1039 1623 1076 1647; x_wconf 89' lang='lat' dir='ltr'>eo</span> <span class='ocrx_word' id='word_1_195' title='bbox 1094 1613 1149 1656; x_wconf 89' lang='lat' dir='ltr'>qui</span> <span class='ocrx_word' id='word_1_196' title='bbox 1173 1613 1252 1645; x_wconf 88' lang='lat' dir='ltr'>affli-</span> 
     </span>
     <span class='ocr_line' id='line_1_27' title="bbox 286 1667 1251 1709; baseline -0.002 -8"><span class='ocrx_word' id='word_1_197' title='bbox 286 1672 357 1702; x_wconf 90' lang='lat' dir='ltr'>ctus</span> <span class='ocrx_word' id='word_1_198' title='bbox 381 1672 463 1706; x_wconf 85' lang='lat' dir='ltr'>erat,</span> <span class='ocrx_word' id='word_1_199' title='bbox 495 1671 526 1701; x_wconf 89' lang='lat' dir='ltr'>et</span> <span class='ocrx_word' id='word_1_200' title='bbox 557 1667 809 1709; x_wconf 79' lang='lat' dir='ltr'>compatiebatur</span> <span class='ocrx_word' id='word_1_201' title='bbox 844 1668 948 1702; x_wconf 86' lang='lat' dir='ltr'>anima</span> <span class='ocrx_word' id='word_1_202' title='bbox 976 1676 1047 1700; x_wconf 87' lang='lat' dir='ltr'>mea</span> <span class='ocrx_word' id='word_1_203' title='bbox 1071 1667 1203 1709; x_wconf 88' lang='lat' dir='ltr'>pauperi</span> <span class='ocrx_word' id='word_1_204' title='bbox 1220 1679 1251 1706; x_wconf 83' lang='lat'>»;</span> 
     </span>
     <span class='ocr_line' id='line_1_28' title="bbox 286 1720 1253 1763; baseline -0.002 -9"><span class='ocrx_word' id='word_1_205' title='bbox 286 1724 317 1754; x_wconf 91' lang='lat' dir='ltr'>et</span> <span class='ocrx_word' id='word_1_206' title='bbox 341 1730 456 1754; x_wconf 87' lang='lat' dir='ltr'>rursus</span> <span class='ocrx_word' id='word_1_207' title='bbox 479 1721 641 1763; x_wconf 87' lang='lat' dir='ltr'>trigesimo</span> <span class='ocrx_word' id='word_1_208' title='bbox 665 1721 784 1763; x_wconf 88' lang='lat' dir='ltr'>primo:</span> <span class='ocrx_word' id='word_1_209' title='bbox 815 1733 831 1749; x_wconf 79' lang='grc' dir='ltr'>α</span> <span class='ocrx_word' id='word_1_210' title='bbox 847 1720 891 1753; x_wconf 83' lang='grc' dir='ltr'>ΑΙ)</span> <span class='ocrx_word' id='word_1_211' title='bbox 915 1720 1045 1752; x_wconf 80' lang='lat' dir='ltr'>infantia</span> <span class='ocrx_word' id='word_1_212' title='bbox 1060 1729 1130 1752; x_wconf 90' lang='lat' dir='ltr'>mea</span> <span class='ocrx_word' id='word_1_213' title='bbox 1153 1720 1253 1753; x_wconf 87' lang='lat' dir='ltr'>crevit</span> 
     </span>
    </p>

    <p class='ocr_par' dir='ltr' id='par_1_7' title="bbox 287 1774 645 1807">
     <span class='ocr_line' id='line_1_29' title="bbox 287 1774 645 1807; baseline -0.006 0"><span class='ocrx_word' id='word_1_214' title='bbox 287 1783 412 1807; x_wconf 81' lang='lat' dir='ltr'>mecum</span> <span class='ocrx_word' id='word_1_215' title='bbox 437 1774 598 1806; x_wconf 85' lang='lat' dir='ltr'>miseratio</span> <span class='ocrx_word' id='word_1_216' title='bbox 614 1786 645 1805; x_wconf 68' lang='lat'>2).</span> 
     </span>
    </p>

    <p class='ocr_par' dir='ltr' id='par_1_8' title="bbox 379 1826 1253 1869">
     <span class='ocr_line' id='line_1_30' title="bbox 379 1826 1253 1869; baseline 0 -10"><span class='ocrx_word' id='word_1_217' title='bbox 379 1828 430 1859; x_wconf 79' lang='lat'>58.</span> <span class='ocrx_word' id='word_1_218' title='bbox 456 1827 558 1868; x_wconf 82' lang='lat' dir='ltr'>(Vers.</span> <span class='ocrx_word' id='word_1_219' title='bbox 583 1826 661 1868; x_wconf 56' lang='lat'>34).</span> <span class='ocrx_word' id='word_1_220' title='bbox 687 1827 724 1860; x_wconf 90' lang='lat' dir='ltr'>Et</span> <span class='ocrx_word' id='word_1_221' title='bbox 754 1827 830 1869; x_wconf 90' lang='lat' dir='ltr'>quia</span> <span class='ocrx_word' id='word_1_222' title='bbox 860 1836 936 1860; x_wconf 87' lang='lat' dir='ltr'>vera</span> <span class='ocrx_word' id='word_1_223' title='bbox 958 1827 1175 1860; x_wconf 84' lang='lat' dir='ltr'>misericordia</span> <span class='ocrx_word' id='word_1_224' title='bbox 1198 1836 1253 1869; x_wconf 88' lang='lat' dir='ltr'>ap-</span> 
     </span>
    </p>

    <p class='ocr_par' dir='ltr' id='par_1_9' title="bbox 131 1881 1251 1925">
     <span class='ocr_line' id='line_1_31' title="bbox 131 1881 1251 1925; baseline 0.002 -14"><span class='ocrx_word' id='word_1_225' title='bbox 131 1884 379 1924; x_wconf 51' lang='lat' dir='ltr'>opuspieia-paret</span> <span class='ocrx_word' id='word_1_226' title='bbox 406 1882 439 1914; x_wconf 88' lang='lat' dir='ltr'>in</span> <span class='ocrx_word' id='word_1_227' title='bbox 473 1890 586 1923; x_wconf 90' lang='lat' dir='ltr'>opere,</span> <span class='ocrx_word' id='word_1_228' title='bbox 619 1881 689 1914; x_wconf 86' lang='lat' dir='ltr'>ideo</span> <span class='ocrx_word' id='word_1_229' title='bbox 721 1881 844 1914; x_wconf 87' lang='lat' dir='ltr'>subdit:</span> <span class='ocrx_word' id='word_1_230' title='bbox 882 1882 921 1913; x_wconf 85' lang='lat' dir='ltr'>Et</span> <span class='ocrx_word' id='word_1_231' title='bbox 952 1881 1251 1925; x_wconf 80' lang='lat' dir='ltr'>appropinquans,</span> 
     </span>
    </p>

    <p class='ocr_par' dir='ltr' id='par_1_10' title="bbox 184 1919 1254 1977">
     <span class='ocr_line' id='line_1_32' title="bbox 184 1919 1254 1977; baseline -0.002 -9"><span class='ocrx_word' id='word_1_232' title='bbox 184 1919 220 1938; x_wconf 57' lang='grc' dir='ltr'>ω’</span> <span class='ocrx_word' id='word_1_233' title='bbox 289 1944 347 1977; x_wconf 88' lang='lat' dir='ltr'>per</span> <span class='ocrx_word' id='word_1_234' title='bbox 369 1935 534 1974; x_wconf 78' lang='lat' dir='ltr'>effectum,</span> <span class='ocrx_word' id='word_1_235' title='bbox 558 1934 608 1967; x_wconf 91' lang='lat' dir='ltr'>cui</span> <span class='ocrx_word' id='word_1_236' title='bbox 633 1938 702 1967; x_wconf 86' lang='lat' dir='ltr'>erat</span> <span class='ocrx_word' id='word_1_237' title='bbox 733 1934 902 1976; x_wconf 89' lang='lat' dir='ltr'>proximus</span> <span class='ocrx_word' id='word_1_238' title='bbox 933 1943 989 1976; x_wconf 88' lang='lat' dir='ltr'>per</span> <span class='ocrx_word' id='word_1_239' title='bbox 1012 1934 1178 1973; x_wconf 77' lang='lat' dir='ltr'>affectum,</span> <span class='ocrx_word' id='word_1_240' title='bbox 1202 1943 1254 1967; x_wconf 89' lang='lat' dir='ltr'>re-</span> 
     </span>
    </p>

    <p class='ocr_par' dir='ltr' id='par_1_11' title="bbox 289 1986 1253 2031">
     <span class='ocr_line' id='line_1_33' title="bbox 289 1986 1253 2031; baseline -0.002 -9"><span class='ocrx_word' id='word_1_241' title='bbox 289 1998 404 2022; x_wconf 88' lang='lat' dir='ltr'>vocans</span> <span class='ocrx_word' id='word_1_242' title='bbox 426 1988 466 2021; x_wconf 87' lang='lat' dir='ltr'>ad</span> <span class='ocrx_word' id='word_1_243' title='bbox 489 1989 642 2021; x_wconf 88' lang='lat' dir='ltr'>unitatem</span> <span class='ocrx_word' id='word_1_244' title='bbox 655 1989 679 2027; x_wconf 73' lang='lat'>4,</span> <span class='ocrx_word' id='word_1_245' title='bbox 704 1988 857 2031; x_wconf 71' lang='lat' dir='ltr'>alliyavit</span> <span class='ocrx_word' id='word_1_246' title='bbox 873 1987 1013 2020; x_wconf 81' lang='lat' dir='ltr'>vulnera</span> <span class='ocrx_word' id='word_1_247' title='bbox 1029 1988 1120 2026; x_wconf 64' lang='grc' dir='ltr'><strong><em>σίας,</em></strong></span> <span class='ocrx_word' id='word_1_248' title='bbox 1136 1986 1253 2030; x_wconf 82' lang='lat' dir='ltr'>infun-</span> 
     </span>
    </p>

    <p class='ocr_par' dir='ltr' id='par_1_12' title="bbox 288 2041 1253 2081">
     <span class='ocr_line' id='line_1_34' title="bbox 288 2041 1253 2081; baseline -0.002 -6"><span class='ocrx_word' id='word_1_249' title='bbox 288 2043 369 2075; x_wconf 76' lang='lat' dir='ltr'>dens</span> <span class='ocrx_word' id='word_1_250' title='bbox 392 2042 498 2075; x_wconf 78' lang='lat' dir='ltr'>oleum</span> <span class='ocrx_word' id='word_1_251' title='bbox 521 2046 550 2074; x_wconf 86' lang='lat' dir='ltr'>et</span> <span class='ocrx_word' id='word_1_252' title='bbox 573 2042 710 2081; x_wconf 84' lang='lat' dir='ltr'>vinum,</span> <span class='ocrx_word' id='word_1_253' title='bbox 734 2045 772 2075; x_wconf 91' lang='lat' dir='ltr'>ut</span> <span class='ocrx_word' id='word_1_254' title='bbox 794 2041 902 2074; x_wconf 84' lang='lat' dir='ltr'>oleum</span> <span class='ocrx_word' id='word_1_255' title='bbox 925 2041 1038 2074; x_wconf 87' lang='lat' dir='ltr'>leniret</span> <span class='ocrx_word' id='word_1_256' title='bbox 1053 2041 1205 2080; x_wconf 88' lang='lat' dir='ltr'>dolorem,</span> <span class='ocrx_word' id='word_1_257' title='bbox 1222 2044 1253 2073; x_wconf 88' lang='lat' dir='ltr'>et</span> 
     </span>
    </p>

    <p class='ocr_par' dir='ltr' id='par_1_13' title="bbox 288 2093 1254 2137">
     <span class='ocr_line' id='line_1_35' title="bbox 288 2093 1254 2137; baseline -0.003 -9"><span class='ocrx_word' id='word_1_258' title='bbox 288 2096 405 2128; x_wconf 84' lang='lat' dir='ltr'>vinum</span> <span class='ocrx_word' id='word_1_259' title='bbox 422 2098 584 2137; x_wconf 87' lang='lat' dir='ltr'>purgaret,</span> <span class='ocrx_word' id='word_1_260' title='bbox 604 2098 636 2128; x_wconf 87' lang='lat' dir='ltr'>et</span> <span class='ocrx_word' id='word_1_261' title='bbox 647 2094 798 2137; x_wconf 72' lang='lat' dir='ltr'>altiyutio</span> <span class='ocrx_word' id='word_1_262' title='bbox 815 2096 1026 2127; x_wconf 82' lang='lat' dir='ltr'>conservaret.</span> <span class='ocrx_word' id='word_1_263' title='bbox 1046 2093 1081 2125; x_wconf 88' lang='lat' dir='ltr'>Et</span> <span class='ocrx_word' id='word_1_264' title='bbox 1097 2093 1156 2126; x_wconf 88' lang='lat' dir='ltr'>hoc</span> <span class='ocrx_word' id='word_1_265' title='bbox 1172 2101 1254 2134; x_wconf 92' lang='lat' dir='ltr'>opus</span> 
     </span>
    </p>

    <p class='ocr_par' dir='ltr' id='par_1_14' title="bbox 288 2146 1254 2188">
     <span class='ocr_line' id='line_1_36' title="bbox 288 2146 1254 2188; baseline -0.003 -7"><span class='ocrx_word' id='word_1_266' title='bbox 288 2152 358 2182; x_wconf 90' lang='lat' dir='ltr'>erat</span> <span class='ocrx_word' id='word_1_267' title='bbox 380 2149 491 2181; x_wconf 88' lang='lat' dir='ltr'>medici</span> <span class='ocrx_word' id='word_1_268' title='bbox 515 2148 607 2187; x_wconf 89' lang='lat' dir='ltr'>boni,</span> <span class='ocrx_word' id='word_1_269' title='bbox 632 2148 807 2181; x_wconf 89' lang='lat' dir='ltr'>secundum</span> <span class='ocrx_word' id='word_1_270' title='bbox 832 2146 910 2179; x_wconf 90' lang='lat' dir='ltr'>illud</span> <span class='ocrx_word' id='word_1_271' title='bbox 928 2146 1132 2180; x_wconf 86' lang='lat' dir='ltr'>Ecclesiastici</span> <span class='ocrx_word' id='word_1_272' title='bbox 1158 2146 1254 2188; x_wconf 85' lang='lat' dir='ltr'>trige-</span> 
     </span>
    </p>

    <p class='ocr_par' dir='ltr' id='par_1_15' title="bbox 289 2200 1255 2242">
     <span class='ocr_line' id='line_1_37' title="bbox 289 2200 1255 2242; baseline -0.003 -7"><span class='ocrx_word' id='word_1_273' title='bbox 289 2202 368 2236; x_wconf 90' lang='lat' dir='ltr'>simo</span> <span class='ocrx_word' id='word_1_274' title='bbox 391 2201 544 2234; x_wconf 79' lang='lat' dir='ltr'>octav0⁶:</span> <span class='ocrx_word' id='word_1_275' title='bbox 575 2214 591 2230; x_wconf 88' lang='lat'>«</span> <span class='ocrx_word' id='word_1_276' title='bbox 607 2201 640 2233; x_wconf 92' lang='lat' dir='ltr'>ln</span> <span class='ocrx_word' id='word_1_277' title='bbox 665 2201 715 2234; x_wconf 89' lang='lat' dir='ltr'>his</span> <span class='ocrx_word' id='word_1_278' title='bbox 739 2209 856 2234; x_wconf 87' lang='lat' dir='ltr'>curans</span> <span class='ocrx_word' id='word_1_279' title='bbox 872 2200 1026 2242; x_wconf 82' lang='lat' dir='ltr'>mitigabit</span> <span class='ocrx_word' id='word_1_280' title='bbox 1049 2200 1206 2239; x_wconf 88' lang='lat' dir='ltr'>dolorem,</span> <span class='ocrx_word' id='word_1_281' title='bbox 1223 2202 1255 2232; x_wconf 85' lang='lat' dir='ltr'>et</span> 
     </span>
    </p>

    <p class='ocr_par' dir='ltr' id='par_1_16' title="bbox 288 2253 1254 2297">
     <span class='ocr_line' id='line_1_38' title="bbox 288 2253 1254 2297; baseline -0.002 -9"><span class='ocrx_word' id='word_1_282' title='bbox 288 2254 521 2297; x_wconf 86' lang='lat' dir='ltr'>unguentarius</span> <span class='ocrx_word' id='word_1_283' title='bbox 543 2254 635 2287; x_wconf 81' lang='lat' dir='ltr'>faciet</span> <span class='ocrx_word' id='word_1_284' title='bbox 658 2254 818 2296; x_wconf 81' lang='lat' dir='ltr'>pigmenta</span> <span class='ocrx_word' id='word_1_285' title='bbox 842 2254 1005 2287; x_wconf 83' lang='lat' dir='ltr'>suavitatis</span> <span class='ocrx_word' id='word_1_286' title='bbox 1033 2256 1065 2286; x_wconf 87' lang='lat' dir='ltr'>et</span> <span class='ocrx_word' id='word_1_287' title='bbox 1088 2253 1254 2286; x_wconf 87' lang='lat' dir='ltr'>unctiones</span> 
     </span>
    </p>

    <p class='ocr_par' dir='ltr' id='par_1_17' title="bbox 290 2306 1253 2349">
     <span class='ocr_line' id='line_1_39' title="bbox 290 2306 1253 2349; baseline -0.003 -7"><span class='ocrx_word' id='word_1_288' title='bbox 290 2309 435 2342; x_wconf 85' lang='lat' dir='ltr'>conficiet</span> <span class='ocrx_word' id='word_1_289' title='bbox 457 2308 599 2341; x_wconf 85' lang='lat' dir='ltr'>sanitatis</span> <span class='ocrx_word' id='word_1_290' title='bbox 615 2320 646 2347; x_wconf 79' lang='grc'>»;</span> <span class='ocrx_word' id='word_1_291' title='bbox 672 2307 915 2340; x_wconf 79' lang='lat' dir='ltr'>Proverbioruin</span> <span class='ocrx_word' id='word_1_292' title='bbox 950 2307 1100 2349; x_wconf 79' lang='lat' dir='ltr'>vigesimo</span> <span class='ocrx_word' id='word_1_293' title='bbox 1135 2306 1253 2349; x_wconf 92' lang='lat' dir='ltr'>primo:</span> 
     </span>
    </p>

    <p class='ocr_par' dir='ltr' id='par_1_18' title="bbox 298 2361 1255 2395">
     <span class='ocr_line' id='line_1_40' title="bbox 298 2361 1255 2395; baseline 0.002 -3"><span class='ocrx_word' id='word_1_294' title='bbox 298 2375 313 2391; x_wconf 89' lang='lat'>«</span> <span class='ocrx_word' id='word_1_295' title='bbox 331 2362 514 2395; x_wconf 86' lang='lat' dir='ltr'>Thesaurus</span> <span class='ocrx_word' id='word_1_296' title='bbox 548 2361 765 2395; x_wconf 85' lang='lat' dir='ltr'>desiderabilis</span> <span class='ocrx_word' id='word_1_297' title='bbox 800 2365 831 2394; x_wconf 89' lang='lat' dir='ltr'>et</span> <span class='ocrx_word' id='word_1_298' title='bbox 865 2361 970 2394; x_wconf 90' lang='lat' dir='ltr'>oleum</span> <span class='ocrx_word' id='word_1_299' title='bbox 1006 2361 1038 2394; x_wconf 93' lang='lat' dir='ltr'>in</span> <span class='ocrx_word' id='word_1_300' title='bbox 1074 2361 1255 2394; x_wconf 81' lang='lat' dir='ltr'>habitaculo</span> 
     </span>
    </p>

    <p class='ocr_par' dir='ltr' id='par_1_19' title="bbox 291 2414 1254 2458">
     <span class='ocr_line' id='line_1_41' title="bbox 291 2414 1254 2458; baseline -0.001 -10"><span class='ocrx_word' id='word_1_301' title='bbox 291 2415 367 2449; x_wconf 89' lang='lat' dir='ltr'>iusti</span> <span class='ocrx_word' id='word_1_302' title='bbox 382 2429 413 2448; x_wconf 71' lang='grc' dir='ltr'>ι».</span> <span class='ocrx_word' id='word_1_303' title='bbox 430 2434 475 2439; x_wconf 89' lang='grc'>-</span> <span class='ocrx_word' id='word_1_304' title='bbox 492 2415 527 2448; x_wconf 85' lang='lat' dir='ltr'>Et</span> <span class='ocrx_word' id='word_1_305' title='bbox 542 2415 617 2458; x_wconf 89' lang='lat' dir='ltr'>quia</span> <span class='ocrx_word' id='word_1_306' title='bbox 633 2424 696 2448; x_wconf 92' lang='lat' dir='ltr'>non</span> <span class='ocrx_word' id='word_1_307' title='bbox 713 2415 815 2448; x_wconf 92' lang='lat' dir='ltr'>solum</span> <span class='ocrx_word' id='word_1_308' title='bbox 841 2415 999 2457; x_wconf 84' lang='lat' dir='ltr'>indigebat</span> <span class='ocrx_word' id='word_1_309' title='bbox 1016 2414 1254 2454; x_wconf 85' lang='lat' dir='ltr'>medicamento,</span> 
     </span>
    </p>

    <p class='ocr_par' dir='ltr' id='par_1_20' title="bbox 291 2468 1255 2516">
     <span class='ocr_line' id='line_1_42' title="bbox 291 2468 1255 2516; baseline -0.002 -14"><span class='ocrx_word' id='word_1_310' title='bbox 291 2478 402 2503; x_wconf 88' lang='lat' dir='ltr'>verum</span> <span class='ocrx_word' id='word_1_311' title='bbox 427 2469 521 2502; x_wconf 87' lang='lat' dir='ltr'>etiam</span> <span class='ocrx_word' id='word_1_312' title='bbox 547 2469 693 2502; x_wconf 87' lang='lat' dir='ltr'>vehiculo</span> <span class='ocrx_word' id='word_1_313' title='bbox 716 2472 748 2502; x_wconf 90' lang='lat' dir='ltr'>et</span> <span class='ocrx_word' id='word_1_314' title='bbox 771 2468 907 2510; x_wconf 81' lang='lat' dir='ltr'>hospitio</span> <span class='ocrx_word' id='word_1_315' title='bbox 923 2471 954 2501; x_wconf 90' lang='lat' dir='ltr'>et</span> <span class='ocrx_word' id='word_1_316' title='bbox 975 2468 1061 2507; x_wconf 89' lang='lat' dir='ltr'>cib0;</span> <span class='ocrx_word' id='word_1_317' title='bbox 1086 2468 1155 2501; x_wconf 89' lang='lat' dir='ltr'>ideo</span> <span class='ocrx_word' id='word_1_318' title='bbox 1179 2468 1255 2516; x_wconf 77' lang='lat' dir='ltr'>sub-</span> 
     </span>
    </p>

    <p class='ocr_par' dir='ltr' id='par_1_21' title="bbox 290 2521 1255 2565">
     <span class='ocr_line' id='line_1_43' title="bbox 290 2521 1255 2565; baseline -0.001 -10"><span class='ocrx_word' id='word_1_319' title='bbox 290 2522 353 2556; x_wconf 85' lang='lat' dir='ltr'>dit:</span> <span class='ocrx_word' id='word_1_320' title='bbox 380 2524 420 2555; x_wconf 85' lang='lat' dir='ltr'>Et</span> <span class='ocrx_word' id='word_1_321' title='bbox 442 2524 613 2565; x_wconf 76' lang='lat' dir='ltr'>impone-ns</span> <span class='ocrx_word' id='word_1_322' title='bbox 636 2521 732 2555; x_wconf 85' lang='lat' dir='ltr'>illum</span> <span class='ocrx_word' id='word_1_323' title='bbox 756 2522 793 2554; x_wconf 88' lang='lat' dir='ltr'>in</span> <span class='ocrx_word' id='word_1_324' title='bbox 808 2522 995 2554; x_wconf 83' lang='lat' dir='ltr'>iumentum</span> <span class='ocrx_word' id='word_1_325' title='bbox 1017 2531 1137 2560; x_wconf 87' lang='lat' dir='ltr'>suum,</span> <span class='ocrx_word' id='word_1_326' title='bbox 1154 2531 1255 2564; x_wconf 82' lang='lat' dir='ltr'>quan-</span> 
     </span>
    </p>

    <p class='ocr_par' dir='ltr' id='par_1_22' title="bbox 291 2574 1255 2617">
     <span class='ocr_line' id='line_1_44' title="bbox 291 2574 1255 2617; baseline -0.002 -8"><span class='ocrx_word' id='word_1_327' title='bbox 291 2580 360 2609; x_wconf 90' lang='lat' dir='ltr'>tum</span> <span class='ocrx_word' id='word_1_328' title='bbox 376 2576 415 2609; x_wconf 85' lang='lat' dir='ltr'>ad</span> <span class='ocrx_word' id='word_1_329' title='bbox 439 2576 636 2615; x_wconf 85' lang='lat' dir='ltr'>vehiculum,</span> <span class='ocrx_word' id='word_1_330' title='bbox 661 2575 758 2608; x_wconf 75' lang='lat' dir='ltr'>duxit</span> <span class='ocrx_word' id='word_1_331' title='bbox 776 2575 812 2608; x_wconf 84' lang='lat' dir='ltr'>in</span> <span class='ocrx_word' id='word_1_332' title='bbox 827 2574 1012 2614; x_wconf 80' lang='lat' dir='ltr'>stabulum,</span> <span class='ocrx_word' id='word_1_333' title='bbox 1037 2579 1192 2617; x_wconf 85' lang='lat' dir='ltr'>quantum</span> <span class='ocrx_word' id='word_1_334' title='bbox 1216 2575 1255 2608; x_wconf 87' lang='lat' dir='ltr'>ad</span> 
     </span>
    </p>

    <p class='ocr_par' dir='ltr' id='par_1_23' title="bbox 290 2628 1254 2671">
     <span class='ocr_line' id='line_1_45' title="bbox 290 2628 1254 2671; baseline -0.002 -9"><span class='ocrx_word' id='word_1_335' title='bbox 290 2630 482 2671; x_wconf 89' lang='lat' dir='ltr'>hospitium,</span> <span class='ocrx_word' id='word_1_336' title='bbox 506 2633 536 2661; x_wconf 86' lang='lat' dir='ltr'>et</span> <span class='ocrx_word' id='word_1_337' title='bbox 559 2638 680 2661; x_wconf 83' lang='lat' dir='ltr'>euram</span> <span class='ocrx_word' id='word_1_338' title='bbox 702 2628 774 2661; x_wconf 84' lang='lat' dir='ltr'>eius</span> <span class='ocrx_word' id='word_1_339' title='bbox 790 2628 872 2671; x_wconf 70' lang='lat' dir='ltr'>eyit,</span> <span class='ocrx_word' id='word_1_340' title='bbox 898 2631 1053 2670; x_wconf 89' lang='lat' dir='ltr'>quantum</span> <span class='ocrx_word' id='word_1_341' title='bbox 1076 2628 1114 2660; x_wconf 91' lang='lat' dir='ltr'>ad</span> <span class='ocrx_word' id='word_1_342' title='bbox 1138 2628 1254 2661; x_wconf 88' lang='lat' dir='ltr'>cibum.</span> 
     </span>
    </p>

    <p class='ocr_par' dir='ltr' id='par_1_24' title="bbox 291 2681 1255 2724">
     <span class='ocr_line' id='line_1_46' title="bbox 291 2681 1255 2724; baseline -0.002 -9"><span class='ocrx_word' id='word_1_343' title='bbox 291 2683 327 2715; x_wconf 87' lang='lat' dir='ltr'>Et</span> <span class='ocrx_word' id='word_1_344' title='bbox 351 2683 395 2715; x_wconf 87' lang='lat' dir='ltr'>sic</span> <span class='ocrx_word' id='word_1_345' title='bbox 422 2682 563 2724; x_wconf 88' lang='lat' dir='ltr'>implevit</span> <span class='ocrx_word' id='word_1_346' title='bbox 585 2681 662 2714; x_wconf 86' lang='lat' dir='ltr'>iilud</span> <span class='ocrx_word' id='word_1_347' title='bbox 688 2682 783 2715; x_wconf 84' lang='lat' dir='ltr'>Isaiae</span> <span class='ocrx_word' id='word_1_348' title='bbox 812 2681 1073 2724; x_wconf 85' lang='lat' dir='ltr'>quinquagesimo</span> <span class='ocrx_word' id='word_1_349' title='bbox 1104 2681 1255 2714; x_wconf 68' lang='lat' dir='ltr'>octavoss:</span> 
     </span>
    </p>

    <p class='ocr_par' dir='ltr' id='par_1_25' title="bbox 292 2735 1256 2821">
     <span class='ocr_line' id='line_1_47' title="bbox 296 2735 1256 2777; baseline 0.001 -11"><span class='ocrx_word' id='word_1_350' title='bbox 296 2749 312 2765; x_wconf 75' lang='grc' dir='ltr'><em>α</em></span> <span class='ocrx_word' id='word_1_351' title='bbox 331 2736 450 2777; x_wconf 81' lang='lat' dir='ltr'>Frange</span> <span class='ocrx_word' id='word_1_352' title='bbox 473 2735 624 2768; x_wconf 87' lang='lat' dir='ltr'>esurienti</span> <span class='ocrx_word' id='word_1_353' title='bbox 650 2744 761 2777; x_wconf 86' lang='lat' dir='ltr'>panem</span> <span class='ocrx_word' id='word_1_354' title='bbox 787 2738 880 2767; x_wconf 90' lang='lat' dir='ltr'>tuum</span> <span class='ocrx_word' id='word_1_355' title='bbox 903 2737 935 2767; x_wconf 88' lang='lat' dir='ltr'>et</span> <span class='ocrx_word' id='word_1_356' title='bbox 958 2743 1073 2776; x_wconf 88' lang='lat' dir='ltr'>egenos</span> <span class='ocrx_word' id='word_1_357' title='bbox 1097 2743 1256 2777; x_wconf 86' lang='lat' dir='ltr'>vagosque</span> 
     </span>
     <span class='ocr_line' id='line_1_48' title="bbox 292 2788 829 2821; baseline 0 0"><span class='ocrx_word' id='word_1_358' title='bbox 292 2788 387 2821; x_wconf 89' lang='lat' dir='ltr'>induc</span> <span class='ocrx_word' id='word_1_359' title='bbox 411 2788 443 2821; x_wconf 91' lang='lat' dir='ltr'>in</span> <span class='ocrx_word' id='word_1_360' title='bbox 467 2788 596 2821; x_wconf 90' lang='lat' dir='ltr'>domum</span> <span class='ocrx_word' id='word_1_361' title='bbox 620 2792 707 2820; x_wconf 89' lang='lat' dir='ltr'>tuam</span> <span class='ocrx_word' id='word_1_362' title='bbox 726 2801 741 2817; x_wconf 74' lang='lat' dir='ltr'>n</span> <span class='ocrx_word' id='word_1_363' title='bbox 771 2791 829 2821; x_wconf 85' lang='lat' dir='ltr'>etc.</span> 
     </span>
    </p>
   </div>
   <div class='ocr_carea' id='block_1_3' title="bbox 290 3012 1254 3445">
    <p class='ocr_par' dir='ltr' id='par_1_26' title="bbox 290 3012 1253 3092">
     <span class='ocr_line' id='line_1_49' title="bbox 363 3012 1253 3047; baseline 0.001 -9"><span class='ocrx_word' id='word_1_364' title='bbox 363 3012 373 3027; x_wconf 90' lang='lat'>¹</span> <span class='ocrx_word' id='word_1_365' title='bbox 395 3014 468 3039; x_wconf 80' lang='lat' dir='ltr'>Vers.</span> <span class='ocrx_word' id='word_1_366' title='bbox 487 3013 512 3039; x_wconf 89' lang='lat'>7.</span> <span class='ocrx_word' id='word_1_367' title='bbox 531 3027 566 3032; x_wconf 98' lang='lat'><strong>—</strong></span> <span class='ocrx_word' id='word_1_368' title='bbox 588 3013 695 3039; x_wconf 80' lang='lat' dir='ltr'>inferius</span> <span class='ocrx_word' id='word_1_369' title='bbox 714 3020 763 3044; x_wconf 85' lang='lat' dir='ltr'>pro</span> <span class='ocrx_word' id='word_1_370' title='bbox 791 3013 878 3045; x_wconf 83' lang='lat' dir='ltr'>nudo,</span> <span class='ocrx_word' id='word_1_371' title='bbox 898 3012 1041 3039; x_wconf 83' lang='lat' dir='ltr'>vulnerato</span> <span class='ocrx_word' id='word_1_372' title='bbox 1060 3014 1084 3039; x_wconf 80' lang='lat' dir='ltr'>et</span> <span class='ocrx_word' id='word_1_373' title='bbox 1103 3013 1134 3040; x_wconf 88' lang='lat' dir='ltr'>de</span> <span class='ocrx_word' id='word_1_374' title='bbox 1150 3013 1253 3047; x_wconf 79' lang='lat' dir='ltr'>populo</span> 
     </span>
     <span class='ocr_line' id='line_1_50' title="bbox 290 3057 1065 3092; baseline 0 -8"><span class='ocrx_word' id='word_1_375' title='bbox 290 3064 341 3085; x_wconf 78' lang='lat' dir='ltr'>suo</span> <span class='ocrx_word' id='word_1_376' title='bbox 361 3058 420 3083; x_wconf 76' lang='lat' dir='ltr'>V‘at.</span> <span class='ocrx_word' id='word_1_377' title='bbox 438 3057 519 3089; x_wconf 83' lang='lat' dir='ltr'>nudo,</span> <span class='ocrx_word' id='word_1_378' title='bbox 539 3057 670 3090; x_wconf 85' lang='lat' dir='ltr'>vulnera,</span> <span class='ocrx_word' id='word_1_379' title='bbox 689 3060 715 3084; x_wconf 86' lang='lat' dir='ltr'>et</span> <span class='ocrx_word' id='word_1_380' title='bbox 732 3065 750 3084; x_wconf 88' lang='lat' dir='ltr'>a</span> <span class='ocrx_word' id='word_1_381' title='bbox 766 3057 881 3092; x_wconf 82' lang='lat' dir='ltr'>proprio</span> <span class='ocrx_word' id='word_1_382' title='bbox 899 3065 949 3085; x_wconf 85' lang='lat' dir='ltr'>suo</span> <span class='ocrx_word' id='word_1_383' title='bbox 968 3058 1065 3092; x_wconf 80' lang='lat' dir='ltr'>fratre.</span> 
     </span>
    </p>

    <p class='ocr_par' dir='ltr' id='par_1_27' title="bbox 363 3101 937 3135">
     <span class='ocr_line' id='line_1_51' title="bbox 363 3101 937 3135; baseline 0 -7"><span class='ocrx_word' id='word_1_384' title='bbox 363 3101 374 3116; x_wconf 78' lang='lat'>²</span> <span class='ocrx_word' id='word_1_385' title='bbox 394 3103 468 3128; x_wconf 83' lang='lat' dir='ltr'>Vers.</span> <span class='ocrx_word' id='word_1_386' title='bbox 489 3103 514 3128; x_wconf 84' lang='lat'>6.</span> <span class='ocrx_word' id='word_1_387' title='bbox 532 3116 569 3121; x_wconf 92' lang='lat'>—</span> <span class='ocrx_word' id='word_1_388' title='bbox 588 3103 712 3135; x_wconf 82' lang='lat' dir='ltr'>Sequitur</span> <span class='ocrx_word' id='word_1_389' title='bbox 731 3103 808 3128; x_wconf 83' lang='lat' dir='ltr'>Marc.</span> <span class='ocrx_word' id='word_1_390' title='bbox 828 3103 874 3134; x_wconf 57' lang='lat' dir='ltr'>fl2,</span> <span class='ocrx_word' id='word_1_391' title='bbox 894 3103 937 3128; x_wconf 86' lang='lat'>33.</span> 
     </span>
    </p>

    <p class='ocr_par' dir='ltr' id='par_1_28' title="bbox 292 3144 1254 3269">
     <span class='ocr_line' id='line_1_52' title="bbox 364 3144 1254 3179; baseline 0.001 -8"><span class='ocrx_word' id='word_1_392' title='bbox 364 3144 375 3160; x_wconf 77' lang='lat'>⁸</span> <span class='ocrx_word' id='word_1_393' title='bbox 394 3146 477 3172; x_wconf 86' lang='lat' dir='ltr'>Codd.</span> <span class='ocrx_word' id='word_1_394' title='bbox 497 3146 517 3171; x_wconf 86' lang='lat' dir='ltr'><strong>A</strong></span> <span class='ocrx_word' id='word_1_395' title='bbox 528 3146 546 3172; x_wconf 93' lang='lat' dir='ltr'>C</span> <span class='ocrx_word' id='word_1_396' title='bbox 559 3147 579 3171; x_wconf 89' lang='lat' dir='ltr'>D</span> <span class='ocrx_word' id='word_1_397' title='bbox 596 3153 674 3173; x_wconf 77' lang='lat' dir='ltr'>secus</span> <span class='ocrx_word' id='word_1_398' title='bbox 693 3146 785 3179; x_wconf 78' lang='lat' dir='ltr'>viam;</span> <span class='ocrx_word' id='word_1_399' title='bbox 805 3147 838 3172; x_wconf 85' lang='lat' dir='ltr'>ita</span> <span class='ocrx_word' id='word_1_400' title='bbox 849 3147 928 3173; x_wconf 87' lang='lat' dir='ltr'>etiam</span> <span class='ocrx_word' id='word_1_401' title='bbox 941 3148 969 3173; x_wconf 85' lang='grc' dir='ltr'>Β.</span> <span class='ocrx_word' id='word_1_402' title='bbox 983 3147 1081 3173; x_wconf 80' lang='lat' dir='ltr'>Albert.</span> <span class='ocrx_word' id='word_1_403' title='bbox 1101 3147 1254 3173; x_wconf 83' lang='lat' dir='ltr'>immediate</span> 
     </span>
     <span class='ocr_line' id='line_1_53' title="bbox 293 3190 1253 3225; baseline 0.002 -9"><span class='ocrx_word' id='word_1_404' title='bbox 293 3193 353 3223; x_wconf 87' lang='lat' dir='ltr'>post</span> <span class='ocrx_word' id='word_1_405' title='bbox 370 3198 401 3216; x_wconf 85' lang='lat' dir='ltr'>ex</span> <span class='ocrx_word' id='word_1_406' title='bbox 420 3191 473 3216; x_wconf 79' lang='lat' dir='ltr'>AD</span> <span class='ocrx_word' id='word_1_407' title='bbox 491 3190 643 3216; x_wconf 79' lang='lat' dir='ltr'>addidimus</span> <span class='ocrx_word' id='word_1_408' title='bbox 670 3190 748 3218; x_wconf 83' lang='lat' dir='ltr'>oculo</span> <span class='ocrx_word' id='word_1_409' title='bbox 774 3198 840 3218; x_wconf 80' lang='lat' dir='ltr'>suae</span> <span class='ocrx_word' id='word_1_410' title='bbox 859 3190 1028 3225; x_wconf 69' lang='lat' dir='ltr'>beniynitatis</span> <span class='ocrx_word' id='word_1_411' title='bbox 1047 3198 1080 3218; x_wconf 81' lang='lat' dir='ltr'>ac</span> <span class='ocrx_word' id='word_1_412' title='bbox 1099 3198 1178 3225; x_wconf 79' lang='lat' dir='ltr'>opere</span> <span class='ocrx_word' id='word_1_413' title='bbox 1197 3198 1253 3217; x_wconf 87' lang='lat' dir='ltr'>ma-</span> 
     </span>
     <span class='ocr_line' id='line_1_54' title="bbox 292 3227 1245 3269; baseline 0 -8"><span class='ocrx_word' id='word_1_414' title='bbox 292 3227 385 3262; x_wconf 56' lang='lat' dir='ltr'>ximae</span> <span class='ocrx_word' id='word_1_415' title='bbox 399 3234 515 3269; x_wconf 77' lang='lat' dir='ltr'>pietatis.</span> <span class='ocrx_word' id='word_1_416' title='bbox 533 3249 570 3255; x_wconf 92' lang='lat'>—</span> <span class='ocrx_word' id='word_1_417' title='bbox 589 3235 707 3262; x_wconf 78' lang='lat' dir='ltr'>Subinde</span> <span class='ocrx_word' id='word_1_418' title='bbox 726 3237 871 3268; x_wconf 71' lang='lat' dir='ltr'>allegantur</span> <span class='ocrx_word' id='word_1_419' title='bbox 890 3236 935 3262; x_wconf 82' lang='lat' dir='ltr'>iob</span> <span class='ocrx_word' id='word_1_420' title='bbox 954 3237 1002 3269; x_wconf 83' lang='lat'>30,</span> <span class='ocrx_word' id='word_1_421' title='bbox 1022 3237 1065 3262; x_wconf 81' lang='lat'>25.</span> <span class='ocrx_word' id='word_1_422' title='bbox 1087 3240 1112 3262; x_wconf 70' lang='lat' dir='ltr'>ez</span> <span class='ocrx_word' id='word_1_423' title='bbox 1131 3236 1160 3261; x_wconf 79' lang='grc'>31</span> <span class='ocrx_word' id='word_1_424' title='bbox 1173 3255 1181 3267; x_wconf 87' lang='lat'><em>‚</em></span> <span class='ocrx_word' id='word_1_425' title='bbox 1201 3237 1245 3261; x_wconf 72' lang='lat'>⁴8.</span> 
     </span>
    </p>

    <p class='ocr_par' dir='ltr' id='par_1_29' title="bbox 293 3277 1253 3356">
     <span class='ocr_line' id='line_1_55' title="bbox 363 3277 1253 3314; baseline 0.001 -9"><span class='ocrx_word' id='word_1_426' title='bbox 363 3277 375 3293; x_wconf 80' lang='lat'><strong>⁴</strong></span> <span class='ocrx_word' id='word_1_427' title='bbox 394 3280 428 3305; x_wconf 89' lang='lat' dir='ltr'>Ex</span> <span class='ocrx_word' id='word_1_428' title='bbox 443 3280 463 3305; x_wconf 83' lang='lat' dir='ltr'><strong>A</strong></span> <span class='ocrx_word' id='word_1_429' title='bbox 476 3280 660 3311; x_wconf 84' lang='lat' dir='ltr'>supplevimus</span> <span class='ocrx_word' id='word_1_430' title='bbox 671 3287 722 3313; x_wconf 82' lang='lat' dir='ltr'>per</span> <span class='ocrx_word' id='word_1_431' title='bbox 736 3280 886 3314; x_wconf 79' lang='lat' dir='ltr'>effectum...</span> <span class='ocrx_word' id='word_1_432' title='bbox 896 3280 932 3307; x_wconf 86' lang='lat' dir='ltr'>ad</span> <span class='ocrx_word' id='word_1_433' title='bbox 941 3279 1088 3313; x_wconf 84' lang='lat' dir='ltr'>unitatem,·</span> <span class='ocrx_word' id='word_1_434' title='bbox 1103 3280 1173 3306; x_wconf 88' lang='lat' dir='ltr'>idem</span> <span class='ocrx_word' id='word_1_435' title='bbox 1184 3280 1253 3306; x_wconf 80' lang='lat' dir='ltr'>exbi-</span> 
     </span>
     <span class='ocr_line' id='line_1_56' title="bbox 293 3322 1251 3356; baseline 0 -7"><span class='ocrx_word' id='word_1_436' title='bbox 293 3322 338 3349; x_wconf 83' lang='lat' dir='ltr'>bet</span> <span class='ocrx_word' id='word_1_437' title='bbox 357 3324 392 3356; x_wconf 87' lang='lat' dir='ltr'>D,</span> <span class='ocrx_word' id='word_1_438' title='bbox 411 3324 457 3349; x_wconf 87' lang='lat' dir='ltr'>sed</span> <span class='ocrx_word' id='word_1_439' title='bbox 477 3324 623 3355; x_wconf 79' lang='lat' dir='ltr'>incongruo</span> <span class='ocrx_word' id='word_1_440' title='bbox 636 3325 702 3355; x_wconf 89' lang='lat' dir='ltr'>ioco,</span> <span class='ocrx_word' id='word_1_441' title='bbox 715 3324 770 3350; x_wconf 84' lang='lat' dir='ltr'>scil.</span> <span class='ocrx_word' id='word_1_442' title='bbox 784 3325 862 3356; x_wconf 88' lang='lat' dir='ltr'>paulo</span> <span class='ocrx_word' id='word_1_443' title='bbox 875 3324 998 3356; x_wconf 79' lang='lat' dir='ltr'>superius</span> <span class='ocrx_word' id='word_1_444' title='bbox 1010 3328 1070 3356; x_wconf 86' lang='lat' dir='ltr'>post</span> <span class='ocrx_word' id='word_1_445' title='bbox 1083 3323 1140 3351; x_wconf 80' lang='lat' dir='ltr'>ideo</span> <span class='ocrx_word' id='word_1_446' title='bbox 1153 3323 1251 3351; x_wconf 83' lang='lat' dir='ltr'>subdit.</span> 
     </span>
    </p>

    <p class='ocr_par' dir='ltr' id='par_1_30' title="bbox 365 3365 924 3401">
     <span class='ocr_line' id='line_1_57' title="bbox 365 3365 924 3401; baseline 0.004 -9"><span class='ocrx_word' id='word_1_447' title='bbox 365 3365 376 3381; x_wconf 76' lang='lat'><strong>⁶</strong></span> <span class='ocrx_word' id='word_1_448' title='bbox 396 3368 470 3393; x_wconf 84' lang='lat' dir='ltr'>Vers.</span> <span class='ocrx_word' id='word_1_449' title='bbox 489 3368 521 3400; x_wconf 84' lang='lat'>7,</span> <span class='ocrx_word' id='word_1_450' title='bbox 541 3370 599 3400; x_wconf 86' lang='lat' dir='ltr'>post</span> <span class='ocrx_word' id='word_1_451' title='bbox 618 3375 698 3401; x_wconf 84' lang='lat' dir='ltr'>quem</span> <span class='ocrx_word' id='word_1_452' title='bbox 718 3369 795 3394; x_wconf 79' lang='lat' dir='ltr'>Prov.</span> <span class='ocrx_word' id='word_1_453' title='bbox 815 3369 862 3400; x_wconf 74' lang='lat'>21,</span> <span class='ocrx_word' id='word_1_454' title='bbox 882 3369 924 3394; x_wconf 81' lang='lat'>20.</span> 
     </span>
    </p>

    <p class='ocr_par' dir='ltr' id='par_1_31' title="bbox 365 3409 1224 3445">
     <span class='ocr_line' id='line_1_58' title="bbox 365 3409 1224 3445; baseline 0 -8"><span class='ocrx_word' id='word_1_455' title='bbox 365 3409 377 3425; x_wconf 84' lang='lat'>⁶</span> <span class='ocrx_word' id='word_1_456' title='bbox 397 3412 470 3438; x_wconf 85' lang='lat' dir='ltr'>Vers.</span> <span class='ocrx_word' id='word_1_457' title='bbox 489 3412 515 3438; x_wconf 88' lang='lat'>7.</span> <span class='ocrx_word' id='word_1_458' title='bbox 533 3426 569 3431; x_wconf 97' lang='lat'><strong>—</strong></span> <span class='ocrx_word' id='word_1_459' title='bbox 588 3413 715 3445; x_wconf 83' lang='lat' dir='ltr'>Superius</span> <span class='ocrx_word' id='word_1_460' title='bbox 735 3419 783 3445; x_wconf 87' lang='lat' dir='ltr'>pro</span> <span class='ocrx_word' id='word_1_461' title='bbox 801 3411 993 3439; x_wconf 81' lang='lat' dir='ltr'>medicamento</span> <span class='ocrx_word' id='word_1_462' title='bbox 1012 3412 1031 3439; x_wconf 91' lang='lat' dir='ltr'>C</span> <span class='ocrx_word' id='word_1_463' title='bbox 1043 3412 1095 3438; x_wconf 89' lang='lat' dir='ltr'>Dll</span> <span class='ocrx_word' id='word_1_464' title='bbox 1114 3411 1224 3439; x_wconf 83' lang='lat' dir='ltr'>medico.</span> 
     </span>
    </p>
   </div>
   <div class='ocr_carea' id='block_1_4' title="bbox 896 245 1674 280">
    <p class='ocr_par' dir='ltr' id='par_1_32' title="bbox 896 245 1674 280">
     <span class='ocr_line' id='line_1_59' title="bbox 896 245 1674 280; baseline -0.003 0"><span class='ocrx_word' id='word_1_465' title='bbox 896 247 1090 280; x_wconf 89' lang='lat' dir='ltr'>COMMENT.</span> <span class='ocrx_word' id='word_1_466' title='bbox 1115 246 1151 279; x_wconf 94' lang='lat' dir='ltr'>IN</span> <span class='ocrx_word' id='word_1_467' title='bbox 1175 245 1415 279; x_wconf 83' lang='lat' dir='ltr'>EVANGELIUM</span> <span class='ocrx_word' id='word_1_468' title='bbox 1440 245 1558 278; x_wconf 91' lang='lat' dir='ltr'>LUCAE</span> <span class='ocrx_word' id='word_1_469' title='bbox 1582 246 1614 278; x_wconf 92' lang='lat' dir='ltr'>C.</span> <span class='ocrx_word' id='word_1_470' title='bbox 1639 246 1674 278; x_wconf 89' lang='lat' dir='ltr'>X.</span> 
     </span>
    </p>
   </div>
   <div class='ocr_carea' id='block_1_5' title="bbox 1312 334 2473 2830">
    <p class='ocr_par' dir='ltr' id='par_1_33' title="bbox 1312 334 2473 1389">
     <span class='ocr_line' id='line_1_60' title="bbox 1403 334 2473 376; baseline 0 -10"><span class='ocrx_word' id='word_1_471' title='bbox 1403 335 1456 366; x_wconf 78' lang='lat'>59.</span> <span class='ocrx_word' id='word_1_472' title='bbox 1482 334 1584 376; x_wconf 87' lang='lat' dir='ltr'>(Vers.</span> <span class='ocrx_word' id='word_1_473' title='bbox 1611 334 1688 375; x_wconf 59' lang='lat'>35).</span> <span class='ocrx_word' id='word_1_474' title='bbox 1714 334 1857 367; x_wconf 89' lang='lat' dir='ltr'>Secundo</span> <span class='ocrx_word' id='word_1_475' title='bbox 1889 338 2045 376; x_wconf 88' lang='lat' dir='ltr'>quantum</span> <span class='ocrx_word' id='word_1_476' title='bbox 2076 335 2114 368; x_wconf 88' lang='lat' dir='ltr'>ad</span> <span class='ocrx_word' id='word_1_477' title='bbox 2146 336 2276 369; x_wconf 85' lang='lat' dir='ltr'>miseri-</span> <span class='ocrx_word' id='word_1_478' title='bbox 2296 344 2426 367; x_wconf 64' lang='lat' dir='ltr'>Secundum.</span> <span class='ocrx_word' id='word_1_479' title='bbox 2472 367 2473 372; x_wconf 60' lang='grc'>,</span> 
     </span>
     <span class='ocr_line' id='line_1_61' title="bbox 1313 387 2276 422; baseline 0.003 -3"><span class='ocrx_word' id='word_1_480' title='bbox 1313 387 1465 419; x_wconf 87' lang='lat' dir='ltr'>cordiam</span> <span class='ocrx_word' id='word_1_481' title='bbox 1489 387 1686 420; x_wconf 85' lang='lat' dir='ltr'>relevantem</span> <span class='ocrx_word' id='word_1_482' title='bbox 1709 387 1952 420; x_wconf 81' lang='lat' dir='ltr'>mendicitatem</span> <span class='ocrx_word' id='word_1_483' title='bbox 1975 388 2095 421; x_wconf 90' lang='lat' dir='ltr'>subdit:</span> <span class='ocrx_word' id='word_1_484' title='bbox 2113 389 2153 421; x_wconf 88' lang='lat' dir='ltr'>Et</span> <span class='ocrx_word' id='word_1_485' title='bbox 2168 389 2276 422; x_wconf 82' lang='lat' dir='ltr'>altera</span> 
     </span>
     <span class='ocr_line' id='line_1_62' title="bbox 1312 440 2275 482; baseline 0.002 -9"><span class='ocrx_word' id='word_1_486' title='bbox 1312 441 1364 473; x_wconf 87' lang='lat' dir='ltr'>die</span> <span class='ocrx_word' id='word_1_487' title='bbox 1386 440 1528 482; x_wconf 83' lang='lat' dir='ltr'>protulit</span> <span class='ocrx_word' id='word_1_488' title='bbox 1551 441 1636 473; x_wconf 86' lang='lat' dir='ltr'>duos</span> <span class='ocrx_word' id='word_1_489' title='bbox 1660 441 1817 474; x_wconf 75' lang='lat' dir='ltr'>(lenarios</span> <span class='ocrx_word' id='word_1_490' title='bbox 1840 445 1869 473; x_wconf 89' lang='lat' dir='ltr'>et</span> <span class='ocrx_word' id='word_1_491' title='bbox 1884 441 1972 474; x_wconf 82' lang='lat' dir='ltr'>dedit</span> <span class='ocrx_word' id='word_1_492' title='bbox 1987 441 2185 474; x_wconf 81' lang='lat' dir='ltr'>stabulario.</span> <span class='ocrx_word' id='word_1_493' title='bbox 2203 443 2275 475; x_wconf 89' lang='lat' dir='ltr'>Par-</span> 
     </span>
     <span class='ocr_line' id='line_1_63' title="bbox 1314 494 2275 537; baseline 0.002 -11"><span class='ocrx_word' id='word_1_494' title='bbox 1314 502 1385 526; x_wconf 90' lang='lat' dir='ltr'>vam</span> <span class='ocrx_word' id='word_1_495' title='bbox 1408 494 1573 536; x_wconf 89' lang='lat' dir='ltr'>pecuniam</span> <span class='ocrx_word' id='word_1_496' title='bbox 1599 494 1748 536; x_wconf 89' lang='lat' dir='ltr'>protulit,</span> <span class='ocrx_word' id='word_1_497' title='bbox 1772 494 1847 537; x_wconf 90' lang='lat' dir='ltr'>quia</span> <span class='ocrx_word' id='word_1_498' title='bbox 1870 494 2011 527; x_wconf 86' lang='lat' dir='ltr'>fortassis</span> <span class='ocrx_word' id='word_1_499' title='bbox 2027 504 2155 536; x_wconf 87' lang='lat' dir='ltr'>parvam</span> <span class='ocrx_word' id='word_1_500' title='bbox 2181 495 2275 528; x_wconf 89' lang='lat' dir='ltr'>habe-</span> 
     </span>
     <span class='ocr_line' id='line_1_64' title="bbox 1313 547 2276 590; baseline 0.001 -10"><span class='ocrx_word' id='word_1_501' title='bbox 1313 547 1381 586; x_wconf 86' lang='lat' dir='ltr'>bat,</span> <span class='ocrx_word' id='word_1_502' title='bbox 1418 547 1592 580; x_wconf 88' lang='lat' dir='ltr'>secundum</span> <span class='ocrx_word' id='word_1_503' title='bbox 1628 547 1705 580; x_wconf 89' lang='lat' dir='ltr'>illud</span> <span class='ocrx_word' id='word_1_504' title='bbox 1736 547 1852 580; x_wconf 90' lang='lat' dir='ltr'>Tobiae</span> <span class='ocrx_word' id='word_1_505' title='bbox 1886 548 2044 590; x_wconf 76' lang='lat' dir='ltr'>quarto⁷z</span> <span class='ocrx_word' id='word_1_506' title='bbox 2082 549 2276 590; x_wconf 78' lang='lat' dir='ltr'>«Quomodo</span> 
     </span>
     <span class='ocr_line' id='line_1_65' title="bbox 1313 600 2275 642; baseline 0.001 -9"><span class='ocrx_word' id='word_1_507' title='bbox 1313 600 1473 642; x_wconf 89' lang='lat' dir='ltr'>potueris,</span> <span class='ocrx_word' id='word_1_508' title='bbox 1498 604 1564 633; x_wconf 88' lang='lat' dir='ltr'>esto</span> <span class='ocrx_word' id='word_1_509' title='bbox 1588 601 1777 634; x_wconf 84' lang='lat' dir='ltr'>misericors.</span> <span class='ocrx_word' id='word_1_510' title='bbox 1804 601 1834 633; x_wconf 89' lang='lat' dir='ltr'>Si</span> <span class='ocrx_word' id='word_1_511' title='bbox 1857 601 1993 633; x_wconf 91' lang='lat' dir='ltr'>multum</span> <span class='ocrx_word' id='word_1_512' title='bbox 2019 601 2074 634; x_wconf 88' lang='lat' dir='ltr'>tibi</span> <span class='ocrx_word' id='word_1_513' title='bbox 2091 601 2197 641; x_wconf 86' lang='lat' dir='ltr'>fuerit,</span> <span class='ocrx_word' id='word_1_514' title='bbox 2221 602 2275 634; x_wconf 90' lang='lat' dir='ltr'>ab·</span> 
     </span>
     <span class='ocr_line' id='line_1_66' title="bbox 1314 652 2276 696; baseline 0.002 -11"><span class='ocrx_word' id='word_1_515' title='bbox 1314 652 1471 686; x_wconf 90' lang='lat' dir='ltr'>undanter</span> <span class='ocrx_word' id='word_1_516' title='bbox 1506 653 1632 692; x_wconf 88' lang='lat' dir='ltr'>tribue;</span> <span class='ocrx_word' id='word_1_517' title='bbox 1668 654 1694 686; x_wconf 92' lang='lat' dir='ltr'>si</span> <span class='ocrx_word' id='word_1_518' title='bbox 1731 657 1837 686; x_wconf 86' lang='lat' dir='ltr'>autem</span> <span class='ocrx_word' id='word_1_519' title='bbox 1869 653 2042 696; x_wconf 82' lang='lat' dir='ltr'>exiguum,</span> <span class='ocrx_word' id='word_1_520' title='bbox 2078 655 2171 687; x_wconf 88' lang='lat' dir='ltr'>etiam</span> <span class='ocrx_word' id='word_1_521' title='bbox 2207 654 2276 687; x_wconf 87' lang='lat' dir='ltr'>exi—</span> 
     </span>
     <span class='ocr_line' id='line_1_67' title="bbox 1315 706 2277 750; baseline 0.002 -12"><span class='ocrx_word' id='word_1_522' title='bbox 1315 715 1413 748; x_wconf 88' lang='lat' dir='ltr'>guum</span> <span class='ocrx_word' id='word_1_523' title='bbox 1438 706 1571 739; x_wconf 90' lang='lat' dir='ltr'>libenter</span> <span class='ocrx_word' id='word_1_524' title='bbox 1594 706 1751 748; x_wconf 90' lang='lat' dir='ltr'>impertiri</span> <span class='ocrx_word' id='word_1_525' title='bbox 1776 706 1868 740; x_wconf 90' lang='lat' dir='ltr'>stude</span> <span class='ocrx_word' id='word_1_526' title='bbox 1884 720 1914 739; x_wconf 72' lang='lat' dir='ltr'>n.</span> <span class='ocrx_word' id='word_1_527' title='bbox 1932 725 1977 731; x_wconf 88' lang='lat'>—</span> <span class='ocrx_word' id='word_1_528' title='bbox 1992 707 2028 739; x_wconf 89' lang='lat' dir='ltr'>Et</span> <span class='ocrx_word' id='word_1_529' title='bbox 2052 707 2141 749; x_wconf 87' lang='lat' dir='ltr'>quia,</span> <span class='ocrx_word' id='word_1_530' title='bbox 2165 717 2277 750; x_wconf 86' lang='lat' dir='ltr'>quam-</span> 
     </span>
     <span class='ocr_line' id='line_1_68' title="bbox 1315 759 2276 802; baseline 0.002 -11"><span class='ocrx_word' id='word_1_531' title='bbox 1315 759 1362 792; x_wconf 90' lang='lat' dir='ltr'>vis</span> <span class='ocrx_word' id='word_1_532' title='bbox 1385 759 1508 792; x_wconf 87' lang='lat' dir='ltr'>modica</span> <span class='ocrx_word' id='word_1_533' title='bbox 1542 763 1623 792; x_wconf 88' lang='lat' dir='ltr'>esset</span> <span class='ocrx_word' id='word_1_534' title='bbox 1660 760 1810 801; x_wconf 88' lang='lat' dir='ltr'>pecunia,</span> <span class='ocrx_word' id='word_1_535' title='bbox 1835 769 1948 802; x_wconf 88' lang='lat' dir='ltr'>magna</span> <span class='ocrx_word' id='word_1_536' title='bbox 1979 763 2047 792; x_wconf 90' lang='lat' dir='ltr'>erat</span> <span class='ocrx_word' id='word_1_537' title='bbox 2071 760 2276 794; x_wconf 88' lang='lat' dir='ltr'>subveniendi</span> 
     </span>
     <span class='ocr_line' id='line_1_69' title="bbox 1315 813 2276 853; baseline 0.001 -8"><span class='ocrx_word' id='word_1_538' title='bbox 1315 813 1477 851; x_wconf 86' lang='lat' dir='ltr'>voluntas;</span> <span class='ocrx_word' id='word_1_539' title='bbox 1502 813 1571 846; x_wconf 90' lang='lat' dir='ltr'>ideo</span> <span class='ocrx_word' id='word_1_540' title='bbox 1595 813 1716 846; x_wconf 88' lang='lat' dir='ltr'>subdit:</span> <span class='ocrx_word' id='word_1_541' title='bbox 1743 814 1783 846; x_wconf 83' lang='lat' dir='ltr'>Ec</span> <span class='ocrx_word' id='word_1_542' title='bbox 1805 814 1870 846; x_wconf 84' lang='lat' dir='ltr'>ait:</span> <span class='ocrx_word' id='word_1_543' title='bbox 1909 813 2036 846; x_wconf 87' lang='lat' dir='ltr'>Curam</span> <span class='ocrx_word' id='word_1_544' title='bbox 2060 813 2152 846; x_wconf 82' lang='lat' dir='ltr'>itlius</span> <span class='ocrx_word' id='word_1_545' title='bbox 2176 813 2276 853; x_wconf 81' lang='lat' dir='ltr'>habe,</span> 
     </span>
     <span class='ocr_line' id='line_1_70' title="bbox 1314 865 2276 909; baseline 0.003 -12"><span class='ocrx_word' id='word_1_546' title='bbox 1314 869 1345 897; x_wconf 89' lang='lat' dir='ltr'>et</span> <span class='ocrx_word' id='word_1_547' title='bbox 1367 865 1595 909; x_wconf 81' lang='lat' dir='ltr'>quodcumque</span> <span class='ocrx_word' id='word_1_548' title='bbox 1617 867 1930 909; x_wconf 62' lang='lat' dir='ltr'>supererogaveris,</span> <span class='ocrx_word' id='word_1_549' title='bbox 1947 877 2021 909; x_wconf 70' lang='lat' dir='ltr'>eqo,</span> <span class='ocrx_word' id='word_1_550' title='bbox 2038 876 2115 899; x_wconf 89' lang='lat' dir='ltr'>cum</span> <span class='ocrx_word' id='word_1_551' title='bbox 2136 867 2276 906; x_wconf 86' lang='lat' dir='ltr'>rediero,</span> 
     </span>
     <span class='ocr_line' id='line_1_71' title="bbox 1314 919 2278 962; baseline 0.002 -10"><span class='ocrx_word' id='word_1_552' title='bbox 1314 919 1454 952; x_wconf 84' lang='lat' dir='ltr'>reddam</span> <span class='ocrx_word' id='word_1_553' title='bbox 1479 919 1547 952; x_wconf 88' lang='lat' dir='ltr'>tibi.</span> <span class='ocrx_word' id='word_1_554' title='bbox 1566 920 1612 952; x_wconf 88' lang='lat' dir='ltr'>Ex</span> <span class='ocrx_word' id='word_1_555' title='bbox 1629 929 1693 962; x_wconf 87' lang='lat' dir='ltr'>quo</span> <span class='ocrx_word' id='word_1_556' title='bbox 1708 923 1857 962; x_wconf 87' lang='lat' dir='ltr'>apparet,</span> <span class='ocrx_word' id='word_1_557' title='bbox 1874 920 1958 962; x_wconf 91' lang='lat' dir='ltr'>quod</span> <span class='ocrx_word' id='word_1_558' title='bbox 1976 920 2190 953; x_wconf 84' lang='lat' dir='ltr'>misericordia</span> <span class='ocrx_word' id='word_1_559' title='bbox 2209 920 2278 954; x_wconf 88' lang='lat' dir='ltr'>eius</span> 
     </span>
     <span class='ocr_line' id='line_1_72' title="bbox 1315 973 2278 1015; baseline 0.002 -10"><span class='ocrx_word' id='word_1_560' title='bbox 1315 976 1383 1005; x_wconf 88' lang='lat' dir='ltr'>erat</span> <span class='ocrx_word' id='word_1_561' title='bbox 1417 973 1557 1014; x_wconf 88' lang='lat' dir='ltr'>integra,</span> <span class='ocrx_word' id='word_1_562' title='bbox 1592 983 1654 1006; x_wconf 90' lang='lat' dir='ltr'>non</span> <span class='ocrx_word' id='word_1_563' title='bbox 1687 974 1768 1006; x_wconf 88' lang='lat' dir='ltr'>sicut</span> <span class='ocrx_word' id='word_1_564' title='bbox 1803 973 1949 1012; x_wconf 89' lang='lat' dir='ltr'>illorum,</span> <span class='ocrx_word' id='word_1_565' title='bbox 1984 973 2023 1006; x_wconf 89' lang='lat' dir='ltr'>de</span> <span class='ocrx_word' id='word_1_566' title='bbox 2058 974 2175 1015; x_wconf 88' lang='lat' dir='ltr'>quibus</span> <span class='ocrx_word' id='word_1_567' title='bbox 2198 973 2278 1007; x_wconf 87' lang='lat' dir='ltr'>Osee</span> 
     </span>
     <span class='ocr_line' id='line_1_73' title="bbox 1315 1026 2279 1064; baseline 0.001 -5"><span class='ocrx_word' id='word_1_568' title='bbox 1315 1026 1431 1059; x_wconf 78' lang='lat' dir='ltr'>sext0⁸</span> <span class='ocrx_word' id='word_1_569' title='bbox 1466 1026 1601 1059; x_wconf 86' lang='lat' dir='ltr'>dicitnr:</span> <span class='ocrx_word' id='word_1_570' title='bbox 1643 1026 1886 1060; x_wconf 78' lang='lat' dir='ltr'>«Misericordia</span> <span class='ocrx_word' id='word_1_571' title='bbox 1920 1029 2025 1059; x_wconf 83' lang='lat' dir='ltr'>vestra</span> <span class='ocrx_word' id='word_1_572' title='bbox 2060 1027 2143 1059; x_wconf 90' lang='lat' dir='ltr'>sicut</span> <span class='ocrx_word' id='word_1_573' title='bbox 2177 1027 2279 1064; x_wconf 86' lang='lat' dir='ltr'>nubes</span> 
     </span>
     <span class='ocr_line' id='line_1_74' title="bbox 1314 1079 2278 1122; baseline 0.002 -11"><span class='ocrx_word' id='word_1_574' title='bbox 1314 1079 1470 1112; x_wconf 88' lang='lat' dir='ltr'>matutina</span> <span class='ocrx_word' id='word_1_575' title='bbox 1492 1082 1524 1112; x_wconf 89' lang='lat' dir='ltr'>et</span> <span class='ocrx_word' id='word_1_576' title='bbox 1546 1080 1629 1113; x_wconf 87' lang='lat' dir='ltr'>sicut</span> <span class='ocrx_word' id='word_1_577' title='bbox 1663 1089 1716 1113; x_wconf 92' lang='lat' dir='ltr'>ros</span> <span class='ocrx_word' id='word_1_578' title='bbox 1746 1089 1838 1113; x_wconf 90' lang='lat' dir='ltr'>mane</span> <span class='ocrx_word' id='word_1_579' title='bbox 1863 1080 2077 1122; x_wconf 88' lang='lat' dir='ltr'>pertransiens</span> <span class='ocrx_word' id='word_1_580' title='bbox 2093 1093 2124 1111; x_wconf 69' lang='lat' dir='ltr'>n.</span> <span class='ocrx_word' id='word_1_581' title='bbox 2150 1080 2195 1113; x_wconf 90' lang='lat' dir='ltr'>De</span> <span class='ocrx_word' id='word_1_582' title='bbox 2218 1080 2278 1113; x_wconf 89' lang='lat' dir='ltr'>isto</span> 
     </span>
     <span class='ocr_line' id='line_1_75' title="bbox 1315 1133 2279 1174; baseline 0.001 -9"><span class='ocrx_word' id='word_1_583' title='bbox 1315 1136 1421 1165; x_wconf 88' lang='lat' dir='ltr'>autem</span> <span class='ocrx_word' id='word_1_584' title='bbox 1446 1136 1569 1174; x_wconf 88' lang='lat' dir='ltr'>poterat</span> <span class='ocrx_word' id='word_1_585' title='bbox 1593 1142 1668 1166; x_wconf 90' lang='lat' dir='ltr'>vere</span> <span class='ocrx_word' id='word_1_586' title='bbox 1690 1133 1751 1166; x_wconf 89' lang='lat' dir='ltr'>dici</span> <span class='ocrx_word' id='word_1_587' title='bbox 1774 1133 1853 1166; x_wconf 89' lang='lat' dir='ltr'>illud</span> <span class='ocrx_word' id='word_1_588' title='bbox 1870 1133 1998 1166; x_wconf 86' lang='lat' dir='ltr'>Psalmi:</span> <span class='ocrx_word' id='word_1_589' title='bbox 2022 1146 2038 1161; x_wconf 83' lang='lat'>«</span> <span class='ocrx_word' id='word_1_590' title='bbox 2056 1134 2133 1166; x_wconf 87' lang='lat' dir='ltr'>Tota</span> <span class='ocrx_word' id='word_1_591' title='bbox 2156 1133 2206 1166; x_wconf 88' lang='lat' dir='ltr'>die</span> <span class='ocrx_word' id='word_1_592' title='bbox 2223 1133 2279 1166; x_wconf 90' lang='lat' dir='ltr'>mi-</span> 
     </span>
     <span class='ocr_line' id='line_1_76' title="bbox 1315 1186 2279 1226; baseline 0.001 -8"><span class='ocrx_word' id='word_1_593' title='bbox 1315 1188 1440 1219; x_wconf 90' lang='lat' dir='ltr'>seretur</span> <span class='ocrx_word' id='word_1_594' title='bbox 1464 1190 1495 1219; x_wconf 87' lang='lat' dir='ltr'>et</span> <span class='ocrx_word' id='word_1_595' title='bbox 1519 1186 1713 1226; x_wconf 88' lang='lat' dir='ltr'>commodat,</span> <span class='ocrx_word' id='word_1_596' title='bbox 1730 1190 1762 1220; x_wconf 89' lang='lat' dir='ltr'>et</span> <span class='ocrx_word' id='word_1_597' title='bbox 1778 1196 1883 1219; x_wconf 89' lang='lat' dir='ltr'>semen</span> <span class='ocrx_word' id='word_1_598' title='bbox 1908 1186 1993 1219; x_wconf 88' lang='lat' dir='ltr'>illius</span> <span class='ocrx_word' id='word_1_599' title='bbox 2016 1186 2048 1219; x_wconf 89' lang='lat' dir='ltr'>in</span> <span class='ocrx_word' id='word_1_600' title='bbox 2064 1187 2279 1220; x_wconf 88' lang='lat' dir='ltr'>benedictione</span> 
     </span>
     <span class='ocr_line' id='line_1_77' title="bbox 1315 1239 2281 1282; baseline 0.001 -11"><span class='ocrx_word' id='word_1_601' title='bbox 1315 1239 1423 1278; x_wconf 78' lang='lat' dir='ltr'>erit»,</span> <span class='ocrx_word' id='word_1_602' title='bbox 1445 1243 1476 1272; x_wconf 88' lang='lat' dir='ltr'>et</span> <span class='ocrx_word' id='word_1_603' title='bbox 1492 1248 1584 1278; x_wconf 88' lang='lat' dir='ltr'>vere,</span> <span class='ocrx_word' id='word_1_604' title='bbox 1609 1240 1698 1282; x_wconf 89' lang='lat' dir='ltr'>quia,</span> <span class='ocrx_word' id='word_1_605' title='bbox 1724 1240 1898 1273; x_wconf 86' lang='lat' dir='ltr'>secundum</span> <span class='ocrx_word' id='word_1_606' title='bbox 1916 1239 2001 1282; x_wconf 90' lang='lat' dir='ltr'>quod</span> <span class='ocrx_word' id='word_1_607' title='bbox 2016 1239 2133 1272; x_wconf 89' lang='lat' dir='ltr'>dicitur</span> <span class='ocrx_word' id='word_1_608' title='bbox 2149 1240 2281 1272; x_wconf 88' lang='lat' dir='ltr'>Prover-</span> 
     </span>
     <span class='ocr_line' id='line_1_78' title="bbox 1315 1292 2280 1335; baseline 0 -10"><span class='ocrx_word' id='word_1_609' title='bbox 1315 1292 1442 1325; x_wconf 88' lang='lat' dir='ltr'>biorum</span> <span class='ocrx_word' id='word_1_610' title='bbox 1465 1292 1586 1326; x_wconf 88' lang='lat' dir='ltr'>decimo</span> <span class='ocrx_word' id='word_1_611' title='bbox 1610 1303 1710 1332; x_wconf 86' lang='lat' dir='ltr'>nono,</span> <span class='ocrx_word' id='word_1_612' title='bbox 1733 1293 1943 1326; x_wconf 84' lang='lat' dir='ltr'>«foeneratur</span> <span class='ocrx_word' id='word_1_613' title='bbox 1967 1293 2100 1326; x_wconf 91' lang='lat' dir='ltr'>Domino</span> <span class='ocrx_word' id='word_1_614' title='bbox 2116 1293 2170 1335; x_wconf 91' lang='lat' dir='ltr'>qui</span> <span class='ocrx_word' id='word_1_615' title='bbox 2187 1292 2280 1326; x_wconf 83' lang='lat' dir='ltr'>mise-</span> 
     </span>
     <span class='ocr_line' id='line_1_79' title="bbox 1316 1347 2280 1389; baseline 0 -10"><span class='ocrx_word' id='word_1_616' title='bbox 1316 1350 1407 1379; x_wconf 86' lang='lat' dir='ltr'>retur</span> <span class='ocrx_word' id='word_1_617' title='bbox 1431 1347 1598 1389; x_wconf 85' lang='lat' dir='ltr'>pauperis,</span> <span class='ocrx_word' id='word_1_618' title='bbox 1623 1351 1655 1380; x_wconf 89' lang='lat' dir='ltr'>et</span> <span class='ocrx_word' id='word_1_619' title='bbox 1685 1347 1932 1380; x_wconf 89' lang='lat' dir='ltr'>vicissitudinem</span> <span class='ocrx_word' id='word_1_620' title='bbox 1957 1355 2048 1380; x_wconf 87' lang='lat' dir='ltr'>suam</span> <span class='ocrx_word' id='word_1_621' title='bbox 2071 1347 2182 1380; x_wconf 89' lang='lat' dir='ltr'>reddet</span> <span class='ocrx_word' id='word_1_622' title='bbox 2204 1347 2232 1379; x_wconf 89' lang='lat' dir='ltr'>ei</span> <span class='ocrx_word' id='word_1_623' title='bbox 2249 1359 2280 1379; x_wconf 73' lang='lat' dir='ltr'>n.</span> 
     </span>
    </p>

    <p class='ocr_par' dir='ltr' id='par_1_34' title="bbox 1315 1395 2444 1657">
     <span class='ocr_line' id='line_1_80' title="bbox 1408 1395 2444 1454; baseline 0.001 -22"><span class='ocrx_word' id='word_1_624' title='bbox 1408 1401 1459 1432; x_wconf 89' lang='lat'>60.</span> <span class='ocrx_word' id='word_1_625' title='bbox 1485 1400 1586 1442; x_wconf 88' lang='lat' dir='ltr'>(Vers.</span> <span class='ocrx_word' id='word_1_626' title='bbox 1613 1400 1664 1434; x_wconf 87' lang='lat'>36.</span> <span class='ocrx_word' id='word_1_627' title='bbox 1691 1400 1768 1442; x_wconf 83' lang='lat'>37.).</span> <span class='ocrx_word' id='word_1_628' title='bbox 1807 1400 1889 1441; x_wconf 82' lang='lat' dir='ltr'>Quis</span> <span class='ocrx_word' id='word_1_629' title='bbox 1913 1399 2035 1433; x_wconf 77' lang='lat' dir='ltr'>horum</span> <span class='ocrx_word' id='word_1_630' title='bbox 2060 1395 2166 1433; x_wconf 86' lang='lat' dir='ltr'>trium</span> <span class='ocrx_word' id='word_1_631' title='bbox 2192 1400 2281 1433; x_wconf 87' lang='lat' dir='ltr'>vide·</span> <span class='ocrx_word' id='word_1_632' title='bbox 2300 1404 2444 1454; x_wconf 52' lang='lat' dir='ltr'>ffssbffffiiss</span> 
     </span>
     <span class='ocr_line' id='line_1_81' title="bbox 1317 1437 2420 1506; baseline 0.001 -20"><span class='ocrx_word' id='word_1_633' title='bbox 1317 1457 1375 1486; x_wconf 83' lang='lat' dir='ltr'>tur</span> <span class='ocrx_word' id='word_1_634' title='bbox 1397 1457 1456 1487; x_wconf 90' lang='lat' dir='ltr'>etc.</span> <span class='ocrx_word' id='word_1_635' title='bbox 1482 1454 1535 1487; x_wconf 87' lang='lat' dir='ltr'>Hic</span> <span class='ocrx_word' id='word_1_636' title='bbox 1559 1458 1675 1496; x_wconf 89' lang='lat' dir='ltr'>quarto</span> <span class='ocrx_word' id='word_1_637' title='bbox 1699 1455 1766 1488; x_wconf 91' lang='lat' dir='ltr'>loco</span> <span class='ocrx_word' id='word_1_638' title='bbox 1797 1454 2002 1497; x_wconf 89' lang='lat' dir='ltr'>subiungitur</span> <span class='ocrx_word' id='word_1_639' title='bbox 2026 1454 2181 1487; x_wconf 86' lang='lat' dir='ltr'>doctrina</span> <span class='ocrx_word' id='word_1_640' title='bbox 2203 1454 2280 1487; x_wconf 86' lang='lat' dir='ltr'>sub·</span> <span class='ocrx_word' id='word_1_641' title='bbox 2320 1437 2420 1506; x_wconf 51' lang='lat' dir='ltr'>digffiffr</span> 
     </span>
     <span class='ocr_line' id='line_1_82' title="bbox 1315 1508 2282 1551; baseline 0.001 -12"><span class='ocrx_word' id='word_1_642' title='bbox 1315 1516 1453 1551; x_wconf 78' lang='lat' dir='ltr'>sequens</span> <span class='ocrx_word' id='word_1_643' title='bbox 1468 1517 1508 1540; x_wconf 74' lang='lat' dir='ltr'>ex</span> <span class='ocrx_word' id='word_1_644' title='bbox 1531 1508 1714 1550; x_wconf 87' lang='lat' dir='ltr'>parabola,</span> <span class='ocrx_word' id='word_1_645' title='bbox 1731 1511 1763 1541; x_wconf 92' lang='lat' dir='ltr'>et</span> <span class='ocrx_word' id='word_1_646' title='bbox 1779 1508 1838 1541; x_wconf 89' lang='lat' dir='ltr'>hoc</span> <span class='ocrx_word' id='word_1_647' title='bbox 1854 1511 2009 1550; x_wconf 87' lang='lat' dir='ltr'>quantum</span> <span class='ocrx_word' id='word_1_648' title='bbox 2026 1508 2064 1540; x_wconf 88' lang='lat' dir='ltr'>ad</span> <span class='ocrx_word' id='word_1_649' title='bbox 2080 1508 2158 1541; x_wconf 92' lang='lat' dir='ltr'>duo:</span> <span class='ocrx_word' id='word_1_650' title='bbox 2179 1508 2282 1550; x_wconf 92' lang='lat' dir='ltr'>primo</span> 
     </span>
     <span class='ocr_line' id='line_1_83' title="bbox 1317 1561 2282 1602; baseline 0.001 -9"><span class='ocrx_word' id='word_1_651' title='bbox 1317 1563 1471 1602; x_wconf 83' lang='lat' dir='ltr'>quantum</span> <span class='ocrx_word' id='word_1_652' title='bbox 1496 1561 1534 1593; x_wconf 86' lang='lat' dir='ltr'>ad</span> <span class='ocrx_word' id='word_1_653' title='bbox 1559 1561 1778 1594; x_wconf 84' lang='lat' dir='ltr'>eruditionem</span> <span class='ocrx_word' id='word_1_654' title='bbox 1802 1561 1999 1601; x_wconf 84' lang='lat' dir='ltr'>intellectus,</span> <span class='ocrx_word' id='word_1_655' title='bbox 2033 1561 2171 1594; x_wconf 88' lang='lat' dir='ltr'>secundo</span> <span class='ocrx_word' id='word_1_656' title='bbox 2205 1570 2282 1595; x_wconf 90' lang='lat' dir='ltr'>vero</span> 
     </span>
     <span class='ocr_line' id='line_1_84' title="bbox 1317 1613 1991 1657; baseline 0.001 -11"><span class='ocrx_word' id='word_1_657' title='bbox 1317 1617 1472 1655; x_wconf 89' lang='lat' dir='ltr'>quantum</span> <span class='ocrx_word' id='word_1_658' title='bbox 1497 1614 1535 1646; x_wconf 87' lang='lat' dir='ltr'>ad</span> <span class='ocrx_word' id='word_1_659' title='bbox 1559 1613 1819 1647; x_wconf 73' lang='lat' dir='ltr'>exhortationem</span> <span class='ocrx_word' id='word_1_660' title='bbox 1844 1613 1991 1657; x_wconf 79' lang='lat' dir='ltr'>affectus.</span> 
     </span>
    </p>

    <p class='ocr_par' dir='ltr' id='par_1_35' title="bbox 1317 1667 2438 2511">
     <span class='ocr_line' id='line_1_85' title="bbox 1408 1667 2438 1719; baseline 0.001 -19"><span class='ocrx_word' id='word_1_661' title='bbox 1408 1667 1511 1700; x_wconf 90' lang='lat' dir='ltr'>Primo</span> <span class='ocrx_word' id='word_1_662' title='bbox 1535 1667 1632 1710; x_wconf 88' lang='lat' dir='ltr'>igitur</span> <span class='ocrx_word' id='word_1_663' title='bbox 1656 1672 1812 1710; x_wconf 87' lang='lat' dir='ltr'>quantum</span> <span class='ocrx_word' id='word_1_664' title='bbox 1836 1667 1875 1700; x_wconf 91' lang='lat' dir='ltr'>ad</span> <span class='ocrx_word' id='word_1_665' title='bbox 1906 1668 2127 1702; x_wconf 83' lang='lat' dir='ltr'>eruditionem</span> <span class='ocrx_word' id='word_1_666' title='bbox 2162 1668 2282 1701; x_wconf 84' lang='lat' dir='ltr'>intelle·</span> <span class='ocrx_word' id='word_1_667' title='bbox 2296 1671 2438 1719; x_wconf 45' lang='lat'>*32332‘2‘23*</span> 
     </span>
     <span class='ocr_line' id='line_1_86' title="bbox 1318 1719 2434 1764; baseline 0 -11"><span class='ocrx_word' id='word_1_668' title='bbox 1318 1724 1390 1753; x_wconf 83' lang='lat' dir='ltr'>ctus</span> <span class='ocrx_word' id='word_1_669' title='bbox 1413 1721 1544 1754; x_wconf 89' lang='lat' dir='ltr'>dicitur:</span> <span class='ocrx_word' id='word_1_670' title='bbox 1571 1721 1655 1762; x_wconf 86' lang='lat' dir='ltr'>Quis</span> <span class='ocrx_word' id='word_1_671' title='bbox 1678 1719 1799 1753; x_wconf 77' lang='lat' dir='ltr'>horum</span> <span class='ocrx_word' id='word_1_672' title='bbox 1829 1721 1934 1753; x_wconf 86' lang='lat' dir='ltr'>trium</span> <span class='ocrx_word' id='word_1_673' title='bbox 1968 1721 2100 1754; x_wconf 84' lang='lat' dir='ltr'>videtur</span> <span class='ocrx_word' id='word_1_674' title='bbox 2124 1721 2184 1754; x_wconf 88' lang='lat' dir='ltr'>tibi</span> <span class='ocrx_word' id='word_1_675' title='bbox 2204 1731 2283 1764; x_wconf 86' lang='lat' dir='ltr'>pro-</span> <span class='ocrx_word' id='word_1_676' title='bbox 2301 1724 2372 1752; x_wconf 72' lang='lat' dir='ltr'>quoae</span> <span class='ocrx_word' id='word_1_677' title='bbox 2386 1725 2434 1746; x_wconf 78' lang='lat' dir='ltr'>tria.</span> 
     </span>
     <span class='ocr_line' id='line_1_87' title="bbox 1318 1773 2283 1818; baseline 0 -12"><span class='ocrx_word' id='word_1_678' title='bbox 1318 1774 1432 1806; x_wconf 74' lang='lat' dir='ltr'>:cimus</span> <span class='ocrx_word' id='word_1_679' title='bbox 1454 1773 1561 1816; x_wconf 78' lang='lat' dir='ltr'>fuisse</span> <span class='ocrx_word' id='word_1_680' title='bbox 1585 1774 1635 1806; x_wconf 86' lang='lat' dir='ltr'>itti</span> <span class='ocrx_word' id='word_1_681' title='bbox 1668 1774 1727 1818; x_wconf 87' lang='lat' dir='ltr'>qui</span> <span class='ocrx_word' id='word_1_682' title='bbox 1758 1774 1874 1806; x_wconf 82' lang='lat' dir='ltr'>incidit</span> <span class='ocrx_word' id='word_1_683' title='bbox 1898 1774 1933 1806; x_wconf 89' lang='lat' dir='ltr'>in</span> <span class='ocrx_word' id='word_1_684' title='bbox 1958 1773 2126 1806; x_wconf 79' lang='lat' dir='ltr'>latrones?</span> <span class='ocrx_word' id='word_1_685' title='bbox 2151 1775 2212 1807; x_wconf 87' lang='lat' dir='ltr'>Hoc</span> <span class='ocrx_word' id='word_1_686' title='bbox 2243 1775 2283 1807; x_wconf 89' lang='lat' dir='ltr'>ab</span> 
     </span>
     <span class='ocr_line' id='line_1_88' title="bbox 1317 1827 2281 1870; baseline 0 -10"><span class='ocrx_word' id='word_1_687' title='bbox 1317 1836 1355 1860; x_wconf 91' lang='lat' dir='ltr'>eo</span> <span class='ocrx_word' id='word_1_688' title='bbox 1377 1827 1513 1870; x_wconf 85' lang='lat' dir='ltr'>quaerit,</span> <span class='ocrx_word' id='word_1_689' title='bbox 1537 1831 1573 1860; x_wconf 89' lang='lat' dir='ltr'>ut</span> <span class='ocrx_word' id='word_1_690' title='bbox 1597 1837 1638 1860; x_wconf 86' lang='lat' dir='ltr'>ex</span> <span class='ocrx_word' id='word_1_691' title='bbox 1655 1836 1710 1860; x_wconf 91' lang='lat' dir='ltr'>ore</span> <span class='ocrx_word' id='word_1_692' title='bbox 1726 1828 1795 1861; x_wconf 89' lang='lat' dir='ltr'>eius</span> <span class='ocrx_word' id='word_1_693' title='bbox 1818 1827 1921 1860; x_wconf 84' lang='lat' dir='ltr'>eliciat</span> <span class='ocrx_word' id='word_1_694' title='bbox 1945 1836 2053 1860; x_wconf 90' lang='lat' dir='ltr'>veram</span> <span class='ocrx_word' id='word_1_695' title='bbox 2077 1827 2281 1867; x_wconf 87' lang='lat' dir='ltr'>sententiam;</span> 
     </span>
     <span class='ocr_line' id='line_1_89' title="bbox 1318 1880 2286 1924; baseline 0 -10"><span class='ocrx_word' id='word_1_696' title='bbox 1318 1881 1402 1924; x_wconf 88' lang='lat' dir='ltr'>quod</span> <span class='ocrx_word' id='word_1_697' title='bbox 1426 1885 1458 1914; x_wconf 89' lang='lat' dir='ltr'>et</span> <span class='ocrx_word' id='word_1_698' title='bbox 1480 1881 1563 1914; x_wconf 81' lang='lat' dir='ltr'>fecit.</span> <span class='ocrx_word' id='word_1_699' title='bbox 1580 1900 1625 1905; x_wconf 88' lang='lat'><em>-</em></span> <span class='ocrx_word' id='word_1_700' title='bbox 1641 1881 1727 1914; x_wconf 89' lang='lat' dir='ltr'>Unde</span> <span class='ocrx_word' id='word_1_701' title='bbox 1750 1881 1914 1923; x_wconf 87' lang='lat' dir='ltr'>sequitur:</span> <span class='ocrx_word' id='word_1_702' title='bbox 1940 1882 1985 1914; x_wconf 90' lang='lat' dir='ltr'>At</span> <span class='ocrx_word' id='word_1_703' title='bbox 2006 1881 2059 1914; x_wconf 82' lang='lat' dir='ltr'>ille</span> <span class='ocrx_word' id='word_1_704' title='bbox 2082 1880 2191 1914; x_wconf 74' lang='lat' dir='ltr'>dixit:</span> <span class='ocrx_word' id='word_1_705' title='bbox 2218 1881 2286 1922; x_wconf 84' lang='lat' dir='ltr'>Qui</span> 
     </span>
     <span class='ocr_line' id='line_1_90' title="bbox 1317 1930 2407 1978; baseline 0.001 -11"><span class='ocrx_word' id='word_1_706' title='bbox 1317 1934 1393 1978; x_wconf 87' lang='lat' dir='ltr'>fecit</span> <span class='ocrx_word' id='word_1_707' title='bbox 1415 1930 1739 1967; x_wconf 64' lang='lat' dir='ltr'>misericordiam&#39;in</span> <span class='ocrx_word' id='word_1_708' title='bbox 1755 1934 1860 1967; x_wconf 82' lang='lat' dir='ltr'>illum.</span> <span class='ocrx_word' id='word_1_709' title='bbox 1878 1934 1937 1967; x_wconf 87' lang='lat' dir='ltr'>Sed</span> <span class='ocrx_word' id='word_1_710' title='bbox 1954 1934 1998 1967; x_wconf 92' lang='lat' dir='ltr'>illi</span> <span class='ocrx_word' id='word_1_711' title='bbox 2014 1934 2078 1967; x_wconf 88' lang='lat' dir='ltr'>duo</span> <span class='ocrx_word' id='word_1_712' title='bbox 2095 1938 2185 1968; x_wconf 90' lang='lat' dir='ltr'>erant</span> <span class='ocrx_word' id='word_1_713' title='bbox 2200 1934 2284 1968; x_wconf 87' lang='lat' dir='ltr'>eius-</span> <span class='ocrx_word' id='word_1_714' title='bbox 2303 1937 2407 1959; x_wconf 71' lang='lat' dir='ltr'>Primum·</span> 
     </span>
     <span class='ocr_line' id='line_1_91' title="bbox 1317 1988 2284 2031; baseline 0.001 -11"><span class='ocrx_word' id='word_1_715' title='bbox 1317 1988 1388 2021; x_wconf 91' lang='lat' dir='ltr'>dem</span> <span class='ocrx_word' id='word_1_716' title='bbox 1412 1988 1531 2030; x_wconf 86' lang='lat' dir='ltr'>gentis,</span> <span class='ocrx_word' id='word_1_717' title='bbox 1556 1988 1614 2021; x_wconf 88' lang='lat' dir='ltr'>iste</span> <span class='ocrx_word' id='word_1_718' title='bbox 1649 1988 1840 2030; x_wconf 84' lang='lat' dir='ltr'>alienigena;</span> <span class='ocrx_word' id='word_1_719' title='bbox 1873 1997 1949 2031; x_wconf 84' lang='lat' dir='ltr'>ergo</span> <span class='ocrx_word' id='word_1_720' title='bbox 1981 1988 2135 2030; x_wconf 72' lang='lat' dir='ltr'>proximi</span> <span class='ocrx_word' id='word_1_721' title='bbox 2168 1997 2284 2021; x_wconf 90' lang='lat' dir='ltr'>nomen</span> 
     </span>
     <span class='ocr_line' id='line_1_92' title="bbox 1318 2040 2323 2083; baseline 0.001 -10"><span class='ocrx_word' id='word_1_722' title='bbox 1318 2050 1381 2079; x_wconf 85' lang='lat' dir='ltr'>non</span> <span class='ocrx_word' id='word_1_723' title='bbox 1405 2041 1508 2074; x_wconf 90' lang='lat' dir='ltr'>solum</span> <span class='ocrx_word' id='word_1_724' title='bbox 1543 2040 1728 2073; x_wconf 88' lang='lat' dir='ltr'>extenditur</span> <span class='ocrx_word' id='word_1_725' title='bbox 1751 2041 1791 2073; x_wconf 89' lang='lat' dir='ltr'>ad</span> <span class='ocrx_word' id='word_1_726' title='bbox 1814 2041 2027 2083; x_wconf 88' lang='lat' dir='ltr'>propinquos,</span> <span class='ocrx_word' id='word_1_727' title='bbox 2054 2050 2165 2074; x_wconf 89' lang='lat' dir='ltr'>verum</span> <span class='ocrx_word' id='word_1_728' title='bbox 2188 2041 2282 2075; x_wconf 84' lang='lat' dir='ltr'>etiam</span> <span class='ocrx_word' id='word_1_729' title='bbox 2320 2081 2323 2082; x_wconf 19' lang='lat'><em>⁷</em></span> 
     </span>
     <span class='ocr_line' id='line_1_93' title="bbox 1318 2093 2284 2137; baseline 0.001 -11"><span class='ocrx_word' id='word_1_730' title='bbox 1318 2094 1357 2127; x_wconf 90' lang='lat' dir='ltr'>ad</span> <span class='ocrx_word' id='word_1_731' title='bbox 1381 2097 1560 2127; x_wconf 87' lang='lat' dir='ltr'>extraneos.</span> <span class='ocrx_word' id='word_1_732' title='bbox 1586 2094 1672 2127; x_wconf 89' lang='lat' dir='ltr'>Unde</span> <span class='ocrx_word' id='word_1_733' title='bbox 1704 2093 1831 2126; x_wconf 76' lang='lat' dir='ltr'>Beda⁹:</span> <span class='ocrx_word' id='word_1_734' title='bbox 1861 2107 1877 2122; x_wconf 77' lang='grc' dir='ltr'><strong>α</strong></span> <span class='ocrx_word' id='word_1_735' title='bbox 1894 2094 1986 2127; x_wconf 89' lang='lat' dir='ltr'>quta</span> <span class='ocrx_word' id='word_1_736' title='bbox 2017 2095 2153 2127; x_wconf 85' lang='lat' dir='ltr'>litteram</span> <span class='ocrx_word' id='word_1_737' title='bbox 2183 2098 2284 2137; x_wconf 86' lang='lat' dir='ltr'>patet,</span> 
     </span>
     <span class='ocr_line' id='line_1_94' title="bbox 1318 2147 2286 2190; baseline 0 -10"><span class='ocrx_word' id='word_1_738' title='bbox 1318 2147 1404 2190; x_wconf 87' lang='lat' dir='ltr'>quod</span> <span class='ocrx_word' id='word_1_739' title='bbox 1426 2147 1601 2189; x_wconf 87' lang='lat' dir='ltr'>alienigena.</span> <span class='ocrx_word' id='word_1_740' title='bbox 1623 2147 1872 2189; x_wconf 79' lang='lat' dir='ltr'>ierosolymitae,</span> <span class='ocrx_word' id='word_1_741' title='bbox 1889 2147 1940 2180; x_wconf 91' lang='lat' dir='ltr'>cui</span> <span class='ocrx_word' id='word_1_742' title='bbox 1964 2147 2212 2180; x_wconf 83' lang='lat' dir='ltr'>misericordiam</span> <span class='ocrx_word' id='word_1_743' title='bbox 2227 2147 2286 2180; x_wconf 89' lang='lat' dir='ltr'>im-</span> 
     </span>
     <span class='ocr_line' id='line_1_95' title="bbox 1318 2200 2285 2243; baseline 0 -10"><span class='ocrx_word' id='word_1_744' title='bbox 1318 2200 1443 2243; x_wconf 89' lang='lat' dir='ltr'>pendit,</span> <span class='ocrx_word' id='word_1_745' title='bbox 1468 2200 1645 2242; x_wconf 89' lang='lat' dir='ltr'>proximior</span> <span class='ocrx_word' id='word_1_746' title='bbox 1668 2200 1729 2233; x_wconf 85' lang='lat' dir='ltr'>fuit</span> <span class='ocrx_word' id='word_1_747' title='bbox 1753 2209 1848 2243; x_wconf 89' lang='lat' dir='ltr'>quam</span> <span class='ocrx_word' id='word_1_748' title='bbox 1872 2201 2018 2234; x_wconf 84' lang='lat' dir='ltr'>sacerdos</span> <span class='ocrx_word' id='word_1_749' title='bbox 2041 2204 2072 2233; x_wconf 91' lang='lat' dir='ltr'>et</span> <span class='ocrx_word' id='word_1_750' title='bbox 2096 2201 2190 2234; x_wconf 89' lang='lat' dir='ltr'>levita</span> <span class='ocrx_word' id='word_1_751' title='bbox 2210 2209 2285 2243; x_wconf 86' lang='lat' dir='ltr'>gen-</span> 
     </span>
     <span class='ocr_line' id='line_1_96' title="bbox 1319 2254 2432 2297; baseline 0.001 -10"><span class='ocrx_word' id='word_1_752' title='bbox 1319 2254 1360 2287; x_wconf 91' lang='lat' dir='ltr'>tis</span> <span class='ocrx_word' id='word_1_753' title='bbox 1382 2254 1522 2287; x_wconf 89' lang='lat' dir='ltr'>eiusdem</span> <span class='ocrx_word' id='word_1_754' title='bbox 1541 2267 1571 2286; x_wconf 79' lang='grc'>».</span> <span class='ocrx_word' id='word_1_755' title='bbox 1597 2255 1684 2287; x_wconf 89' lang='lat' dir='ltr'>Patet</span> <span class='ocrx_word' id='word_1_756' title='bbox 1707 2254 1819 2293; x_wconf 83' lang='lat' dir='ltr'>etiam,</span> <span class='ocrx_word' id='word_1_757' title='bbox 1843 2254 1928 2297; x_wconf 91' lang='lat' dir='ltr'>quod</span> <span class='ocrx_word' id='word_1_758' title='bbox 1955 2254 2162 2296; x_wconf 75' lang='lat' dir='ltr'>proximitas</span> <span class='ocrx_word' id='word_1_759' title='bbox 2185 2254 2284 2297; x_wconf 87' lang='lat' dir='ltr'>magis</span> <span class='ocrx_word' id='word_1_760' title='bbox 2303 2261 2432 2284; x_wconf 76' lang='lat' dir='ltr'>secundum-</span> 
     </span>
     <span class='ocr_line' id='line_1_97' title="bbox 1319 2307 2285 2350; baseline 0 -10"><span class='ocrx_word' id='word_1_761' title='bbox 1319 2307 1493 2341; x_wconf 88' lang='lat' dir='ltr'>attenditur</span> <span class='ocrx_word' id='word_1_762' title='bbox 1517 2316 1613 2350; x_wconf 89' lang='lat' dir='ltr'>penes</span> <span class='ocrx_word' id='word_1_763' title='bbox 1644 2308 1821 2341; x_wconf 83' lang='lat' dir='ltr'>naturalem</span> <span class='ocrx_word' id='word_1_764' title='bbox 1856 2307 2054 2341; x_wconf 88' lang='lat' dir='ltr'>dilectionem</span> <span class='ocrx_word' id='word_1_765' title='bbox 2087 2311 2118 2341; x_wconf 91' lang='lat' dir='ltr'>et</span> <span class='ocrx_word' id='word_1_766' title='bbox 2141 2317 2285 2350; x_wconf 88' lang='lat' dir='ltr'>compas-</span> 
     </span>
     <span class='ocr_line' id='line_1_98' title="bbox 1320 2361 2285 2404; baseline 0.001 -10"><span class='ocrx_word' id='word_1_767' title='bbox 1320 2362 1439 2395; x_wconf 89' lang='lat' dir='ltr'>sionem</span> <span class='ocrx_word' id='word_1_768' title='bbox 1463 2370 1559 2404; x_wconf 89' lang='lat' dir='ltr'>quam</span> <span class='ocrx_word' id='word_1_769' title='bbox 1576 2370 1672 2403; x_wconf 89' lang='lat' dir='ltr'>penes</span> <span class='ocrx_word' id='word_1_770' title='bbox 1689 2362 1845 2394; x_wconf 85' lang='lat' dir='ltr'>carnalem</span> <span class='ocrx_word' id='word_1_771' title='bbox 1863 2361 2090 2404; x_wconf 82' lang='lat' dir='ltr'>cognationem.</span> <span class='ocrx_word' id='word_1_772' title='bbox 2108 2361 2194 2395; x_wconf 91' lang='lat' dir='ltr'>Unde</span> <span class='ocrx_word' id='word_1_773' title='bbox 2214 2363 2285 2395; x_wconf 83' lang='lat' dir='ltr'>Am-</span> 
     </span>
     <span class='ocr_line' id='line_1_99' title="bbox 1319 2415 2285 2457; baseline 0 -9"><span class='ocrx_word' id='word_1_774' title='bbox 1319 2415 1446 2448; x_wconf 89' lang='lat' dir='ltr'>brosius</span> <span class='ocrx_word' id='word_1_775' title='bbox 1460 2415 1502 2447; x_wconf 89' lang='lat'>¹⁰:</span> <span class='ocrx_word' id='word_1_776' title='bbox 1533 2428 1549 2444; x_wconf 81' lang='lat'>«</span> <span class='ocrx_word' id='word_1_777' title='bbox 1564 2415 1714 2457; x_wconf 85' lang='lat' dir='ltr'>Cognatio</span> <span class='ocrx_word' id='word_1_778' title='bbox 1737 2424 1800 2448; x_wconf 91' lang='lat' dir='ltr'>non</span> <span class='ocrx_word' id='word_1_779' title='bbox 1824 2415 1897 2448; x_wconf 81' lang='lat' dir='ltr'>facit</span> <span class='ocrx_word' id='word_1_780' title='bbox 1920 2415 2119 2457; x_wconf 85' lang='lat' dir='ltr'>proximum,</span> <span class='ocrx_word' id='word_1_781' title='bbox 2149 2415 2203 2448; x_wconf 89' lang='lat' dir='ltr'>sed</span> <span class='ocrx_word' id='word_1_782' title='bbox 2226 2416 2285 2448; x_wconf 92' lang='lat' dir='ltr'>mi-</span> 
     </span>
     <span class='ocr_line' id='line_1_100' title="bbox 1319 2468 2283 2511; baseline 0.001 -10"><span class='ocrx_word' id='word_1_783' title='bbox 1319 2468 1508 2508; x_wconf 88' lang='lat' dir='ltr'>sericordia,</span> <span class='ocrx_word' id='word_1_784' title='bbox 1532 2477 1614 2511; x_wconf 88' lang='lat' dir='ltr'>quae</span> <span class='ocrx_word' id='word_1_785' title='bbox 1638 2468 1854 2501; x_wconf 88' lang='lat' dir='ltr'>misericordia</span> <span class='ocrx_word' id='word_1_786' title='bbox 1870 2468 2044 2501; x_wconf 89' lang='lat' dir='ltr'>secundum</span> <span class='ocrx_word' id='word_1_787' title='bbox 2062 2472 2210 2502; x_wconf 87' lang='lat' dir='ltr'>naturam</span> <span class='ocrx_word' id='word_1_788' title='bbox 2226 2471 2283 2502; x_wconf 90' lang='lat' dir='ltr'>est.</span> 
     </span>
    </p>

    <p class='ocr_par' dir='ltr' id='par_1_36' title="bbox 1320 2521 2433 2830">
     <span class='ocr_line' id='line_1_101' title="bbox 1320 2521 2285 2565; baseline 0.001 -11"><span class='ocrx_word' id='word_1_789' title='bbox 1320 2521 1402 2554; x_wconf 88' lang='lat' dir='ltr'>Nihil</span> <span class='ocrx_word' id='word_1_790' title='bbox 1425 2521 1509 2554; x_wconf 89' lang='lat' dir='ltr'>enim</span> <span class='ocrx_word' id='word_1_791' title='bbox 1533 2525 1597 2554; x_wconf 89' lang='lat' dir='ltr'>tam</span> <span class='ocrx_word' id='word_1_792' title='bbox 1629 2522 1804 2555; x_wconf 90' lang='lat' dir='ltr'>secundum</span> <span class='ocrx_word' id='word_1_793' title='bbox 1828 2525 1976 2555; x_wconf 87' lang='lat' dir='ltr'>naturam</span> <span class='ocrx_word' id='word_1_794' title='bbox 2001 2526 2049 2556; x_wconf 89' lang='lat' dir='ltr'>est</span> <span class='ocrx_word' id='word_1_795' title='bbox 2072 2531 2168 2565; x_wconf 88' lang='lat' dir='ltr'>quam</span> <span class='ocrx_word' id='word_1_796' title='bbox 2192 2525 2285 2555; x_wconf 88' lang='lat' dir='ltr'>natu-</span> 
     </span>
     <span class='ocr_line' id='line_1_102' title="bbox 1320 2575 2409 2618; baseline 0.001 -10"><span class='ocrx_word' id='word_1_797' title='bbox 1320 2584 1375 2608; x_wconf 88' lang='lat' dir='ltr'>rae</span> <span class='ocrx_word' id='word_1_798' title='bbox 1398 2575 1509 2608; x_wconf 88' lang='lat' dir='ltr'>iuvare</span> <span class='ocrx_word' id='word_1_799' title='bbox 1533 2578 1711 2608; x_wconf 90' lang='lat' dir='ltr'>consortem</span> <span class='ocrx_word' id='word_1_800' title='bbox 1727 2588 1758 2607; x_wconf 67' lang='lat'>22.</span> <span class='ocrx_word' id='word_1_801' title='bbox 1796 2576 1881 2609; x_wconf 86' lang='lat' dir='ltr'>Patet</span> <span class='ocrx_word' id='word_1_802' title='bbox 1904 2577 1998 2609; x_wconf 88' lang='lat' dir='ltr'>etiam</span> <span class='ocrx_word' id='word_1_803' title='bbox 2022 2585 2064 2609; x_wconf 84' lang='lat' dir='ltr'>ex</span> <span class='ocrx_word' id='word_1_804' title='bbox 2089 2576 2167 2615; x_wconf 88' lang='lat' dir='ltr'>hoc,</span> <span class='ocrx_word' id='word_1_805' title='bbox 2200 2576 2284 2618; x_wconf 89' lang='lat' dir='ltr'>quod</span> <span class='ocrx_word' id='word_1_806' title='bbox 2303 2581 2409 2604; x_wconf 73' lang='lat' dir='ltr'>Tertium·</span> 
     </span>
     <span class='ocr_line' id='line_1_103' title="bbox 1327 2628 2284 2671; baseline 0 -10"><span class='ocrx_word' id='word_1_807' title='bbox 1327 2628 1484 2661; x_wconf 87' lang='lat' dir='ltr'>«nomine</span> <span class='ocrx_word' id='word_1_808' title='bbox 1516 2629 1668 2671; x_wconf 77' lang='lat' dir='ltr'>proximi</span> <span class='ocrx_word' id='word_1_809' title='bbox 1695 2628 1882 2671; x_wconf 86' lang='lat' dir='ltr'>intelligitur</span> <span class='ocrx_word' id='word_1_810' title='bbox 1917 2629 2036 2668; x_wconf 89' lang='lat' dir='ltr'>omnis,</span> <span class='ocrx_word' id='word_1_811' title='bbox 2071 2629 2126 2671; x_wconf 91' lang='lat' dir='ltr'>qui</span> <span class='ocrx_word' id='word_1_812' title='bbox 2161 2629 2284 2662; x_wconf 88' lang='lat' dir='ltr'>miseri-</span> 
     </span>
     <span class='ocr_line' id='line_1_104' title="bbox 1321 2681 2284 2725; baseline 0 -11"><span class='ocrx_word' id='word_1_813' title='bbox 1321 2682 1428 2714; x_wconf 89' lang='lat' dir='ltr'>cordia</span> <span class='ocrx_word' id='word_1_814' title='bbox 1451 2682 1579 2724; x_wconf 86' lang='lat' dir='ltr'>indiget,</span> <span class='ocrx_word' id='word_1_815' title='bbox 1596 2682 1645 2715; x_wconf 90' lang='lat' dir='ltr'>vel</span> <span class='ocrx_word' id='word_1_816' title='bbox 1670 2682 1724 2725; x_wconf 89' lang='lat' dir='ltr'>qui</span> <span class='ocrx_word' id='word_1_817' title='bbox 1748 2682 1996 2715; x_wconf 85' lang='lat' dir='ltr'>misericordiam</span> <span class='ocrx_word' id='word_1_818' title='bbox 2018 2681 2199 2724; x_wconf 88' lang='lat' dir='ltr'>impendere</span> <span class='ocrx_word' id='word_1_819' title='bbox 2216 2685 2284 2724; x_wconf 91' lang='lat' dir='ltr'>pot-</span> 
     </span>
     <span class='ocr_line' id='line_1_105' title="bbox 1322 2734 2433 2777; baseline 0 -10"><span class='ocrx_word' id='word_1_820' title='bbox 1322 2737 1369 2767; x_wconf 90' lang='lat' dir='ltr'>est</span> <span class='ocrx_word' id='word_1_821' title='bbox 1382 2748 1413 2773; x_wconf 75' lang='lat'>»,</span> <span class='ocrx_word' id='word_1_822' title='bbox 1430 2737 1461 2767; x_wconf 90' lang='lat' dir='ltr'>et</span> <span class='ocrx_word' id='word_1_823' title='bbox 1475 2743 1530 2777; x_wconf 91' lang='lat' dir='ltr'>per</span> <span class='ocrx_word' id='word_1_824' title='bbox 1549 2735 1608 2768; x_wconf 88' lang='lat' dir='ltr'>hoc</span> <span class='ocrx_word' id='word_1_825' title='bbox 1630 2748 1646 2763; x_wconf 92' lang='lat'><strong><em>«</em></strong></span> <span class='ocrx_word' id='word_1_826' title='bbox 1659 2734 1761 2768; x_wconf 91' lang='lat' dir='ltr'>omnis</span> <span class='ocrx_word' id='word_1_827' title='bbox 1777 2735 1906 2768; x_wconf 85' lang='lat' dir='ltr'>homo¹¹</span> <span class='ocrx_word' id='word_1_828' title='bbox 1920 2748 1951 2767; x_wconf 86' lang='lat'>».</span> <span class='ocrx_word' id='word_1_829' title='bbox 1969 2735 2006 2767; x_wconf 86' lang='lat' dir='ltr'>Et</span> <span class='ocrx_word' id='word_1_830' title='bbox 2022 2734 2065 2767; x_wconf 90' lang='lat' dir='ltr'>ita</span> <span class='ocrx_word' id='word_1_831' title='bbox 2088 2734 2285 2767; x_wconf 86' lang='lat' dir='ltr'>illuminatus</span> <span class='ocrx_word' id='word_1_832' title='bbox 2303 2741 2433 2764; x_wconf 73' lang='lat' dir='ltr'>Notandum·</span> 
     </span>
     <span class='ocr_line' id='line_1_106' title="bbox 1322 2787 2284 2830; baseline 0 -10"><span class='ocrx_word' id='word_1_833' title='bbox 1322 2790 1370 2820; x_wconf 90' lang='lat' dir='ltr'>est</span> <span class='ocrx_word' id='word_1_834' title='bbox 1392 2788 1571 2821; x_wconf 88' lang='lat' dir='ltr'>intellectus</span> <span class='ocrx_word' id='word_1_835' title='bbox 1603 2788 1773 2830; x_wconf 86' lang='lat' dir='ltr'>legisperiti</span> <span class='ocrx_word' id='word_1_836' title='bbox 1805 2787 1941 2820; x_wconf 89' lang='lat' dir='ltr'>mirabili</span> <span class='ocrx_word' id='word_1_837' title='bbox 1966 2787 2220 2821; x_wconf 86' lang='lat' dir='ltr'>manuductione.</span> <span class='ocrx_word' id='word_1_838' title='bbox 2253 2788 2284 2820; x_wconf 93' lang='lat' dir='ltr'>Si</span> 
     </span>
    </p>
   </div>
   <div class='ocr_carea' id='block_1_6' title="bbox 1317 3012 2282 3445">
    <p class='ocr_par' dir='ltr' id='par_1_37' title="bbox 1389 3012 1630 3040">
     <span class='ocr_line' id='line_1_107' title="bbox 1389 3012 1630 3040; baseline 0 -1"><span class='ocrx_word' id='word_1_839' title='bbox 1389 3012 1399 3027; x_wconf 87' lang='lat'><em>⁷</em></span> <span class='ocrx_word' id='word_1_840' title='bbox 1420 3014 1495 3039; x_wconf 87' lang='lat' dir='ltr'>Vcrs.</span> <span class='ocrx_word' id='word_1_841' title='bbox 1516 3015 1541 3039; x_wconf 84' lang='grc'>8.</span> <span class='ocrx_word' id='word_1_842' title='bbox 1560 3017 1586 3040; x_wconf 86' lang='lat' dir='ltr'>et</span> <span class='ocrx_word' id='word_1_843' title='bbox 1606 3014 1630 3039; x_wconf 85' lang='lat'>9.</span> 
     </span>
    </p>

    <p class='ocr_par' dir='ltr' id='par_1_38' title="bbox 1319 3057 2282 3135">
     <span class='ocr_line' id='line_1_108' title="bbox 1390 3057 2282 3091; baseline 0 -8"><span class='ocrx_word' id='word_1_844' title='bbox 1390 3057 1400 3072; x_wconf 84' lang='lat'>⁸</span> <span class='ocrx_word' id='word_1_845' title='bbox 1420 3059 1493 3085; x_wconf 86' lang='lat' dir='ltr'>Vers.</span> <span class='ocrx_word' id='word_1_846' title='bbox 1514 3058 1542 3084; x_wconf 66' lang='lat' dir='ltr'>ai.</span> <span class='ocrx_word' id='word_1_847' title='bbox 1556 3072 1593 3078; x_wconf 90' lang='lat'>--</span> <span class='ocrx_word' id='word_1_848' title='bbox 1611 3059 1668 3084; x_wconf 89' lang='lat' dir='ltr'>Duo</span> <span class='ocrx_word' id='word_1_849' title='bbox 1688 3065 1761 3091; x_wconf 81' lang='lat' dir='ltr'>seqq.</span> <span class='ocrx_word' id='word_1_850' title='bbox 1781 3058 1831 3083; x_wconf 91' lang='lat' dir='ltr'>loci</span> <span class='ocrx_word' id='word_1_851' title='bbox 1859 3060 1919 3083; x_wconf 87' lang='lat' dir='ltr'>sunt</span> <span class='ocrx_word' id='word_1_852' title='bbox 1945 3058 1985 3083; x_wconf 70' lang='grc' dir='ltr'>ΡΞ.</span> <span class='ocrx_word' id='word_1_853' title='bbox 2011 3058 2059 3090; x_wconf 82' lang='lat'>36,</span> <span class='ocrx_word' id='word_1_854' title='bbox 2087 3058 2128 3083; x_wconf 81' lang='lat'>26.</span> <span class='ocrx_word' id='word_1_855' title='bbox 2158 3060 2183 3083; x_wconf 87' lang='lat' dir='ltr'>et</span> <span class='ocrx_word' id='word_1_856' title='bbox 2201 3058 2282 3083; x_wconf 87' lang='lat' dir='ltr'>Prov.</span> 
     </span>
     <span class='ocr_line' id='line_1_109' title="bbox 1319 3101 2116 3135; baseline -0.001 -7"><span class='ocrx_word' id='word_1_857' title='bbox 1319 3103 1365 3135; x_wconf 75' lang='grc'>49,</span> <span class='ocrx_word' id='word_1_858' title='bbox 1387 3102 1427 3128; x_wconf 73' lang='grc'>17.</span> <span class='ocrx_word' id='word_1_859' title='bbox 1445 3116 1482 3122; x_wconf 93' lang='grc'>--</span> <span class='ocrx_word' id='word_1_860' title='bbox 1501 3103 1628 3135; x_wconf 82' lang='lat' dir='ltr'>Superius</span> <span class='ocrx_word' id='word_1_861' title='bbox 1647 3105 1707 3134; x_wconf 81' lang='lat' dir='ltr'>post</span> <span class='ocrx_word' id='word_1_862' title='bbox 1726 3108 1827 3135; x_wconf 71' lang='lat' dir='ltr'>maana</span> <span class='ocrx_word' id='word_1_863' title='bbox 1848 3102 1907 3127; x_wconf 86' lang='lat' dir='ltr'>Vat.</span> <span class='ocrx_word' id='word_1_864' title='bbox 1926 3101 1999 3127; x_wconf 85' lang='lat' dir='ltr'>addit</span> <span class='ocrx_word' id='word_1_865' title='bbox 2018 3103 2116 3128; x_wconf 81' lang='lat' dir='ltr'>tamen.</span> 
     </span>
    </p>

    <p class='ocr_par' dir='ltr' id='par_1_39' title="bbox 1317 3145 2282 3266">
     <span class='ocr_line' id='line_1_110' title="bbox 1389 3145 2282 3179; baseline -0.002 -7"><span class='ocrx_word' id='word_1_866' title='bbox 1389 3145 1400 3160; x_wconf 82' lang='lat'><strong>⁰</strong></span> <span class='ocrx_word' id='word_1_867' title='bbox 1420 3147 1488 3172; x_wconf 86' lang='lat' dir='ltr'>Libr.</span> <span class='ocrx_word' id='word_1_868' title='bbox 1509 3148 1545 3173; x_wconf 90' lang='grc' dir='ltr'>ΙΙΙ.</span> <span class='ocrx_word' id='word_1_869' title='bbox 1565 3147 1591 3173; x_wconf 90' lang='lat' dir='ltr'>in</span> <span class='ocrx_word' id='word_1_870' title='bbox 1610 3148 1671 3173; x_wconf 88' lang='lat' dir='ltr'>Luc.</span> <span class='ocrx_word' id='word_1_871' title='bbox 1694 3147 1741 3177; x_wconf 74' lang='lat' dir='ltr'>io,</span> <span class='ocrx_word' id='word_1_872' title='bbox 1761 3146 1803 3172; x_wconf 87' lang='grc'>36.</span> <span class='ocrx_word' id='word_1_873' title='bbox 1824 3153 1888 3179; x_wconf 65' lang='lat' dir='ltr'>seq„</span> <span class='ocrx_word' id='word_1_874' title='bbox 1909 3146 1954 3171; x_wconf 86' lang='lat' dir='ltr'>ubi</span> <span class='ocrx_word' id='word_1_875' title='bbox 1979 3146 2072 3172; x_wconf 86' lang='lat' dir='ltr'>eadem</span> <span class='ocrx_word' id='word_1_876' title='bbox 2092 3146 2235 3177; x_wconf 82' lang='lat' dir='ltr'>sententia,</span> <span class='ocrx_word' id='word_1_877' title='bbox 2255 3146 2282 3171; x_wconf 90' lang='lat' dir='ltr'>li-</span> 
     </span>
     <span class='ocr_line' id='line_1_111' title="bbox 1318 3189 2280 3223; baseline -0.001 -7"><span class='ocrx_word' id='word_1_878' title='bbox 1318 3193 1359 3216; x_wconf 88' lang='lat' dir='ltr'>cet</span> <span class='ocrx_word' id='word_1_879' title='bbox 1377 3191 1432 3216; x_wconf 85' lang='lat' dir='ltr'>aliis</span> <span class='ocrx_word' id='word_1_880' title='bbox 1451 3191 1556 3222; x_wconf 82' lang='lat' dir='ltr'>verbis,</span> <span class='ocrx_word' id='word_1_881' title='bbox 1575 3192 1721 3223; x_wconf 62' lang='lat' dir='ltr'>profertum</span> <span class='ocrx_word' id='word_1_882' title='bbox 1741 3189 1902 3216; x_wconf 79' lang='lat' dir='ltr'>verbotenus</span> <span class='ocrx_word' id='word_1_883' title='bbox 1929 3190 2062 3216; x_wconf 86' lang='lat' dir='ltr'>invenitur</span> <span class='ocrx_word' id='word_1_884' title='bbox 2082 3191 2107 3216; x_wconf 92' lang='lat' dir='ltr'>in</span> <span class='ocrx_word' id='word_1_885' title='bbox 2126 3191 2218 3216; x_wconf 87' lang='lat' dir='ltr'>Glossa</span> <span class='ocrx_word' id='word_1_886' title='bbox 2238 3196 2280 3216; x_wconf 82' lang='lat'><em>01·-</em></span> 
     </span>
     <span class='ocr_line' id='line_1_112' title="bbox 1317 3234 1685 3266; baseline -0.003 -5"><span class='ocrx_word' id='word_1_887' title='bbox 1317 3234 1427 3261; x_wconf 79' lang='lat' dir='ltr'>dinaria</span> <span class='ocrx_word' id='word_1_888' title='bbox 1446 3235 1470 3261; x_wconf 90' lang='lat' dir='ltr'>in</span> <span class='ocrx_word' id='word_1_889' title='bbox 1490 3236 1551 3262; x_wconf 89' lang='lat' dir='ltr'>Luc.</span> <span class='ocrx_word' id='word_1_890' title='bbox 1573 3235 1621 3266; x_wconf 72' lang='lat'>⁴0,</span> <span class='ocrx_word' id='word_1_891' title='bbox 1642 3235 1685 3261; x_wconf 85' lang='lat'>36.</span> 
     </span>
    </p>

    <p class='ocr_par' dir='ltr' id='par_1_40' title="bbox 1317 3278 2282 3358">
     <span class='ocr_line' id='line_1_113' title="bbox 1389 3278 2282 3314; baseline -0.001 -9"><span class='ocrx_word' id='word_1_892' title='bbox 1389 3278 1411 3294; x_wconf 88' lang='lat'>¹⁰</span> <span class='ocrx_word' id='word_1_893' title='bbox 1424 3279 1493 3306; x_wconf 84' lang='lat' dir='ltr'>Libr.</span> <span class='ocrx_word' id='word_1_894' title='bbox 1508 3280 1561 3305; x_wconf 82' lang='lat' dir='ltr'>Vll.</span> <span class='ocrx_word' id='word_1_895' title='bbox 1574 3279 1600 3305; x_wconf 86' lang='lat' dir='ltr'>in</span> <span class='ocrx_word' id='word_1_896' title='bbox 1612 3280 1675 3305; x_wconf 81' lang='lat' dir='ltr'>Luc.</span> <span class='ocrx_word' id='word_1_897' title='bbox 1688 3286 1714 3305; x_wconf 92' lang='lat' dir='ltr'>n.</span> <span class='ocrx_word' id='word_1_898' title='bbox 1727 3278 1776 3311; x_wconf 73' lang='lat'>84,</span> <span class='ocrx_word' id='word_1_899' title='bbox 1790 3279 1835 3305; x_wconf 88' lang='lat' dir='ltr'>ubi</span> <span class='ocrx_word' id='word_1_900' title='bbox 1849 3286 1897 3312; x_wconf 82' lang='lat' dir='ltr'>pro</span> <span class='ocrx_word' id='word_1_901' title='bbox 1911 3286 1980 3314; x_wconf 77' lang='lat' dir='ltr'>qaae</span> <span class='ocrx_word' id='word_1_902' title='bbox 1993 3278 2182 3306; x_wconf 80' lang='lat' dir='ltr'>misericordia</span> <span class='ocrx_word' id='word_1_903' title='bbox 2196 3282 2282 3305; x_wconf 86' lang='lat' dir='ltr'>textus</span> 
     </span>
     <span class='ocr_line' id='line_1_114' title="bbox 1317 3322 1751 3358; baseline 0 -9"><span class='ocrx_word' id='word_1_904' title='bbox 1317 3324 1452 3356; x_wconf 82' lang='lat' dir='ltr'>originalis</span> <span class='ocrx_word' id='word_1_905' title='bbox 1471 3323 1536 3358; x_wconf 77' lang='lat' dir='ltr'>quia</span> <span class='ocrx_word' id='word_1_906' title='bbox 1554 3322 1751 3350; x_wconf 67' lang='lat' dir='ltr'>misericordia.</span> 
     </span>
    </p>

    <p class='ocr_par' dir='ltr' id='par_1_41' title="bbox 1318 3367 2280 3445">
     <span class='ocr_line' id='line_1_115' title="bbox 1389 3367 2280 3399; baseline -0.001 -6"><span class='ocrx_word' id='word_1_907' title='bbox 1389 3367 1410 3382; x_wconf 88' lang='grc'>11</span> <span class='ocrx_word' id='word_1_908' title='bbox 1431 3367 1581 3394; x_wconf 88' lang='lat' dir='ltr'>Secundum</span> <span class='ocrx_word' id='word_1_909' title='bbox 1601 3368 1721 3399; x_wconf 67' lang='lat' dir='ltr'>August„</span> <span class='ocrx_word' id='word_1_910' title='bbox 1741 3368 1757 3393; x_wconf 90' lang='lat'>1.</span> <span class='ocrx_word' id='word_1_911' title='bbox 1783 3368 1817 3394; x_wconf 84' lang='lat' dir='ltr'>de</span> <span class='ocrx_word' id='word_1_912' title='bbox 1842 3368 1927 3394; x_wconf 83' lang='lat' dir='ltr'>Doctr.</span> <span class='ocrx_word' id='word_1_913' title='bbox 1953 3368 2041 3393; x_wconf 82' lang='lat' dir='ltr'>christ.</span> <span class='ocrx_word' id='word_1_914' title='bbox 2067 3374 2090 3394; x_wconf 92' lang='lat' dir='ltr'>c.</span> <span class='ocrx_word' id='word_1_915' title='bbox 2110 3368 2153 3393; x_wconf 81' lang='lat'>30.</span> <span class='ocrx_word' id='word_1_916' title='bbox 2182 3374 2208 3393; x_wconf 90' lang='lat' dir='ltr'>n.</span> <span class='ocrx_word' id='word_1_917' title='bbox 2237 3367 2280 3398; x_wconf 66' lang='lat'>31,</span> 
     </span>
     <span class='ocr_line' id='line_1_116' title="bbox 1318 3412 1843 3445; baseline 0 -7"><span class='ocrx_word' id='word_1_918' title='bbox 1318 3419 1388 3445; x_wconf 82' lang='lat' dir='ltr'>scq.;</span> <span class='ocrx_word' id='word_1_919' title='bbox 1408 3413 1454 3438; x_wconf 82' lang='lat' dir='ltr'>etr.</span> <span class='ocrx_word' id='word_1_920' title='bbox 1472 3419 1553 3444; x_wconf 88' lang='lat' dir='ltr'>supra</span> <span class='ocrx_word' id='word_1_921' title='bbox 1574 3419 1637 3444; x_wconf 81' lang='lat' dir='ltr'>pag.</span> <span class='ocrx_word' id='word_1_922' title='bbox 1657 3412 1719 3445; x_wconf 82' lang='lat'>269,</span> <span class='ocrx_word' id='word_1_923' title='bbox 1738 3415 1798 3439; x_wconf 82' lang='lat' dir='ltr'>nota</span> <span class='ocrx_word' id='word_1_924' title='bbox 1819 3413 1843 3438; x_wconf 77' lang='lat' dir='ltr'>t.</span> 
     </span>
    </p>
   </div>
  </div>
 </body>
</html>
