2476 3921
31 393 134 415 Primum.

40 1242 102 1264 Ratio
117 1242 136 1263 1.

40 1508 102 1530 natio
116 1509 137 1530 2.

11 1986 134 2010 Secundum.

749 239 943 272 COMMENT.
969 239 1006 271 ΙΝ
1030 237 1270 271 EVANGELlUM
1295 237 1412 270 LUCAE
1436 237 1468 269 C.
1494 238 1541 269 Xl.

248 332 297 364 19.
323 331 424 370 (Vers.
451 329 505 369 5.).
534 329 636 362 Primo
660 329 757 372 igitur
773 331 926 371 quantum
944 328 982 360 ad
999 337 1117 370 oppor-

155 384 330 417 tunitatem
349 383 572 426 postulantem
596 382 686 415 dicit:
713 382 796 423 Quis
819 385 966 414 vestrum
990 380 1118 413 habebit

155 438 303 470 amicum
327 441 386 470 etc.
412 437 465 469 Hic
490 437 606 478 legitur
629 436 885 478 interr-oquae&
911 435 964 467 sed
989 435 1117 467 Glossa¹

155 492 242 528 vult,
266 490 351 533 quod
375 491 498 532 legatur
522 489 713 522 remissive:
745 502 760 517 «
778 490 880 529 Quis,
905 489 965 521 hoc
989 492 1036 521 est
1060 488 1119 520 ati-

154 544 249 588 quis,
274 544 323 577 vel
347 544 379 575 st
401 543 476 587 quis
493 556 523 574 ».
549 543 611 575 Hoc
635 546 738 575 tamen
762 542 896 580 dicitur,
922 545 958 573 ut
974 541 1119 574 ostenda-

155 601 210 630 tur
233 596 299 630 veri
324 596 415 629 amici
442 595 637 637 pretiositas,
662 595 836 628 secundum
866 594 941 627 illud
969 594 1119 627 Ecclesia-

154 650 223 683 stici
247 650 381 682 sexto2:
412 662 427 677 (ι
445 649 548 681 Amico
572 648 656 681 fideli
680 648 767 680 nulla
790 651 838 680 est
861 647 1071 689 comparatio,
1089 650 1120 679 et

156 713 218 736 non
243 706 290 736 est
312 703 406 744 digna
430 701 614 744 ponderatio
637 701 706 733 auri
732 704 763 734 et
785 701 905 743 argenti
932 704 1041 733 contra
1066 701 1121 732 bo-

154 757 284 790 nitatem
317 756 387 789 tidei
424 756 508 788 illius
524 767 556 793 »;
581 758 612 787 et
644 755 778 787 iterum:
808 767 823 782 α
841 754 966 786 Amicus
1001 754 1119 792 fidelis,

154 810 418 842 medicamentum
444 808 525 841 vitae
549 811 580 840 et
605 807 863 846 immortalitatis3
888 807 988 849 etqui
1009 807 1120 839 metuit

155 862 321 895 Dominum
348 862 484 895 inveniet
510 861 597 894 illum
615 875 645 893 ».
666 880 705 884 —-
724 860 766 893 Ad
785 861 878 893 istum
897 869 972 902 ergo
989 860 1119 892 fiducia-

155 916 227 948 liter
251 916 448 953 recurritur,
481 918 512 948 et
536 914 605 947 ideo
639 914 783 947 additur:
810 915 849 946 Et
873 914 932 946 ibit
955 914 1001 946 att
1025 913 1120 946 ittam

155 968 266 1000 media
289 972 395 1006 nocte,
421 968 513 1009 quia,
539 967 621 1000 sicut
651 967 768 999 dicitur
798 966 1041 999 Proverbiorum
1066 966 1120 999 de-

155 1022 238 1054 cimo
262 1022 394 1064 septimo
408 1022 431 1060 3,
461 1021 573 1053 «omni
607 1024 749 1062 tempore
783 1020 884 1062 diligit
915 1020 968 1062 qui
999 1020 1120 1053 amicus

157 1079 222 1114 est,
247 1078 278 1108 et
301 1075 398 1107 frater
423 1074 454 1106 in
478 1073 632 1116 angustiis
655 1073 881 1115 comprobatur
894 1086 924 1105 ».
944 1091 987 1096 —
1014 1073 1048 1105 Et
1067 1072 1119 1105 tali

156 1127 344 1160 fiducialiter
367 1126 536 1160 necessitas
560 1126 749 1168 exponitur;
775 1129 904 1168 propter
928 1125 1012 1168 quod
1034 1125 1120 1158 addi-

157 1183 228 1212 tur:
255 1181 293 1213 Et
317 1180 399 1213 dicet
417 1180 483 1213 z'ltt':
510 1180 640 1219 Amice,
666 1179 838 1212 commoda
863 1178 947 1211 milti
971 1184 1035 1211 tres
1057 1189 1120 1221 pa—

158 1243 235 1272 nes,·
258 1237 290 1266 et
313 1234 371 1266 hoc
387 1234 463 1275 vlege
484 1233 619 1276 pietat-ts
642 1237 670 1265 et
694 1232 848 1265 caritatis
865 1233 1062 1271 eommunis,
1080 1232 1120 1265 de

155 1296 219 1329 qua
241 1287 358 1320 dicitur
383 1287 476 1320 Isaiae
500 1287 762 1329 quinquagesimo
786 1287 939 1319 octavo⁴²:
969 1287 1120 1328 «Frange

155 1340 305 1373 esurienti
331 1349 444 1382 panem
471 1344 561 1372 tuum
579 1352 608 1379 »;
634 1344 665 1372 et
697 1339 898 1372 Ecclesiastae
934 1339 1118 1372 undecimo:

162 1406 178 1423 «
194 1394 279 1427 Mitte
304 1404 415 1436 panem
440 1398 531 1427 tuum
557 1402 653 1436 super
679 1396 877 1426 transeuntes
900 1402 999 1435 aquas
1016 1407 1045 1425 ».

246 1449 298 1480 20.
324 1448 424 1489 (Vers.
451 1448 505 1487 6.).
531 1448 609 1490 Lege
639 1447 732 1480 etiam
756 1446 924 1488 fidelitatis
947 1451 976 1479 et
1001 1447 1119 1479 amiet-

157 1501 222 1533 tt'ae
244 1501 415 1544 speeialis‚·
440 1504 569 1543 propter
600 1500 685 1542 quod
717 1500 816 1533 addit:
848 1500 962 1541 Quta⁵
987 1501 1120 1533 amicus

155 1564 248 1587 meus
272 1555 358 1587 venit
385 1555 431 1587 ad
454 1564 505 1587 me
529 1555 567 1586 (te
590 1554 663 1592 via,
687 1559 716 1586 et
738 1564 805 1586 non
830 1552 931 1586 liabeo
955 1555 1043 1597 quod
1060 1564 1120 1596 po-

155 1617 236 1641 nam
260 1613 335 1641 ante
358 1618 451 1646 eum‚·
474 1612 506 1641 et
530 1608 573 1640 ita
596 1608 745 1640 fidelitate
761 1608 915 1640 amicitiae
939 1611 1047 1640 teneor
1065 1608 1119 1646 illi,

154 1670 191 1694 ac
215 1671 271 1704 per
295 1663 354 1695 hoc
379 1665 410 1694 et
433 1666 468 1694 tu
493 1662 590 1700 mihi;
623 1661 707 1694 unde
739 1661 943 1694 Ecclesiastici
970 1661 1120 1703 vigesimo

155 1715 310 1747 secundo:
341 1728 357 1743 «
373 1714 476 1747 Fidem
501 1714 624 1756 posside
648 1723 720 1746 cum
746 1713 846 1746 amico
878 1714 908 1745 in
933 1717 1120 1755 paupertate

155 1767 258 1807 illius,
282 1772 319 1800 nt
343 1769 373 1800 in
398 1768 488 1800 bonis
511 1767 596 1799 illius
619 1766 753 1799 laeteris.
780 1767 811 1798 ln
829 1770 970 1807 tempore
987 1766 1119 1798 tribula-

158 1821 251 1854 tionis
275 1821 359 1854 illius
383 1829 533 1863 permane
550 1820 593 1852 illi
610 1819 726 1858 fidelis,
743 1823 778 1851 ut
795 1819 826 1851 in
844 1819 1018 1851 hereditate
1034 1819 1120 1851 illius

156 1875 288 1907 coheres
312 1875 353 1907 sis
366 1888 396 1905 ».

244 1929 298 1960 21.
324 1927 425 1968 (Vers.
452 1927 506 1967 7.).
529 1925 671 1957 Secundo
699 1928 853 1966 quantum
878 1924 917 1956 ad
940 1924 1118 1967 difficulta-

156 1984 220 2013 tem
242 1983 449 2012 recusantem
474 1978 597 2011 subdit:
623 1978 663 2010 Et
686 1977 738 2009 itte
754 1977 900 2009 deintus
917 1977 1118 2019 respondens

155 2034 263 2066 dicat.-
288 2032 365 2065 Noti
386 2031 471 2064 milti
493 2031 647 2064 molestus
670 2040 756 2068 esse,
781 2030 984 2072 inquietando
1000 2030 1118 2062 scilicet

155 2086 368 2129 quiescentem
392 2089 423 2118 et
446 2094 465 2117 a
488 2093 597 2117 somno
620 2083 804 2122 excitando,
821 2083 903 2115 sicut
918 2083 1000 2115 dixit
1016 2083 1118 2115 Abner

156 2138 255 2172 David
278 2138 370 2180 primi
397 2138 515 2180 Regum
540 2137 689 2179 vigesimo
713 2136 847 2169 sext0⁶t
878 2148 893 2163 «
910 2136 987 2177 Quis
1010 2145 1043 2168 es
1067 2140 1117 2175 tu,

156 2192 211 2235 qui
236 2192 351 2225 clamas
367 2194 398 2224 et
421 2191 577 2234 inquietas
601 2199 705 2233 regem
724 2193 761 2222 »2
786 2208 827 2213 -
846 2189 881 2221 Et
897 2189 980 2232 quod
1006 2199 1119 2232 magna

157 2245 198 2279 sit
221 2245 380 2284 molestia,
404 2244 581 2277 ostenditur
597 2253 639 2277 ex
655 2243 838 2276 difficultate
862 2242 1026 2275 adiuncta:
1044 2244 1118 2276 Iam

157 2298 279 2331 ostium
304 2298 458 2330 clausum
481 2301 538 2336 est,
562 2301 591 2329 et
612 2296 713 2338 pueri
734 2295 799 2328 mei
829 2305 957 2328 meeum
979 2300 1059 2328 sunt
1083 2296 1119 2329 z'n

157 2351 274 2391 cubiti,
299 2351 329 2384 id
353 2354 400 2384 est
417 2351 490 2389 filii,
514 2350 568 2392 qui
602 2353 710 2382 tenero
733 2357 839 2381 amore
863 2348 977 2381 debent
1000 2350 1117 2389 amari;

158 2405 242 2438 unde
267 2405 360 2438 isaiae
384 2409 493 2437 octavo
506 2404 536 2435 ⁷:
567 2416 583 2431 «
600 2403 694 2441 Ecce,
712 2411 769 2444 ego
792 2405 823 2434 et
840 2402 929 2444 pueri
947 2403 1019 2442 mei,
1036 2413 1118 2446 quos

157 2456 242 2490 dedit
262 2457 341 2492 mihi
366 2457 517 2489 Dominus
534 2469 564 2494 n,
582 2455 611 2487 id
637 2458 684 2487 est
705 2454 770 2493 filii,
789 2464 926 2496 quorum
945 2465 1035 2489 amor
1056 2466 1118 2490 non

158 2513 261 2552 potest
284 2509 412 2552 negligi,
437 2508 610 2542 secundum
640 2507 717 2539 illud
750 2507 848 2540 Isaiae
878 2508 1119 2552 quadragesimo

157 2572 257 2596 nono:
299 2562 478 2605 «Nunquid
509 2560 648 2594 oblivisci
684 2563 786 2602 potest
821 2561 936 2595 mulier
968 2563 1118 2597 infantem

158 2624 271 2656 suum,
296 2620 332 2649 ut
355 2626 418 2649 non
442 2615 629 2648 misereatur
652 2614 717 2647 filio
746 2614 827 2647 uteri
856 2615 904 2648 sui
922 2619 958 2649 »t
981 2635 1025 2640 ——
1049 2617 1119 2650 Ideo

231 2821 240 2836 ¹
261 2821 363 2847 Scilicet
382 2819 572 2847 interlinearis.
587 2820 625 2846 De
638 2821 750 2848 vocibus
762 2822 901 2851 remissive
915 2824 967 2858 (vel
981 2826 1118 2859 assertive)

158 2868 185 2891 et
203 2864 396 2898 interrogative
414 2865 461 2889 cfr.
481 2868 544 2890 tom.
564 2865 605 2891 Vl.
624 2872 685 2898 pag.
707 2868 767 2899 266,
787 2872 847 2894 nota
868 2870 891 2894 9.

230 2908 241 2923 ⁹
261 2909 336 2934 Vei-s.
357 2908 399 2934 15.
418 2915 474 2941 seq.
493 2912 518 2934 et
537 2908 650 2936 subinde
669 2918 695 2937 v.
716 2912 756 2938 16.
770 2926 806 2931 -
820 2914 947 2945 Superius
961 2921 1008 2946 pro
1019 2914 1118 2948 pretia

158 2952 227 2980 sitas
247 2953 304 2978 Vnt.
321 2951 450 2986 pretium.

230 2995 241 3011 ⁸
261 2998 334 3023 Vers.
355 2996 397 3022 ⁴7.

230 3040 241 3055 ⁴
261 3041 335 3067 Vei-s.
354 3041 382 3072 7,
405 3045 463 3073 post
482 3050 561 3076 quem
582 3045 664 3071 Eccle.
685 3046 727 3077 ti,
748 3047 772 3072 1.

231 3083 242 3098 ³
263 3084 372 3117 Vulgata
391 3089 417 3112 et
437 3087 493 3114 Vat.
523 3088 666 3122 Quoniam,
685 3094 711 3116 et
739 3090 853 3117 subinde
881 3093 943 3118 ante
962 3091 1041 3118 illum
1070 3100 1119 3125 pro

158 3129 222 3154 ante
240 3135 320 3161 ettm,·
339 3136 388 3161 pro
407 3130 479 3164 quod
493 3139 597 3166 ponam
623 3134 701 3160 codd.
729 3134 794 3168 quid
808 3141 921 3168 porta-m.
941 3148 975 3154 --
994 3137 1119 3168 Sequitur

159 3172 237 3198 Eccli.
257 3173 305 3206 22,
325 3174 367 3200 28.
387 3182 444 3209 seq.
461 3190 497 3196 —
517 3178 626 3204 inferius
639 3185 688 3210 pro
706 3178 832 3213 fidelitate
851 3180 910 3206 Vnt.
930 3179 1054 3214 fideliter.

231 3214 243 3230 ⁰
264 3218 336 3244 Vers.
358 3219 400 3246 it.
418 3234 453 3240 —
471 3221 560 3247 Glossa
580 3221 780 3249 interlinearis:
808 3222 874 3249 Noli
899 3223 969 3250 mihi
991 3223 1119 3251 molestus

160 3266 230 3293 esse,
249 3268 301 3287 non
321 3262 405 3290 debeo
419 3264 543 3296 precibus
557 3265 608 3291 tuis
622 3265 773 3299 inquietari,
786 3266 848 3299 quia
862 3266 917 3293 iam
931 3267 1030 3293 ostium
1044 3267 1119 3294 clau·

159 3311 221 3332 sum
240 3311 288 3332 etc.

232 3348 242 3364 '
262 3351 337 3378 vei-s.
358 3352 400 3378 18.
419 3356 445 3379 et
463 3353 576 3379 subinde
597 3353 644 3386 49,
666 3354 707 3380 15.
727 3354 756 3380 B.
775 3354 881 3388 Albert„
901 3355 927 3381 in
940 3355 1003 3381 Luc.
1025 3356 1066 3388 11,
1085 3355 1118 3381 7:

159 3392 288 3422 Dicuntur
306 3400 394 3423 autem
410 3396 494 3431 pueri
510 3404 525 3423 a
550 3397 671 3432 puritate
691 3398 802 3431 [isidor.,
821 3399 865 3425 xl.
885 3399 1031 3432 Etymolog.
1050 3407 1074 3426 c.
1093 3400 1118 3425 2.

2080 238 2143 270 ⁶283

1183 326 1306 358 subdit:
1326 326 1399 358 Non
1413 336 1551 368 possum
1568 335 1705 368 suryere
1721 331 1749 358 et
1766 326 1848 358 dare
1865 326 1932 359 tz'bz'.
1958 327 1992 359 Et
2009 327 2067 359 hoc
2084 336 2146 359 non

1184 379 1263 411 tollit
1297 379 1424 411 omnino
1460 382 1662 420 potestatem,
1699 379 1753 411 sed
1790 379 1876 420 ponit
1910 380 2145 418 difficultatem,

1183 432 1272 473 quasi
1290 432 1373 464 dicat
1391 432 1465 463 illud
1483 432 1566 473 quod
1585 432 1665 463 dixit
1685 432 1763 463 Elias
1781 432 1879 464 Eliseo
1896 433 2000 474 quarti
2029 434 2145 474 Regum

1184 485 1322 518 secundo
1335 485 1366 516 ²³:
1398 498 1413 513 ι(
1431 486 1503 517 Rem
1521 485 1678 517 difficilem
1698 486 1860 526 postulasti
1878 499 1908 517 ».
1928 486 1963 517 Et
1980 490 2147 527 propterea

1183 539 1275 572 dicit:
1301 538 1375 571 Non
1389 548 1546 580 possum,
1571 538 1601 570 id
1618 541 1679 576 est,
1697 547 1758 570 non
1784 538 1944 570 commode
1969 548 2025 571 nec
2050 539 2147 571 sacili-

1185 595 1234 624 ter
1257 600 1404 633 possum;
1430 591 1512 624 sicut
1536 600 1593 623 rex
1626 591 1718 623 lsrael
1751 591 1912 632 respondit
1944 592 2008 633 regi
2041 592 2147 632 Syriae

1185 645 1268 677 tertii
1294 645 1412 687 Regum
1437 645 1604 686 vigesimo:
1635 644 1798 683 «Omnia,
1832 649 1960 686 propter
1985 654 2066 686 quae
2090 645 2148 677 mi-

1185 698 1250 731 sisti
1277 707 1405 731 servum
1442 701 1533 730 tuum
1567 698 1597 730 in
1630 698 1734 736 initio,
1764 698 1891 736 famarm
1927 699 2006 730 lianc
2041 702 2146 731 autem

1186 761 1252 784 rem
1278 752 1381 784 facere
1406 761 1466 784 non
1494 761 1621 793 possum
1641 766 1670 783 ι».

1275 807 1327 838 ΞΩ.
1354 805 1455 847 (Vers.
1481 806 1535 845 8.).
1562 805 1666 837 Tertio
1691 808 1844 847 quantum
1877 805 1915 837 ad
1948 806 2147 847 inoportuni-

1186 863 1284 891 tatem
1309 858 1541 900 impetrantem
1564 859 1688 891 subdit:
1716 860 1755 891 Et
1786 859 1817 891 Si
1848 859 1899 891 ille
1921 869 2147 901 perseueraue-

1185 912 1230 944 rz't
1251 912 1412 954 pulsans,
1439 912 1601 953 precibus,
1627 922 1688 944 non
1715 912 1834 954 pudore
1854 913 1954 945 victus
1970 923 2026 946 nec
2043 914 2144 947 taedio

1184 965 1333 1008 fatigatus
1368 975 1426 998 nec
1460 966 1677 1008 desperatione
1713 966 1848 1005 fractus,
1878 971 2027 1008 tanquam
2054 977 2147 1001 verus

1185 1020 1320 1058 amicus,
1357 1020 1530 1052 secundum
1568 1020 1643 1052 illud
1678 1020 1880 1052 Ecclesiastici
1919 1021 2067 1063 vigesimo
2099 1031 2147 1055 se-

1185 1073 1333 1106 cund0⁹z
1363 1086 1378 1101 «
1397 1073 1438 1105 Ad
1467 1073 1602 1106 amicum
1629 1074 1652 1106 si
1687 1074 1879 1115 produxeris
1903 1075 2058 1116 gladium,
2084 1085 2145 1108 non

1184 1127 1346 1168 desperes;
1372 1131 1419 1159 est
1443 1127 1525 1159 enim
1551 1136 1715 1169 regressus
1739 1127 1777 1160 ad
1796 1127 1953 1168 amicum,
1978 1132 2008 1160 et
2032 1128 2055 1160 si
2074 1138 2146 1170 ape-

1185 1180 1290 1213 rueris
1310 1189 1345 1213 os
1369 1180 1473 1219 triste,
1493 1190 1553 1212 uon
1579 1185 1700 1213 metuas
1717 1194 1748 1213 ».
1766 1200 1810 1204 —
1828 1181 1863 1213 Et
1886 1182 1961 1223 quia
1975 1182 2000 1200 ¹⁰
2029 1195 2043 1210 α
2059 1182 2146 1215 labor

1164 1233 1349 1274 .impr0bus
1372 1233 1478 1265 omnia
1503 1234 1641 1272 vincit»,
1667 1234 1735 1266 ideo
1767 1234 1889 1266 subdit:
1926 1235 2004 1267 Dteo
2040 1235 2144 1274 vobis,

1184 1287 1245 1318 etsi
1267 1296 1334 1319 non
1358 1286 1450 1319 dabit
1475 1287 1524 1319 z'ltz'
1546 1297 1707 1329 surgens,
1733 1297 1767 1319 eo
1797 1288 1884 1330 quod
1913 1288 2043 1320 amicus
2075 1289 2146 1320 eius

1184 1340 1247 1378 stt,
1265 1340 1294 1372 id
1319 1344 1383 1379 est,
1408 1344 1513 1373 motus
1531 1341 1661 1373 veritate
1679 1341 1871 1379 dilectionis,
1890 1351 1970 1383 quae
1987 1342 2145 1375 interdum

1185 1393 1315 1435 tepescit
1339 1394 1368 1425 in
1394 1394 1510 1426 amicis.
1538 1394 1668 1435 Propter
1691 1394 1775 1436 quod
1792 1394 1908 1427 dicitur
1926 1395 2045 1436 primae
2062 1395 2147 1428 loan-

1185 1447 1233 1479 nis
1250 1447 1343 1479 tertio
1357 1448 1400 1479 l¹:
1424 1460 1439 1475 «
1455 1447 1568 1486 FilioIi,
1586 1456 1646 1479 non
1664 1448 1831 1489 diligamus
1855 1448 1952 1480 verbo
1968 1457 2071 1490 neque
2089 1449 2146 1481 lin-

1185 1510 1264 1542 gua,
1290 1500 1343 1533 sed
1367 1509 1463 1541 opere
1498 1504 1529 1533 et
1560 1501 1734 1533 veritate».
1761 1501 1790 1533 Si
1824 1510 1899 1543 ergo
1924 1511 1985 1533 non
2012 1502 2147 1535 vincitur

1184 1553 1376 1586 abundantia
1388 1554 1537 1592 caritatis,
1555 1554 1693 1586 vincitur
1710 1557 1812 1586 tamen
1831 1555 1978 1587 instantia
1994 1556 2148 1597 importu-

1184 1607 1299 1640 nitatis.
1326 1625 1367 1630 -—
1397 1607 1526 1648 Propter
1550 1607 1633 1648 quod
1658 1606 1760 1639 addit:
1789 1608 1929 1650 Propter
1954 1608 2148 1650 improbita-

1185 1664 1246 1692 tem
1270 1663 1379 1691 tamen
1403 1659 1474 1691 eius
1497 1664 1613 1701 suryet
1636 1664 1663 1691 et
1687 1659 1780 1692 dabit
1804 1660 1854 1692 tlte·
1876 1665 2031 1703 quotquot
2054 1660 2149 1693 habet

1183 1712 1397 1744 necessarios.
1422 1712 1520 1744 Huius
1548 1713 1730 1754 exemplum
1763 1713 1952 1754 proponitur
1983 1714 2063 1745 infra
2094 1714 2147 1746 de-

1183 1766 1265 1798 cimo
1288 1769 1397 1798 octavo
1412 1766 1437 1784 ¹²
1457 1766 1495 1798 de
1512 1765 1613 1797 iudice
1630 1770 1660 1798 et
1678 1765 1785 1803 vidua,
1810 1775 1892 1807 quae
1909 1767 1997 1799 illum
2022 1767 2147 1800 infesta-

1182 1818 1250 1856 bat;
1275 1818 1359 1850 unde
1383 1818 1423 1850 ibi
1449 1818 1579 1856 dicitur,
1597 1818 1682 1859 quod
1711 1831 1726 1846 α
1744 1818 1840 1851 iudex
1858 1819 1982 1852 nolebat
2007 1829 2074 1852 eam
2091 1829 2147 1852 au-

1182 1871 1251 1903 dire
1274 1880 1330 1912 per
1356 1871 1492 1903 multum
1517 1874 1650 1912 tempus.
1678 1871 1747 1903 Post
1768 1872 1844 1904 baec
1867 1876 1973 1905 autem
1996 1873 2076 1905 dixit
2101 1874 2148 1906 in-

1183 1927 1233 1956 tra
1256 1932 1306 1956 se:
1332 1923 1393 1955 Etsi
1412 1923 1512 1960 Deum
1536 1933 1597 1956 non
1616 1924 1710 1956 timeo
1726 1933 1783 1957 nec
1801 1925 1957 1958 hominem
1983 1935 2146 1965 revereor,

1183 1980 1302 2014 tamen,
1327 1976 1403 2018 quia
1422 1976 1553 2009 molesta
1568 1979 1615 2009 est
1641 1977 1733 2016 milii,
1755 1977 1917 2010 vindicabo
1934 1978 2034 2017 illam,
2059 1988 2098 2012 ne
2115 1980 2145 2012 in

1182 2029 1352 2061 novissimo
1376 2029 1503 2061 veniens
1527 2029 1653 2071 sugillet
1677 2039 1726 2062 me
1742 2043 1772 2062 ».
1800 2031 1897 2063 Huius
1921 2032 2014 2064 etiam
2038 2041 2146 2065 exem-

1183 2083 1270 2124 plum
1296 2082 1431 2115 habetur
1456 2082 1595 2115 Indicum
1612 2082 1733 2115 decimo
1756 2089 1870 2126 quarto
1884 2085 1909 2104 ¹³
1933 2085 1972 2117 de
1997 2086 2145 2119 Samsone

1183 2139 1214 2168 et
1236 2136 1305 2168 eius
1329 2145 1447 2175 uxore,
1472 2145 1490 2168 a
1513 2145 1577 2178 quo
1609 2146 1679 2169 cum
1713 2141 1834 2179 peteret
1865 2139 1949 2180 quod
1978 2140 2068 2181 prius
2091 2150 2146 2173 no-

1182 2189 1266 2222 lebat
1289 2189 1441 2228 indicare‚
1466 2190 1628 2229 subditur,
1654 2190 1738 2233 quod
1768 2204 1783 2220 «
1800 2195 1918 2234 septem
1939 2192 2050 2226 diebus
2073 2203 2146 2227 con-

1183 2243 1257 2276 vivii
1280 2243 1375 2276 flebat
1399 2243 1482 2286 apud
1506 2253 1597 2283 eum,
1623 2244 1812 2287 tandemque
1836 2246 1968 2287 septimo
1992 2247 2056 2286 die,
2073 2257 2146 2280 cuin

1182 2296 1211 2328 ei
1235 2300 1317 2329 esset
1340 2297 1485 2336 molesta,
1510 2298 1705 2339 exposuit».

1273 2349 1325 2382 23.
1360 2350 1538 2383 Secundum
1569 2351 1780 2393 spiritualem
1812 2355 1916 2385 autem
1950 2352 2146 2385 intellectum

1182 2412 1239 2445 per
1263 2403 1411 2436 amicum
1436 2404 1531 2437 istum
1549 2404 1734 2447 intelligitur
1758 2405 1917 2445 Christus,
1941 2406 1980 2439 de
2004 2416 2067 2449 quo
2092 2407 2147 2440 Ec-

1182 2457 1345 2490 clesiastici
1370 2461 1462 2491 sexto
1479 2459 1519 2490 ¹4:
1549 2471 1565 2487 <t
1582 2458 1705 2491 Amicus
1730 2458 1843 2498 tidelis,
1868 2459 1957 2493 fortis
1974 2460 2145 2502 protecti0;

1183 2510 1236 2553 qui
1269 2515 1376 2544 autem
1407 2511 1526 2545 invenit
1557 2512 1646 2545 illum
1679 2512 1797 2546 invenit
1825 2513 2011 2546 thesaurum
2034 2528 2065 2546 n.
2102 2514 2147 2547 De

1183 2565 1243 2598 hoc
1259 2565 1381 2598 loannis
1404 2565 1525 2598 decimo
1541 2566 1669 2608 quinto:
1693 2579 1708 2595 <r
1724 2566 1786 2599 Iam
1804 2576 1866 2599 non
1890 2567 1992 2600 dicam
2009 2577 2065 2600 vos
2081 2577 2147 2601 ser-

1183 2627 1257 2658 vos,
1290 2627 1346 2651 vos
1377 2622 1483 2652 autem
1516 2619 1582 2652 dixi
1608 2619 1724 2652 amicos
1747 2632 1784 2659 »;
1815 2623 1846 2653 et
1876 2620 2011 2653 iterum:
2046 2634 2061 2649 α
2086 2621 2147 2654 Vos

1184 2834 1208 2852 n.
1233 2826 1295 2860 10.],
1315 2827 1360 2859 qui
1387 2829 1447 2852 sunt
1474 2833 1535 2852 cum
1564 2826 1688 2857 Dumium
1711 2826 1766 2852 lsai.
1793 2827 1822 2851 ὃς
1843 2826 1923 2858 Ecce,
1944 2833 1991 2859 eye
2017 2828 2042 2852 et
2065 2826 2149 2859 pueri

1183 2870 1237 2897 mei
1254 2874 1304 2896 etc.
1323 2884 1358 2890 —
1376 2871 1504 2902 Superius
1524 2877 1572 2902 pro
1591 2869 1619 2896 id
1636 2871 1677 2896 est
1693 2869 1745 2904 filii
1758 2871 1815 2896 Vat.
1836 2869 1863 2896 id
1881 2872 1920 2896 est
1936 2870 2024 2904 pueri.

1254 2913 1265 2928 ‘¹
1286 2915 1359 2940 Vers.
1383 2915 1424 2940 10.
1445 2918 1470 2940 et
1489 2915 1549 2940 dein
1570 2915 1606 2940 lll.
1627 2915 1691 2946 Reg.
1706 2915 1754 2946 20,
1769 2915 1795 2940 9.
1807 2929 1841 2933 —
1855 2915 1969 2946 Aristot,
1983 2916 2000 2940 l.
2014 2915 2047 2940 de
2061 2915 2145 2947 Caelo.

1184 2962 1243 2985 text.
1263 2960 1322 2984 111.
1344 2959 1377 2992 (e.
1407 2959 1476 2992 1l⁴i.):
1505 2959 1669 2991 impossibile
1696 2962 1785 2984 autem
1814 2959 1908 2985 dicitur
1928 2960 2080 2991 dupliciter:
2101 2964 2146 2985 aut

1183 3003 1252 3029 enim
1272 3002 1455 3037 simpliciter...
1475 3006 1520 3029 aut
1539 3004 1600 3036 quia
1622 3010 1674 3029 non
1693 3002 1773 3036 focile
1791 3010 1877 3036 neque
1897 3004 1947 3029 cito
1968 3007 2012 3029 aut
2032 3003 2109 3029 bene.

1254 3045 1265 3060 ⁹
1285 3048 1358 3072 Vers.
1380 3048 1422 3072 26.
1441 3054 1497 3079 seq.
1516 3060 1551 3066 ·--
1570 3047 1659 3072 Glossa
1679 3045 1879 3072 intm*linear·is:
1899 3046 1933 3072 Et
1951 3046 1978 3072 si
1995 3045 2039 3072 ille
2057 3053 2143 3080 perse·

1183 3091 1319 3118 veravert't
1333 3090 1463 3124 pulsans,
1486 3098 1539 3116 non
1558 3091 1660 3122 pudore
1673 3090 1842 3122 perterritus,
1856 3090 1902 3116 sed
1918 3091 2071 3116 necessitate
2084 3097 2145 3115 coa-

1184 3139 1249 3161 ctus.
1267 3149 1303 3155 —
1327 3135 1454 3167 Superius
1467 3133 1520 3167 ‘pro
1540 3141 1588 3162 nec
1616 3134 1702 3161 taedio
1727 3134 1858 3168 fatiqatus
1877 3135 1896 3159 B
1909 3135 1957 3160 DF
1976 3141 2024 3161 nec
2043 3133 2144 3166 taedio,

1183 3186 1232 3206 nec
1249 3179 1416 3213 fatigatione.

1256 3222 1278 3237 ¹⁰
1297 3224 1329 3249 Ut
1347 3223 1410 3249 dicit
1429 3223 1530 3255 virgil„
1550 3223 1566 3248 l.
1586 3223 1681 3255 Georg.
1701 3230 1728 3249 v.
1752 3222 1811 3248 145.

1254 3266 1275 3281 ¹¹
1297 3268 1371 3294 Vers.
1394 3268 1434 3293 l8.
1452 3281 1488 3286 —
1507 3267 1634 3300 Superius
1653 3274 1702 3299 pro
1721 3266 1829 3301 tepescit
1848 3268 1905 3294 Vnt.
1924 3267 2057 3301 torpescit.

1254 3309 1276 3326 ¹²
1297 3312 1372 3337 Vere.
1391 3313 1416 3338 2.
1437 3319 1525 3345 seqq„
1544 3319 1575 3338 ex
1593 3310 1691 3345 quibus
1710 3311 1855 3344 allegantur
1874 3318 1901 3337 v.
1921 3311 1946 3337 6.
1966 3312 1991 3337 5.

1255 3353 1277 3369 ¹³
1297 3356 1372 3381 Vei-s.
1392 3356 1434 3382 16.
1453 3359 1479 3381 et
1500 3355 1541 3382 ¹7.
1678 3366 1680 3368 ·
1947 3355 1951 3361 “

1254 3398 1276 3414 ¹⁴
1297 3399 1371 3426 Vei-s.
1390 3398 1438 3431 Η,
1459 3402 1518 3431 post
1536 3405 1617 3432 quem
1637 3399 1705 3426 ioan.
1725 3399 1772 3431 ⁴5,
1792 3399 1834 3426 45.
1853 3402 1879 3425 et
1893 3399 1940 3425 M.

2167 811 2270 833 Tettium.

2167 1718 2298 1745 Exemplum.

2175 2355 2284 2383 Exposiiio

2170 2383 2296 2409 spiritualis.

2166 2410 2197 2431 De
2211 2410 2288 2431 amico.
