2476 3921
224 701 293 723 Ratio.

177 1124 286 1150 Exposilio

171 1150 294 1177 spiritualis.

225 1758 301 1780 Aliter.

316 291 378 324 532

314 378 395 412 uteri
419 377 467 409 vel
489 383 601 408 manus
624 372 746 405 sarcina
769 371 905 403 liliorum
929 371 1152 411 praegravatae
1176 367 1267 409 fugae

314 430 526 464 necessitatem
550 426 719 468 impedient
734 436 765 463 »;
790 423 865 465 quia
889 421 1068 455 huiusmodi
1093 429 1156 453 non
1180 423 1267 461 pote-

315 484 355 516 rit
379 482 524 524 prodesse
547 480 639 521 fuga,
663 476 837 510 secundum
860 475 938 507 illud
966 474 1085 516 primae
1108 472 1146 505 ad
1171 472 1268 504 Thes-

314 535 518 568 salonicenses
541 531 667 574 quinto:
697 542 712 557 «
730 527 920 571 Repentinus
943 526 988 559 eis
1004 524 1205 567 superveniet
1221 523 1268 555 in-

315 588 425 621 teritus
457 587 537 619 sicut
568 584 656 617 dolor
680 583 711 615 in
744 585 836 614 utero
864 579 1026 618 habentis,
1049 581 1081 611 et
1104 587 1166 610 non
1190 577 1270 609 effu-

313 642 396 683 gient
412 654 442 671 ».
465 657 501 662 —-
520 637 605 670 Ratio
621 639 727 669 autem
744 635 840 667 huius
856 636 903 666 est
920 633 1090 665 vehemens
1106 630 1269 673 oppressio

313 693 458 731 civitatis,
484 691 551 724 ideo
582 690 684 722 addit:
713 688 785 721 Erit
815 687 926 720 cmml
950 694 1113 728 pressura
1141 692 1269 726 mayna

314 756 414 788 saper
438 749 563 777 terram
587 747 616 775 et
638 743 695 774 ira
728 740 848 783 populo
873 738 969 777 huic,
994 737 1168 771 secundum
1191 735 1269 768 illud

313 800 406 832 Isaiae
422 798 569 840 vIgesimo
585 805 681 828 nono:
704 807 719 823 α
732 795 794 827 Vae
818 793 916 826 Ariell
942 792 1004 824 Vae
1020 791 1118 823 Ariel!
1144 789 1268 828 civitas,

314 862 406 895 quam
431 850 625 893 expugnavit
648 847 754 881 David.
781 848 816 879 Et
851 844 1096 879 circumvallabo
1119 843 1216 882 Ariel,
1239 845 1272 875 et

315 906 374 938 erit
399 904 495 937 tristis
519 907 550 936 et
584 910 738 935 moerens.
764 901 800 932 Et
831 897 1075 932 circumvallabo
1099 900 1135 930 ut
1159 896 1271 938 sphae-

314 967 381 990 ram
404 958 435 990 in
459 956 594 989 circuitu
618 958 673 987 tuo
696 957 727 987 et
751 952 860 985 jaciam
884 954 993 984 contra
1016 953 1046 983 te
1070 958 1217 992 aggerem
1240 952 1272 981 et

314 1010 505 1043 munimenta
529 1017 641 1050 ponam
664 1008 696 1039 in
720 1006 910 1039 obsidionem
935 1007 1021 1037 tuam
1038 1016 1068 1035 ».

403 1063 454 1095 36.
480 1060 658 1094 Secundum
681 1062 786 1092 autem
810 1058 989 1101 mysticum
1004 1056 1199 1090 intellectum
1215 1064 1272 1097 per

312 1119 535 1159 praeynantes
559 1113 778 1155 intelliguntur
813 1111 935 1144 animae
959 1109 1166 1152 peccatrices,
1191 1116 1273 1150 quae

315 1169 503 1211 concipiant
528 1176 583 1209 per
606 1165 724 1208 peccati
759 1163 1042 1206 concupiscentiam
1074 1165 1105 1195 et
1131 1161 1274 1204 partum

315 1232 371 1265 per
406 1221 619 1264 operationem
654 1227 844 1261 perversam.
882 1217 967 1249 Unde
1007 1215 1201 1258 Augustinus
1234 1213 1273 1246 de

314 1275 425 1308 Verbis
448 1273 570 1307 Domini
583 1273 610 1305 2:
633 1286 648 1300 «
665 1271 796 1313 Quando
819 1270 1011 1312 concupiscit·
1027 1269 1099 1311 quis
1115 1277 1183 1301 rem
1199 1267 1273 1300 alie-

315 1337 404 1367 nam,
428 1327 531 1360 anima
554 1335 611 1358 sua
634 1325 722 1367 quasi
739 1323 918 1365 concepisse
934 1322 1075 1361 videtum
1093 1330 1189 1363 quam
1206 1329 1273 1353 rem

316 1383 340 1415 si
365 1391 421 1424 per
452 1381 590 1422 aliquam
622 1378 794 1420 nequitiam
827 1376 966 1418 potuerit
995 1376 1155 1413 obtinere,
1184 1374 1274 1416 quasi

316 1439 425 1468 natum
448 1434 549 1466 filium
571 1431 707 1467 osculari
731 1433 762 1463 et
785 1430 909 1463 nutrire
925 1428 1123 1471 cognoscitur
1141 1441 1171 1459 ».
1189 1427 1275 1460 Unde

319 1487 418 1521 lacobi
450 1485 592 1528 prim0³:
630 1497 645 1513 a
662 1482 942 1525 Concupiscentia,
974 1490 1047 1514 cum
1078 1480 1274 1522 conceperit,

318 1541 401 1583 parit
424 1542 605 1582 peccatum;
629 1541 810 1579 peccatum,
834 1545 906 1568 cum
931 1537 1184 1568 consummatum
1208 1533 1276 1565 fue—

319 1594 378 1633 rit,
402 1596 530 1635 generat
564 1594 698 1623 mortem
716 1603 746 1621 ».
773 1589 808 1621 Et
831 1588 947 1621 talibus
981 1588 1042 1620 erit
1078 1596 1137 1619 vae
1167 1586 1198 1618 in
1224 1586 1277 1618 illa

320 1646 533 1684 tribulatione3
558 1644 642 1676 unde
677 1642 850 1684 Sapientiae
885 1644 1015 1683 quarto:
1047 1641 1125 1672 «Ex
1160 1640 1277 1682 iniquis

320 1708 428 1732 omnes
458 1698 512 1731 filii
542 1697 597 1739 qui
622 1700 794 1729 nascuntur
825 1698 920 1728 testes
943 1697 1017 1727 sunt
1041 1693 1199 1736 nequitiae
1223 1692 1277 1725 ad-

321 1760 432 1784 versus
456 1753 600 1793 parentes
623 1749 654 1781 in
678 1748 922 1789 interrogatione
949 1756 1006 1780 sua
1022 1760 1052 1779 ».
1080 1765 1119 1769 —
1146 1746 1278 1778 Possunt

321 1808 426 1837 autem
451 1812 506 1846 per
524 1806 748 1845 praeynames
764 1801 892 1843 intelligi
909 1800 1047 1838 animae,
1064 1808 1145 1841 quae
1160 1799 1278 1831 bonum

322 1858 439 1890 babent
473 1856 684 1898 propositum,
720 1854 773 1887 sed
809 1863 870 1886 non
898 1852 1088 1895 perveniunt
1116 1860 1218 1893 usque
1241 1851 1279 1883 ad

324 1915 447 1953 partum
480 1909 626 1947 effectus3
665 1907 747 1940 unde
779 1906 873 1939 Isaiae
908 1905 1068 1947 trigesimo
1103 1904 1278 1945 septimo4:

328 1963 518 1995 «Venerunt
533 1960 588 1993 filii
613 1968 714 2001 usque
738 1959 776 1991 ad
800 1961 937 2000 partum,
961 1960 992 1989 et
1015 1956 1118 1989 virtus
1134 1965 1196 1988 non
1213 1959 1281 1988 erat

324 2015 462 2058 pariendi
479 2027 510 2045 ».
537 2014 572 2045 Et
595 2013 662 2046 istis
686 2012 746 2045 erit
768 2021 829 2044 vae
845 2011 875 2043 in
893 2010 946 2042 illa
961 2009 1174 2048 tribulatione,
1191 2008 1280 2051 quia,

323 2069 404 2102 sicut
427 2068 485 2100 flos
509 2067 616 2099 vineae
640 2066 671 2098 in
695 2065 812 2107 frigore
835 2063 969 2097 laeditur
994 2063 1072 2102 cito,
1098 2062 1142 2095 sic
1167 2071 1281 2104 propo—

323 2122 418 2155 situm
441 2121 559 2154 bonum
575 2121 607 2152 in
631 2119 849 2161 persecutione
878 2117 1091 2156 annihilatum
1122 2115 1206 2148 unde
1229 2114 1282 2147 Iob

323 2176 443 2208 decimo
477 2173 628 2216 quinto⁵:
659 2171 844 2205 «Laedetur
879 2171 969 2213 quasi
1001 2171 1092 2203 vinea
1124 2170 1155 2202 in
1180 2169 1282 2211 primo

324 2229 401 2261 flore
417 2228 529 2260 botrus
551 2227 620 2259 eius
636 2239 667 2265 »,
684 2228 715 2258 et
731 2225 790 2258 hoc
807 2233 863 2266 per
880 2224 962 2256 mala
977 2223 1133 2265 exempla.
1151 2223 1282 2264 Propter

324 2281 408 2324 quod
431 2282 522 2313 Ainos
545 2280 662 2322 primo:
682 2292 701 2307 -α
717 2279 818 2320 Super
835 2277 937 2310 tribus
954 2276 1127 2309 sceleribus
1143 2275 1281 2308 filiorum

325 2336 453 2367 Ammon
484 2338 515 2366 et
550 2341 645 2374 super
669 2335 806 2374 quatuor
834 2340 896 2363 non
928 2333 1109 2363 convertam
1133 2338 1221 2368 eum,
1245 2337 1283 2361 eo

325 2387 409 2429 quod
432 2386 617 2419 dissecuerit
640 2388 848 2427 praegnantes
882 2383 995 2416 Galaad
1026 2383 1065 2415 ad
1088 2382 1283 2415 dilatandum

326 2440 496 2473 terminum
520 2447 613 2471 suum
631 2451 662 2469 ».
687 2438 756 2470 Istis
780 2437 840 2469 erit
874 2446 934 2468 vae
965 2439 1095 2478 propter
1118 2435 1282 2477 neyliyen-

328 2493 427 2531 tiam,
452 2492 534 2525 sicut
564 2490 633 2524 aliis
660 2500 721 2522 vae
756 2492 884 2531 propter
913 2488 1223 2531 concupiscentiam.
1248 2488 1285 2519 Et

327 2546 371 2578 sic
394 2545 575 2587 implebitur
598 2543 675 2576 illud
703 2542 797 2575 Isaiae
825 2542 975 2584 vigesimo
1002 2541 1155 2574 octavoss:
1190 2540 1285 2572 «Erit

328 2599 372 2631 eis
396 2598 530 2630 verbum
561 2596 701 2629 Domini:
737 2595 860 2634 Manda,
890 2594 1057 2633 remanda,
1081 2593 1210 2632 manda,
1234 2602 1284 2626 re-

329 2651 456 2689 manda;
481 2652 644 2692 exspecta,
670 2651 869 2690 reexspecta,
893 2650 1058 2689 exspecta,
1082 2649 1283 2688 reexspecta;

402 2821 411 2836 ²
431 2822 514 2847 Codd.
534 2821 584 2847 CD
602 2822 701 2847 autem.
719 2833 755 2839 —
767 2820 890 2852 Sequitur
909 2819 965 2845 lsai.
984 2820 1031 2850 29,
1053 2819 1103 2844 1-3.

402 2864 412 2878 ²
433 2865 534 2891 Scilicet
552 2865 598 2897 20;
618 2870 686 2889 nunc
714 2866 802 2889 autem
828 2863 911 2888 Serm.
929 2862 972 2888 75.
992 2862 1018 2887 in
1043 2861 1196 2894 Appendice
1215 2861 1287 2895 (olim

332 2909 409 2935 etiam
430 2908 455 2934 4.
473 2908 500 2933 in
519 2907 681 2940 Appendice)
701 2914 728 2932 n.
748 2906 773 2932 4.

402 2951 413 2966 ⁸
432 2953 507 2978 Vers.
522 2952 562 2984 15,
575 2955 634 2984 post
646 2958 726 2984 quem
741 2951 802 2983 Sap.
816 2951 845 2981 4,
860 2951 890 2982 6,
904 2950 930 2975 in
944 2950 1018 2976 cuius
1031 2949 1163 2981 principio
1177 2949 1287 2980 Vulgata

332 2997 407 3029 legit:
428 2998 463 3022 Ex
482 2996 578 3029 iniquis
596 2996 667 3021 enim
685 2995 787 3022 somnis
806 2995 851 3020 Illii
870 2998 919 3020 etc.
935 2994 1007 3027 (vide
1019 2997 1081 3019 tom.
1097 2993 1138 3019 Vl.
1152 3000 1214 3025 pag.
1229 2993 1288 3023 133,

333 3044 420 3067 notam
443 3041 509 3073 12.);
528 3043 554 3066 et
572 3040 597 3065 in
617 3040 669 3065 flne
687 3043 747 3065 ante
764 3038 974 3073 interrogatione
993 3037 1075 3064 ACD
1093 3038 1216 3063 omittunt
1233 3036 1270 3062 in.

404 3083 415 3098 ⁴
436 3085 509 3110 Vers.
529 3085 554 3110 3.
573 3098 608 3103 -
626 3084 740 3115 Hieron„
767 3084 808 3109 lV.
837 3083 985 3109 Comment.
1010 3083 1037 3109 in
1066 3082 1153 3107 Matth.
1172 3081 1220 3112 24,
1242 3081 1289 3106 19;

334 3130 389 3155 Vae
409 3129 456 3155 illis
476 3127 627 3154 animabus!
648 3135 717 3161 quae
736 3135 787 3153 non
816 3128 842 3153 in
872 3128 1015 3159 perrectum
1044 3126 1131 3152 virum
1151 3132 1198 3151 sua
1218 3125 1288 3157 geni-

335 3176 405 3200 mina
427 3174 615 3206 perduxerunt,
634 3173 682 3199 sed
701 3172 772 3198 initia
792 3172 889 3198 habent
907 3172 982 3202 ndei,
1002 3174 1030 3197 ut
1048 3170 1205 3197 enutritione
1224 3169 1288 3195 indi-

334 3221 414 3250 geant
431 3218 626 3250 magistrorum.

405 3260 416 3275 ⁶
435 3261 509 3286 Vera.
530 3261 574 3287 33.
591 3264 617 3286 et
635 3260 731 3286 deinde
750 3260 830 3286 Amos
849 3260 874 3290 1,
894 3259 937 3285 13.
951 3272 986 3278 -
1000 3257 1126 3290 Superius
1145 3263 1194 3289 pro
1212 3255 1290 3283 anni-

335 3304 437 3331 hilatur
457 3305 507 3331 CD
525 3304 688 3331 annullatur
709 3304 765 3338 (cfr.
784 3305 823 3330 Du
843 3304 943 3335 Gange,
963 3302 1123 3329 Glossarium
1142 3301 1213 3335 etc).

405 3348 417 3364 ⁶
437 3350 509 3376 Vers.
530 3350 572 3376 13.

407 3392 417 3407 ⁷
436 3392 506 3419 Libr.
525 3393 566 3418 Vl.
586 3392 619 3418 de
638 3393 706 3418 Bello
725 3392 780 3418 lud.
798 3399 821 3418 c.
841 3392 866 3417 9.
886 3398 913 3417 n.
932 3392 956 3416 2.
976 3397 1040 3423 seq„
1059 3395 1089 3416 ex
1108 3396 1162 3423 quo
1181 3389 1233 3415 iarn
1247 3396 1291 3415 su-

338 3437 384 3469 pra
413 3444 474 3469 pag.
492 3437 552 3470 531,
578 3440 638 3463 nola
667 3438 692 3462 2.
720 3436 851 3470 quaedam
876 3436 1018 3462 attulimus.
1047 3436 1113 3461 Petr.
1141 3433 1290 3463 Comestor,

888 281 1081 314 COMMENT.
1108 280 1144 313 IN
1170 279 1406 312 EVANGELIUM
1430 278 1546 311 LUCAE
1570 278 1601 310 C.
1626 278 1700 310 XXI.

1330 366 1489 399 modicum
1519 365 1581 404 ibi,
1617 365 1776 399 modicum
1811 365 1871 404 ibi,
1908 368 1943 397 ut
1979 365 2092 397 vadant
2115 367 2146 398 et
2177 364 2288 398 cadant

1332 422 1508 459 retrorsum
1543 422 1574 451 et
1608 422 1814 452 conterantur
1849 421 1880 451 et
1918 418 2130 460 illaqueentur
2168 420 2199 450 et
2239 427 2290 451 ca-

1331 472 1459 514 piantur
1475 485 1506 504 ».

1421 524 1473 557 37.
1499 525 1599 565 (Vers.
1625 524 1703 566 ssa).
1729 524 1871 557 Secundo
1906 527 2061 566 quantum
2093 524 2132 557 ad
2162 524 2291 557 destru-

2314 530 2430 560 Destructio

2263 577 2269 583 ,
2306 557 2396 578 civitatis
2407 563 2437 585 ep

1331 577 1469 610 ctionem
1493 577 1639 610 civitatis
1661 587 1838 620 oppressae
1860 577 2026 610 subditur:
2052 578 2093 610 Et
2115 578 2232 610 cadent
2254 587 2291 610 m

1333 640 1388 663 ore
1410 630 1519 672 yladii
1541 635 1569 662 et
1593 630 1718 672 captivi
1732 630 1897 663 ducentur
1913 630 1949 662 in
1965 640 2075 663 omnes
2097 634 2216 673 yemes.
2238 630 2294 662 Ad

1333 682 1477 715 litteram
1501 683 1560 715 hoc
1585 683 1750 725 impletum
1774 691 1842 716 esse
1872 682 2016 715 vIdemus
2039 683 2072 715 in
2095 682 2229 721 ludaeis,
2254 682 2292 715 de

1333 735 1450 778 quibus
1473 735 1718 768 miramssnarrat
1741 735 1916 778 Iosephus⁷
1941 739 2094 778 stragem,
2110 738 2142 769 et
2164 735 2294 768 mirabi-

1334 789 1394 821 lem
1420 789 1562 822 videmus
1593 789 1768 822 viventium
1797 789 2041 831 dispersionem3
2066 792 2097 822 et
2121 789 2165 822 sic
2190 788 2294 821 verifi-

1334 845 1439 874 catum
1463 845 1510 875 est
1540 842 1573 874 in
1600 843 1645 874 eis
1676 841 1753 875 illud
1790 842 2024 875 Deuteronomii
2057 841 2218 884 trigesimo
2246 850 2295 874 se-

1335 895 1481 928 cundoss:
1511 908 1526 923 α
1543 895 1629 928 Foris
1652 895 1785 928 vastabit
1808 904 1862 928 eos
1877 894 1999 937 gladius
2022 899 2053 928 et
2076 895 2163 927 intus
2185 903 2295 937 pavor,

1335 948 1479 981 iuvenem
1505 948 1596 981 simul
1622 957 1658 981 ac
1682 948 1854 990 virginem,
1878 948 2046 981 lactantem
2070 956 2144 981 cum
2167 947 2296 980 bomine

1336 1010 1409 1034 sene
1425 1013 1456 1040 »;
1481 1004 1512 1034 et
1535 1001 1613 1034 illud
1637 1002 1837 1034 Threnorum
1861 1002 1977 1043 primo:
2008 1014 2023 1029 «
2039 1001 2126 1033 Foris
2148 999 2297 1033 interficit

1336 1053 1475 1096 gladius,
1500 1057 1530 1086 et
1553 1054 1638 1086 domi
1662 1063 1748 1087 mors
1764 1054 1874 1087 similis
1890 1058 1937 1087 est
1952 1066 1984 1093 »;
2005 1057 2036 1087 et
2052 1053 2195 1087 similiter
2218 1052 2298 1085 illud

1336 1107 1537 1139 Threnorum
1561 1107 1714 1140 secundo:
1743 1119 1759 1135 c<
1776 1107 1918 1139 Tetendit
1948 1116 2058 1140 arcum
2082 1115 2178 1139 suum
2206 1105 2296 1148 quasi

1337 1160 1501 1199 inimicus,
1525 1160 1663 1192 firmavit
1693 1160 1856 1193 dexteram
1889 1169 1978 1193 suam
2011 1160 2101 1202 quasi
2137 1159 2236 1192 hostis
2266 1162 2298 1192 et

1337 1213 1450 1245 occidit
1471 1221 1581 1251 omne,
1606 1212 1690 1254 quod
1714 1212 1862 1254 pulcrum
1891 1216 1960 1246 erat
1983 1212 2054 1245 visu
2085 1212 2117 1245 in
2152 1212 2298 1245 taberna-

1337 1266 1410 1298 culo
1432 1265 1514 1299 filiae
1538 1265 1611 1298 Sion
1626 1278 1657 1297 n.

1428 1319 1480 1352 38.
1505 1319 1685 1352 Secundum
1707 1319 1884 1362 mysticum
1908 1319 2105 1352 intellectum
2128 1327 2184 1361 per
2206 1318 2297 1351 istam

1339 1373 1533 1405 occisionem
1558 1372 1743 1414 intelligitur
1771 1372 1880 1405 caedes
1904 1372 1956 1405 illa
1979 1372 2193 1414 permaxima,
2217 1380 2298 1414 quae
2353 1403 2356 1404 ⁷

1339 1426 1399 1459 erit
1423 1426 1454 1458 in
1472 1425 1674 1458 tribulatione
1697 1425 1801 1463 finali,
1825 1425 1864 1458 de
1887 1434 1951 1467 qua
1974 1425 2069 1458 Isaiae
2085 1425 2235 1467 vigesimo
2250 1433 2298 1464 se-

1340 1479 1443 1512 cundo
1456 1479 1486 1511 ⁹:
1517 1491 1532 1507 «
1548 1479 1621 1511 Dies
1644 1478 1870 1511 interfectionis
1885 1482 1916 1511 et
1932 1477 2175 1511 conculcationis
2197 1481 2229 1511 et
2244 1477 2300 1511 fle-

1340 1536 1432 1565 tuum
1458 1532 1589 1564 Domino
1613 1531 1677 1564 Deo
1701 1531 1902 1564 exercituum
1925 1531 1957 1563 in
1980 1530 2060 1563 valle
2077 1530 2247 1563 visionis».
2265 1530 2302 1563 Et

1340 1586 1378 1618 de
1402 1586 1461 1618 hoc
1485 1585 1622 1617 Daniehs
1645 1584 1827 1617 undecimo:
1858 1584 1923 1616 «Et
1945 1583 2028 1617 docti
2052 1583 2083 1616 in
2107 1583 2224 1625 populo
2246 1583 2301 1616 do-

1341 1639 1457 1671 cebunt
1480 1638 1651 1680 plurim0s;
1675 1641 1707 1670 et
1729 1640 1825 1670 ruent
1846 1637 1878 1669 in
1902 1637 2004 1680 gladio
2027 1641 2058 1671 et
2081 1637 2113 1669 in
2129 1637 2256 1670 flamma
2270 1640 2302 1670 et

1341 1692 1373 1724 in
1397 1692 1575 1734 captivitate
1598 1695 1629 1724 et
1653 1691 1683 1723 in
1702 1691 1812 1733 rapina
1826 1686 1951 1724 dierum
1967 1703 1998 1722 1³.
2028 1703 2043 1719 «
2057 1690 2093 1723 Et
2115 1690 2154 1723 de
2169 1690 2302 1723 eruditis

1342 1748 1450 1784 ruent,
1475 1748 1511 1777 ut
1534 1744 1711 1777 conflentur
1727 1747 1758 1776 et
1774 1744 1930 1785 eligantur
1946 1746 1978 1776 et
2000 1743 2215 1776 dealbentur»
2242 1745 2301 1776 etc.

1342 1798 1428 1831 Unde
1451 1798 1566 1830 dicitur
1591 1797 1759 1830 Ezechielis
1790 1806 1872 1829 nono
1885 1797 1930 1828 1⁰:
1960 1809 1975 1825 «
1991 1796 2134 1829 Transite
2159 1805 2214 1838 per
2237 1804 2303 1828 me-

1343 1851 1431 1884 dium
1456 1850 1590 1883 civitatis
1613 1853 1644 1883 et
1666 1849 1839 1892 percutite;
1856 1858 1919 1882 non
1936 1852 2043 1891 parcat
2059 1849 2171 1881 oculus
2187 1851 2302 1887 vester,

1344 1912 1447 1946 neque
1470 1903 1679 1936 misereamini
1705 1911 1828 1942 senem,
1852 1902 2120 1935 adolescentulum
2151 1904 2183 1935 et
2206 1901 2303 1943 virgi-

1345 1965 1431 1995 nem,
1455 1956 1623 1997 parvulum
1648 1959 1679 1988 et
1702 1955 1851 1989 mulieres
1874 1955 2041 1988 interficite
2064 1963 2166 1997 usque
2194 1954 2233 1987 ad
2256 1954 2304 1987 in-

1345 2009 1565 2042 ternecionem.
1592 2008 1627 2040 Et
1650 2017 1668 2040 a
1691 2008 1870 2041 sanctuario
1900 2017 1971 2041 meo
1998 2007 2124 2050 incipite
2140 2020 2157 2037 ι»
2184 2010 2243 2040 etc.
2268 2007 2304 2040 Et

1346 2062 1414 2095 ideo
1438 2062 1490 2094 Iob
1513 2061 1633 2094 decimo
1657 2070 1752 2093 nono:
1783 2074 1798 2089 α
1813 2061 1922 2103 Fugite
1945 2070 1963 2093 a
1993 2061 2071 2094 facie
2094 2060 2216 2103 gladii»
2245 2063 2302 2093 etc.

1436 2114 1489 2147 39.
1513 2114 1619 2146 Tertio
1642 2116 1797 2155 quantum
1828 2112 1868 2145 ad
1899 2113 2130 2146 desolationem
2160 2112 2305 2146 civitatis

1346 2169 1532 2201 destructae
1562 2166 1742 2208 subiungit:
1775 2166 1817 2198 Et
1846 2166 2029 2198 Ierusalem
2063 2163 2249 2199 calcabitur
2283 2174 2306 2198 a

1344 2220 1512 2264 yentibus;
1537 2219 1737 2252 Threnorum
1760 2218 1863 2261 primo
1876 2219 1920 2250 ¹¹:
1943 2231 1959 2247 α
1974 2219 2099 2252 Manum
2116 2227 2205 2251 suam
2221 2217 2306 2251 misit

1346 2274 1445 2307 hostis
1468 2273 1507 2306 ad
1531 2273 1635 2306 omnia
1657 2271 1875 2305 desiderabilia
1897 2271 1983 2310 eius,
2000 2271 2083 2313 -quia
2099 2271 2176 2304 vidit
2198 2273 2307 2313 gentes

1346 2328 1503 2370 ingressas
1525 2325 1740 2359 sanctuarium
1764 2326 1875 2363 suum,
1892 2324 1930 2357 de
1946 2323 2063 2366 quibus
2086 2326 2305 2366 praeceperas,

1347 2390 1386 2414 ne
1417 2381 1572 2412 intrarent
1602 2378 1764 2412 ecclesiam
1800 2381 1887 2411 tuam
1910 2389 1942 2416 »;
1973 2380 2005 2409 et
2035 2376 2236 2409 Threnorum
2258 2384 2307 2409 se-

1347 2433 1467 2467 cundo:
1486 2446 1501 2461 a
1515 2431 1732 2474 Praecipitavit
1743 2431 1894 2464 Dominus
1910 2439 1968 2463 nec
1983 2429 2165 2472 pepercit».
2188 2441 2204 2458 α
2216 2429 2307 2462 Prae-

1348 2486 1487 2529 cipitavit
1521 2485 1627 2518 omnia
1660 2485 1783 2517 moenia
1809 2484 1896 2523 eius,
1928 2482 2091 2525 dissipavit
2117 2482 2308 2521 munitiones

1347 2539 1417 2572 eius
1439 2542 1471 2572 et
1494 2538 1626 2580 replevit
1650 2538 1681 2570 in
1704 2537 1768 2570 filia
1791 2536 1866 2570 Iuda
1889 2536 2091 2569 humiliatum
2108 2539 2139 2569 et
2162 2534 2308 2568 humilia-

1349 2595 1412 2624 tam
1430 2603 1460 2630 »3
1484 2595 1516 2624 et
1538 2591 1570 2623 in
1594 2590 1714 2623 Psalmo
1736 2590 1870 2623 dicitur:
1899 2602 1915 2618 α
1932 2589 2027 2628 Deus,
2052 2591 2208 2621 venerunt
2232 2596 2308 2631 gen-

1349 2648 1396 2677 tes
1419 2644 1451 2676 in
1474 2643 1678 2676 hereditatem
1712 2646 1829 2675 tuam»
1858 2646 1916 2675 etc.
1943 2659 1984 2665 —
2009 2642 2045 2674 Et
2068 2641 2217 2684 quoniam
2244 2649 2306 2674 non

1352 2817 1447 2842 Ilistor.
1468 2816 1590 2841 scholast.
1609 2815 1633 2841 in
1662 2816 1761 2846 Evang.
1786 2822 1808 2840 c.
1831 2815 1897 2840 '1382
1916 2815 2012 2840 Eversa
2038 2814 2178 2840 Ierusalem
2197 2820 2244 2845 per
2264 2813 2308 2838 Ti-

1352 2864 1422 2891 tum,
1441 2860 1588 2886 Hadrianus
1606 2862 1718 2885 statuam
1737 2866 1813 2884 suam
1836 2859 1938 2891 posuit,
1958 2858 2003 2885 ubi
2029 2865 2090 2885 arca
2109 2861 2226 2888 steterat,
2246 2857 2308 2891 quia

1352 2905 1465 2936 vestigia
1493 2903 1604 2930 civitatis
1632 2903 1719 2929 adhuc
1744 2903 1875 2935 quaedam
1902 2903 2057 2934 manebant,
2084 2906 2110 2928 et
2133 2902 2235 2934 ludaei,
2263 2901 2309 2934 qui

1352 2949 1460 2974 latentes
1478 2948 1665 2980 undecumque
1692 2950 1883 2978 remanserant,
1903 2947 2064 2980 quandoque
2089 2946 2123 2972 ad
2143 2946 2229 2972 locum
2248 2952 2307 2971 san-

1352 2996 1423 3019 ctum
1442 2991 1564 3018 redibant
1587 2995 1613 3017 et
1639 2991 1734 3017 iterum
1763 2991 1925 3023 multiplicati
1953 2993 2110 3016 amoverunt
2128 2993 2249 3016 statuam.
2268 2987 2309 3015 Ob

1352 3037 1402 3062 hoc
1421 3036 1567 3062 Hadrianus
1586 3035 1710 3067 apposuit
1728 3042 1837 3060 manum
1864 3037 2008 3060 extremam
2036 3037 2062 3060 et
2081 3034 2197 3061 funditus
2215 3033 2309 3059 evertit

1353 3080 1445 3106 urbem
1471 3084 1497 3106 et
1524 3080 1617 3111 edixit,
1635 3086 1667 3105 ne
1685 3079 1745 3112 quis
1769 3079 1925 3105 ludaeorum
1950 3081 2099 3105 remaneret
2126 3079 2152 3104 in
2171 3081 2239 3104 terra
2256 3078 2309 3103 illa.

1352 3125 1382 3150 Et
1400 3125 1434 3150 de
1453 3126 1501 3150 hac
1519 3124 1611 3150 ultima
1630 3124 1768 3150 eversione
1786 3123 1890 3149 videtur
1917 3122 2033 3149 subdere
2051 3124 2135 3149 Lucas
2153 3122 2256 3148 dicens:
2275 3122 2309 3148 Et

1352 3167 1451 3202 captivi
1468 3167 1601 3194 ducentur
1620 3167 1649 3194 in
1667 3174 1759 3194 omnes
1779 3168 1878 3201 aemes.
2043 3167 2045 3169 ’

1423 3211 1433 3226 ⁸
1454 3212 1528 3237 Vers.
1548 3211 1590 3237 25.
1611 3225 1644 3230 —-
1663 3211 1720 3237 Duo
1749 3218 1823 3244 seqq.
1847 3210 1897 3236 loci
1920 3214 1982 3236 sunt
2006 3210 2103 3235 Thren.
2122 3210 2153 3242 1,
2173 3209 2216 3235 20.
2234 3211 2260 3235 et
2279 3209 2309 3240 2,

1355 3256 1385 3289 4,
1404 3255 1449 3282 ubi
1469 3262 1517 3288 pro
1537 3254 1712 3282 tabernaculo
1730 3254 1812 3281 CDG
1831 3246 2021 3281 tabernaculis.

1424 3298 1435 3313 ⁹
1455 3299 1527 3325 Vers.
1542 3299 1574 3329 5,
1587 3299 1611 3324 in
1624 3305 1678 3331 quo
1691 3299 1750 3324 voci
1764 3297 1878 3325 Domino
1892 3298 1910 3324 C
1921 3298 1943 3323 D
1953 3297 1973 3323 G
1987 3297 2137 3329 praefigunt
2149 3303 2176 3323 α.
2196 3309 2231 3316 —
2245 3295 2310 3323 Sub·

1354 3343 1415 3370 inde
1433 3343 1577 3374 allegantur
1596 3342 1659 3368 Dan.
1680 3343 1728 3373 ll,
1748 3342 1790 3368 33.
1810 3345 1836 3368 et
1854 3342 1898 3368 35.

1426 3384 1449 3401 ²⁰
1468 3387 1544 3412 Vers.
1563 3386 1588 3412 5.
1608 3392 1663 3419 seq.
1683 3389 1709 3412 et
1727 3386 1787 3412 dein
1807 3385 1852 3412 lob
1873 3386 1922 3417 19,
1942 3386 1985 3411 29.

1426 3431 1447 3446 ²¹
1468 3431 1542 3457 Vers.
1565 3431 1612 3464 lo,
1632 3434 1691 3463 post
1709 3433 1797 3464 quem‘
1810 3431 1906 3456 Tliren.
1927 3431 1957 3461 2,
1978 3431 2002 3456 2.
2021 3433 2047 3456 et
2065 3430 2096 3461 5;
2115 3430 2155 3455 Ps.
2173 3429 2223 3460 78,
2244 3429 2269 3454 1.
2300 3428 2303 3429 ’

2328 589 2421 610 pressae.

2325 1322 2432 1351 Expositio

2317 1350 2438 1377 spiritualis.

2317 2117 2425 2140 Desolatio
2438 2122 2450 2138 c

2345 2144 2417 2166 vitatis
2432 2143 2451 2165 d«

2346 2172 2446 2193 structae.
