2476 3921
947 232 1224 265 PROLEGOMENA
1247 233 1279 265 C.
1306 234 1326 265 1.
2094 237 2127 269 lx

138 325 222 351 lmmo
242 326 380 357 putamus,
405 323 479 356 quod
507 322 589 348 verba
617 323 658 348 Fr.
688 321 838 348 Saliinbene
860 320 1012 347 «Currebat
1040 324 1102 346 tunc

139 385 223 404 annus
251 377 320 403 1248
334 387 359 408 n,
378 377 433 403 sine
462 376 584 402 violentia
610 376 732 407 restringi
751 375 853 408 possint
872 375 904 401 ad
923 374 1032 401 initium
1052 381 1102 407 pu-

139 431 222 459 blicae
242 430 369 458 lectionis.

210 486 289 518 Nam,
309 488 337 511 ut
355 485 457 511 sincere
485 487 601 511 nostram
630 484 781 516 opinionem
811 483 1024 513 manifestemuS‚
1048 484 1100 508 tota

138 539 217 566 huius
236 538 336 571 operis,
356 538 433 571 quale
452 545 520 564 nunc
541 537 649 570 legitur,
670 537 770 562 indoles
789 536 916 567 insinuat,
933 536 1024 561 saltem
1045 535 1102 560 ulti·

138 599 209 618 mam
228 592 287 618 eius
305 591 509 623 completionem
529 590 562 616 ad
582 589 753 616 maturiorem
772 589 887 615 auctoris
911 591 1023 614 aetatem
1043 594 1101 614 esse

138 645 351 679 prorogandam,
370 644 502 678 quidquid
530 643 563 670 sit
590 643 625 669 de
653 645 772 674 tempore
791 645 817 668 et
846 642 939 673 modo,
968 649 1022 675 quo
1051 643 1101 668 hoc

137 699 306 734 Evangelium
327 701 437 725 tractare
455 697 593 730 inceperit.

208 753 358 784 Praeterea,
378 758 429 777 non
449 751 554 777 videtur
573 749 651 775 nobis
669 756 728 775 esse
741 748 878 782 probabile
888 769 895 780 ,
910 750 958 775 hoc
972 749 1099 780 scriptum

136 807 163 833 in
181 807 275 833 eadem
294 813 346 840 qua
366 811 434 831 nunc
448 806 529 831 exstat
543 805 626 829 forma
645 802 769 829 traditum
784 803 865 829 ruisse
880 803 903 828 in
917 802 1020 834 schola,
1033 802 1101 828 sicut

135 860 207 887 aliud
226 860 252 886 in
271 858 450 892 Evanyelz'um
469 856 594 890 Ioanmsss,
607 857 680 890 quod
693 857 720 882 ln
738 857 835 883 scholis
852 857 949 882 lectum
962 863 1034 888 esse,
1047 856 1100 882 ssde

135 913 283 947 perantiqui
303 912 402 938 codicis
421 918 486 937 msc.
506 911 531 936 in
550 911 747 943 Prolegomenis
765 911 799 936 ad
820 913 882 936 tom.
897 911 938 936 Vl.
953 917 1014 942 pag.
1038 910 1098 936 ΧΧΙ

135 966 184 992 col.
204 967 219 992 2
238 965 408 992 asseruimus.
429 964 484 990 Non
504 963 599 995 exigua
619 963 689 988 enim
712 965 823 995 apparet
840 963 986 989 differentia
1007 963 1099 989 indolis

136 1020 201 1046 inter
215 1023 358 1052 utrumque
376 1017 609 1045 commentarium.
624 1018 650 1043 ln
664 1018 787 1043 loannem
806 1017 898 1043 scribit
910 1020 1001 1043 auctor
1015 1018 1098 1043 torma

135 1080 185 1107 pro
198 1073 294 1100 scholis
312 1069 451 1105 a‘daptata,
471 1072 569 1098 multus
588 1074 627 1098 est
641 1072 667 1097 in
679 1071 879 1105 quaestionibus
899 1071 1052 1104 theologicis
1073 1074 1099 1097 et

134 1126 274 1160 exegeticis
292 1126 446 1152 scholastice
464 1125 610 1159 solvendis,
629 1125 735 1158 parcius
748 1126 844 1157 allegat
863 1126 934 1151 locos
949 1125 1099 1157 Scripturae

134 1183 160 1207 et
178 1180 345 1213 Glossarum;
364 1182 404 1206 ast
422 1179 632 1206 Commentarius
652 1179 677 1204 in
697 1180 794 1205 Lucam
814 1186 842 1205 se
862 1179 951 1211 prodit
970 1179 1098 1211 scriptum

133 1234 223 1268 potius
252 1234 286 1260 ad
314 1240 426 1266 scopum
455 1233 615 1266 practicum,
644 1234 799 1265 praesertim
829 1233 862 1259 ad
892 1240 970 1259 usum
996 1234 1098 1266 praedi·

134 1290 262 1314 catorum.
282 1287 347 1313 Hinc
371 1286 571 1312 accumulantur
598 1287 679 1312 multa
708 1286 787 1312 millia
817 1287 933 1313 locorum
961 1287 1098 1320 utriusque

134 1340 294 1373 testamenti,
314 1340 348 1367 ita
369 1342 396 1366 ut
419 1339 453 1366 ad
481 1339 627 1373 quamlibet
650 1340 806 1366 sententiam
835 1341 925 1372 plures
953 1347 1097 1372 suggeran-

133 1398 176 1422 tur
192 1395 256 1426 loci,
274 1393 373 1428 quibus
391 1394 557 1427 praedicator
576 1401 624 1426 pro
644 1393 718 1420 libitu
737 1395 774 1420 uti
793 1394 884 1427 possit,
905 1397 946 1426 ut,
965 1394 1097 1428 quidquid

133 1449 203 1476 dicat
225 1448 379 1475 auctoritate
398 1448 549 1481 Scripturae
568 1449 717 1481 confirmet,
737 1451 816 1481 prout
840 1449 1004 1475 consuetudo
1024 1448 1098 1475 istius

133 1504 224 1530 aetatis
242 1502 400 1536 postulabat.
419 1503 484 1528 Hinc
503 1503 582 1528 etiam
602 1501 739 1528 exhibetur
757 1502 882 1528 continua
901 1504 993 1528 catena
1012 1505 1098 1527 aucto-

133 1557 239 1583 ritatum
258 1562 289 1582 ex
308 1556 407 1582 Glossis
431 1558 456 1582 et
483 1555 557 1582 libris
582 1556 687 1581 Patrum
716 1556 833 1581 collecta.
862 1555 938 1581 Unde
964 1562 1026 1581 vere
1046 1555 1098 1580 dici

132 1613 233 1643 potest,
247 1609 343 1636 librum
357 1610 428 1635 hunc
440 1611 478 1635 tot
490 1608 605 1635 millibus
616 1609 800 1635 auctoritatum
812 1608 876 1634 locis
888 1608 1027 1634 artificiose
1039 1615 1099 1634 con-

132 1653 230 1690 teitum
249 1662 362 1689 similem
381 1669 439 1688 esse
458 1662 533 1694 operi
560 1661 666 1688 musivo
691 1661 838 1687 innumeris
856 1662 991 1695 variisque
1009 1662 1098 1694 lapidi-

132 1717 183 1744 bus
201 1717 356 1750 composito.
376 1717 404 1743 ln
423 1718 493 1742 tanta
512 1716 639 1742 varietate
658 1716 767 1741 minime
792 1718 880 1741 tamen
899 1716 992 1742 ordine
1012 1719 1097 1748 caret,

132 1771 179 1797 sed
198 1771 264 1796 mira
284 1770 399 1803 synthesi
419 1772 458 1796 est
477 1769 614 1795 ordinatus
633 1768 815 1802 gravibusque
833 1770 989 1802 seraphicae
1002 1770 1098 1795 mentis

132 1824 266 1851 sententiis
285 1825 416 1857 perfusus.
435 1824 492 1850 Non
512 1822 632 1849 obstante
652 1824 702 1849 hoc
720 1830 802 1856 scopo
822 1823 947 1855 practico,
967 1823 1029 1849 satis
1050 1826 1098 1849 tra-

132 1881 235 1905 ctantur
262 1878 341 1904 etiam
369 1877 537 1911 quaestiones
561 1877 669 1910 proprie
693 1877 857 1909 exegeticae‚
882 1877 930 1903 sed
949 1878 1097 1911 moderate,

132 1932 249 1958 breviter
267 1934 292 1958 et
312 1932 338 1957 in
359 1933 442 1958 forma
461 1939 513 1958 non
532 1931 695 1958 scholastica.
708 1945 743 1950 —
756 1932 826 1957 Haec
845 1931 949 1963 omnia,
968 1932 1036 1958 sicut
1048 1932 1098 1958 mi-

132 1993 181 2012 nus
200 1984 421 2018 praelectionibus
439 1985 600 2012 scholasticis
618 1985 792 2017 conveniunt,
805 1985 843 2012 sic
856 1986 956 2018 optime
969 1985 993 2011 ei
1006 1992 1097 2018 scopo,

131 2046 212 2073 quem
230 2039 436 2072 supposuimus,
454 2039 552 2065 scilicet
571 2039 644 2072 quod
669 2038 735 2065 liber
759 2039 792 2065 sit
811 2039 836 2065 in
856 2046 933 2065 usum
954 2039 1097 2072 praecipue

131 2094 344 2128 praedicatorum
363 2093 517 2120 destinatus.

202 2147 368 2173 Praedictum
388 2153 501 2179 scopum
520 2146 694 2178 principalem
714 2147 740 2172 in
759 2147 818 2178 ipso
843 2147 982 2179 prooemio
1001 2147 1097 2181 aliqua·

131 2204 209 2227 tenus
227 2200 387 2226 insinuatum
407 2206 480 2232 esse,
500 2199 577 2225 nobis
595 2199 710 2225 videtur.
730 2200 795 2225 Nam
815 2202 913 2225 textum
933 2200 1097 2232 Scripturae:

132 2253 252 2288 Spiritus
271 2252 383 2280 Domini
398 2259 482 2286 super·
501 2259 543 2279 me
562 2254 620 2284 etc„
640 2252 728 2284 primo
747 2255 898 2284 competere
916 2252 981 2278 dicit
996 2252 1097 2279 «cuili-

133 2306 174 2334 bet
191 2306 297 2334 doctori
313 2307 340 2332 S.
360 2306 511 2338 scripturae
528 2306 641 2338 eiusque
659 2304 806 2332 auditori»
830 2305 868 2339 (n.
887 2305 933 2339 2.).
958 2306 1035 2339 Quod
1053 2313 1097 2332 au—

132 2363 185 2386 tem
205 2361 255 2386 hoc
273 2354 326 2386 non
345 2361 447 2385 tantum
476 2358 510 2385 de
534 2358 642 2385 doctore
671 2358 696 2384 in
721 2359 817 2384 scholis
836 2359 987 2391 disputante
1006 2359 1097 2385 intelli-

132 2415 249 2447 gendum
269 2414 315 2448 sit,
334 2414 382 2440 sed
401 2413 480 2440 etiam
500 2413 534 2440 de
553 2412 781 2446 praedicatoribus
800 2414 835 2439 ad
847 2414 992 2446 populum,
1011 2414 1098 2446 expri-

131 2468 212 2495 mitur
237 2467 345 2494 inferius
375 2467 410 2501 (n.
437 2467 473 2501 5.)
504 2467 544 2493 his
571 2466 675 2493 verbis:
704 2467 906 2499 «Evangelium
932 2469 1021 2493 autem
1050 2467 1098 2493 Dei

133 2528 264 2554 exponere
283 2523 309 2547 et
327 2521 423 2547 docere
442 2523 481 2547 est
499 2519 613 2547 verbum
632 2519 754 2547 divinum
769 2519 933 2554 praedicare
946 2531 971 2546 n.

204 2575 281 2608 Quod
300 2575 391 2601 attinet
408 2574 509 2609 fontes,
528 2574 626 2608 quibus
655 2577 746 2601 auctor
775 2582 839 2601 usus
858 2577 909 2608 est,
931 2577 1015 2608 patet,
1035 2582 1097 2601 eum

134 2627 245 2656 Glossas
263 2631 317 2655 tam
347 2628 534 2656 interlineares
562 2636 643 2662 quam
671 2628 829 2656 ordinarias
859 2636 890 2655 ea
919 2632 1003 2655 aetate
1023 2632 1097 2655 notas

131 2683 185 2709 fere
209 2682 326 2715 integras
353 2682 379 2708 in
403 2683 542 2715 proprium
570 2690 649 2709 usum
678 2683 798 2709 vertisse.
826 2683 922 2709 Notum
951 2685 1005 2715 est,
1026 2683 1098 2715 ipsas

132 2736 237 2762 Glossas
255 2738 391 2768 excerptas
411 2743 469 2762 esse
488 2743 519 2762 ex
546 2736 619 2763 libris
647 2738 686 2763 Ss.
712 2737 833 2768 Patrum;
853 2737 925 2763 unde
944 2737 1051 2763 Glossae
1072 2737 1098 2763 in

132 2789 304 2821 Evangelium
330 2790 416 2816 Lucae
440 2790 598 2824 plerumque
622 2793 725 2816 sumtae
754 2793 780 2816 et
807 2793 958 2816 contractae
986 2793 1047 2816 sunt
1066 2798 1097 2816 ex

133 2842 238 2869 duobus
256 2843 283 2868 in
301 2843 373 2869 idem
392 2843 608 2875 Commentariis,
627 2844 682 2870 scil.
701 2844 835 2870 Ambrosii
862 2847 888 2871 et
906 2844 1003 2870 Bedae.
1023 2845 1097 2870 Prae-

132 2896 215 2928 terea,
228 2895 269 2921 his
281 2896 346 2928 ipsis
364 2895 565 2923 Commentariis
584 2897 769 2923 Bonaventura
783 2897 817 2923 ita
831 2905 895 2924 usus
914 2901 967 2929 est,
987 2901 1016 2924 ut
1034 2898 1097 2924 nihil

132 2951 222 2976 notatu
239 2949 353 2981 dignum
373 2951 587 2982 praetermiserit.
607 2951 706 2977 Passim
735 2952 830 2984 allegat
849 2951 927 2977 etiam
948 2952 1020 2977 locos
1038 2958 1097 2978 con-

133 3005 257 3034 gruentes
275 3010 306 3029 ex
325 3003 441 3036 egregiis
460 3004 577 3030 Homiliis
596 3005 623 3030 in
642 3005 801 3031 Matthaeum
821 3011 852 3030 ea
871 3008 955 3031 aetate
969 3006 995 3031 S.
1008 3005 1097 3031 loanni

133 3054 320 3088 chrysostomo
340 3056 453 3089 tributis,
471 3064 541 3090 quae
565 3057 741 3084 communiter
765 3058 935 3084 nominantur
955 3056 1031 3092 Opus
1049 3059 1097 3086 im-

129 3109 289 3143 perfectum.
308 3110 392 3135 Etiam
412 3110 437 3135 S.
459 3110 576 3136 Thomas
593 3111 710 3142 putavit,
729 3112 777 3137 has
796 3112 922 3137 Homilias
946 3119 1005 3138 esse
1028 3119 1096 3144 opus

132 3162 313 3195 Chrysostomi
331 3170 429 3197 easque
447 3163 555 3196 plurimi
573 3164 631 3190 fecit
651 3163 707 3197 (cfr.
721 3164 759 3190 De
771 3164 871 3191 Rubeis
882 3165 909 3191 in
923 3166 949 3191 S.
964 3166 1096 3192 Thomam

133 3215 236 3242 dissert.
255 3216 281 3241 5.
300 3222 322 3241 c.
342 3216 388 3250 4.).
407 3217 443 3243 Ex
462 3217 518 3243 aliis
536 3213 615 3243 etiam
629 3217 769 3249 operibus,
782 3219 938 3250 praesertim
953 3219 991 3245 Ss.
1006 3221 1097 3251 Augu-

133 3269 202 3300 stini,
212 3270 373 3301 Hieronymi,
386 3270 515 3302 Gregorii,
525 3271 651 3297 Bernardi
664 3271 830 3305 aliorumque
839 3272 939 3304 passim
952 3273 1096 3299 afferuntur

132 3323 191 3355 loci,
201 3323 235 3349 ita
245 3323 307 3349 utin
321 3324 372 3350 hoe
385 3331 438 3350 uno
451 3323 645 3351 Commentario
656 3326 709 3351 sere
720 3325 847 3359 invenias,
858 3310 990 3359 quidquid
997 3327 1040 3352 Ss.
1050 3327 1097 3352 Pa-

134 3383 200 3413 tres,
213 3377 305 3402 saltem
317 3377 414 3409 Latini,
428 3377 453 3403 in
467 3378 668 3405 elucidationem
688 3379 766 3405 huius
778 3380 913 3411 Evangelii
927 3380 1096 3412 scripserunt.

241 3470 271 3497 S.
289 3471 395 3498 Bonav.
408 3485 442 3491 —
457 3472 536 3499 Tom.
554 3473 608 3499 Vll.

1239 321 1411 348 Praestantia
1431 323 1509 348 huius
1527 322 1714 348 commentarii
1734 323 1784 348 iam
1805 330 1818 348 a
1840 324 1944 349 coaevis
1958 325 2129 357 scrIptoribus

1167 376 1192 399 et
1211 373 1447 407 subsequentibus,
1466 376 1512 408 qui
1532 375 1646 401 eundem
1676 380 1899 408 commemorant,
1919 376 2041 403 laudibus
2067 379 2129 404 cele-

1166 426 1257 453 bratur
1277 426 1334 460 (cfr.
1353 435 1432 459 supra
1453 430 1468 461 ’,3
1487 429 1533 461 2.).

1238 481 1264 506 1η
1285 481 1333 507 hoc
1352 482 1473 507 immensi
1493 482 1590 521 laboris
1608 489 1689 514 opere
1708 482 1826 508 doctrina
1842 484 1964 514 auctoris,
1978 484 2129 515 diligentia,

1166 533 1250 565 pietas
1269 537 1295 560 et
1314 534 1448 567 ingenium
1470 535 1611 561 secundum
1632 542 1662 561 ac
1682 535 1795 561 sublime
1815 536 1951 562 manifeste
1964 541 2082 568 apparet.
2099 537 2130 563 L't

1166 588 1233 614 iuste
1252 588 1286 614 de
1305 589 1361 614 eius
1381 589 1471 615 valore
1490 589 1633 620 iudicetur,
1653 589 1775 615 habenda
1801 593 1841 615 est
1860 590 1925 615 ratio
1946 593 2000 615 tum
2021 591 2130 621 aetatis,

1165 648 1218 675 qua
1237 642 1366 674 scriptum
1386 645 1438 675 est,
1459 646 1514 668 tum
1544 643 1661 669 methodi
1688 647 1750 669 tunc
1778 644 1941 675 communis,
1967 648 2021 670 tum
2051 644 2128 669 etiam

1165 696 1286 721 suecialis
1304 696 1363 721 slnis
1382 696 1416 721 ab
1436 696 1494 728 ipso
1514 697 1612 728 intenti,
1626 696 1723 722 scilicet
1737 700 1764 722 ut
1779 697 1887 722 uberem
1904 698 2129 729 praedicatoribus

1165 750 1302 775 materiam
1321 752 1347 775 et
1366 752 1454 781 aptam
1474 757 1563 775 rerum
1593 750 1791 782 dispositionem
1816 750 1963 782 praeberet.
1987 751 2130 778 Censemus

1165 806 1266 834 autem,
1286 803 1365 829 etiarn
1384 806 1472 829 nostra
1492 806 1575 829 aetate
1596 810 1674 835 posse
1694 804 1889 836 praedicatores
1904 812 1951 837 pro
1965 805 2130 832 elaborandis·

1163 856 1346 888 sermonibus,
1365 857 1520 889 praesertim
1539 858 1667 888 homiliis,
1687 858 1801 890 pretiosa
1821 858 1938 884 subsidia
1954 858 1987 884 ibi
2003 859 2129 885 invenire.

1164 911 1241 944 Quod
1261 911 1331 937 cnim
1358 911 1383 936 in
1407 911 1603 943 Prolegomenis
1627 910 1661 936 ad
1689 914 1752 937 tom.
1781 911 1821 937 Vl.
1841 911 1913 944 (pag.
1934 912 2037 943 XXVl,
2057 913 2072 945 ‘5
2091 913 2128 945 7.)

1164 965 1316 991 monuimus
1335 965 1414 991 etiam
1434 965 1524 998 quoad
1550 966 1620 990 hunc
1645 964 1869 991 Commenwrium
1900 970 2019 998 repetere
2039 974 2128 998 possu-

1164 1026 1240 1050 mus,
1260 1019 1352 1045 salsum
1373 1019 1471 1045 scilicet
1489 1026 1559 1051 esse,
1589 1018 1662 1052 quod
1691 1019 1889 1052 Bonaventura‚
1909 1020 2029 1051 neglecto
2049 1027 2126 1046 sensu

1163 1074 1278 1106 litterali,
1298 1075 1351 1099 sere
1370 1076 1439 1099 totus
1458 1073 1491 1099 sit
1510 1073 1535 1098 in
1554 1073 1680 1099 sectando
1700 1080 1778 1099 sensu
1799 1074 1918 1106 mystico.
1939 1074 2039 1100 Sufficit
2053 1079 2127 1100 notas

1163 1131 1265 1154 nostras
1284 1127 1443 1160 marginales
1462 1128 1607 1159 inspicere,
1626 1130 1655 1153 ut
1673 1135 1754 1161 quam
1775 1128 1868 1160 exigua
1884 1135 1945 1160 pars
1959 1128 2017 1154 libri
2031 1129 2064 1154 de
2078 1130 2127 1154 hoc

1162 1189 1241 1208 sensu
1260 1184 1365 1215 tractet,
1384 1182 1520 1208 evidenter
1538 1185 1673 1214 appareat.

1234 1236 1250 1268 S
1271 1235 1294 1261 4.
1314 1234 1348 1261 De
1367 1234 1493 1262 subsidiis
1511 1234 1539 1261 in
1553 1235 1603 1261 hee
1615 1234 1707 1261 nostre
1726 1234 1838 1261 editione
1857 1234 1985 1261 adhibitis
1999 1235 2026 1262 et
2039 1236 2126 1262 nostro

1162 1288 1249 1316 labore
1268 1288 1331 1315 heeo
1351 1288 1480 1315 notemus.

1234 1342 1304 1375 Quid
1323 1342 1403 1368 editio
1423 1342 1547 1368 Vaticana
1568 1342 1643 1375 (tom.
1662 1343 1689 1368 ll.
1708 1349 1749 1368 an.
1771 1342 1851 1375 1589)
1871 1342 1896 1368 in
1918 1342 2034 1374 praefixo
2046 1349 2125 1374 argu-

1162 1399 1250 1422 mento
1263 1396 1297 1422 de
1315 1397 1423 1428 propria
1442 1403 1490 1422 sua
1504 1395 1618 1422 editione
1632 1396 1703 1422 etde
1716 1396 1898 1428 Antverpiensi
1922 1403 1966 1422 an.
1988 1397 2054 1422 1539
2076 1400 2126 1421 tra-

1162 1449 1272 1482 diderit,
1291 1450 1344 1475 iam
1369 1456 1450 1482 supra
1475 1449 1491 1482 S
1512 1450 1536 1475 l.
1560 1449 1675 1475 editores
1695 1450 1789 1475 Veneti
1818 1451 1971 1476 retulerunt.
1991 1451 2042 1476 lam
2064 1457 2126 1476 non-

1163 1503 1232 1528 nulla
1251 1503 1292 1528 his
1310 1503 1490 1534 adiungimus.

1234 1557 1272 1582 De
1291 1557 1405 1582 editione
1423 1556 1465 1582 illa
1484 1556 1668 1588 Antverpiensi
1688 1563 1729 1582 an.
1745 1556 1827 1587 4539,
1841 1563 1921 1589 quam
1936 1563 1989 1582 non
2003 1556 2127 1587 vidimus,

1163 1610 1307 1642 loquuntur
1334 1609 1413 1635 etiam
1442 1609 1469 1634 Ρ.
1490 1609 1587 1635 Bonelli
1608 1608 1711 1642 (Prodr.
1740 1610 1788 1635 col.
1809 1610 1872 1642 329)
1893 1613 1918 1635 et
1947 1610 1973 1635 Ρ.
1993 1610 2128 1635 Servatius

1163 1663 1253 1696 [ῆι-κε,
1271 1663 1336 1689 Ord.
1354 1663 1413 1688 Min.
1434 1663 1530 1689 Recoll.
1549 1663 1577 1688 in
1596 1670 1645 1688 suo
1664 1662 1744 1688 libro:
1764 1662 1881 1689 Histoire
1901 1662 2031 1689 litte'raz're
2050 1665 2075 1690 et
2094 1662 2128 1690 ln·-

1163 1715 1369 1750 blioqraphique
1395 1715 1441 1742 des
1469 1715 1592 1743 Mimans
1616 1715 1648 1742 de
1677 1714 1874 1743 roasa-nance
1901 1723 1934 1743 en
1954 1716 2080 1751 Belqique
2104 1719 2129 1744 et

1163 1770 1231 1797 dans
1251 1770 1289 1797 les
1317 1771 1465 1805 Pays-Bas,
1485 1771 1595 1801 Anvers,
1616 1770 1673 1796 Van
1692 1770 1773 1796 Os-de
1803 1771 1876 1796 Wolf
1904 1771 1981 1802 l885,
2002 1778 2064 1803 pag.
2085 1772 2126 1797 69.

1162 1825 1215 1852 Sed
1234 1827 1346 1858 uterque
1365 1826 1432 1851 hanc
1454 1824 1597 1851 editionem
1618 1823 1707 1850 tribuit
1726 1824 1823 1850 celebri
1844 1825 1915 1850 fratri
1935 1825 2054 1851 eiusdem
2081 1825 2128 1851 Or-

1162 1879 1231 1905 dinis
1249 1878 1348 1905 loannz’
1364 1877 1505 1911 Mahusio,
1528 1878 1574 1911 qui
1594 1885 1674 1910 opera
1695 1878 1822 1910 praedicti
1843 1878 1953 1904 Mathiae
1966 1878 2127 1905 Dordracen-

1161 1934 1200 1959 sis
1216 1940 1280 1959 usus
1298 1940 1356 1959 esse
1375 1933 1488 1959 videtur.
1516 1932 1664 1966 Mahusius,
1683 1933 1795 1959 eximius
1823 1934 1915 1959 Lector
1935 1940 2070 1959 sacrarum
2091 1934 2126 1959 lit-

1161 1990 1276 2013 terarum
1296 1987 1321 2013 ln
1349 1986 1487 2013 Conventu
1515 1986 1638 2019 Lovanii,
1665 1989 1757 2019 postea
1785 1987 1940 2019 designatus
1966 1990 2005 2012 est
2023 1987 2126 2019 primus

1160 2042 1303 2074 episcopus
1322 2040 1529 2074 Daventriensis,
1549 2040 1590 2066 cui
1610 2040 1667 2066 sedi
1686 2040 1839 2072 resignavit.
1859 2042 1879 2066 Α
1893 2040 1987 2066 Geusis
2000 2047 2040 2066 an.
2057 2040 2124 2066 1572

1160 2095 1301 2122 crudeliter
1320 2095 1472 2121 vulneratus
1491 2097 1517 2120 et
1535 2094 1617 2120 instar
1636 2094 1775 2120 cadaveris
1793 2094 1819 2119 in
1848 2095 1933 2127 platea
1954 2095 2058 2120 relictus
2078 2098 2124 2120 est.

1160 2148 1230 2175 Obiit
1250 2148 1328 2174 1577.
1348 2148 1397 2174 lsta
1416 2147 1497 2174 editio
1521 2147 1720 2180 Antverpiensis
1745 2147 1892 2173 secundum
1918 2148 1944 2173 P.
1977 2148 2125 2173 Set-vatium

1160 2201 1281 2227 omnium
1300 2201 1386 2232 prima
1415 2201 1462 2226 ruit
1490 2201 1568 2226 huius
1592 2200 1787 2227 Commentarii.
1817 2201 1868 2227 Sed
1897 2201 1994 2226 Bonelli
2025 2201 2125 2233 (Prodr.

1161 2255 1219 2281 coll.
1239 2255 1304 2285 310,
1324 2254 1389 2287 329,
1410 2253 1473 2287 357)
1487 2255 1567 2279 refert
1580 2254 1752 2279 Venetianam
1766 2254 1900 2287 quandam
1914 2261 1955 2279 an.
1971 2254 2040 2280 1524
2054 2255 2126 2286 apud

1161 2308 1313 2334 Salvionum
1333 2314 1348 2333 a
1366 2307 1488 2340 pluribus
1501 2307 1654 2334 auctoribus
1668 2310 1855 2339 memoratam,
1875 2315 1956 2341 quam
1970 2315 2056 2341 neque
2069 2309 2126 2340 ipse

1163 2368 1249 2394 neque
1261 2368 1311 2387 nos
1323 2361 1450 2387 vidimus.
1459 2375 1495 2380 —
1505 2361 1560 2387 Alia
1574 2361 1718 2387 Venetiana
1731 2368 1773 2387 an.
1788 2361 1856 2386 1574
1871 2368 1901 2387 ex
1914 2361 2034 2387 eiusdem
2047 2362 2126 2387 Fran-

1162 2415 1225 2441 cisci
1244 2415 1359 2441 Salvioni
1378 2415 1481 2440 officina
1501 2414 1527 2440 in
1539 2414 1657 2447 Collegio
1675 2418 1765 2440 nostro
1785 2414 1909 2446 habetur,
1930 2415 2004 2441 cuius
2024 2415 2124 2441 titulus:

1167 2478 1179 2492 ι
1191 2469 1221 2495 D.
1235 2470 1436 2495 Bonaventurae
1449 2468 1474 2494 in
1484 2471 1642 2495 sacrosanct.
1657 2469 1829 2501 Evangelium
1845 2469 1900 2495 lesu
1911 2468 2005 2495 Christi
2016 2475 2067 2495 sec.
2079 2470 2126 2495 Lu-

1163 2530 1221 2549 cam
1241 2523 1373 2549 elaborata
1393 2522 1541 2553 Enarratio,
1568 2521 1693 2548 omnibus
1721 2521 1815 2548 Christi
1842 2521 1977 2554 fidelibus,
1998 2526 2052 2548 tum
2074 2529 2125 2548 ma-

1162 2576 1230 2602 xime
1249 2576 1331 2602 divini
1351 2575 1427 2602 verbi
1447 2575 1667 2602 declamatoribus
1686 2575 1807 2607 apprime
1827 2575 1896 2601 utilis
1916 2582 1946 2601 ac
1965 2576 2085 2601 salutaris
2098 2586 2124 2601 n.

1162 2630 1234 2656 Hanc
1252 2630 1395 2656 editionem
1424 2636 1486 2656 cum
1514 2629 1639 2655 Vaticana
1668 2629 1815 2661 incepimus
1841 2630 1971 2660 conferre,
1992 2629 2038 2655 sed
2058 2633 2125 2662 post-

1161 2690 1243 2717 quam
1261 2683 1427 2716 invenimus,
1447 2685 1545 2709 textum
1575 2683 1713 2716 utriusque
1732 2683 1776 2709 vix
1795 2683 1820 2708 in
1848 2682 1955 2708 minutis
1974 2682 2054 2708 rebus
2073 2683 2126 2708 dis-

1161 2744 1284 2769 crepare,
1304 2736 1338 2762 ab
1357 2737 1441 2763 inutili
1459 2736 1548 2762 labore
1573 2736 1746 2762 cessavimus.
1776 2736 1803 2761 Si
1823 2736 1903 2767 igitur
1935 2736 2058 2761 Vaticana
2084 2735 2125 2761 ed.

1160 2791 1294 2823 exemplar
1314 2791 1408 2817 sumsit
1435 2790 1470 2816 ab
1495 2790 1691 2824 Antverpiensi,
1721 2790 1934 2816 concludendum
1964 2793 2017 2820 est,
2046 2790 2125 2816 etiam

1161 2844 1333 2870 Venetianam
1353 2851 1396 2871 an.
1418 2844 1488 2870 1574
1508 2844 1577 2870 illam
1606 2851 1664 2870 esse
1690 2847 1817 2870 secutam.
1837 2843 1959 2870 Ceterum
1980 2844 2058 2870 etiam
2079 2847 2126 2869 ter-

1161 2897 1223 2923 tiam
1243 2898 1386 2924 editionem
1406 2898 1579 2924 Venetianam
1599 2898 1795 2923 invenimusin
1824 2897 1969 2923 prodromo
1998 2903 2126 2923 memora-

1160 2954 1228 2983 tam,
1247 2958 1316 2985 quae
1335 2951 1489 2983 perhibetur
1507 2951 1602 2977 eodem
1623 2958 1691 2977 anno
1713 2951 1782 2976 1574
1811 2958 1869 2977 esse
1898 2950 2025 2982 impressa
2055 2951 2125 2982 apud

1161 3005 1272 3032 Petrum
1291 3004 1322 3031 de
1341 3004 1505 3031 Franciscss.
1526 3005 1577 3031 Sed
1597 3006 1661 3030 haec
1680 3012 1734 3030 non
1753 3004 1801 3030 nisi
1821 3011 1891 3030 novo
1912 3004 1986 3030 titulo
2015 3011 2028 3029 a
2053 3010 2126 3036 prae-

1161 3058 1230 3085 dicta
1250 3059 1312 3084 anni
1333 3058 1402 3084 ⁴574
1422 3057 1528 3084 videtur
1547 3058 1666 3091 differre,
1686 3058 1719 3084 de
1738 3065 1792 3091 quo
1812 3058 1874 3084 vide
1893 3058 1958 3083 infra
1980 3064 2003 3083 c.
2021 3059 2046 3084 2.
2066 3058 2081 3090 ἓ,
2104 3059 2126 3082 l.

1203 3164 1307 3193 Codices
1325 3165 1405 3192 huius
1424 3164 1606 3192 Gommenlzsrii
1625 3172 1682 3191 eum
1701 3164 1780 3192 textu
1798 3164 1922 3191 editionis
1940 3163 2084 3190 Vslzieanee

1530 3226 1546 3245 ο,
1564 3218 1638 3245 nobis
1656 3217 1756 3245 collati.

1233 3327 1258 3353 1.
1288 3325 1379 3354 Oloris
1400 3326 1485 3361 Aquis
1513 3327 1539 3352 in
1568 3327 1677 3352 archivo
1703 3326 1783 3352 nostri
1809 3325 1916 3358 Collegii
1946 3325 2069 3358 (donatus
2092 3324 2125 3350 ab

1162 3380 1253 3406 illustri
1284 3381 1314 3406 D.
1344 3382 1361 3407 1.
1393 3380 1570 3414 Spitthover)‚
1598 3380 1660 3406 olim
1680 3379 1855 3406 bibliothecae
1883 3379 1950 3405 sacri
1975 3378 2126 3404 Conventus

1998 3473 2017 3498 11
