2476 3921
75 844 145 867 ludas.

33 1966 141 1993 Epilogus.

13 2233 42 2255 De
56 2233 139 2255 audito·

14 2265 60 2281 rum
74 2262 139 2282 attra-

15 2286 83 2309 ctione
93 2289 139 2308 tan-

9 2315 83 2340 guntur
93 2319 143 2341 qua-

42 2341 97 2361 tuor.
103 2348 105 2350 >

763 208 956 240 COMMENT.
983 208 1018 240 ΙΝ
1044 207 1281 240 EVANGELlUM
1306 210 1423 242 LUCAE
1447 210 1479 242 C.
1506 211 1552 243 Vl.

257 297 309 329 40.
338 297 440 334 (Vers.
462 298 536 335 lo).
560 297 682 329 hidam
697 298 719 335 ¹,
740 297 793 338 qui
812 297 1040 338 interpretatur
1056 305 1130 328 con—

26 352 27 396 }
54 363 147 386 lacobus.
166 350 279 393 sitens‘,
308 350 433 388 lacobi,
463 354 499 382 ut
529 350 570 383 sit
593 350 624 382 in
648 350 829 392 exemplum
853 349 1064 382 strenuitatis
1094 349 1130 381 in

167 404 315 447 ayendm
337 404 482 437 Matthaei
500 403 629 445 quinto:
660 417 675 432 ιε
689 404 803 436 Luceat
820 404 876 435 lux
901 406 1007 436 vestra
1022 412 1127 435 coram

166 456 362 495 hominibus,
387 460 423 488 ut
446 456 572 489 videant
594 465 691 498 opera
719 459 824 489 vestra
848 455 929 488 bona
958 459 989 488 et
1012 454 1129 496 glorifi-

166 513 237 542 cent
255 509 374 542 Patrem
393 513 552 548 vestrum,
577 509 630 551 qui
649 509 678 541 in
696 509 790 541 caelis
805 513 853 541 est
869 523 898 540 ».
924 509 999 541 Hinc
1015 508 1129 541 Tobiae

165 562 350 596 duodecimo
367 563 400 595 ²:
434 576 449 591 a
476 563 649 596 Benedicite
673 563 840 596 Dominum
864 563 939 596 caeli
964 567 996 595 et
1022 571 1126 595 coram

165 616 314 649 omnibus
339 616 517 648 viventibus
540 616 731 649 confitemini
750 616 792 648 illi
807 630 836 648 υ.
863 616 938 649 Hinc
960 621 1022 654 est,
1043 616 1126 658 quod

166 669 196 702 in
213 669 436 702 'benedictione
462 669 553 702 iudae
576 669 693 702 dicitur
710 670 943 702 Deuteronomii
969 669 1128 711 trigesimo

165 723 273 755 tertio:
303 736 318 750 a
337 723 446 755 Manus
469 722 538 756 eius
571 723 757 765 pugnabunt
782 732 839 764 pro
861 732 916 761 eo,
949 727 980 756 et
1002 723 1128 759 adiutor

165 775 250 808 illius
262 779 372 808 contra
387 775 585 809 adversarios
598 776 666 809 eius
682 777 743 809 erit
755 788 790 815 »;
808 776 892 809 unde
910 776 974 818 ipse
990 776 1129 809 ascendit

164 833 236 862 ante
252 829 328 862 alios
353 829 382 861 in
400 829 571 871 proelium,
598 830 738 862 ludicum
759 830 869 872 primo.
889 849 930 854 -
950 831 987 862 Et
1006 831 1126 863 ludam

164 883 356 916 Iscariotem
371 883 395 922 ³,
420 883 473 925 qui
499 883 727 926 interpretatur
747 884 911 917 memoria
934 885 1071 922 mortis;
1096 885 1125 917 in

165 946 229 978 quo
264 936 450 978 intelligitur
484 938 666 979 exemplum
703 937 972 979 mortificationis
1000 940 1125 971 carnis.

166 989 250 1023 Unde
274 989 458 1032 Gregorius:
487 1003 500 1018 a
520 990 601 1022 Nihil
625 991 702 1023 adeo
726 992 808 1024 valet
824 991 862 1024 ad
886 992 1041 1025 domanda
1058 1002 1126 1024 car-

165 1041 213 1075 nis
229 1043 304 1077 vitia
319 1052 413 1085 quam
432 1043 584 1085 cogitare,
609 1044 712 1085 qualis
732 1054 806 1077 caro
830 1049 937 1078 nostra
959 1050 1027 1087 post
1046 1055 1127 1078 inor-

166 1100 227 1129 tem
252 1096 291 1129 sit
314 1096 422 1129 futura
439 1109 468 1127 ».
503 1097 538 1128 Et
563 1097 622 1130 hoc
649 1097 764 1130 debent
788 1098 907 1137 facere,
939 1112 954 1127 «
971 1108 1027 1137 ne,
1052 1108 1124 1131 cuni

163 1149 232 1182 aliis
256 1149 519 1192 praedicaverint,
537 1150 594 1192 ipsi
612 1151 738 1192 reprobi
764 1152 942 1185 efficiantur
960 1166 990 1191 n,
1015 1161 1127 1186 secun-

163 1203 238 1236 dum
256 1204 339 1246 quod
352 1204 427 1236 dicit
443 1204 607 1246 Apostolus
624 1205 745 1246 primae
757 1206 795 1238 ad
812 1206 990 1239 Corinthios
1003 1216 1085 1239 nono
1097 1207 1125 1239 ⁴²:

168 1270 182 1286 «
199 1257 322 1300 Castigo
345 1266 461 1299 corpus
486 1267 590 1290 meum
608 1272 622 1287 »
651 1263 726 1297 etc.;
753 1261 986 1302 propterquod
1010 1261 1126 1294 dicitur

163 1310 243 1343 infra
266 1310 469 1343 duodecimo:
492 1324 507 1339 «
521 1311 587 1344 Sint
612 1312 709 1344 lumbi
728 1313 822 1345 vestri
849 1314 1015 1355 praecincti
1030 1328 1045 1343 »
1066 1318 1125 1347 etc.

163 1363 221 1397 Sed
244 1364 319 1406 quia
352 1364 440 1396 inulti
465 1364 669 1406 decipiuntur
700 1369 731 1398 et
760 1367 931 1400 traduntur
962 1369 1126 1401 occasione

163 1417 368 1450 mortificatae
399 1418 520 1456 carnis,
553 1418 628 1460 quia
651 1419 723 1454 inde
746 1420 934 1466 gloriantur,
959 1425 996 1454 ut
1027 1422 1125 1464 hypo-

162 1471 273 1509 critae,
289 1471 343 1512 qui
374 1484 389 1499 «
405 1480 461 1504 ore
477 1471 683 1512 confitentur,
701 1482 734 1506 se
750 1469 842 1507 nosse
865 1475 981 1514 Deum,
998 1479 1029 1508 et
1045 1476 1126 1509 facto

164 1526 319 1565 negant»,
344 1523 517 1556 secundum
542 1524 626 1566 quod
650 1525 766 1558 dicitur
789 1526 826 1559 ad
852 1527 956 1559 Titum
983 1528 1124 1569 primo⁵;

161 1580 305 1616 caveant,
330 1586 369 1610 ne
382 1586 439 1619 per
461 1578 682 1620 proditionem
700 1580 880 1613 huiusmodi
902 1581 1124 1622 reprobentur,

161 1630 236 1673 quia
260 1630 310 1663 hic
327 1630 490 1663 subditur:
509 1631 575 1672 Qui
589 1630 657 1674 fuit
677 1633 839 1675 proditor.
857 1634 933 1667 Hinc
956 1638 1017 1673 est,
1039 1635 1123 1677 quod

160 1682 236 1716 dicit
252 1683 416 1725 Apostolus
440 1683 595 1717 secundae
611 1684 650 1717 ad
674 1685 874 1719 Timotheum
893 1687 986 1719 tertio
998 1687 1022 1725 ⁶,
1039 1687 1124 1729 quod

166 1749 181 1765 α
199 1736 228 1769 in
254 1736 432 1769 novissimis
464 1737 659 1779 temporibus
683 1738 845 1771 instabunt
878 1742 1019 1781 tempora
1042 1740 1124 1782 peri-

160 1790 281 1829 culosa,
305 1794 336 1823 et
360 1795 455 1823 erunt
480 1791 622 1824 homines
645 1800 678 1824 se
698 1792 782 1834 ipsos
804 1796 945 1826 amantes
962 1805 996 1832 »;
1021 1797 1052 1826 et
1075 1803 1123 1827 se-

160 1844 286 1887 quitur:
320 1857 335 1872 «
361 1844 554 1883 Proditores,
588 1846 745 1887 protervi,
777 1846 892 1886 invidi,
924 1847 1122 1889 voluptatum

159 1890 315 1930 amatores
339 1898 438 1940 magis
462 1907 556 1940 quam
574 1898 647 1942 Dei,
665 1899 816 1932 habentes
836 1900 971 1941 speciem
995 1901 1122 1943 quidem

159 1951 299 1993 pietatis,
325 1951 474 1984 virtutem
508 1955 612 1984 autem
645 1952 714 1985 eius
744 1953 936 1995 abnegantes
956 1968 986 1986 ι».
1019 1974 1057 1978 ——
1088 1956 1123 1988 Et

159 2004 237 2037 haec
270 2004 428 2045 pertinent
457 2004 495 2037 ad
527 2005 728 2048 exemptam,
753 2010 785 2039 et
813 2007 844 2039 hi
878 2013 952 2041 sunt
983 2014 1122 2051 quatuor

159 2057 320 2099 paralytici
346 2057 531 2099 portitores,
555 2067 654 2100 supra
673 2059 785 2102 quinto
798 2060 820 2093 ⁷.
846 2061 882 2094 Et
898 2061 929 2094 in
954 2062 1040 2095 hunc
1055 2072 1122 2096 mo-

158 2110 233 2143 dum
258 2110 420 2143 nominum
443 2111 687 2153 apostolicorum
705 2112 890 2156 designatur
910 2116 1121 2157 mysterium;

158 2167 189 2196 et
212 2163 256 2197 sic
281 2163 471 2197 terminatur
496 2165 572 2198 haec
598 2175 679 2207 pars.

247 2217 300 2250 [11.
325 2217 427 2258 (Vers.
460 2219 534 2258 17.).
562 2219 602 2251 Et
628 2219 824 2253 descendens
855 2231 933 2254 cum
964 2222 1031 2255 iltis
1061 2228 1120 2256 etc.

158 2270 228 2303 Post
251 2270 479 2313 discipulorum
496 2272 742 2314 segregationem
754 2299 756 2301 .
768 2274 931 2318 subiungit
956 2276 1006 2309 hic
1024 2277 1122 2310 Evan-

157 2323 267 2365 gelista
279 2324 476 2357 auditorum
485 2325 746 2365 attractionem⁸,
759 2336 854 2369 quam
864 2327 1013 2361 describit
1023 2329 1122 2362 Evan-

229 2496 238 2512 ¹
259 2498 371 2531 Vulgata
391 2500 427 2527 Et
444 2500 550 2527 Iudam.
570 2516 603 2520 —-
623 2502 736 2534 Hieron,
755 2504 803 2530 loc.
823 2504 866 2530 cit.
887 2512 951 2530 nov.
970 2509 1070 2531 testam.
1084 2505 1118 2530 de

158 2542 300 2569 Matthae0:
321 2543 416 2577 Iudas,
436 2545 576 2576 confitens,
599 2546 656 2572 sive
681 2547 839 2579 glorificans.
858 2562 894 2568 -
914 2548 1032 2574 Subinde
1059 2549 1118 2574 alle-

158 2591 235 2619 gatur
254 2588 340 2613 Matth.
360 2589 389 2621 5,
411 2590 451 2615 16.
471 2603 507 2609 -
525 2590 632 2616 inferius
650 2598 700 2623 pro
728 2588 897 2619 strenuitatis
918 2591 947 2625 [E
965 2591 1118 2626 firmitatis]

158 2631 186 2657 ἰη
203 2632 308 2665 agendo
324 2633 379 2659 Vat.
398 2633 580 2668 fraternitatis
600 2634 628 2661 in
646 2635 760 2670 ayendo.

229 2675 240 2690 ⁹
259 2677 335 2704 Vers.
354 2678 388 2710 6,
408 2682 466 2710 post
489 2686 569 2712 quem
599 2680 675 2706 Deut.
694 2681 742 2711 33,
760 2680 787 2705 7.
813 2683 838 2706 et
856 2680 935 2706 ludic.
957 2680 986 2711 l,
1011 2681 1032 2711 l,
1058 2679 1117 2712 ubi,

159 2724 262 2747 mortuo
281 2723 370 2753 losue,
389 2723 423 2748 ad
451 2724 633 2756 quaestionem
662 2724 775 2750 filiorum
805 2725 881 2750 lsrael
906 2724 941 2750 ad
960 2725 1117 2751 Dominum:

161 2774 173 2787 α
187 2765 251 2798 Quis
269 2767 393 2792 ascendet
410 2771 470 2793 ante
489 2775 537 2793 nos
549 2771 640 2793 contra
652 2767 837 2794 Chananaeum
852 2771 877 2794 et
889 2769 938 2794 erit
951 2769 1004 2795 dux
1018 2769 1076 2795 belli
1088 2771 1118 2795 »7

158 2809 284 2836 Dominus
302 2812 452 2842 respondit:
474 2821 486 2834 ιι
500 2812 577 2837 ludas
604 2812 727 2838 ascendet
738 2822 745 2844 ;
765 2819 841 2843 ecce,
861 2813 956 2839 tradidi
977 2816 1072 2840 terram
1092 2815 1118 2840 in

158 2859 251 2879 manus
264 2854 327 2885 ,eius
339 2865 363 2879 n.
384 2854 449 2880 lbid.
468 2863 494 2881 v.
516 2856 545 2881 4:
565 2856 741 2889 ascenditque
761 2857 851 2888 ludas,
869 2860 892 2883 et
908 2858 1015 2884 tradidit
1034 2859 1119 2885 Domi-

158 2904 207 2923 nus
225 2896 410 2924 chananaeum
430 2904 479 2937 eie.

228 2940 239 2955 ³
257 2941 341 2968 Codd.
360 2949 421 2969 cum
439 2941 517 2969 Card.
537 2944 614 2976 nug„
633 2945 662 2970 B.
690 2945 788 2972 Albert.
816 2950 841 2972 ct
858 2947 963 2979 Lyrano
982 2948 1117 2976 Scarioth.

157 2999 192 3005 —
210 2987 325 3019 Hieron,
344 2988 393 3013 loc.
413 2988 470 3013 cit.:
491 2988 637 3021 Iscariotlt,
653 2991 803 3017 memoriale
818 2991 934 3024 Domini3
947 2993 1021 3026 quod
1040 2994 1060 3020 si
1074 3002 1118 3020 vo-

159 3031 285 3058 luerimus
303 3032 392 3064 legere
415 3032 613 3066 [nachar-ioth,
642 3034 843 3067 interpretatur:
869 3040 910 3063 est
929 3045 1032 3065 merces
1051 3039 1116 3066 eius.

158 3077 244 3102 Potest
262 3079 349 3102 autem
369 3076 421 3102 dici
440 3081 466 3103 et
485 3078 612 3103 memoria
626 3079 726 3105 mortis.
746 3093 781 3099 —
800 3081 1008 3113 GregorffXVl.
1028 3084 1116 3110 Moral.

159 3120 195 3153 (in
214 3120 276 3154 tine)
296 3127 319 3146 c.
339 3121 383 3146 69.
402 3128 428 3147 n.
446 3122 494 3147 83:
515 3121 582 3148 Caro
602 3122 690 3156 itaque
709 3131 770 3150 cuni
798 3126 1006 3160 concupiscitur,
1027 3135 1118 3160 pense-

159 3169 215 3197 tur,
233 3165 299 3198 quid
317 3165 351 3191 sit
368 3166 509 3198 exanimis,
523 3170 548 3193 et
561 3167 726 3202 intelligitur,
745 3171 810 3203 quid
829 3174 939 3201 amatur.
960 3173 998 3198 Nil
1016 3173 1118 3206 quippe

158 3209 246 3242 sicad
266 3210 465 3237 addomandum
485 3211 677 3239 desideriorum
698 3216 840 3242 carnalium
861 3217 1008 3249 appetitum
1035 3218 1117 3251 valet,

158 3261 238 3288 quam
258 3257 286 3280 ut
305 3255 487 3294 unusquisque
507 3257 557 3283 hoc
575 3258 648 3291 quod
667 3259 760 3286 vivum
780 3260 879 3293 diligit,
898 3262 979 3295 quale
998 3262 1031 3288 sit
1049 3269 1117 3288 mor-

159 3303 233 3326 tuum
252 3301 352 3332 penset.

228 3342 240 3357 ⁴
259 3344 334 3370 Vers.
354 3345 396 3371 27.
415 3359 451 3365 —
470 3346 593 3380 Sequitur
611 3348 673 3374 Luc.
697 3349 741 3380 t2,
762 3349 803 3374 35.

228 3386 240 3402 ⁶
259 3388 334 3416 Vei-s.
354 3390 395 3416 16.
414 3404 450 3410 -
469 3391 597 3424 Superius
615 3392 697 3419 ΑΕΗ
716 3394 840 3420 omittunt
864 3396 889 3421 et
907 3394 1058 3422 traduntur
1077 3402 1118 3423 oc-

266 3441 295 3469 S.
314 3443 419 3469 Bonav.
431 3457 466 3463 —
480 3445 558 3471 Torn.
577 3446 629 3471 Vll.

2092 218 2152 250 145

1194 296 1304 337 gelista
1327 302 1481 339 quantum
1506 299 1544 331 ad
1562 304 1716 341 quatuor:
1742 307 1894 344 quantum
1913 305 1949 337 ad
1975 306 2155 347 discipulos

1194 350 1402 389 comitantes,
1420 356 1573 393 quantum
1591 353 1629 385 ad
1643 355 1784 396 populos
1795 364 2043 398 concurrentes,
2060 369 2154 401 quan-

1194 406 1260 435 tum
1283 403 1321 436 ad
1345 413 1471 437 causas
1495 405 1670 438 incitantes
1694 412 1725 440 et
1748 414 1902 450 quantum
1928 412 1964 443 ad
1990 412 2155 454 efficacias·

1191 455 1430 499 subsequentes.

1282 509 1441 550 Quantum
1471 511 1509 543 ad
1545 511 1726 554 discipulos
1761 517 1952 549 comitantes
1987 519 2078 552 dicit:
2117 522 2154 553 Et

1192 562 1408 601 descendens,
1433 563 1471 596 de
1496 569 1617 604 monte,
1642 576 1719 599 cum
1736 568 1820 607 iltis,
1839 570 1868 601 id
1885 575 1933 602 est
1949 580 2020 604 cum
2038 573 2154 607 duode-

1192 615 1251 648 cim
1270 616 1329 648 iam
1355 617 1480 655 electis,
1505 618 1558 660 qui
1579 619 1679 661 ipsum
1704 630 1829 663 semper
1845 625 2090 665 comitabantur,
2108 637 2155 660 se-

1173 682 1176 685 <
1191 670 1331 702 cundum
1357 670 1441 712 quod
1460 671 1541 704 infra
1565 673 1715 714 vigesimo
1732 676 1869 708 secundo
1883 678 1894 696 ⁹
1911 678 2042 711 dicitur:
2066 694 2079 708 a
2096 681 2155 713 Vos

1191 723 1280 761 estis,
1298 724 1351 765 qui
1372 725 1588 765 permansistis
1605 736 1728 760 mecum
1746 729 1775 760 in
1795 731 2018 771 tentationibus
2035 734 2111 767 meis
2124 748 2153 773 »ς

1191 777 1276 808 stetit
1292 777 1327 808 in
1344 776 1412 809 loco
1431 779 1627 820 campestri,
1646 780 1675 813 id
1694 785 1741 814 est
1765 782 1857 823 plano
1873 788 1904 816 et
1927 787 2101 825 communi,
2119 792 2155 820 ut

1190 839 1301 863 omnes
1317 834 1444 872 possent
1467 832 1617 865 accedere
1632 833 1670 866 ad
1694 835 1879 869 audiendam
1898 839 2098 880 sapientiam,
2120 846 2155 873 ut

1191 888 1318 926 possent
1340 884 1463 917 dicere:
1493 898 1508 913 «
1527 886 1618 926 Ecce,
1643 888 1822 922 audivimus
1845 900 1916 923 eum
1947 892 1976 924 in
2004 893 2153 935 Ephrata,

1190 938 1368 971 invenimus
1384 948 1456 971 eum
1476 940 1506 972 in
1524 941 1643 982 campis
1658 942 1754 975 silvae
1767 957 1797 975 ».
1816 944 1851 976 Et
1867 945 1911 977 sic
1924 946 2087 987 impletum
2108 954 2155 981 est

1191 991 1267 1024 illud
1294 992 1536 1025 Proverbiorum
1563 994 1684 1035 primo:
1713 1009 1727 1023 «ι
1746 996 1903 1038 Sapientia
1926 999 2002 1031 foris
2031 1002 2153 1042 praedi-

1190 1049 1256 1083 cat,
1282 1044 1311 1076 in
1340 1045 1449 1086 plateis
1471 1045 1524 1078 dat
1549 1056 1655 1080 vocem
1681 1057 1787 1088 suam,
1814 1050 1843 1082 in
1862 1052 1960 1093 rapite
1986 1053 2152 1087 turbarum

1190 1099 1371 1131 clamitat».
1390 1118 1432 1122 -—
1449 1100 1492 1132 Ad
1517 1100 1613 1133 buius
1636 1102 1806 1144 sapientiae
1823 1105 1990 1138 clamorem
2015 1108 2152 1141 attrabe-

1191 1152 1306 1185 bantur
1331 1153 1500 1195 praecipue
1531 1154 1694 1196 discipuli;
1727 1157 1809 1190 unde
1834 1159 1957 1191 subdit:
1984 1162 2021 1192 Et
2053 1162 2153 1195 turba

1190 1205 1431 1246 discipulorum
1457 1206 1548 1245 eius,
1574 1208 1692 1241 scilicet
1716 1211 1801 1242 stetit
1825 1220 1896 1244 cum
1922 1222 1967 1245 eo.
1995 1214 2054 1247 Hoc
2078 1215 2153 1247 dicit

1190 1262 1344 1300 quantum
1362 1258 1400 1291 ad
1416 1259 1494 1292 alios
1516 1259 1700 1302 discipulos,
1719 1264 1871 1305 Apostolis
1888 1266 2058 1300 inferiores.
2077 1268 2150 1300 Nam

1190 1312 1336 1354 perfectis
1358 1312 1521 1354 discipulis
1537 1314 1654 1347 fecerat
1677 1325 1854 1350 sermonem
1881 1319 1911 1351 in
1929 1321 2041 1352 montis
2061 1331 2152 1354 cacu-

1190 1366 1291 1404 mine,
1316 1366 1398 1398 sicut
1413 1366 1530 1399 dicitur
1546 1368 1690 1402 Matthaei
1710 1371 1821 1412 quinto
1835 1373 1877 1404 ¹0:
1900 1386 1914 1401 «
1935 1374 2046 1407 Videns
2070 1376 2153 1409 lesus

1190 1418 1317 1457 turbas,
1342 1419 1481 1452 ascendit
1504 1420 1536 1452 in
1555 1425 1710 1461 montem,
1736 1428 1766 1456 et
1790 1434 1861 1457 cum
1880 1426 2025 1465 sedisset,
2050 1437 2152 1461 acres-

1189 1476 1300 1503 serunt
1323 1471 1361 1503 ad
1385 1480 1458 1504 eum
1482 1472 1627 1515 discipuli
1652 1475 1720 1507 eius
1739 1490 1767 1508 υ.
1802 1477 1869 1510 lstis
1898 1488 1972 1511 vero
2005 1484 2151 1522 tanquam

1189 1524 1380 1566 imperfectis
1395 1526 1662 1567 condescendens,
1680 1538 1855 1563 sermonem
1869 1531 1942 1564 fecit
1958 1533 1988 1565 in
2001 1533 2152 1566 descensu

1188 1578 1227 1611 de
1250 1583 1373 1617 monte;
1399 1579 1483 1612 unde
1505 1579 1657 1614 dicuntur
1690 1583 1811 1622 turba,
1840 1585 1914 1626 quia
1930 1586 2020 1618 multi
2046 1592 2152 1625 erant,

1190 1632 1383 1664 multitudini
1419 1633 1512 1665 etiam
1540 1635 1718 1677 propinqui.
1752 1637 2039 1679 Multiplicabantur
2070 1640 2152 1672 enim

1188 1685 1332 1727 discipuli
1349 1685 1480 1725 Christi,
1498 1688 1580 1720 sicut
1595 1688 1711 1722 dicitur
1730 1690 1850 1724 loannis
1874 1695 2038 1734 quartoss:
2061 1706 2076 1721 «
2093 1695 2153 1726 Au-

1187 1739 1315 1771 dierunt
1340 1740 1512 1780 Pharisaei,
1541 1742 1617 1784 quia
1642 1743 1726 1776 lesus
1751 1744 1857 1786 plures
1888 1745 2057 1787 discipulos
2080 1747 2152 1780 facit

1188 1801 1282 1834 quam
1317 1793 1491 1826 loannes».
1518 1795 1586 1828 Istis
1618 1806 1678 1829 non
1704 1802 1794 1830 erant
1826 1803 1945 1831 secreta
1977 1801 2151 1833 communi-

1187 1846 1304 1885 canda,
1328 1847 1404 1889 quia
1426 1857 1468 1880 ex
1492 1849 1603 1881 auditu
1620 1855 1814 1883 secretorum
1840 1851 2150 1893 scandalizabantur3

1188 1900 1271 1932 unde
1295 1900 1411 1933 dicitur
1437 1902 1558 1935 loannis
1583 1907 1688 1942 sexto,
1714 1904 1800 1946 quod
1818 1913 1859 1937 ex
1878 1905 1988 1944 verbo,
2006 1906 2089 1947 quod
2105 1907 2151 1939 di-

1188 1958 1291 1993 xerat,
1321 1968 1336 1982 «
1356 1955 1445 1987 multi
1475 1955 1702 1998 discipulorum
1727 1957 1795 1989 eius
1823 1957 1969 1990 abierunt
2005 1963 2091 1991 retro
2120 1964 2150 1993 et

1187 2008 1248 2040 iam
1273 2018 1346 2041 cum
1371 2009 1424 2042 illo
1441 2019 1502 2042 non
1526 2010 1738 2042 ambulabant.
1757 2011 1792 2042 Et
1812 2011 1893 2043 dixit
1910 2012 1995 2045 lesus
2018 2013 2056 2045 ad
2073 2013 2152 2046 duo-

1186 2062 1304 2095 decim:
1329 2063 1475 2105 Nunquid
1500 2067 1531 2095 et
1555 2072 1609 2096 vos
1633 2064 1728 2096 vultis
1751 2064 1838 2097 abire
1855 2068 1895 2097 »2
1919 2074 1990 2098 cum
2008 2066 2075 2100 istis
2092 2068 2151 2100 sci-

1188 2116 1259 2149 licet
1282 2116 1454 2158 discipulis.

1275 2170 1328 2202 42.
1355 2169 1476 2202 Dicitur
1500 2169 1585 2202 Iesus
1607 2173 1715 2208 stare,
1740 2170 1794 2203 sed
1818 2180 1889 2204 cum
1915 2173 1984 2206 aliis
2004 2174 2151 2216 perfectis

1185 2223 1315 2260 sedere,·
1340 2223 1369 2254 in
1394 2231 1458 2264 quo
1476 2222 1629 2260 ostendit,
1653 2223 1737 2264 quod
1767 2237 1782 2252 «
1801 2233 1857 2257 nos
1874 2225 2032 2260 firmiores
2056 2228 2149 2261 debe-

1187 2284 1257 2308 mus
1280 2275 1507 2307 imbecillitates
1534 2274 1732 2308 infirmorum
1758 2277 1915 2311 sustinere
1939 2284 1970 2312 et
2001 2290 2062 2313 non
2094 2291 2149 2314 no-

1173 2322 1234 2361 'bis
1265 2329 1388 2370 placere
1405 2341 1440 2366 n,
1464 2327 1501 2360 ad
1527 2328 1681 2361 Romanos
1705 2329 1826 2363 decimo
1855 2332 1966 2374 quinto
1981 2334 2016 2366 ¹².
2043 2353 2083 2358 —
2111 2336 2150 2368 Et

1182 2503 1289 2531 casione
1307 2503 1485 2536 mortificatae
1503 2504 1608 2537 carnis,
1628 2505 1700 2538 quod
1721 2506 1804 2532 habet*
1813 2507 1885 2539 Vat,
1899 2512 1924 2534 et
1938 2509 1959 2534 D
1973 2509 2094 2541 primitus
2108 2512 2150 2536 lia-

1183 2548 1272 2574 buisse
1290 2548 1409 2579 videtur,
1429 2556 1461 2574 eo
1480 2553 1602 2581 excepto,
1630 2551 1703 2583 quod
1729 2558 1778 2583 pro
1803 2552 1982 2587 mortificatae
2007 2561 2146 2586 perperam

1182 2592 1287 2618 exhibet
1306 2592 1478 2633 mortificare.
1498 2594 1603 2627 Lectio,
1622 2602 1702 2628 quam
1724 2595 1858 2623 substituit
1877 2598 1992 2624 secunda
2014 2606 2108 2625 manus
2123 2601 2146 2625 in

1183 2637 1219 2668 D,
1243 2640 1283 2663 est
1308 2639 1386 2663 haec:
1413 2637 1466 2664 Sed
1493 2638 1574 2671 multi
1601 2638 1773 2674 decipiuntur
1803 2644 1828 2668 et
1856 2642 2006 2670 creduntur
2036 2644 2145 2679 mortisi-

1183 2688 1247 2708 care
1265 2689 1293 2708 se
1312 2682 1404 2709 caruis·
1423 2683 1576 2716 occasione,
1603 2684 1651 2719 qui
1669 2684 1730 2712 inde
1749 2685 1934 2719 =qloriantur...
1961 2687 2028 2714 unde
2053 2687 2145 2722 [etiam

1183 2727 1263 2753 ACG
1284 2727 1380 2753 habent
1401 2727 1480 2762 unde]
1500 2731 1626 2762 caveant,
1646 2737 1679 2756 ne
1703 2734 1751 2767 etc.
1785 2732 1849 2763 Vat,
1869 2733 1947 2758 codd.
1969 2733 2148 2759 contradicen-

1183 2771 1262 2803 tibus,
1282 2773 1463 2806 prosequitur:
1483 2780 1546 2800 cum
1570 2774 1709 2808 proditore
1729 2775 1798 2802 luda
1823 2770 2030 2808 mzmerenturj
2045 2777 2076 2803 de
2096 2784 2147 2811 quo

1183 2815 1226 2843 hic
1244 2816 1370 2844 subditur
1389 2822 1437 2844 etc.
1457 2832 1493 2838 —
1517 2819 1667 2845 Secundum
1696 2820 1735 2846 Du
1765 2820 1869 2853 Gange,
1896 2821 2056 2847 Glossarium
2087 2827 2147 2851 etc„

1183 2861 1291 2888 tradere
1310 2862 1381 2888 idem
1401 2867 1440 2889 est
1459 2871 1490 2890 ac
1511 2864 1639 2896 prodere,
1659 2865 1726 2891 sicut
1745 2869 1770 2891 et
1798 2865 1916 2892 traditor
1936 2867 2005 2892 idem
2026 2867 2095 2892 valet
2115 2873 2146 2892 ac

1183 2907 1310 2939 proditor.

1254 2949 1265 2965 ⁶
1286 2952 1361 2978 Vers.
1385 2954 1404 2977 1.
1425 2957 1449 2978 et
1469 2954 1499 2986 2,
1519 2957 1579 2985 post
1596 2961 1664 2987 quos
1683 2961 1709 2979 v.
1732 2954 1756 2980 4.
1775 2962 1830 2988 seq.

1255 2994 1264 3010 ⁷
1286 2997 1360 3023 Vers.
1384 2998 1424 3022 18.

1254 3039 1265 3055 ⁸
1286 3042 1343 3067 Vnt.
1361 3041 1543 3068 attentionem.

1253 3084 1265 3100 ⁹
1285 3087 1359 3112 Vers.
1378 3087 1420 3112 28.
1438 3100 1474 3105 —
1493 3087 1551 3112 Duo
1570 3094 1645 3120 seqq.
1664 3088 1711 3113 loci
1731 3092 1792 3114 sunt
1818 3089 1857 3114 ΡΞ.
1881 3089 1942 3120 131,
1962 3089 1987 3114 6.
2014 3088 2070 3120 (ubi
2098 3096 2145 3121 pro

1182 3137 1243 3156 eam
1264 3131 1380 3162 Vulgata
1397 3129 1437 3156 bis
1456 3131 1527 3163 eam)
1546 3134 1572 3156 et
1591 3131 1668 3156 Prov.
1692 3132 1718 3163 l,
1740 3132 1781 3157 20.

1254 3173 1276 3188 ¹⁰
1298 3175 1372 3200 Vers.
1397 3177 1416 3199 l.
1438 3175 1505 3201 Vide
1524 3175 1590 3200 infra
1610 3182 1634 3201 n.
1656 3176 1699 3201 62.
1719 3183 1774 3209 seq.
1789 3190 1824 3195 —
1839 3177 1945 3203 lnserius
1959 3184 2007 3209 pro
2026 3177 2145 3203 multitu-

1182 3218 1240 3245 dini
1259 3219 1315 3244 Vat.
1335 3218 1422 3245 multi.
1442 3220 1529 3245 Lectio
1548 3219 1670 3246 codicum
1689 3221 1799 3253 quidem
1820 3225 1859 3247 est
1878 3221 2001 3248 obscura.

1253 3262 1274 3277 ¹¹
1296 3264 1368 3289 Vers.
1393 3264 1414 3289 l.
1434 3277 1469 3283 —
1488 3263 1606 3290 Subinde
1625 3264 1753 3296 allegatur
1773 3266 1843 3291 loun.
1867 3266 1897 3297 6,
1918 3266 1960 3292 67.
1980 3273 2034 3300 seq.
2055 3280 2090 3286 --
2109 3267 2145 3292 ln-

1182 3306 1268 3333 terius'
1280 3311 1341 3340 post
1368 3307 1429 3334 Istis
1456 3315 1512 3335 non
1540 3310 1619 3335 erant
1647 3309 1705 3335 Vat.
1734 3310 1902 3343 prosequitur
1930 3310 2022 3337 omnia
2041 3312 2143 3337 secreta

1181 3351 1421 3385 communicanda,
1441 3352 1506 3387 quia
1525 3352 1674 3387 imperfecti
1691 3361 1727 3380 ecc
1745 3353 1842 3381 auditu
1862 3358 1910 3381 etc.

1254 3395 1276 3411 ¹¹
1297 3398 1370 3423 vers.
1392 3398 1414 3423 1.

2005 3451 2033 3474 19

2176 530 2277 551 Primum.

2172 2181 2301 2203 Notandum.
