2427 3872
441 223 495 251 lUD

146 271 226 301 caput
253 268 348 295 Christi
375 266 528 294 effuditib.
562 268 577 293 6
606 281 641 287 -
669 267 789 293 vendidit

145 313 278 340 Christum
291 312 326 338 ad
344 311 599 344 recompensandum
619 318 648 337 se
666 318 716 344 pro
728 318 788 343 pre-

146 357 182 384 tio
201 356 329 389 unguenti
348 353 411 383 ibid.

199 416 234 420 -
253 399 353 427 sciebat
369 401 473 431 locum,
491 407 545 433 quo
564 399 683 426 Christus
696 399 788 427 venire

145 445 246 472 solebat
267 445 299 471 Vl
320 444 371 470 478
397 445 422 470 3.
450 444 500 470 479
521 445 536 469 8
556 458 591 463 -
610 444 682 471 venit
700 444 734 470 ad
753 445 788 470 le-

145 497 205 517 sum
224 490 383 517 tradendum
402 489 478 522 quasi
497 489 592 515 ductor
604 489 716 516 aliorum
735 488 786 514 478

146 535 161 560 4
181 533 416 566 -lpraecedebat
443 533 553 559 ludaeos
580 536 705 566 tanquam
734 533 786 559 dux

145 584 333 611 perversorum
361 580 388 604 et
415 577 488 604 duxit
506 584 552 603 eos
571 577 605 603 ad
624 577 721 608 locum,
739 575 787 602 ubi

145 625 201 649 erat
219 622 336 649 Christus
355 622 407 648 559
427 622 462 647 60

197 680 233 687 —-
260 666 486 699 appropinquavit
517 666 573 692 lesu
606 665 640 691 ad
669 664 787 690 dandum

136 711 301 744 'proditionis
319 710 425 742 signum
445 710 489 736 Vll
509 709 560 735 559
580 710 615 734 60
633 723 669 728 -
688 715 736 741 per
754 708 788 734 si-

143 762 228 788 gnum
256 755 355 781 amoris
383 754 559 780 manifestavit
587 753 786 786 perversitatem

143 799 232 826 cordis
250 797 284 825 ib.
304 799 334 824 61
350 810 393 819 ¹-
412 796 548 830 susceptio
567 798 650 824 osculi
662 804 694 823 ex
712 800 787 830 parte

144 844 201 870 eius
220 843 268 870 t'uit
295 843 378 869 mirae
405 842 550 869 dolositatis
568 841 632 869 ibid.
653 857 688 860 —
711 842 786 875 quasi

144 887 280 914 hominem
310 887 389 913 tradit
416 893 497 920 quem
515 886 609 913 Filium
638 886 684 912 Dei
712 886 786 912 novit

144 932 206 960 ibid.

196 990 233 996 —-
255 976 416 1003 Poenitentia
445 976 525 1002 iudae
553 976 600 1002 ruit
623 973 785 1008 'poenitentia

144 1021 335 1054 desperationis
354 1021 387 1047 Vl
408 1021 459 1047 438
478 1027 506 1046 v.
525 1021 540 1046 2

198 1080 233 1084 -
256 1065 349 1098 periit,
376 1065 439 1098 quia
463 1064 541 1090 datus
568 1063 671 1090 Christo
696 1070 785 1091 secun-

142 1110 207 1137 dum
227 1112 392 1143 praesentem
413 1109 537 1135 iustitiam
557 1111 657 1135 tantum
678 1109 710 1135 Vl
732 1108 784 1134 329

140 1154 177 1181 64
196 1168 231 1175 -
249 1162 302 1180 11011
320 1154 398 1186 periit
422 1160 485 1180 casu
512 1160 561 1179 nec
588 1152 684 1179 Christi
703 1153 782 1185 negli-

142 1199 244 1232 gentia,
263 1199 311 1225 sed
329 1198 438 1231 propria
456 1198 553 1224 malitia
569 1197 619 1223 472
633 1197 666 1223 24
680 1211 715 1216 -
727 1204 785 1230 per-

141 1243 210 1270 didit
228 1243 316 1269 omnia
335 1245 361 1269 et
380 1242 488 1268 incurrit
511 1242 684 1268 calamitatem
704 1244 784 1268 aeter-

141 1294 203 1314 nam
223 1288 267 1314 Vll
296 1287 347 1314 549
373 1287 406 1313 32
425 1301 461 1307 -·
478 1287 512 1313 de
537 1286 698 1319 apostolatus
718 1287 784 1312 sasti-

142 1332 187 1364 gio
206 1332 233 1357 in
250 1331 408 1364 proditionis
427 1333 553 1356 tartarum
572 1330 668 1356 labitur
683 1330 735 1355 559
749 1330 777 1355 61

195 1377 272 1403 lunsx
290 1390 326 1394 —
345 1375 441 1401 ludicis
453 1375 570 1401 otllcium
584 1374 730 1407 specialiter
743 1372 784 1400 est

140 1421 168 1447 in
187 1421 274 1447 causis
292 1420 385 1452 populi
405 1419 437 1445 Vl
459 1420 509 1445 168
530 1426 556 1445 v.
574 1418 591 1444 7
612 1433 646 1437 -
665 1419 705 1445 Ad
719 1419 783 1444 iudi-

141 1471 186 1491 ces
204 1467 305 1497 spectat
323 1465 410 1490 locum
429 1463 571 1489 desistendi
591 1463 655 1489 dare
668 1470 683 1488 a
703 1470 782 1489 causa

140 1509 269 1535 malitiosa
289 1509 340 1535 356
361 1508 393 1533 ,14
413 1522 448 1526 —
473 1507 594 1533 Officium
614 1507 707 1533 iudicis
735 1510 783 1539 est,

141 1556 170 1580 ut
188 1554 287 1580 relevet
305 1559 448 1585 oppressos
473 1554 498 1578 et
521 1552 612 1584 puniat
631 1552 783 1584 opprimen-

140 1600 180 1623 tes
208 1597 251 1624 Vll
281 1596 332 1622 450
352 1597 367 1622 8
396 1611 432 1615 —
460 1596 576 1622 officium
606 1603 684 1622 suum
704 1596 783 1622 debet

141 1643 227 1668 facere
246 1648 300 1667 non
319 1649 349 1668 ex
363 1641 425 1667 odio
439 1647 576 1673 personae,
589 1640 636 1666 sed
649 1647 680 1667 ex
692 1647 783 1666 amore

140 1686 253 1712 iustitiae
271 1685 333 1712 ibid.
352 1699 388 1705 --
407 1692 529 1711 exercere
547 1684 627 1711 debet
640 1685 782 1711 vindictam

139 1733 248 1763 propter
266 1731 351 1756 zelum
371 1730 445 1763 legis,
458 1736 510 1755 non
523 1732 632 1761 propter
644 1730 782 1755 vitandum

140 1775 257 1801 taedium
283 1775 370 1807 precis
397 1781 528 1806 personae
556 1772 699 1806 oppressae
719 1773 782 1800 ibid.

140 1833 175 1838 -
193 1819 260 1845 Boni
278 1818 371 1845 iudicis
392 1821 432 1845 est.
447 1819 626 1845 condemnare
644 1821 783 1850 peccantes

140 1866 167 1890 et
184 1870 309 1890 excusare
327 1866 353 1889 et
371 1863 512 1889 defendere
531 1863 682 1889 innocentes
700 1862 752 1888 567
766 1863 782 1888 5

140 1921 176 1927 -
194 1907 281 1934 bonus
299 1914 351 1934 non
371 1906 451 1933 debet
477 1907 569 1933 timere
587 1907 621 1933 Vl
641 1907 686 1932 491
712 1907 728 1931 9
746 1921 782 1925 —

140 1952 261 1984 perversi
279 1954 340 1978 sunt
358 1959 390 1978 ex
417 1952 526 1984 timore,
545 1951 620 1982 odio,
644 1951 782 1977 dilectione

140 1999 166 2023 et
184 1996 293 2023 avaritia
307 1996 359 2023 353
379 1996 413 2022 74
426 2010 458 2015 —-
474 1996 541 2022 solet
559 1995 586 2021 in
598 1995 704 2029 sublimi
723 1996 781 2025 loco

139 2040 232 2067 sedere
252 2040 303 2066 493
324 2039 357 2066 44
487 2075 493 2077 ί

191 2098 229 2105 -
246 2091 378 2117 supernus
396 2084 485 2111 omnia
503 2084 590 2116 videt,
613 2083 702 2110 omnia
729 2083 780 2110 dis-

138 2129 233 2162 quirit,
261 2129 350 2155 omnia
370 2129 462 2161 puniet
489 2129 522 2155 Vl
550 2129 601 2154 628
622 2127 637 2153 4
655 2142 691 2146 —
714 2128 779 2154 inte·

138 2173 189 2199 rim
219 2180 272 2199 non
299 2180 430 2205 apparens
460 2172 548 2199 omnia
579 2172 669 2205 videt,
697 2179 779 2205 appa-

137 2224 198 2243 rens
217 2217 305 2243 omnia
321 2216 448 2243 iudicabit
466 2217 510 2242 Vll
529 2216 581 2242 443
601 2216 635 2243 52
655 2231 690 2235 -
708 2216 778 2243 Chri-

137 2264 194 2288 stus
211 2261 295 2288 noluit
323 2268 381 2287 esse
408 2261 487 2287 iudex
515 2261 599 2287 litium
624 2264 650 2287 et
677 2260 778 2287 divisor

138 2301 294 2332 facultatum*
308 2305 360 2331 316
379 2306 413 2331 23

191 2350 305 2375 iunicum
322 2363 358 2368 -—
371 2350 397 2375 ln
411 2348 488 2375 nobis
500 2352 539 2375 est
551 2342 679 2375 iudicium
693 2349 778 2382 quod-

137 2393 200 2420 dam
227 2393 335 2420 rationis
362 2393 530 2419 deliberantis
557 2397 583 2420 et
607 2394 778 2424 conserentis,

137 2437 481 2471 quoddamacstimationis
500 2437 533 2463 Vl
553 2437 586 2463 24
605 2445 633 2470 q.
653 2438 668 2463 4
688 2451 724 2457 -
741 2438 779 2463 10-

138 2482 294 2508 dicatorium
314 2482 431 2507 naturale
451 2481 578 2507 insertum
598 2481 698 2509 homini
718 2481 780 2507 diri-

138 2526 176 2558 git
194 2533 255 2552 eum
284 2526 319 2552 ad
346 2526 492 2552 videndum
521 2528 547 2552 et
565 2526 716 2558 eligendum
736 2526 779 2552 Vll

138 2570 189 2596 334
209 2570 243 2596 84
262 2584 297 2590 —
315 2570 476 2602 pervertitur
494 2577 508 2596 3
528 2571 663 2596 voluntate
676 2570 722 2596 Dei
736 2570 778 2596 de-

138 2614 260 2641 clinando
280 2615 312 2640 Vl
332 2615 383 2640 342
404 2614 437 2640 54
451 2629 486 2633 -
499 2615 608 2641 rationis
626 2621 706 2647 saepe
719 2622 779 2647 per-

137 2658 255 2685 vertitur*
266 2665 313 2691 per
331 2659 454 2685 affectum
475 2659 508 2685 23
527 2666 553 2685 v.
575 2659 608 2684 40
627 2673 663 2678 -
676 2659 779 2685 Veritas

137 2701 280 2729 substernit
297 2702 347 2729 sibi
367 2703 494 2729 iudicium
514 2703 548 2729 45
567 2711 592 2736 q.
614 2704 624 2729 4

125 2772 128 2777 ,
190 2760 225 2766 -
244 2747 379 2773 iudiciaria
399 2748 526 2773 severitas
551 2750 591 2773 est
615 2747 716 2773 securis
744 2747 778 2773 ad

137 2791 317 2823 exstirpandas
330 2791 439 2818 arbores
452 2792 626 2818 infructuosas
641 2792 682 2817 Vll
695 2791 729 2817 74
744 2792 778 2817 20

136 2849 172 2853 ——
190 2835 328 2862 Iudiciaria
356 2839 472 2868 potestas
496 2836 530 2862 79
557 2835 590 2861 40
610 2850 645 2853 -
663 2838 703 2861 est
722 2835 779 2861 vin·-

137 2879 206 2906 dicta
226 2880 258 2906 Vl
279 2880 330 2906 342
359 2880 393 2906 55
419 2888 476 2912 arg.
497 2881 506 2905 4
530 2894 566 2899 -
584 2882 685 2906 rectum
710 2887 779 2906 com-

137 2926 245 2955 paratur
264 2924 355 2956 galeae
374 2924 425 2950 442
445 2931 471 2949 v.
492 2925 525 2950 20
554 2939 589 2942 -
616 2924 778 2956 significatur

137 2974 185 2999 per
204 2967 321 3000 gladium
341 2968 393 2995 612
414 2968 429 2994 4
448 2983 483 2987 -
509 2968 655 2994 iudicantes
674 2971 779 3000 portant

138 3012 255 3044 gladium
274 3012 452 3043 discretionis,
480 3012 646 3043 definitionis,
675 3013 779 3039 ultionis

138 3055 172 3083 ib.
192 3056 207 3082 3

189 3112 226 3119 -—
246 3100 295 3126 Per
323 3100 450 3127 iudicium
479 3102 564 3133 potest
583 3100 690 3132 intelligi
710 3101 777 3126 divi-

137 3150 201 3169 num
220 3147 392 3177 praeceptum
415 3145 456 3170 vel
482 3147 622 3177 praecepta
648 3145 777 3171 iudicialia

137 3188 181 3213 Vll
200 3188 252 3214 305
272 3189 304 3213 86
324 3203 359 3207 -
378 3189 496 3221 primum
509 3192 534 3214 et
548 3188 725 3220 principaliter
738 3191 778 3214 est

138 3231 286 3258 iaciendum
305 3231 368 3259 ibid.
385 3246 421 3252 —
439 3233 549 3259 Nomine
572 3232 663 3259 iudicii
681 3233 778 3265 simpli-

136 3275 200 3302 citer
213 3275 364 3309 intelligitur
376 3277 503 3304 iudicium
517 3283 609 3303 verum
623 3277 665 3303 vel
679 3277 776 3303 iustum

137 3319 171 3345 Vl
185 3319 235 3346 467
252 3327 278 3346 v.
298 3321 313 3346 3
326 3334 362 3340 —
374 3321 515 3354 aliquando
528 3321 674 3353 appellatur
688 3321 776 3348 iudicii

242 3372 275 3400 S.
291 3373 397 3401 Bonav.
407 3387 443 3394 —
457 3374 535 3401 Tom.
547 3375 603 3401 vll.

815 179 853 211 IN
876 177 1170 213 COMMENTARIOS
1193 179 1222 210 S.
1247 178 1473 212 SCRIPTURAE

2079 185 2142 216 777

1793 226 1846 252 tuo

825 273 914 298 causa,
944 266 1085 299 aliquando
1116 266 1212 291 iudicis
1244 267 1386 298 sententia,
1421 267 1467 293 ali·
1504 268 1524 293 A
1544 269 1688 294 temeritate
1708 269 1840 295 iudicandi
1859 277 2017 296 revocamur
2037 278 2083 303 per
2100 272 2144 297 do-

825 311 934 344 quando
953 310 1060 337 iudicati
1079 317 1164 342 poena
1184 311 1236 336 522
1255 318 1281 336 ν.
1302 311 1335 336 49

878 368 914 374 -
932 355 1048 381 Potestas
1068 354 1200 381 iudicandi
1215 358 1254 380 est
1267 355 1411 388 potestatis,
1424 362 1467 381 au-

825 399 950 425 ctoritatis
960 401 985 425 et
998 399 1135 424 ministerii
1146 399 1179 424 Vl
1190 399 1241 424 342
1253 399 1287 425 55
1297 414 1332 417 -
1347 399 1387 425 Ad
1403 400 1466 426 iudi-

825 443 939 470 candum
950 443 1093 476 requiritur
1099 443 1240 469 auctoritas
1246 446 1272 469 et
1281 443 1404 469 discretio
1417 444 1467 469 463

825 494 851 514 v.
866 488 899 513 40
912 501 946 506 —
959 487 1039 513 ludici
1058 487 1204 513 necessaria
1217 490 1256 513 est
1268 488 1395 519 sapientia
1416 488 1467 514 445

825 539 851 558 v.
864 532 880 557 3
896 545 932 551 --
950 531 989 558 Ad
1009 531 1107 557 lustum
1134 531 1261 557 iudicium
1278 539 1311 557 ex
1331 536 1406 564 parte
1431 533 1468 558 iu-

825 575 891 602 dicis
909 575 1079 608 requiruntur
1097 578 1212 608 quatuor
1237 575 1284 601 571
1310 575 1325 601 4
1351 591 1386 594 -
1406 577 1467 603 Sine

825 619 952 651 sapientia
971 619 998 645 in
1011 620 1162 651 cognitione
1174 619 1302 646 iudicium
1318 621 1412 646 iudicis
1426 623 1466 647 est

825 664 1007 696 temerarium,
1026 664 1083 690 sine
1102 664 1197 690 iustitia
1215 664 1242 690 in
1266 665 1408 690 intentione
1427 667 1466 690 est

824 708 960 740 iniquum,
978 708 1034 734 sine
1063 708 1339 740 irreprehensibilitate
1358 709 1384 734 in
1404 715 1465 734 con-

825 752 972 779 versatione
990 755 1030 778 est
1047 755 1294 784 praesumtuosum,
1307 753 1364 779 sine
1377 756 1465 780 aucto-

824 796 900 823 ritate
917 797 943 822 in
963 797 1130 823 exsecutione
1148 801 1188 823 est
1207 801 1362 830 usurpatum
1382 797 1416 824 ib.
1440 798 1465 830 5,

824 841 854 872 6,
873 841 938 867 7-
951 841 991 867 Ad
1004 835 1102 868 iustum
1124 842 1251 868 iudicium
1270 842 1412 875 requiritur
1432 850 1462 869 ex

824 888 898 917 parte
917 886 1001 918 ipsius
1020 887 1109 912 iudicii
1129 887 1261 920 inquisitio
1275 887 1402 919 diligens,
1421 888 1464 913 de-

824 930 906 957 finitio
924 931 1008 964 iusta,
1035 931 1167 958 exsecutio
1196 934 1332 965 constans,
1362 932 1464 964 punitio

823 975 942 1001 modesta
971 974 1004 1002 ib.
1033 976 1048 1000 9
1068 990 1103 994 »-
1124 977 1149 1001 111
1174 976 1271 1002 iudicio
1300 975 1379 1002 debet
1406 983 1464 1002 esse

825 1019 937 1045 discreta
956 1020 1114 1046 examinatio
1134 1020 1185 1046 356
1208 1020 1240 1046 44
1260 1020 1288 1046 3·
1308 1035 1342 1039 -
1362 1021 1389 1046 ln
1402 1021 1465 1047 iudi-

823 1064 864 1091 cio
882 1066 922 1089 est
941 1064 1062 1096 impietas
1081 1067 1210 1098 quantum
1240 1065 1273 1091 ad
1297 1066 1465 1091 examinatio—

823 1115 884 1134 nem
903 1115 999 1134 causae
1018 1108 1055 1135 34
1073 1116 1098 1134 ν.
1121 1109 1152 1134 46

876 1167 910 1171 -
928 1153 986 1179 sive
1011 1153 1107 1179 iustitia
1132 1154 1274 1187 requiritur
1302 1161 1317 1180 a
1344 1155 1398 1180 Deo
1426 1161 1464 1180 re-

821 1200 913 1229 spectu
931 1198 973 1224 sui
992 1198 1036 1224 Vll
1057 1198 1108 1224 305
1128 1199 1162 1224 86
1181 1212 1217 1218 -
1235 1199 1366 1231 Sapientis
1379 1201 1418 1225 est
1430 1199 1465 1225 de

821 1241 946 1268 omnibus
966 1242 1082 1268 iudicare
1102 1243 1134 1268 Vl
1155 1243 1188 1268 63
1208 1251 1235 1276 q.
1255 1244 1265 1268 4
1289 1257 1324 1263 -
1338 1244 1462 1275 Spiritua-

821 1286 852 1311 lis
871 1287 951 1312 homo
971 1286 1127 1312 diiudicabit
1145 1287 1233 1313 omnia
1247 1288 1276 1313 in
1293 1288 1392 1314 iudicio
1413 1288 1458 1313 444

821 1338 848 1356 ν.
868 1331 878 1356 4
901 1345 937 1349 —
961 1330 1064 1363 Corpus
1092 1332 1202 1357 mortate
1232 1332 1402 1358 iudicandum
1426 1335 1465 1358 est

821 1375 918 1400 iudicio
938 1375 1092 1406 disciplinae
1111 1375 1241 1401 discretae
1258 1375 1322 1402 ibid.
1340 1390 1376 1396 -
1389 1377 1463 1402 Prae-

820 1419 864 1444 lati
877 1419 992 1445 iudicant
1002 1422 1097 1445 terram
1113 1419 1209 1445 iudicio
1222 1419 1329 1452 publico
1344 1421 1394 1446 440
1409 1428 1434 1446 v.
1449 1421 1459 1445 4

874 1477 909 1482 -
927 1464 1007 1489 Actus
1027 1464 1115 1490 iudicii
1134 1467 1195 1490 sunt
1222 1464 1394 1496 examinatio,
1418 1472 1465 1497 ap-

820 1506 956 1540 probatio,
975 1508 1119 1544 sententiae
1138 1509 1199 1534 latio
1218 1509 1275 1535 sive
1294 1509 1410 1535 definitio
1430 1510 1462 1535 Vl

821 1552 872 1577 343
892 1551 926 1577 56
945 1567 980 1570 -
999 1552 1039 1578 Ad
1069 1553 1166 1578 iustum
1196 1553 1322 1579 iudicium
1351 1560 1464 1579 concur-

820 1599 882 1622 runt
901 1596 985 1622 iustus
1003 1597 1121 1629 animus,
1141 1597 1208 1623 iusta
1236 1604 1316 1623 causa
1336 1600 1361 1623 et
1379 1598 1464 1624 iustus

820 1641 886 1667 ordo
905 1641 1079 1674 inquisitionis
1098 1641 1150 1667 352
1163 1641 1198 1667 74
1211 1655 1247 1661 —
1260 1642 1400 1676 aequitatis,
1412 1649 1463 1668 ma·

820 1692 883 1711 nare
901 1685 982 1711 debet
1000 1693 1031 1712 ex
1056 1686 1153 1719 forma,
1176 1686 1262 1718 figura
1287 1689 1313 1713 et
1337 1685 1464 1720 qualitate

820 1730 857 1755 rei
876 1730 920 1756 Vll
939 1730 986 1755 5ll
1011 1730 1044 1756 30
1064 1744 1100 1751 --
1119 1733 1221 1757 certum
1247 1730 1360 1757 habetur
1380 1731 1462 1765 inqui-

820 1774 913 1800 sitione
933 1774 966 1800 97
987 1775 1020 1800 35
1038 1788 1074 1794 -
1102 1774 1169 1801 Cum
1197 1776 1347 1801 maturitate
1375 1782 1464 1808 proce-

819 1818 939 1844 dendum
958 1821 998 1845 est
1016 1819 1049 1845 ad
1070 1819 1197 1845 iudicium
1216 1818 1279 1846 ibid.
1350 1848 1352 1851 ,

872 1877 908 1881 --
926 1865 1027 1895 spectat
1055 1863 1199 1890 humilibus
1228 1864 1270 1890 Vll
1297 1864 1348 1891 552
1376 1864 1408 1890 40
1427 1878 1463 1884 -

819 1907 845 1932 ln
875 1907 971 1933 iudicio
996 1915 1048 1933 non
1076 1911 1115 1934 est
1143 1908 1306 1935 deviandum
1332 1916 1347 1934 a
1366 1909 1462 1941 pietate

820 1950 871 1976 459
891 1951 925 1977 87
944 1966 979 1970 -
997 1952 1091 1978 Modus
1111 1952 1244 1978 iudicandi
1263 1956 1302 1979 est
1314 1953 1460 1979 secundum

818 1993 1019 2029 benignitatem,
1051 1997 1218 2022 severitatem
1248 2000 1274 2023 et
1301 1997 1460 2030 aequitatem

817 2039 851 2065 Vl
872 2039 922 2065 489
933 2039 967 2065 70
981 2054 1016 2058 -
1031 2041 1108 2066 ludex
1122 2041 1238 2073 inspecta
1252 2042 1347 2073 pietate
1366 2042 1411 2067 Dei
1423 2043 1461 2068 10-

817 2083 926 2110 dicantis
939 2084 1040 2110 discere
1054 2084 1134 2111 (lebet
1146 2085 1270 2117 pietatem
1281 2085 1306 2111 in
1320 2086 1460 2112 iudicando

815 2128 880 2154 alios
900 2129 951 2153 490
971 2136 997 2154 v.
1017 2130 1051 2154 22
1070 2143 1105 2149 -
1124 2129 1296 2155 iudicandum
1316 2133 1355 2156 est
1375 2137 1459 2155 exem-

816 2173 860 2204 plo
879 2172 1038 2199 iudiciorum
1057 2173 1104 2199 Dei
1133 2177 1159 2200 et
1186 2174 1349 2206 regulatione
1368 2174 1457 2206 legum

816 2219 983 2243 aeternarum
1006 2217 1054 2242 467
1074 2225 1100 2242 v.
1120 2218 1136 2242 5

870 2276 904 2280 —
923 2262 1011 2288 Bonus
1031 2262 1109 2287 iudex
1128 2269 1179 2287 non
1200 2262 1297 2288 iudicat
1309 2263 1455 2288 secundum

816 2305 907 2331 taciem
927 2313 1112 2338 personarum,
1132 2306 1180 2332 sed
1198 2307 1345 2332 secundum
1365 2307 1456 2332 merita

816 2349 849 2375 Vl
869 2349 921 2376 345
941 2351 974 2376 32
993 2365 1028 2369 —
1048 2351 1103 2376 Non
1122 2354 1161 2376 est
1180 2351 1351 2376 iudicandum
1365 2358 1458 2377 secun-

815 2393 881 2420 dum
900 2395 1042 2427 exteriora,
1062 2395 1128 2421 sicut
1156 2395 1276 2421 homines
1297 2396 1395 2422 iaciunt
1414 2396 1457 2421 Vll

817 2438 868 2463 336
889 2438 903 2463 3
923 2452 959 2458 ——
979 2445 1004 2464 tn
1024 2439 1121 2464 iudicio
1135 2446 1187 2465 non
1200 2442 1240 2465 est
1252 2440 1386 2472 sequenda
1395 2446 1457 2483 'sen-

817 2482 894 2508 tentia
914 2482 1007 2508 turbae
1027 2483 1059 2509 Vl
1081 2483 1130 2508 493
1153 2483 1185 2508 47
1204 2497 1240 2503 —-
1259 2484 1391 2510 Sententia
1414 2484 1457 2510 da-

817 2526 956 2552 mnationis
968 2527 1050 2552 invite
1068 2530 1094 2553 et
1112 2535 1173 2553 cum
1193 2528 1284 2554 dolore
1303 2528 1382 2554 debet
1397 2535 1458 2560 pro-

818 2570 879 2596 ferri
898 2571 949 2596 356
971 2571 1003 2596 i4
1022 2585 1057 2590 —
1077 2571 1208 2597 Sententia
1227 2579 1289 2598 cum
1309 2573 1457 2599 maturitate

816 2618 855 2640 est
874 2615 1031 2646 proferenda
1051 2614 1112 2642 ibid.

868 2672 904 2678 —
923 2659 1051 2685 Dominus
1070 2660 1198 2686 interdicit
1217 2660 1343 2686 iudicium
1357 2661 1456 2687 malum

816 2705 841 2728 et
866 2704 1032 2729 commendat
1059 2704 1186 2730 iudicium
1215 2705 1313 2731 iustum
1342 2706 1374 2732 Vi
1404 2705 1455 2731 570

817 2755 842 2773 v.
862 2747 895 2773 24
923 2761 958 2767 -
987 2749 1086 2774 11131οι11
1115 2752 1154 2774 est
1181 2749 1314 2781 multiplex
1339 2749 1401 2776 ibid.
1421 2764 1456 2767 —

816 2792 915 2817 malum
934 2795 973 2818 est
992 2793 1082 2824 triplex
1110 2800 1139 2819 ex
1169 2796 1243 2825 parte
1268 2794 1373 2819 iudicati
1394 2793 1455 2820 ibid.

816 2835 945 2862 —Causa
966 2836 1053 2862 iudicii
1073 2837 1134 2862 mali
1152 2841 1191 2862 est
1209 2837 1373 2870 quadruplex
1394 2837 1455 2864 ibid.

816 2894 851 2898 —
876 2881 1066 2913 quodcumque
1089 2888 1141 2906 non
1166 2880 1321 2913 prohibetur
1341 2882 1383 2907 Vll
1404 2882 1455 2907 459

817 2925 850 2949 88
870 2939 905 2943 -
924 2925 1086 2958 quadruplex
1106 2928 1145 2950 est
1163 2924 1225 2951 ibid.

871 2982 907 2988 —
925 2969 1043 2994 Hominis
1062 2975 1114 2994 non
1134 2971 1172 2994 est
1190 2969 1306 2994 iudicare
1325 2969 1357 2994 Vl
1376 2969 1408 2994 84
1428 2976 1453 3002 q.

816 3027 850 3032 —
870 3013 954 3039 Homo
982 3020 1036 3039 non
1063 3012 1143 3039 debet
1162 3013 1278 3039 iudicare
1306 3016 1365 3039 ante
1391 3016 1455 3038 tem-

815 3064 866 3089 pus
886 3058 919 3083 35
939 3064 964 3082 v.
986 3057 1018 3083 47
1037 3071 1072 3076 -
1091 3057 1216 3083 Viventes
1241 3064 1292 3083 non
1319 3057 1455 3083 subiacent

815 3102 912 3127 iudicio
931 3104 1020 3127 nostro
1042 3102 1085 3126 441
1110 3108 1136 3126 v.
1157 3102 1167 3126 4

868 3160 902 3164 -
922 3145 978 3171 Νο11
997 3148 1036 3171 est
1050 3148 1147 3171 temere
1160 3145 1331 3171 iudicandum
1347 3146 1388 3171 Vll
1402 3145 1452 3171 336

816 3190 830 3215 3
840 3202 877 3208 -
889 3189 939 3222 Qui
951 3192 1049 3215 temere
1059 3189 1156 3215 iudicat
1163 3192 1202 3215 est
1213 3189 1318 3221 iniquus
1326 3189 1350 3214 in
1358 3189 1452 3221 cogita-

815 3233 894 3264 tione,
905 3233 1060 3259 indiscretus
1070 3233 1095 3258 in
1105 3232 1243 3263 locutione,
1256 3233 1420 3258 inordinatus
1429 3233 1452 3258 in

815 3277 966 3309 operatione
986 3277 1031 3302 464
1056 3277 1089 3302 96
1117 3291 1150 3295 -
1169 3276 1305 3302 temeraria
1325 3277 1454 3308 praecipi-

814 3324 868 3348 tant
881 3321 999 3347 homines
1009 3321 1035 3347 in
1045 3321 1149 3347 diversa
1160 3320 1282 3347 scandala
1302 3320 1352 3346 476
1371 3319 1405 3346 44
1418 3334 1453 3340 -

1504 316 1624 338 cumenta
1645 314 1796 345 evangelica
1818 314 1868 338 460
1888 314 1921 339 92
1934 328 1969 333 —-
1989 319 2143 346 usurpatum

1505 359 1551 387 est,
1569 357 1678 389 quando
1697 364 1749 383 non
1772 360 1811 383 est
1829 358 1945 384 cilicium
1966 365 2012 384 nec
2031 359 2144 384 auctori-

1504 403 1543 426 tas
1557 401 1583 426 in
1597 401 1728 427 iudicanti>¹
1744 402 1793 427 159
1808 402 1841 426 88
1861 417 1895 420 —
1909 403 2076 428 temerarium
2090 406 2143 433 est,

1503 445 1611 477 quando
1630 448 1669 471 est
1688 446 1722 471 de
1741 452 1780 478 re,
1800 453 1869 478 quae
1894 453 1943 472 non
1963 450 2077 478 constat,
2097 448 2142 473 sed

1505 489 1624 521 procedit
1652 496 1682 515 ex
1710 490 1763 515 sola
1793 490 1942 522 suspicione
1970 490 2031 517 ibid.
2051 505 2086 510 —-
2105 496 2143 517 est

1505 533 1641 566 iniquum,
1660 534 1767 566 quando
1786 538 1825 560 cst
1850 538 1937 560 contra
1959 535 1998 560 ius
2017 536 2142 561 divinitus

1503 577 1681 609 approbatum
1702 577 1763 604 ibid

1556 635 1592 641 —
1610 622 1729 647 iudicans
1748 625 1884 653 peccatum
1906 624 2046 649 fraternum
2067 628 2093 649 ct
2115 631 2142 650 se

1503 665 1590 697 ipsum
1610 665 1748 697 negligens
1767 669 1859 697 peccat
1872 670 2023 698 contemptu
2039 668 2071 692 Vl
2092 669 2142 693 356

1504 710 1537 735 45
1555 723 1591 728 -
1610 709 1650 735 Ad
1669 710 1796 735 iudicium
1816 711 1914 736 malum
1939 712 2056 743 sequitur
2076 719 2143 737 mur-

1502 760 1562 779 mur
1590 754 1633 780 Vll
1653 753 1705 779 475
1728 755 1759 779 10
1778 768 1813 773 -
1835 755 1929 780 salsum
1959 756 1999 780 vel
2019 756 2142 782 iniustum

1501 805 1555 823 non
1573 801 1613 824 est
1630 798 1757 824 iudicium
1778 799 1810 824 Vl
1831 799 1882 824 467
1902 807 1928 825 v.
1948 800 1963 825 3

1555 857 1589 861 -
1603 843 1648 868 Dei
1663 846 1791 869 vocantur
1803 850 1884 875 opera
1898 844 1945 870 Dei
1959 844 1991 870 Vl
2006 845 2039 870 58
2054 852 2079 870 v.
2102 845 2142 870 44.

1500 886 1534 912 72
1554 894 1581 920 q.
1601 887 1611 911 4
1635 900 1671 906 -
1689 887 1774 919 Opera
1796 888 1841 914 Dei
1860 892 1920 914 sunt
1934 890 2032 914 occulta
2047 889 2144 915 iudicia

1501 931 1534 956 89
1554 938 1581 957 v.
1600 932 1616 957 5
1635 946 1670 950 —
1690 932 1736 957 Dei
1753 935 1817 963 sunt
1831 936 1936 960 ,secreta
1950 933 1993 958 Vll
2008 934 2058 959 336
2080 934 2094 959 3
2108 948 2142 952 ——

1501 969 1591 1001 divina
1614 976 1639 1001 in
1668 977 1800 1008 praesenti
1828 977 1928 1003 occulta
1954 981 2015 1003 sunt
2034 981 2143 1010 propter

1501 1020 1638 1046 hominum
1658 1020 1842 1052 probationem
1863 1021 1895 1047 Vl
1916 1021 1949 1046 46
1969 1029 1995 1054 q.
2017 1022 2031 1047 4
2051 1036 2086 1041 —
2106 1022 2143 1048 di-

1502 1064 1561 1090 vina
1581 1064 1679 1090 habent
1697 1065 1825 1091 rationem
1844 1065 1980 1096 latentem,
2000 1073 2080 1099 quam
2095 1073 2142 1098 per

1501 1115 1549 1134 nos
1566 1116 1617 1134 non
1647 1116 1789 1141 possumus
1817 1110 1944 1142 indagare
1971 1110 2004 1136 72
2025 1118 2050 1143 q.
2073 1111 2082 1135 4
2106 1125 2142 1130 -

1501 1153 1589 1178 divina
1618 1154 1788 1185 intelligimus
1816 1161 1863 1186 per
1882 1155 1994 1186 Spiritus
2013 1155 2093 1180 sancti
2114 1155 2141 1180 il·

1501 1198 1692 1229 lustrationem,
1712 1205 1766 1224 non
1785 1205 1832 1230 per
1852 1200 1994 1225 humanam
2018 1200 2142 1225 inventio-

1501 1249 1561 1268 nem
1581 1241 1642 1269 ibid.
1663 1257 1697 1261 —
1717 1243 1763 1269 Dei
1787 1248 1848 1269 sunt
1866 1244 2140 1276 incomprehensibilia

1502 1288 1535 1312 89
1550 1295 1576 1312 ν.
1589 1287 1605 1313 5
1625 1301 1659 1305 —
1679 1287 1769 1313 divina
1788 1294 1839 1313 non
1859 1291 1919 1314 sunt
1937 1293 2035 1314 temere
2055 1289 2142 1314 discu-

1501 1331 1601 1362 tienda,
1620 1331 1667 1357 sed
1688 1332 1858 1358 formidoloso
1876 1332 1976 1358 silentio
1990 1333 2140 1358 veneranda

1503 1375 1544 1401 Vll
1574 1376 1625 1401 264
1646 1376 1679 1401 38
1699 1390 1734 1395 -
1753 1376 1800 1402 Dei
1819 1377 2010 1402 consideranda
2028 1380 2089 1403 sunt
2106 1377 2141 1403 ad

1501 1420 1622 1446 timorem
1648 1423 1673 1446 et
1691 1420 1804 1446 discrete
1824 1421 1856 1446 Vl
1877 1420 1910 1446 58
1930 1428 1956 1446 v.
1978 1421 2009 1446 44
2028 1435 2063 1439 -
2082 1421 2141 1453 Qui-

1500 1464 1563 1490 libet
1582 1471 1684 1490 111011101-
1703 1471 1762 1490 esse
1777 1464 1858 1491 debet
1876 1465 2034 1491 iudiciorum
2048 1466 2094 1491 Dei
2108 1466 2140 1491 ad

1501 1508 1698 1534 formidandum
1719 1509 1762 1535 Vll
1782 1509 1816 1534 36
1837 1509 1888 1534 444

1554 1566 1588 1571 -
1607 1555 1646 1578 est
1659 1554 1701 1578 vel
1714 1550 1879 1585 particulare,
1893 1554 1935 1579 vel
1949 1554 2095 1579 universale
2108 1554 2142 1580 Vl

1500 1597 1552 1622 247
1571 1604 1597 1622 v.
1617 1597 1651 1623 29
1670 1612 1705 1615 -
1724 1598 1768 1623 Ε51
1786 1597 1912 1623 iudicium
1932 1598 2078 1630 praesentis
2098 1606 2143 1630 pu-

1499 1641 1614 1673 nitionis,
1633 1644 1764 1668 extremae
1783 1641 1968 1675 discussionis,
1985 1644 2089 1668 futurae
2102 1650 2143 1668 re-

1498 1685 1649 1712 tributionis
1668 1686 1720 1712 284
1740 1687 1772 1712 36
1792 1700 1828 1706 -
1847 1688 1890 1712 Est
1908 1687 2034 1713 iudicium
2057 1688 2100 1713 Dei
2114 1688 2141 1713 in

1500 1731 1630 1762 praesenti
1658 1734 1684 1756 et
1711 1731 1736 1756 in
1767 1732 1852 1757 futuro
1878 1731 1929 1757 552
1950 1733 1965 1757 2
1984 1746 2020 1750 -
2039 1732 2086 1757 Dei
2115 1732 2141 1757 in

1500 1775 1630 1807 praesenti
1658 1777 1698 1801 est
1721 1775 1901 1808 quadruplex:
1920 1776 2046 1802 iudicium
2067 1783 2142 1808 prae-

1501 1819 1638 1850 scientiae,
1663 1820 1842 1851 discretionis,
1869 1821 2080 1851 examinationis,
2101 1828 2141 1846 re-

1501 1863 1648 1890 tributionis
1667 1863 1728 1890 wid.
1742 1878 1777 1883 —
1790 1867 1829 1890 est
1847 1868 1893 1890 out
1905 1865 2139 1896 condemnationis,

1499 1911 1545 1934 aut
1564 1908 1727 1934 discretionis
1746 1909 1797 1934 372
1819 1909 1860 1934 88.
1882 1908 1927 1934 421
1947 1909 1979 1934 52
1994 1924 2029 1927 -
2042 1909 2139 1935 iudicio

1499 1952 1661 1979 discretionis
1686 1952 1815 1979 iudicatus
1839 1956 1878 1979 est
1903 1953 2019 1979 muudus
2037 1953 2062 1979 in
2081 1960 2138 1985 pas-

1498 1997 1572 2023 sione
1600 1997 1693 2023 Christi
1713 1996 1748 2023 ib.
1767 1998 1795 2023 51
1819 2012 1854 2016 —
1873 1997 1991 2024 Christus
2019 1998 2046 2023 in
2070 1998 2137 2024 iudi-

1498 2041 1568 2067 cium
1594 2041 1758 2067 discretionis
1782 2042 1854 2067 venit
1880 2042 1906 2067 in
1925 2042 2070 2073 mundum,
2089 2042 2137 2068 sed

1496 2092 1550 2111 non
1570 2086 1795 2111 condemnationis
1814 2086 1860 2111 381
1885 2086 1919 2112 54
1932 2100 1968 2105 -
1980 2087 2077 2112 iudicio
2091 2093 2138 2118 ap-

1496 2129 1659 2161 probationis
1678 2131 1719 2156 vel
1739 2130 1932 2162 reprobationis
1944 2138 1997 2157 non
2015 2134 2055 2156 est
2073 2131 2137 2157 iudi-

1495 2173 1609 2199 candum
1629 2174 1654 2199 in
1674 2175 1812 2206 praesenti,
1832 2174 1878 2200 sed
1892 2175 1918 2200 in
1939 2175 2087 2200 101010343
2102 2175 2135 2201 56

1548 2232 1582 2236 —
1593 2219 1665 2253 venit
1675 2225 1704 2244 ex
1715 2222 1789 2251 parte
1799 2219 1916 2245 desectus
1926 2219 1986 2245 fidei
1995 2219 2027 2244 Vl
2039 2220 2090 2245 283
2102 2220 2130 2245 31

1547 2275 1582 2281 -
1603 2262 1693 2300 mundi
1723 2266 1761 2288 est
1780 2263 1806 2288 in
1835 2263 1960 2288 eiectione
1979 2262 2076 2289 diaboli
2102 2264 2135 2289 Vl

1495 2306 1544 2331 458
1567 2306 1599 2331 47
1613 2321 1646 2324 -
1659 2306 1755 2332 dlaboli
1773 2307 1965 2333 manifestatum
1980 2310 2018 2337 est
2031 2314 2078 2340 per
2092 2307 2134 2334 ad-

1494 2353 1602 2376 ventum
1623 2351 1735 2382 Spiritus
1754 2351 1836 2376 sancti
1856 2350 1889 2377 ib.
1910 2352 1941 2376 48

1546 2409 1582 2413 -
1600 2394 1625 2420 ln
1645 2396 1731 2421 futuro
1750 2403 1780 2421 ex
1800 2398 1873 2427 parte
1897 2396 2070 2421 iudicatorum
2096 2400 2135 2422 est

1494 2438 1621 2465 iudicium
1652 2439 1837 2471 discussionis,
1869 2440 2040 2471 definitionis,
2072 2447 2134 2466 con-

1494 2484 1668 2510 demnationis
1689 2484 1720 2509 Vl
1741 2484 1791 2510 552
1812 2484 1827 2509 3
1840 2497 1877 2503 -
1898 2484 2067 2511 discussionis
2086 2485 2135 2510 erit

1494 2528 1661 2554 mediocriter
1680 2527 1810 2554 bonorum
1836 2531 1862 2554 et
1886 2529 2053 2554 mediocriter
2082 2536 2133 2554 ma-

1494 2573 1579 2598 lorum
1599 2575 1714 2605 tantum3
1738 2572 1865 2599 iudicium
1890 2573 2061 2599 distinctionis
2086 2573 2134 2599 erit

1494 2617 1614 2642 omnium
1633 2617 1765 2642 bonorum
1786 2620 1811 2642 et
1835 2617 1982 2649 malorum;
2007 2618 2133 2643 iudicium

1494 2661 1668 2687 damnationis
1687 2661 1805 2687 omnium
1830 2662 1975 2693 malorum,
2000 2663 2132 2688 nullorum

1494 2708 1581 2731 autem
1595 2705 1727 2731 bonorum
1746 2704 1808 2732 ibid.

1547 2763 1582 2769 —
1600 2750 1661 2775 Dies
1680 2750 1768 2775 iudicii
1788 2750 1916 2781 generalis
1945 2751 2023 2782 longe
2042 2754 2080 2776 est
2099 2751 2131 2776 Vl

1495 2793 1546 2819 445
1566 2801 1592 2819 v.
1612 2794 1627 2818 6
1647 2808 1682 2812 —
1708 2794 1767 2820 Dies
1792 2794 1880 2820 iudicii
1909 2795 2085 2826 particularis,
2105 2795 2130 2820 id

1493 2841 1532 2863 est
1551 2838 1651 2868 mortis,
1670 2844 1753 2870 prope
1773 2841 1811 2864 est
1836 2838 1882 2863 146
1903 2845 1929 2863 v.
1949 2839 1963 2863 6

1545 2895 1581 2901 -—
1600 2882 1716 2908 iudicare
1735 2889 1782 2914 per
1795 2882 1972 2908 definitionem
1986 2882 2080 2908 nullius
2093 2887 2132 2908 est

1493 2926 1541 2951 nisi
1560 2927 1713 2958 usurpative
1731 2929 1756 2951 et
1776 2926 1912 2951 temerarie
1932 2927 1963 2952 vt
1983 2927 2034 2951 313
2049 2927 2082 2952 56
2096 2941 2130 2944 -

1493 2970 1610 3002 Quatuor
1629 2970 1733 2995 ordines
1752 2973 1829 2995 erunt
1847 2970 1873 2995 in
1892 2970 1989 2995 iudicio
2006 2970 2053 2995 128
2074 2977 2100 2994 v.
2115 2971 2129 2995 8

1493 3028 1526 3032 —
1545 3013 1642 3039 iudicio
1661 3013 1820 3039 auctoritatis
1850 3013 1946 3039 iudicat
1970 3018 2021 3039 tota
2049 3014 2129 3039 Trini-

1492 3060 1542 3088 tas;
1571 3057 1667 3082 iudicio
1697 3057 1890 3089 disceptationis
1919 3058 1990 3083 solus
2013 3057 2130 3083 Christus

1492 3102 1585 3131 homo;
1614 3101 1712 3127 iudicio
1737 3101 1895 3127 assessoriae
1923 3101 2056 3133 dignitatis
2081 3101 2129 3126 soli

1492 3145 1577 3170 Sancti
1597 3145 1783 3177 perfectiores;
1808 3145 1904 3171 iudicio
1932 3144 2130 3176 approbationis

1491 3195 1583 3214 omnes
1601 3188 1678 3220 boni;
1707 3189 1804 3215 iudicio
1832 3189 2034 3220 comparationis
2055 3188 2128 3219 boni,

1491 3232 1519 3258 id
1538 3236 1576 3259 est
1601 3233 1689 3259 minus
1718 3233 1780 3258 mali
1798 3231 1869 3264 ibid„
1894 3233 1945 3258 552
1966 3233 1980 3258 4
2000 3247 2034 3251 -
2054 3233 2129 3258 Pater

1491 3277 1587 3302 iudicat
1606 3277 1737 3302 neminem
1758 3277 1781 3302 in
1801 3276 1898 3302 iudicio
1911 3276 2063 3308 apparendo
2077 3277 2127 3302 309

1492 3320 1520 3346 41
1553 3334 1588 3340 -
1617 3320 1650 3346 de
1675 3321 1789 3352 peccatis
1814 3319 1959 3346 carnalibus
1984 3321 2129 3352 specialiter

1985 3373 2017 3398 98
