2476 3921
10 517 81 546 triplex
98 518 140 549 fru-

9 546 51 593 citgu
64 547 142 566 carita-

6 593 7 604 l

5 941 57 967 irre·
70 942 141 971 partes

5 969 90 998 §generis
103 967 142 988 hu-

6 999 70 1017 mam.

4 1195 52 1228 *ires
65 1207 136 1233 partes

4 1224 134 1260 iscripturae.

3 1523 66 1553 ,mlier
79 1526 101 1546 et
114 1524 143 1546 fa-

8 1556 44 1577 una,
55 1551 143 1574 fermen-

3 1583 43 1599 un.

18 1738 101 1765 Triplex
112 1739 134 1760 in

11 1764 73 1787 bristo
87 1766 136 1787 sub-

2 1815 3 1818 Ἴ
9 1792 75 1813 antia.

742 209 936 242 COMMENT.
961 209 999 243 IN
1023 209 1262 243 EVANGELIUM
1287 211 1404 244 LUCAE
1428 212 1460 245 C.
1486 214 1557 246 XIII.

160 299 259 332 Patris
281 301 313 332 et
335 298 400 331 Filii
424 301 456 331 et
479 298 614 340 Spiritus
646 298 744 331 sancti
761 311 792 330 n.
818 297 903 331 Unde
926 298 965 331 de
989 298 1119 331 caritate

158 351 274 384 dicitur
305 351 425 393 primae
458 350 498 383 ad
532 350 710 383 Corinthios
741 350 862 383 decimo
890 350 1001 390 tertio,
1034 350 1119 393 quod

164 417 180 433 ιι
195 404 299 437 omnia
321 404 421 437 credit
433 417 464 436 ».

248 458 345 490 Sexto
368 457 460 490 modo
484 457 543 490 sic:
560 466 617 499 per
633 457 702 490 tria
718 461 811 496 sata,
829 457 948 499 triplex
971 455 1118 499 fruetus,

159 510 198 543 ad
221 519 316 553 quem
348 510 462 543 caritas
493 510 634 549 ordinat;
658 510 742 543 unde
773 510 923 543 Glossa¹:
954 523 970 538 α
987 510 1119 543 Possunt

159 563 191 596 in
215 563 265 596 his
287 563 372 596 satis
395 563 480 596 illius
502 562 648 595 dominici
673 562 800 595 seminis
823 562 948 595 fructus
976 562 1117 604 intelligi,

160 616 340 658 trigesimus
363 616 497 654 scilicet,
522 615 738 657 sexagesimus
753 618 785 648 et
801 615 1006 655 centesimus,
1024 615 1053 648 id
1070 619 1118 648 est

158 669 416 711 coniugatorum,
440 668 668 701 continentium
693 671 724 701 et
740 668 917 710 virginum;
945 668 984 700 de
1000 668 1117 710 quibus

158 721 303 754 Matthaei
336 721 458 754 decimo
493 721 604 754 tertio:
634 721 816 754 «Fructum
848 721 956 760 affert,
989 725 1020 754 et
1043 721 1117 754 facit

156 774 242 807 aliud
265 774 392 817 quidem
415 775 638 814 centesimum,
663 774 748 808 aliud
771 774 1014 817 sexagesimum,
1031 775 1116 808 aliud

156 836 232 861 vero
255 828 451 870 trigesimum
468 841 499 860 ι».

245 881 481 923 Septim0„per
505 881 575 914 tria
598 885 675 914 sata
691 881 809 914 farinae
831 884 962 923 possunt
986 881 1115 923 intelligi

156 936 220 966 tres
239 936 355 976 partes
376 934 507 976 generis
530 932 673 967 humani
695 944 714 967 a
737 935 839 968 tribus
863 935 936 967 filiis
959 935 1022 968 Noe
1053 935 1116 968 dis-

155 987 324 1020 seminatae
347 996 404 1029 per
427 987 612 1020 universum
636 988 764 1028 orbem;
800 989 838 1022 de
866 989 983 1031 quibus
1017 989 1116 1022 Gene-

155 1040 198 1073 sis
232 1040 396 1073 decim02:
426 1041 520 1073 «Hae
552 1045 626 1073 sunt
660 1041 878 1083 generationes
909 1042 989 1075 Noe:
1027 1043 1115 1081 Sem,

154 1093 251 1126 Cham
276 1097 307 1126 et
331 1093 461 1135 Iapheth
477 1107 508 1125 n.

244 1146 361 1180 Octavo
385 1146 496 1186 modo,
520 1147 693 1180 secundum
730 1147 880 1180 Hilarium
895 1148 918 1187 ⁸,
943 1157 1000 1190 per
1027 1148 1116 1192 fari-

154 1209 236 1233 nam
259 1200 444 1242 intelligitur
468 1200 646 1242 Scriptura;
671 1210 728 1242 per
753 1202 821 1234 tria
845 1206 923 1234 sata
948 1205 1012 1235 tres
1044 1212 1116 1244 par—

155 1256 201 1287 tes
224 1253 423 1295 Scripturae,
441 1253 559 1286 scilicet
575 1254 744 1295 Moysaica‚
763 1255 946 1297 prophetica
969 1259 1000 1288 et
1021 1265 1116 1288 evan-

153 1306 261 1349 gelica.
286 1307 324 1339 Et
357 1306 390 1339 in
422 1307 471 1339 his
494 1306 657 1339 abscondit
680 1307 734 1340 Dei
760 1307 912 1349 sapientia
935 1308 1114 1348 caritatem,

153 1360 244 1403 quia,
279 1360 425 1393 Matthaei
458 1360 607 1403 vigesimo
636 1360 792 1400 secundo,
822 1361 884 1393 «in
910 1361 960 1396 his
991 1361 1115 1394 duobus

153 1413 308 1446 mandatis
331 1416 395 1446 tota
418 1414 482 1446 Lex
507 1413 621 1456 pendet
644 1417 675 1446 et
700 1414 872 1456 Prophetae
889 1427 919 1445 n.

241 1467 328 1500 Nono
352 1466 461 1505 modo,
486 1466 660 1499 secundum
685 1467 910 1500 Ambrosium4
926 1467 987 1500 sic:
1015 1467 1115 1499 «Mu-

154 1520 229 1559 lier,
255 1520 406 1559 Ecclesia;
430 1519 552 1563 farina
575 1520 643 1553 eius
666 1529 724 1553 nos
747 1529 876 1559 sumus,
901 1529 982 1562 quae
1010 1520 1114 1553 Domi-

154 1583 231 1606 num
256 1574 358 1606 lesum
383 1572 545 1606 abscondit
568 1577 605 1606 ut
627 1571 827 1615 fermentum
852 1574 883 1606 in
908 1574 1114 1607 interioribus

153 1626 284 1667 nostris,
301 1626 398 1660 donec
415 1635 451 1660 ea
474 1627 559 1660 calor
583 1627 724 1660 caelestis
748 1627 917 1669 sapientiae
933 1627 1112 1660 obducat».

241 1680 368 1713 Decimo
383 1677 486 1728 inodo,
503 1680 677 1713 secundum
695 1680 889 1713 Bernardum
903 1680 916 1700 ⁵
933 1680 992 1713 sic:
1015 1694 1030 1710 «
1043 1681 1114 1713 Mu-

154 1733 233 1773 lier,
265 1734 355 1776 virgo
385 1733 499 1773 Maria;
530 1733 598 1765 tria
628 1737 724 1771 sata,
758 1734 875 1775 triplex
911 1737 1026 1767 natura
1057 1743 1114 1767 seu

154 1787 329 1820 substantia
345 1787 377 1819 in
393 1796 457 1820 una
473 1795 607 1828 persona
623 1786 757 1825 Christi,
774 1786 892 1819 scilicet
909 1796 994 1826 caro,
1010 1787 1114 1820 anima

153 1844 184 1873 et
207 1840 381 1873 Divinitas·
401 1840 541 1872 Primum
572 1843 675 1872 satum
708 1843 756 1873 est
778 1840 977 1884 antiquum,
1002 1849 1114 1874 secun-

151 1894 227 1927 dum
250 1896 298 1927 est
320 1903 462 1938 novum,
487 1893 541 1926 sed
558 1893 686 1926 tertium
705 1898 887 1926 aeternum.
912 1894 991 1927 Haec
1007 1898 1114 1928 autem

151 1947 277 1980 miscuit
307 1956 364 1989 per
395 1945 596 1989 fermentum
630 1956 706 1980 suae
741 1947 811 1980 fidei
838 1951 868 1980 et
892 1947 1112 1981 dilectionis».

150 2000 236 2033 Unde
261 2000 390 2042 Hugo⁶:
420 2013 435 2028 «ι
453 2000 533 2042 Quia
555 2009 645 2033 amor
670 2000 701 2033 in
725 2004 830 2033 mente
854 2001 923 2034 eius
946 2001 1113 2043 singulari-

150 2056 199 2086 ter
222 2053 368 2092 ardebat,
393 2053 462 2086 ideo
485 2054 517 2086 in
541 2062 636 2087 carne
659 2054 728 2087 eius
756 2054 909 2087 miracula
932 2054 1112 2087 faciebat».

152 2106 183 2139 ln
200 2106 292 2140 cuius
307 2107 410 2149 figura
432 2107 549 2140 dicitur
572 2107 700 2140 Genesis
723 2107 843 2140 decimo
866 2111 994 2140 octavo:
1025 2120 1040 2136 α
1057 2108 1111 2140 Fe-

151 2159 277 2192 stinavit
300 2159 456 2192 Abraham
480 2160 512 2192 in
529 2160 768 2193 tabernaculum
785 2160 824 2192 ad
841 2160 950 2192 Saram
966 2160 1111 2202 dixitque

149 2375 185 2380 —
204 2362 327 2394 Sequitur
346 2363 362 2388 l.
383 2361 441 2388 Cor.
464 2362 510 2392 43,
524 2362 549 2387 7.
571 2376 606 2380 —
627 2362 753 2394 Superius
773 2370 821 2394 pro
841 2362 968 2389 z'mmz'oeta
989 2363 1014 2388 in
1033 2364 1055 2389 D
1073 2371 1111 2389 se-

150 2406 236 2432 cunda
256 2413 350 2431 manus
368 2405 500 2432 substituit
520 2405 626 2432 innioea.
647 2406 764 2433 Subinde
784 2414 832 2439 pro
845 2408 931 2433 Deum
950 2415 1046 2434 rerum
1067 2408 1110 2441 (ita

149 2449 270 2482 BCDG)
292 2450 350 2475 Vat.
370 2450 456 2476 Deum
475 2457 577 2481 unum,
597 2451 618 2475 11
639 2451 702 2482 legit
720 2451 820 2483 Deum,
840 2458 935 2478 verum
954 2451 1034 2478 etium
1058 2459 1112 2478 cre-

150 2493 234 2520 dendo
253 2493 343 2520 tendat
362 2493 391 2520 in
410 2495 514 2526 Deum‚·
534 2496 581 2520 cfr.
602 2495 639 2520 lll.
659 2495 728 2521 Sent.
748 2496 774 2521 d.
794 2497 838 2522 23.
857 2496 922 2522 dub.
943 2497 967 2522 3.

221 2537 230 2552 ¹
251 2538 353 2564 Scilicet
371 2537 514 2564 ordinaria
533 2539 606 2570 apud
625 2540 755 2571 Lyrauum
777 2539 819 2573 (ex
831 2540 915 2572 Beda;
929 2542 974 2566 cfr.
992 2541 1111 2573 August,

150 2583 167 2608 l.
186 2583 235 2616 Qq.
253 2582 416 2614 Evangelior.
435 2590 463 2616 q.
484 2583 545 2616 42.),
565 2583 609 2609 ubi
638 2591 687 2616 pro
715 2584 790 2611 illius
810 2586 831 2610 H
850 2592 910 2611 cum
931 2586 1032 2617 Lyrauo
1058 2584 1108 2611 illi.

150 2627 267 2653 Subinde
285 2628 430 2659 allegantur
449 2628 536 2654 Matth.
556 2628 603 2660 43,
624 2629 666 2659 23,
686 2629 720 2655 de
738 2636 792 2662 quo
812 2631 860 2655 cfr.
875 2636 955 2661 supra
970 2636 1032 2661 pag.
1047 2630 1107 2660 492,

149 2675 209 2698 nota
228 2673 254 2697 2.
271 2685 307 2691 -
326 2672 452 2704 Superius
471 2679 520 2704 pro
539 2672 651 2699 ordinat
669 2674 725 2699 Vat.
745 2673 901 2700 ordiiwtur.

219 2714 230 2730 ⁹
250 2716 325 2742 Vers.
346 2717 370 2742 4.
387 2730 423 2736 -
441 2717 524 2743 Huius
543 2717 712 2749 expositionis
728 2718 901 2756 ⁸mentionem
931 2719 992 2744 facit
1021 2719 1109 2750 Hilar„

149 2759 295 2786 Comment.
313 2761 340 2786 in
359 2761 445 2786 Matth.
465 2769 489 2787 c.
509 2762 550 2787 43.
563 2769 589 2787 n.
603 2762 633 2787 6:
654 2763 821 2795 Quamquam
835 2763 869 2788 ad
883 2763 944 2789 fidei
963 2770 1109 2789 sacramen-

149 2807 220 2836 tum,
239 2805 267 2830 id
285 2808 324 2830 est
343 2805 376 2831 ad
396 2806 477 2831 Patris
499 2808 525 2831 et
552 2806 606 2831 Filii
625 2810 651 2832 et
669 2807 783 2838 Spiritus
800 2807 881 2833 sancti
902 2808 1042 2839 unitatem,
1062 2808 1109 2833 sed

149 2849 220 2875 etad
240 2849 317 2874 trium
337 2850 455 2880 gentium
475 2851 637 2876 vocationem
651 2858 681 2877 ex
696 2853 770 2884 Sem,
790 2851 872 2878 Cham
891 2855 917 2877 et
936 2853 1042 2884 iapheth
1058 2855 1109 2877 tres

149 2899 286 2918 mensuras
305 2893 402 2919 farinae
427 2900 485 2920 esse
503 2895 662 2926 referendas,
680 2896 793 2921 sensisse
819 2897 915 2922 multos
934 2896 1109 2922 meminerim.

149 2936 199 2962 Cfr.
219 2937 338 2969 August„
367 2939 449 2964 Serm.
477 2939 536 2964 444.
558 2939 630 2972 (alias
658 2941 701 2965 32.
729 2940 763 2966 de
791 2939 886 2966 Verbis
905 2940 1020 2973 Domini)
1040 2948 1063 2966 c.
1084 2941 1109 2966 4.

149 2989 173 3007 n.
195 2982 224 3007 l:
244 2982 304 3007 Tria
324 2985 379 3008 sata
408 2983 532 3009 farinae...
557 2990 641 3015 genus
669 2985 816 3010 humanum
835 2988 882 3011 est.
911 2985 1025 3010 Recolite
1044 2985 1108 3011 dilu-

149 3026 236 3058 vium;
258 3026 328 3052 unde
346 3027 426 3052 ceteri
445 3031 645 3060 repararentur,
665 3031 717 3054 tres
745 3031 936 3055 remanserunt.
956 3030 1021 3055 Tres
1040 3030 1109 3055 filios

149 3069 263 3096 habebat
280 3071 348 3102 Noe,
368 3071 401 3097 de
421 3071 484 3103 ipsis
501 3075 652 3104 reparatum
671 3075 711 3098 est
729 3080 814 3105 genus
833 3074 989 3099 humanum.

219 3112 230 3128 ³
249 3114 395 3141 Comment.
415 3116 443 3141 in
461 3116 550 3142 Matth.
571 3124 594 3142 c.
621 3117 662 3143 43.
691 3124 718 3142 n.
737 3117 767 3142 5:
787 3118 953 3143 Fermentum
973 3118 1007 3144 de
1027 3118 1108 3144 farina

148 3161 214 3184 est...
232 3158 298 3184 Huic
316 3166 344 3184 se
364 3160 490 3186 Dominus
509 3161 700 3192 comparavit...
719 3162 774 3187 Hoc
793 3165 881 3187 autem
896 3162 993 3188 farinae
1007 3170 1108 3189 mensu-

149 3202 185 3228 ris
203 3202 301 3234 tribus,
320 3203 347 3229 id
366 3207 405 3229 est
423 3204 514 3236 Legis,
534 3205 739 3236 Prophetarum,
758 3206 977 3238 Evangeliorurn,
996 3208 1109 3240 aequali-

149 3249 200 3272 tate
210 3249 372 3279 coopertum,
385 3248 474 3273 omnia
488 3256 570 3274 unum
585 3249 645 3275 facit
656 3252 706 3275 etc.
719 3263 755 3269 —
768 3250 891 3283 Sequitur
904 3251 992 3277 Mattb.
1006 3253 1050 3284 22,
1065 3252 1108 3278 40.

219 3289 230 3304 ⁴
248 3291 319 3317 Libr.
339 3292 391 3318 Vll.
411 3292 437 3318 in
456 3293 519 3319 Luc.
538 3300 560 3319 c.
582 3293 623 3318 43.
643 3301 668 3319 n.
689 3293 748 3320 487.

220 3333 231 3349 ⁵
249 3334 319 3361 Libr.
339 3336 372 3362 V.
393 3336 426 3362 de
445 3335 606 3363 Considerat.
626 3344 649 3363 c.
669 3338 711 3364 40.
730 3346 755 3364 n.
775 3339 817 3365 22.
836 3342 862 3365 et
881 3340 930 3371 23,
954 3339 999 3366 ubi
1020 3343 1107 3366 tamen

149 3385 217 3411 quae
236 3380 278 3406 hic
296 3379 450 3406 exhibentur
469 3381 552 3407 fusius
570 3388 763 3415 proponuntur.

2081 218 2143 252 349

1183 298 1230 331 ei:
1254 299 1416 338 Accelera,
1449 301 1508 334 tria
1544 305 1610 335 sata
1644 303 1763 337 similae
1794 306 2006 339 commisce».
2033 307 2069 340 Et
2101 308 2143 340 sic

1183 351 1256 384 fecit
1279 352 1370 385 beata
1395 353 1506 395 Virgo,
1531 355 1606 396 quia
1621 356 1659 388 ad
1676 357 1808 389 verbum
1827 359 1930 400 Angeli
1949 360 2052 392 statim
2071 369 2144 393 con-

1184 405 1294 438 sensit:
1324 418 1340 434 <x
1357 406 1448 445 Ecce,
1474 407 1620 449 inquiens
1633 409 1655 447 ⁷,
1679 410 1791 442 ancilla
1815 411 1965 444 Domini»
1995 417 2052 445 etc.

1272 458 1325 490 46.
1352 459 1397 491 Ex
1423 459 1471 492 bis
1495 460 1591 501 igitur
1614 465 1762 503 apparet,
1787 464 1943 504 quomodo
1966 465 2004 497 de
2028 475 2092 498 una
2109 475 2143 499 re

1183 511 1316 552 parvula
1339 512 1475 554 Spiritus
1499 517 1625 546 sanctus
1654 515 1758 547 varios
1788 516 1965 550 intellectus
2000 519 2143 551 exterius

1182 564 1294 597 eduxit
1317 574 1374 607 per
1398 566 1526 599 Sanctos
1550 575 1640 605 suos,
1664 572 1700 600 ut
1723 578 1763 601 ex
1789 569 1847 601 boc
1863 575 2012 611 appareat
2035 572 2144 604 «mul-

1183 617 1316 651 tiformis
1347 619 1499 660 sapientia
1522 619 1648 659 Deissn,
1673 630 1754 662 quae
1785 622 1822 654 ad
1847 623 1974 655 modum
2001 625 2143 657 mulieris

1182 670 1372 704 fermentum
1399 673 1430 705 in
1454 673 1529 706 satis
1553 673 1724 706 abscondit.
1749 675 1843 713 Nam,
1868 676 1950 708 sicut
1973 676 2047 709 dicit
2071 678 2143 710 Dio-

1181 724 1291 765 nysius
1303 724 1326 764 ⁹,
1351 728 1415 758 tota
1447 726 1578 767 mystica
1613 727 1782 769 theologia,
1821 738 1934 770 «quae
1969 730 2086 762 scilicet
2110 731 2141 762 in

1183 778 1333 819 mysterio
1356 778 1537 812 abscondita
1560 783 1650 819 est»,
1668 781 1735 822 ipsa
1759 784 1822 813 tota
1846 782 1986 815 consistit
2011 783 2041 815 in
2066 783 2142 816 dile-

1181 830 1283 863 ctione
1306 831 1469 864 excessiva
1492 833 1667 865 secundum
1705 834 1858 876 triplicem
1885 835 1944 867 vim
1971 836 2142 868 hierarchi-

1181 891 1266 916 cam:
1292 885 1510 926 purgativam,
1535 885 1774 919 illuminativam
1799 891 1829 920 et
1853 888 2065 929 perfectivam.

1271 938 1324 970 47.
1343 938 1448 971 Tertio
1464 943 1617 980 quantum
1635 939 1673 972 ad
1689 941 1833 973 effectum
1851 950 1891 973 ex
1909 946 1997 983 parte
2014 943 2142 975 utrius-

1181 1000 1242 1034 que
1265 991 1389 1024 subdit:
1417 992 1522 1025 Donec
1545 992 1803 1035 fermentaretur
1828 999 1951 1032 totunm
1975 996 2082 1028 Glossa
2097 996 2139 1028 ¹⁰:

1186 1057 1201 1072 «
1218 1045 1351 1077 Tamdiu
1375 1046 1488 1079 caritas
1505 1047 1535 1079 in
1554 1050 1657 1079 mente
1673 1047 1854 1080 abscondita
1874 1057 2017 1081 crescere
2032 1049 2140 1088 debet,

1180 1097 1279 1130 donec
1302 1102 1439 1131 mentem
1465 1103 1561 1132 totam
1587 1100 1618 1132 in
1642 1100 1689 1132 sui
1713 1100 1931 1142 perfectionem
1957 1107 2139 1142 commutet,

1180 1153 1217 1182 ut
1240 1150 1318 1183 nihil
1343 1155 1468 1192 praeter
1492 1152 1591 1185 Deum
1615 1153 1769 1195 diligat».
1795 1154 1881 1187 Sicut
1897 1155 1980 1187 enim
2003 1156 2140 1189 fermen-

1181 1207 1249 1236 tum
1273 1205 1372 1246 magis
1394 1214 1430 1238 ac
1456 1206 1553 1247 magis
1576 1206 1780 1246 diffunditur,
1806 1208 1849 1240 sic
1881 1212 1912 1240 et
1936 1209 2049 1242 caritas
2074 1210 2138 1242 Dei.

1183 1257 1265 1289 Unde
1289 1257 1460 1299 Gregorius
1474 1259 1515 1289 ¹¹:
1547 1271 1562 1287 «
1579 1259 1744 1301 Nunquam
1762 1264 1809 1292 est
1825 1270 1913 1293 amor
1931 1261 1982 1294 Dei
2001 1262 2137 1302 otiosus;

1177 1313 1330 1351 operatur
1354 1310 1435 1342 enim
1463 1320 1592 1352 magna,
1617 1312 1641 1344 si
1666 1316 1730 1351 est;
1756 1313 1780 1345 si
1805 1317 1910 1346 autem
1940 1315 2064 1356 operari
2090 1325 2140 1348 re-

1180 1362 1267 1400 nuit,
1290 1371 1380 1394 amor
1403 1372 1465 1395 non
1489 1366 1537 1396 est
1552 1375 1583 1402 »3
1609 1367 1640 1396 et
1672 1364 1870 1398 Bernardus:
1902 1379 1916 1394 α
1934 1366 2053 1400 Caritas
2085 1373 2140 1400 aut

1179 1415 1320 1456 proficit,
1337 1419 1392 1448 aut
1407 1416 1555 1455 deficit»;
1580 1417 1663 1450 unde
1678 1418 1703 1437 ¹²
1732 1419 1875 1451 «caritas
1899 1429 2060 1462 nunq=tam
2083 1430 2140 1453 ex-

1179 1468 1300 1507 cidit»,
1325 1469 1380 1501 sed
1404 1473 1504 1502 totum
1529 1470 1567 1502 ad
1585 1471 1713 1503 modum
1730 1471 1872 1504 fermenti
1891 1476 1921 1505 et
1939 1473 2018 1515 ignis
2042 1474 2072 1506 in
2090 1474 2138 1507 sui

1179 1525 1326 1554 naturam
1351 1523 1515 1555 convertit.
1534 1523 1620 1556 Unde
1637 1524 1733 1557 Exodi
1751 1525 1871 1558 decimo
1888 1536 1984 1559 nono:
2014 1540 2029 1555 (ι
2044 1528 2140 1560 Totus

1179 1583 1269 1607 mons
1294 1575 1375 1607 Sinai
1400 1575 1558 1615 fumabat,
1584 1585 1620 1609 eo
1644 1577 1729 1619 quod
1752 1578 1962 1612 descendisset
1990 1580 2140 1613 Dominus

1179 1636 1275 1670 super
1288 1638 1360 1661 eum
1375 1629 1406 1661 in
1424 1629 1494 1671 igne
1508 1643 1537 1662 ».
1556 1649 1599 1654 —
1615 1631 1668 1664 Hic
1684 1631 1767 1664 enim
1785 1632 1864 1674 ignis
1880 1636 1910 1666 et
1927 1634 2011 1666 calor
2028 1634 2140 1667 carita-

1179 1681 1218 1714 tis
1242 1682 1409 1715 incboatur
1433 1684 1464 1715 in
1489 1684 1557 1723 via,
1581 1684 1634 1717 sed
1660 1688 1761 1718 totum
1793 1695 1847 1718 cor
1871 1691 2004 1728 occupat
2026 1688 2057 1720 in
2080 1697 2140 1729 pa-

1179 1734 1256 1773 tria;
1275 1734 1369 1768 Isaiae
1386 1736 1546 1778 trigesimo
1570 1737 1672 1778 primo
1687 1738 1729 1769 ¹³:
1760 1751 1775 1766 «
1792 1738 1878 1771 Dixit
1899 1739 2068 1777 Dominus,
2086 1749 2140 1772 cu-

1179 1788 1229 1821 ius
1252 1788 1332 1830 ignis
1356 1792 1403 1822 est
1428 1790 1459 1822 in
1476 1790 1547 1822 Sion
1564 1794 1595 1822 et
1611 1791 1752 1824 caminus
1768 1791 1799 1824 in
1817 1792 1983 1825 Ierusalem
2002 1806 2031 1824 n.
2055 1793 2140 1826 [nde

1179 1841 1261 1874 sicut
1284 1851 1302 1874 a
1326 1842 1437 1881 corde,
1462 1843 1545 1885 quod
1570 1847 1617 1876 est
1641 1844 1671 1876 in
1696 1848 1822 1883 centro,
1847 1850 1952 1878 manat
1969 1846 2070 1878 vitalis
2087 1855 2138 1879 ca-

1179 1895 1226 1927 lor
1250 1895 1281 1927 in
1307 1899 1407 1928 totum
1432 1905 1565 1938 corpus,
1589 1897 1633 1929 sic
1658 1906 1676 1929 a
1708 1898 1836 1931 caritate
1865 1899 2002 1940 perfecta
2030 1908 2138 1932 omnes

1178 1949 1433 1990 congregationes
1456 1958 1589 1991 operum
1613 1950 1767 1983 virtutum
1793 1952 1926 1984 calorem
1944 1956 1975 1985 et
1999 1953 2135 1994 vigorem

1177 2001 1373 2043 suscipiunt,
1399 2011 1455 2044 per
1479 2011 1573 2044 quem
1598 2003 1727 2036 tendant
1751 2013 1889 2037 sursum.
1914 2005 1948 2037 Et
1965 2006 2046 2038 sicut
2061 2006 2137 2039 dici-

1177 2058 1230 2087 tur
1245 2055 1289 2086 14:
1319 2068 1334 2083 «ι
1352 2055 1381 2087 Si
1403 2056 1515 2088 oculus
1533 2059 1607 2089 tuus
1623 2056 1718 2089 suerit
1734 2057 1884 2099 simpleX‚
1902 2062 2002 2090 totum
2021 2068 2137 2101 corpus

1176 2110 1268 2140 tuum
1294 2108 1433 2141 lucidum
1457 2109 1517 2141 erit
1533 2121 1564 2148 »3
1590 2109 1649 2148 sic,
1675 2110 1699 2142 si
1717 2119 1770 2143 cor
1795 2114 1886 2143 tuum
1903 2111 1997 2144 fuerit
2014 2112 2134 2150 calens,

1176 2163 1277 2193 totum
1294 2170 1409 2203 corpus
1433 2165 1523 2194 tuum
1548 2162 1731 2196 calefactum
1754 2163 1831 2203 erit;
1849 2164 1872 2197 si
1891 2173 1945 2197 cor
1962 2165 2134 2204 divinum,

1246 2362 1257 2378 ⁶
1277 2366 1302 2390 ln
1321 2364 1407 2391 libello
1435 2366 1468 2391 de
1493 2366 1521 2391 B.
1546 2367 1640 2392 Mariae
1668 2366 1824 2398 virginitate,
1853 2373 1879 2392 c.
1905 2367 1929 2391 2.
1949 2366 1999 2392 Csr.
2020 2371 2081 2392 tom.
2103 2367 2132 2392 V.

1176 2415 1237 2441 pag.
1258 2409 1322 2441 485,
1341 2413 1400 2435 nota
1422 2411 1447 2436 2.
1466 2424 1501 2429 -
1521 2410 1638 2436 Subinde
1657 2412 1783 2442 allegatur
1802 2412 1865 2436 Gen.
1887 2412 1929 2441 48,
1948 2411 1972 2435 6.

1247 2450 1257 2466 ⁷
1277 2454 1338 2479 Luc.
1360 2455 1388 2485 l,
1409 2455 1452 2479 38.
1470 2468 1505 2474 —
1525 2455 1573 2480 Pro
1591 2454 1682 2480 statim
1709 2454 1840 2480 consensit
1860 2455 1878 2479 E
1896 2461 1944 2488 per
1971 2454 2133 2487 fermentum

1175 2503 1241 2523 suae
1259 2496 1322 2531 fidei
1338 2499 1364 2524 et
1381 2497 1529 2525 dilectionis
1548 2498 1689 2525 consensit.

1246 2539 1257 2555 ⁸
1275 2542 1340 2574 pr.
1361 2543 1391 2573 3,
1413 2543 1462 2575 l0;
1482 2544 1528 2568 cfr.
1548 2550 1627 2575 supra
1647 2550 1708 2575 pag.
1729 2543 1795 2573 348,
1814 2546 1874 2568 nota
1892 2542 1917 2568 7.

1245 2584 1256 2599 ⁹
1276 2586 1313 2611 De
1331 2586 1440 2613 Caelesti
1460 2587 1592 2613 Hierarcb.
1612 2595 1634 2613 c.
1657 2587 1683 2612 7.
1702 2587 1717 2619 S
1746 2588 1770 2612 3.
1789 2590 1814 2612 et
1842 2587 1874 2612 de
1894 2587 1998 2618 Mystica
2019 2588 2132 2619 theolog.

1174 2636 1197 2655 c.
1219 2630 1241 2655 4.
1261 2630 1277 2663 S
1298 2631 1327 2662 4,
1346 2631 1380 2656 de
1399 2638 1453 2664 quo
1473 2632 1586 2663 Bonav.,
1606 2632 1630 2657 in
1651 2631 1772 2657 Hexaem.
1800 2632 1882 2656 collat.
1908 2633 1930 2656 2.
1951 2639 1975 2656 n.
1996 2632 2037 2656 28.
2057 2638 2131 2664 seqq.

1174 2674 1306 2707 Allegatur
1326 2675 1342 2700 Ι.
1356 2675 1415 2702 Cor.
1429 2677 1460 2707 2,
1479 2676 1504 2701 7.
1523 2675 1574 2701 Csr.
1588 2676 1693 2707 Dionys.
1714 2675 1841 2705 Cartbus.,
1861 2676 1888 2700 in
1907 2675 2012 2706 Dionys.
2026 2675 2059 2700 de
2074 2676 2131 2700 Div.

1174 2719 1249 2744 Nom.
1268 2726 1291 2744 c.
1310 2719 1334 2744 7.
1354 2727 1379 2745 a.
1397 2720 1440 2751 52,
1461 2719 1504 2746 ubi
1523 2720 1614 2746 similis
1633 2720 1708 2745 theol.
1729 2720 1853 2751 mysticae
1873 2719 1949 2745 datur
1967 2719 2092 2745 definitio.

1217 2768 1224 2773 '
1246 2762 1267 2777 ¹⁰
1286 2764 1388 2790 Scilicet
1406 2764 1548 2790 ordinaria
1568 2765 1609 2797 (ex
1628 2764 1707 2796 Beda)
1727 2764 1798 2795 apud
1817 2764 1948 2795 Lyranum
1963 2763 1987 2788 in
2002 2764 2062 2789 Luc.
2086 2764 2126 2794 l3,

1174 2809 1215 2834 21.
1237 2807 1319 2841 (apud
1340 2808 1423 2834 Strab.
1443 2809 1470 2834 in
1490 2809 1575 2834 Matth.
1597 2809 1643 2840 43,
1664 2808 1726 2839 33.)-

1245 2852 1266 2867 ¹¹
1287 2853 1355 2878 Libr.
1376 2853 1403 2878 ll.
1422 2853 1515 2878 llomil.
1536 2853 1562 2878 in
1581 2853 1680 2884 Evang.
1701 2852 1788 2878 homil.
1809 2852 1851 2877 30.
1870 2859 1895 2877 n.
1909 2853 1932 2877 2.
1949 2866 1982 2870 -
1995 2852 2129 2883 Bernard.,

1173 2898 1254 2929 Epist.
1273 2897 1334 2923 254.
1356 2904 1380 2922 n.
1401 2898 1426 2922 2.
1439 2904 1513 2929 seqq.
1532 2883 1658 2928 ἰηεῑιιυεῖ,
1678 2903 1768 2921 veram
1789 2896 1912 2921 virtutem
1931 2897 2031 2921 nescire
2051 2897 2129 2922 finem

1174 2941 1278 2974 (caritas
1306 2948 1441 2974 nunquam
1471 2941 1589 2973 excidit),
1609 2945 1634 2966 et
1654 2948 1734 2966 unum
1755 2947 1861 2966 necesse
1880 2947 1936 2966 esse
1961 2947 1991 2966 ex
2009 2940 2130 2972 duobus,

1176 2997 1189 3010 α
1202 2987 1324 3019 spiritum
1343 2989 1388 3011 aut
1406 2986 1533 3017 proficere
1558 2992 1675 3017 semper.
1696 2988 1740 3011 aut
1759 2985 1870 3011 deficere
1883 2995 1908 3010 n.
1928 2985 1980 3011 Cir.
2008 2988 2070 3010 tom.
2091 2985 2127 3010 lll.

1173 3036 1234 3061 pag.
1254 3030 1315 3060 661,
1334 3032 1395 3054 nota
1415 3029 1439 3054 6.
1459 3033 1484 3055 et
1497 3032 1559 3055 tom.
1574 3030 1614 3055 lV.
1628 3036 1690 3061 pag.
1704 3029 1770 3059 292,
1790 3032 1851 3054 nota
1868 3029 1912 3061 ll,
1931 3028 1976 3054 ubi
1990 3029 2068 3054 etiarn
2088 3029 2129 3054 alii

1173 3073 1222 3099 loci
1241 3074 1394 3105 allegantur.

1245 3116 1266 3132 ¹⁹
1285 3118 1317 3143 Ut
1335 3118 1430 3143 dicitur
1449 3119 1467 3143 l.
1494 3117 1553 3143 Cor.
1583 3118 1627 3149 13,
1650 3118 1674 3142 8.
1699 3117 1749 3143 Cir.
1769 3117 1902 3148 Bernard.,
1929 3117 2012 3142 Serm.
2033 3117 2076 3142 26.
2104 3117 2129 3142 in

1172 3162 1246 3189 Cant.
1264 3169 1289 3188 n.
1310 3163 1334 3188 5.
1353 3166 1379 3188 et
1398 3163 1480 3187 Serm.
1501 3163 1543 3187 60.
1563 3169 1589 3187 n.
1609 3163 1652 3187 40.
1671 3176 1705 3180 -
1724 3162 1847 3194 Sequitur
1866 3161 1945 3187 Exod.
1970 3162 2009 3192 te,
2033 3162 2072 3186 48.

1244 3204 1266 3220 ¹³
1287 3207 1361 3232 Vers.
1380 3207 1404 3231 9.
1418 3206 1469 3232 Ct‘r.
1484 3207 1602 3238 Gregor.‚
1615 3207 1642 3231 ll.
1657 3207 1748 3231 Homil.
1764 3206 1789 3230 in
1803 3206 1894 3231 Ezech.
1907 3206 1995 3231 homil.
2009 3206 2034 3230 9.
2047 3213 2072 3230 n.
2090 3206 2129 3230 lO.

1244 3249 1266 3264 ¹⁶
1285 3251 1369 3282 Supra
1389 3258 1412 3276 c.
1433 3251 1480 3281 il,
1500 3250 1543 3276 34.
1562 3254 1588 3276 et
1607 3251 1693 3276 Matth.
1713 3250 1743 3281 6,
1763 3251 1804 3275 22.
1817 3263 1854 3269 -
1867 3249 1984 3276 Subinde
2003 3251 2129 3282 allegatur

1172 3296 1212 3321 Ps.
1230 3295 1273 3327 72,
1302 3295 1345 3320 26.
1366 3308 1400 3313 ——
1424 3295 1550 3326 Superius
1575 3293 1686 3320 vocibus
1713 3301 1826 3328 operum
1854 3294 1985 3320 virtutum
2013 3294 2130 3320 secunda

1172 3346 1265 3365 manus
1284 3339 1310 3364 in
1329 3339 1351 3364 D
1369 3339 1499 3365 interserit
1517 3340 1557 3371 et;
1576 3340 1622 3364 etr.
1642 3345 1722 3370 supra
1741 3346 1802 3371 pag.
1822 3339 1888 3369 300,
1907 3342 1969 3364 nota
1987 3338 2012 3364 7.

2163 472 2294 495 Notandum.

2161 948 2192 971 De
2208 950 2280 971 tertia.

2160 1639 2291 1661 Notandum.
