<?xml version="1.0" encoding="UTF-8"?>
<!DOCTYPE html PUBLIC "-//W3C//DTD XHTML 1.0 Transitional//EN"
    "http://www.w3.org/TR/xhtml1/DTD/xhtml1-transitional.dtd">
<html xmlns="http://www.w3.org/1999/xhtml" xml:lang="en" lang="en">
 <head>
  <title>
</title>
<meta http-equiv="Content-Type" content="text/html;charset=utf-8" />
  <meta name='ocr-system' content='tesseract 3.04.00' />
  <meta name='ocr-capabilities' content='ocr_page ocr_carea ocr_par ocr_line ocrx_word'/>
</head>
<body>
  <div class='ocr_page' id='page_1' title='image "./doctorisseraphic07bona_0292.png"; bbox 0 0 2476 3921; ppageno 0'>
   <div class='ocr_carea' id='block_1_1' title="bbox 160 1251 250 1272">
    <p class='ocr_par' dir='ltr' id='par_1_1' title="bbox 160 1251 250 1272">
     <span class='ocr_line' id='line_1_1' title="bbox 160 1251 250 1272; baseline 0 0"><span class='ocrx_word' id='word_1_1' title='bbox 160 1251 250 1272; x_wconf 83' lang='lat' dir='ltr'>Divisio.</span> 
     </span>
    </p>
   </div>
   <div class='ocr_carea' id='block_1_2' title="bbox 266 271 329 304">
    <p class='ocr_par' dir='ltr' id='par_1_2' title="bbox 266 271 329 304">
     <span class='ocr_line' id='line_1_2' title="bbox 266 271 329 304; baseline -0.016 0"><span class='ocrx_word' id='word_1_2' title='bbox 266 271 329 304; x_wconf 70' lang='lat'>266</span> 
     </span>
    </p>
   </div>
   <div class='ocr_carea' id='block_1_3' title="bbox 266 354 1230 827">
    <p class='ocr_par' dir='ltr' id='par_1_3' title="bbox 266 354 1230 827">
     <span class='ocr_line' id='line_1_3' title="bbox 266 354 1225 396; baseline -0.006 -4"><span class='ocrx_word' id='word_1_3' title='bbox 266 358 439 392; x_wconf 88' lang='lat' dir='ltr'>secundum</span> <span class='ocrx_word' id='word_1_4' title='bbox 456 357 532 389; x_wconf 89' lang='lat' dir='ltr'>illud</span> <span class='ocrx_word' id='word_1_5' title='bbox 549 356 630 389; x_wconf 83' lang='lat' dir='ltr'>infra</span> <span class='ocrx_word' id='word_1_6' title='bbox 646 355 812 388; x_wconf 89' lang='lat' dir='ltr'>undecimo</span> <span class='ocrx_word' id='word_1_7' title='bbox 826 356 854 387; x_wconf 87' lang='lat'>¹:</span> <span class='ocrx_word' id='word_1_8' title='bbox 874 368 889 383; x_wconf 79' lang='grc' dir='ltr'><em>α</em></span> <span class='ocrx_word' id='word_1_9' title='bbox 902 354 1001 393; x_wconf 83' lang='lat' dir='ltr'>Beati,</span> <span class='ocrx_word' id='word_1_10' title='bbox 1018 354 1073 396; x_wconf 92' lang='lat' dir='ltr'>qui</span> <span class='ocrx_word' id='word_1_11' title='bbox 1089 354 1225 387; x_wconf 85' lang='lat' dir='ltr'>audiunt</span> 
     </span>
     <span class='ocr_line' id='line_1_4' title="bbox 266 406 1225 449; baseline -0.006 -4"><span class='ocrx_word' id='word_1_12' title='bbox 266 412 398 445; x_wconf 86' lang='lat' dir='ltr'>verbum</span> <span class='ocrx_word' id='word_1_13' title='bbox 423 411 477 443; x_wconf 90' lang='lat' dir='ltr'>Dei</span> <span class='ocrx_word' id='word_1_14' title='bbox 502 414 533 443; x_wconf 92' lang='lat' dir='ltr'>et</span> <span class='ocrx_word' id='word_1_15' title='bbox 557 409 739 443; x_wconf 85' lang='lat' dir='ltr'>custodiunt</span> <span class='ocrx_word' id='word_1_16' title='bbox 762 408 840 441; x_wconf 88' lang='lat' dir='ltr'>illud</span> <span class='ocrx_word' id='word_1_17' title='bbox 856 421 886 440; x_wconf 62' lang='lat' dir='ltr'>a.</span> <span class='ocrx_word' id='word_1_18' title='bbox 919 407 1006 440; x_wconf 86' lang='lat' dir='ltr'><strong>Unde</strong></span> <span class='ocrx_word' id='word_1_19' title='bbox 1037 407 1138 446; x_wconf 90' lang='lat' dir='ltr'>beati,</span> <span class='ocrx_word' id='word_1_20' title='bbox 1170 406 1225 449; x_wconf 91' lang='lat' dir='ltr'>qui</span> 
     </span>
     <span class='ocr_line' id='line_1_5' title="bbox 266 459 1226 508; baseline -0.007 -10"><span class='ocrx_word' id='word_1_21' title='bbox 266 474 323 508; x_wconf 88' lang='lat' dir='ltr'>per</span> <span class='ocrx_word' id='word_1_22' title='bbox 347 464 439 497; x_wconf 83' lang='lat' dir='ltr'>sidem</span> <span class='ocrx_word' id='word_1_23' title='bbox 464 463 624 496; x_wconf 76' lang='lat' dir='ltr'>Christum</span> <span class='ocrx_word' id='word_1_24' title='bbox 652 461 801 494; x_wconf 90' lang='lat' dir='ltr'>viderunt</span> <span class='ocrx_word' id='word_1_25' title='bbox 832 464 863 493; x_wconf 86' lang='lat' dir='ltr'>et</span> <span class='ocrx_word' id='word_1_26' title='bbox 893 460 1064 493; x_wconf 89' lang='lat' dir='ltr'>audierunt</span> <span class='ocrx_word' id='word_1_27' title='bbox 1095 459 1127 492; x_wconf 91' lang='lat' dir='ltr'>in</span> <span class='ocrx_word' id='word_1_28' title='bbox 1158 459 1226 498; x_wconf 93' lang='lat' dir='ltr'>via,</span> 
     </span>
     <span class='ocr_line' id='line_1_6' title="bbox 267 512 1228 552; baseline -0.006 -1"><span class='ocrx_word' id='word_1_29' title='bbox 267 518 441 552; x_wconf 89' lang='lat' dir='ltr'>secundum</span> <span class='ocrx_word' id='word_1_30' title='bbox 477 516 553 549; x_wconf 88' lang='lat' dir='ltr'>illud</span> <span class='ocrx_word' id='word_1_31' title='bbox 589 515 833 548; x_wconf 90' lang='lat' dir='ltr'>Proverbiorum</span> <span class='ocrx_word' id='word_1_32' title='bbox 868 517 979 546; x_wconf 88' lang='lat' dir='ltr'>octavo</span> <span class='ocrx_word' id='word_1_33' title='bbox 996 513 1030 544; x_wconf 72' lang='lat'>8:</span> <span class='ocrx_word' id='word_1_34' title='bbox 1072 526 1087 541; x_wconf 69' lang='lat' dir='ltr'>a</span> <span class='ocrx_word' id='word_1_35' title='bbox 1114 512 1228 545; x_wconf 83' lang='lat' dir='ltr'>Beatus</span> 
     </span>
     <span class='ocr_line' id='line_1_7' title="bbox 268 566 1228 613; baseline -0.008 -8"><span class='ocrx_word' id='word_1_36' title='bbox 268 573 378 610; x_wconf 91' lang='lat' dir='ltr'>homo,</span> <span class='ocrx_word' id='word_1_37' title='bbox 403 570 457 613; x_wconf 90' lang='lat' dir='ltr'>qui</span> <span class='ocrx_word' id='word_1_38' title='bbox 481 570 570 603; x_wconf 90' lang='lat' dir='ltr'>audit</span> <span class='ocrx_word' id='word_1_39' title='bbox 591 578 642 602; x_wconf 89' lang='lat' dir='ltr'>me</span> <span class='ocrx_word' id='word_1_40' title='bbox 671 572 702 601; x_wconf 89' lang='lat' dir='ltr'>et</span> <span class='ocrx_word' id='word_1_41' title='bbox 733 568 787 610; x_wconf 90' lang='lat' dir='ltr'>qui</span> <span class='ocrx_word' id='word_1_42' title='bbox 820 567 927 609; x_wconf 81' lang='lat' dir='ltr'>vigilat</span> <span class='ocrx_word' id='word_1_43' title='bbox 958 566 996 599; x_wconf 86' lang='lat' dir='ltr'>ad</span> <span class='ocrx_word' id='word_1_44' title='bbox 1028 566 1112 599; x_wconf 85' lang='lat' dir='ltr'>fores</span> <span class='ocrx_word' id='word_1_45' title='bbox 1142 574 1228 598; x_wconf 86' lang='lat' dir='ltr'>meas</span> 
     </span>
     <span class='ocr_line' id='line_1_8' title="bbox 267 618 1228 668; baseline -0.008 -10"><span class='ocrx_word' id='word_1_46' title='bbox 267 625 406 668; x_wconf 76' lang='lat' dir='ltr'>quotidie</span> <span class='ocrx_word' id='word_1_47' title='bbox 430 628 461 657; x_wconf 90' lang='lat' dir='ltr'>et</span> <span class='ocrx_word' id='word_1_48' title='bbox 484 623 631 656; x_wconf 84' lang='lat' dir='ltr'>observat</span> <span class='ocrx_word' id='word_1_49' title='bbox 652 622 691 655; x_wconf 87' lang='lat' dir='ltr'>ad</span> <span class='ocrx_word' id='word_1_50' title='bbox 716 625 820 663; x_wconf 87' lang='lat' dir='ltr'>postes</span> <span class='ocrx_word' id='word_1_51' title='bbox 843 620 914 653; x_wconf 88' lang='lat' dir='ltr'>ostii</span> <span class='ocrx_word' id='word_1_52' title='bbox 939 620 1000 652; x_wconf 89' lang='lat' dir='ltr'>mei</span> <span class='ocrx_word' id='word_1_53' title='bbox 1017 633 1047 651; x_wconf 66' lang='grc' dir='ltr'>ι».</span> <span class='ocrx_word' id='word_1_54' title='bbox 1072 619 1131 652; x_wconf 90' lang='lat' dir='ltr'>Sed</span> <span class='ocrx_word' id='word_1_55' title='bbox 1156 618 1228 651; x_wconf 89' lang='lat' dir='ltr'>bea-</span> 
     </span>
     <span class='ocr_line' id='line_1_9' title="bbox 269 672 1229 720; baseline -0.007 -9"><span class='ocrx_word' id='word_1_56' title='bbox 269 678 407 717; x_wconf 76' lang='lat' dir='ltr'>tissimi,</span> <span class='ocrx_word' id='word_1_57' title='bbox 431 678 485 720; x_wconf 89' lang='lat' dir='ltr'>qui</span> <span class='ocrx_word' id='word_1_58' title='bbox 511 676 662 709; x_wconf 88' lang='lat' dir='ltr'>videbunt</span> <span class='ocrx_word' id='word_1_59' title='bbox 686 676 717 707; x_wconf 94' lang='lat' dir='ltr'>in</span> <span class='ocrx_word' id='word_1_60' title='bbox 742 674 862 717; x_wconf 84' lang='lat' dir='ltr'>patria,</span> <span class='ocrx_word' id='word_1_61' title='bbox 894 674 985 706; x_wconf 85' lang='lat' dir='ltr'>iuxta</span> <span class='ocrx_word' id='word_1_62' title='bbox 1012 672 1090 705; x_wconf 88' lang='lat' dir='ltr'>illud</span> <span class='ocrx_word' id='word_1_63' title='bbox 1113 674 1229 714; x_wconf 87' lang='lat' dir='ltr'>Apoca-</span> 
     </span>
     <span class='ocr_line' id='line_1_10' title="bbox 269 725 1230 774; baseline -0.007 -10"><span class='ocrx_word' id='word_1_64' title='bbox 269 732 364 774; x_wconf 88' lang='lat' dir='ltr'>lypsis</span> <span class='ocrx_word' id='word_1_65' title='bbox 386 731 507 764; x_wconf 90' lang='lat' dir='ltr'>decimo</span> <span class='ocrx_word' id='word_1_66' title='bbox 530 739 633 763; x_wconf 86' lang='lat' dir='ltr'>nono:</span> <span class='ocrx_word' id='word_1_67' title='bbox 664 742 679 757; x_wconf 75' lang='grc' dir='ltr'><em>α</em></span> <span class='ocrx_word' id='word_1_68' title='bbox 696 728 799 767; x_wconf 81' lang='lat' dir='ltr'>Beati,</span> <span class='ocrx_word' id='word_1_69' title='bbox 824 727 879 770; x_wconf 89' lang='lat' dir='ltr'>qui</span> <span class='ocrx_word' id='word_1_70' title='bbox 902 727 941 759; x_wconf 90' lang='lat' dir='ltr'>ad</span> <span class='ocrx_word' id='word_1_71' title='bbox 958 735 1087 759; x_wconf 86' lang='lat' dir='ltr'>coenam</span> <span class='ocrx_word' id='word_1_72' title='bbox 1105 725 1230 767; x_wconf 88' lang='lat' dir='ltr'>nuptia-</span> 
     </span>
     <span class='ocr_line' id='line_1_11' title="bbox 270 783 712 827; baseline -0.009 -9"><span class='ocrx_word' id='word_1_73' title='bbox 270 794 342 818; x_wconf 91' lang='lat' dir='ltr'>rum</span> <span class='ocrx_word' id='word_1_74' title='bbox 366 784 441 827; x_wconf 84' lang='lat' dir='ltr'>Agni</span> <span class='ocrx_word' id='word_1_75' title='bbox 466 783 565 816; x_wconf 88' lang='lat' dir='ltr'>vocati</span> <span class='ocrx_word' id='word_1_76' title='bbox 590 786 712 815; x_wconf 88' lang='lat' dir='ltr'>sunt».</span> 
     </span>
    </p>
   </div>
   <div class='ocr_carea' id='block_1_4' title="bbox 352 883 1141 965">
    <p class='ocr_par' dir='ltr' id='par_1_4' title="bbox 352 883 1141 965">
     <span class='ocr_line' id='line_1_12' title="bbox 352 883 1141 923; baseline -0.009 -6"><span class='ocrx_word' id='word_1_77' title='bbox 352 889 470 917; x_wconf 73' lang='lat' dir='ltr'>Secunda</span> <span class='ocrx_word' id='word_1_78' title='bbox 487 896 548 923; x_wconf 72' lang='lat' dir='ltr'>pars</span> <span class='ocrx_word' id='word_1_79' title='bbox 568 887 627 922; x_wconf 69' lang='lat' dir='ltr'>agit.</span> <span class='ocrx_word' id='word_1_80' title='bbox 645 887 675 914; x_wconf 86' lang='lat' dir='ltr'>de</span> <span class='ocrx_word' id='word_1_81' title='bbox 694 886 758 913; x_wconf 72' lang='lat' dir='ltr'>data</span> <span class='ocrx_word' id='word_1_82' title='bbox 777 884 914 920; x_wconf 70' lang='lat' dir='ltr'>discipulis</span> <span class='ocrx_word' id='word_1_83' title='bbox 933 885 1015 911; x_wconf 76' lang='lat' dir='ltr'>forma</span> <span class='ocrx_word' id='word_1_84' title='bbox 1034 883 1141 911; x_wconf 79' lang='lat' dir='ltr'>vivendi</span> 
     </span>
     <span class='ocr_line' id='line_1_13' title="bbox 674 930 823 965; baseline -0.013 -7"><span class='ocrx_word' id='word_1_85' title='bbox 674 930 823 965; x_wconf 77' lang='lat' dir='ltr'>dupliciter.</span> 
     </span>
    </p>
   </div>
   <div class='ocr_carea' id='block_1_5' title="bbox 270 1018 1235 1434">
    <p class='ocr_par' dir='ltr' id='par_1_5' title="bbox 270 1018 1235 1434">
     <span class='ocr_line' id='line_1_14' title="bbox 359 1018 1231 1064; baseline -0.009 -8"><span class='ocrx_word' id='word_1_86' title='bbox 359 1023 412 1056; x_wconf 69' lang='lat'>43.</span> <span class='ocrx_word' id='word_1_87' title='bbox 441 1024 479 1055; x_wconf 90' lang='lat' dir='ltr'>Et</span> <span class='ocrx_word' id='word_1_88' title='bbox 493 1031 573 1060; x_wconf 80' lang='lat' dir='ltr'>ecee,</span> <span class='ocrx_word' id='word_1_89' title='bbox 591 1021 730 1064; x_wconf 79' lang='lat' dir='ltr'>quidam</span> <span class='ocrx_word' id='word_1_90' title='bbox 755 1019 963 1061; x_wconf 71' lang='lat' dir='ltr'>leoisperitas</span> <span class='ocrx_word' id='word_1_91' title='bbox 987 1021 1045 1051; x_wconf 89' lang='lat' dir='ltr'>etc.</span> <span class='ocrx_word' id='word_1_92' title='bbox 1063 1018 1231 1059; x_wconf 86' lang='lat' dir='ltr'>Postquam</span> 
     </span>
     <span class='ocr_line' id='line_1_15' title="bbox 270 1070 1233 1118; baseline -0.007 -9"><span class='ocrx_word' id='word_1_93' title='bbox 270 1076 435 1118; x_wconf 80' lang='lat' dir='ltr'>descripsit</span> <span class='ocrx_word' id='word_1_94' title='bbox 463 1074 658 1116; x_wconf 83' lang='lat' dir='ltr'>Evangelista</span> <span class='ocrx_word' id='word_1_95' title='bbox 688 1073 820 1105; x_wconf 83' lang='lat' dir='ltr'>sormam</span> <span class='ocrx_word' id='word_1_96' title='bbox 852 1071 1070 1114; x_wconf 87' lang='lat' dir='ltr'>praedicandi,</span> <span class='ocrx_word' id='word_1_97' title='bbox 1101 1070 1153 1103; x_wconf 90' lang='lat' dir='ltr'>hic</span> <span class='ocrx_word' id='word_1_98' title='bbox 1185 1078 1233 1102; x_wconf 92' lang='lat' dir='ltr'>se-</span> 
     </span>
     <span class='ocr_line' id='line_1_16' title="bbox 271 1124 1233 1169; baseline -0.007 -7"><span class='ocrx_word' id='word_1_99' title='bbox 271 1130 373 1162; x_wconf 85' lang='lat' dir='ltr'>cundo</span> <span class='ocrx_word' id='word_1_100' title='bbox 397 1128 536 1161; x_wconf 79' lang='lat' dir='ltr'>insinuat</span> <span class='ocrx_word' id='word_1_101' title='bbox 559 1126 708 1169; x_wconf 83' lang='lat' dir='ltr'>formam</span> <span class='ocrx_word' id='word_1_102' title='bbox 732 1125 864 1157; x_wconf 75' lang='lat' dir='ltr'>vivendi</span> <span class='ocrx_word' id='word_1_103' title='bbox 877 1125 899 1156; x_wconf 77' lang='lat'>⁸.</span> <span class='ocrx_word' id='word_1_104' title='bbox 924 1124 1098 1166; x_wconf 81' lang='lat' dir='ltr'>Dupliciter</span> <span class='ocrx_word' id='word_1_105' title='bbox 1126 1126 1233 1156; x_wconf 87' lang='lat' dir='ltr'>autem</span> 
     </span>
     <span class='ocr_line' id='line_1_17' title="bbox 272 1177 1234 1226; baseline -0.007 -10"><span class='ocrx_word' id='word_1_106' title='bbox 272 1186 372 1226; x_wconf 86' lang='lat' dir='ltr'>potest</span> <span class='ocrx_word' id='word_1_107' title='bbox 402 1183 474 1225; x_wconf 88' lang='lat' dir='ltr'>quis</span> <span class='ocrx_word' id='word_1_108' title='bbox 506 1180 668 1214; x_wconf 83' lang='lat' dir='ltr'>informari</span> <span class='ocrx_word' id='word_1_109' title='bbox 700 1179 739 1212; x_wconf 89' lang='lat' dir='ltr'>ad</span> <span class='ocrx_word' id='word_1_110' title='bbox 771 1182 856 1211; x_wconf 91' lang='lat' dir='ltr'>recte</span> <span class='ocrx_word' id='word_1_111' title='bbox 891 1177 1079 1217; x_wconf 89' lang='lat' dir='ltr'>vivendum,</span> <span class='ocrx_word' id='word_1_112' title='bbox 1116 1177 1234 1209; x_wconf 87' lang='lat' dir='ltr'>scilicet</span> 
     </span>
     <span class='ocr_line' id='line_1_18' title="bbox 271 1229 1233 1276; baseline -0.008 -7"><span class='ocrx_word' id='word_1_113' title='bbox 271 1236 367 1269; x_wconf 81' lang='lat' dir='ltr'>verbo</span> <span class='ocrx_word' id='word_1_114' title='bbox 391 1240 422 1268; x_wconf 90' lang='lat' dir='ltr'>et</span> <span class='ocrx_word' id='word_1_115' title='bbox 445 1234 613 1276; x_wconf 72' lang='lat' dir='ltr'>eaiempto;</span> <span class='ocrx_word' id='word_1_116' title='bbox 638 1233 707 1266; x_wconf 89' lang='lat' dir='ltr'>ideo</span> <span class='ocrx_word' id='word_1_117' title='bbox 732 1232 927 1274; x_wconf 87' lang='lat' dir='ltr'>Evangelista</span> <span class='ocrx_word' id='word_1_118' title='bbox 950 1231 1053 1273; x_wconf 90' lang='lat' dir='ltr'>primo</span> <span class='ocrx_word' id='word_1_119' title='bbox 1077 1230 1116 1262; x_wconf 88' lang='lat' dir='ltr'>ad</span> <span class='ocrx_word' id='word_1_120' title='bbox 1137 1229 1233 1262; x_wconf 81' lang='lat' dir='ltr'>infor-</span> 
     </span>
     <span class='ocr_line' id='line_1_19' title="bbox 271 1282 1234 1331; baseline -0.008 -8"><span class='ocrx_word' id='word_1_121' title='bbox 271 1290 440 1323; x_wconf 79' lang='lat' dir='ltr'>mationem</span> <span class='ocrx_word' id='word_1_122' title='bbox 465 1287 638 1331; x_wconf 85' lang='lat' dir='ltr'>praemittit</span> <span class='ocrx_word' id='word_1_123' title='bbox 660 1286 813 1319; x_wconf 80' lang='lat' dir='ltr'>divinam</span> <span class='ocrx_word' id='word_1_124' title='bbox 833 1288 1072 1327; x_wconf 79' lang='lat' dir='ltr'>praeceptam;</span> <span class='ocrx_word' id='word_1_125' title='bbox 1097 1282 1234 1316; x_wconf 89' lang='lat' dir='ltr'>secundo</span> 
     </span>
     <span class='ocr_line' id='line_1_20' title="bbox 272 1337 1235 1383; baseline -0.009 -7"><span class='ocrx_word' id='word_1_126' title='bbox 272 1353 348 1376; x_wconf 90' lang='lat' dir='ltr'>vero</span> <span class='ocrx_word' id='word_1_127' title='bbox 372 1341 535 1383; x_wconf 89' lang='lat' dir='ltr'>subiungit</span> <span class='ocrx_word' id='word_1_128' title='bbox 551 1339 739 1373; x_wconf 75' lang='lat' dir='ltr'>humanam</span> <span class='ocrx_word' id='word_1_129' title='bbox 755 1338 960 1380; x_wconf 71' lang='lat' dir='ltr'>exemplum,</span> <span class='ocrx_word' id='word_1_130' title='bbox 977 1337 1019 1370; x_wconf 89' lang='lat' dir='ltr'>ibi</span> <span class='ocrx_word' id='word_1_131' title='bbox 1032 1338 1067 1368; x_wconf 75' lang='lat'>4:</span> <span class='ocrx_word' id='word_1_132' title='bbox 1093 1337 1235 1368; x_wconf 82' lang='lat' dir='ltr'>Factam</span> 
     </span>
     <span class='ocr_line' id='line_1_21' title="bbox 273 1392 820 1434; baseline -0.007 -7"><span class='ocrx_word' id='word_1_133' title='bbox 273 1399 337 1434; x_wconf 84' lang='lat' dir='ltr'>est,</span> <span class='ocrx_word' id='word_1_134' title='bbox 362 1395 444 1427; x_wconf 82' lang='lat' dir='ltr'>dum</span> <span class='ocrx_word' id='word_1_135' title='bbox 468 1394 572 1432; x_wconf 81' lang='lat' dir='ltr'>irent,</span> <span class='ocrx_word' id='word_1_136' title='bbox 598 1392 739 1425; x_wconf 82' lang='lat' dir='ltr'>intravit</span> <span class='ocrx_word' id='word_1_137' title='bbox 762 1395 820 1424; x_wconf 86' lang='lat' dir='ltr'>etc.</span> 
     </span>
    </p>
   </div>
   <div class='ocr_carea' id='block_1_6' title="bbox 363 1495 1149 1577">
    <p class='ocr_par' dir='ltr' id='par_1_6' title="bbox 363 1495 1149 1577">
     <span class='ocr_line' id='line_1_22' title="bbox 363 1495 1149 1532; baseline -0.008 -5"><span class='ocrx_word' id='word_1_138' title='bbox 363 1501 403 1528; x_wconf 77' lang='lat' dir='ltr'>Ad</span> <span class='ocrx_word' id='word_1_139' title='bbox 422 1499 628 1527; x_wconf 68' lang='lat' dir='ltr'>informationem</span> <span class='ocrx_word' id='word_1_140' title='bbox 647 1497 830 1532; x_wconf 74' lang='lat' dir='ltr'>praemittitur</span> <span class='ocrx_word' id='word_1_141' title='bbox 849 1496 966 1523; x_wconf 84' lang='lat' dir='ltr'>divinum</span> <span class='ocrx_word' id='word_1_142' title='bbox 985 1495 1149 1530; x_wconf 71' lang='lat' dir='ltr'>praeceptum</span> 
     </span>
     <span class='ocr_line' id='line_1_23' title="bbox 591 1541 916 1577; baseline -0.003 -8"><span class='ocrx_word' id='word_1_143' title='bbox 591 1542 731 1577; x_wconf 73' lang='lat' dir='ltr'>dupliciter</span> <span class='ocrx_word' id='word_1_144' title='bbox 748 1541 916 1577; x_wconf 69' lang='lat' dir='ltr'>propositum.</span> 
     </span>
    </p>
   </div>
   <div class='ocr_carea' id='block_1_7' title="bbox 277 1629 1238 1833">
    <p class='ocr_par' dir='ltr' id='par_1_7' title="bbox 277 1629 1238 1833">
     <span class='ocr_line' id='line_1_24' title="bbox 365 1629 1238 1676; baseline -0.007 -9"><span class='ocrx_word' id='word_1_145' title='bbox 365 1634 518 1676; x_wconf 83' lang='lat' dir='ltr'>Quoniam</span> <span class='ocrx_word' id='word_1_146' title='bbox 542 1637 649 1666; x_wconf 88' lang='lat' dir='ltr'>autem</span> <span class='ocrx_word' id='word_1_147' title='bbox 674 1631 870 1675; x_wconf 83' lang='lat' dir='ltr'>informatio</span> <span class='ocrx_word' id='word_1_148' title='bbox 892 1630 1062 1672; x_wconf 77' lang='lat' dir='ltr'>praecepti</span> <span class='ocrx_word' id='word_1_149' title='bbox 1077 1639 1139 1662; x_wconf 89' lang='lat' dir='ltr'>non</span> <span class='ocrx_word' id='word_1_150' title='bbox 1156 1629 1238 1662; x_wconf 89' lang='lat' dir='ltr'>valet</span> 
     </span>
     <span class='ocr_line' id='line_1_25' title="bbox 277 1684 1238 1729; baseline -0.007 -8"><span class='ocrx_word' id='word_1_151' title='bbox 277 1688 336 1721; x_wconf 91' lang='lat' dir='ltr'>nisi</span> <span class='ocrx_word' id='word_1_152' title='bbox 360 1687 562 1729; x_wconf 83' lang='lat' dir='ltr'>intelligenti,</span> <span class='ocrx_word' id='word_1_153' title='bbox 587 1686 655 1719; x_wconf 91' lang='lat' dir='ltr'>ideo</span> <span class='ocrx_word' id='word_1_154' title='bbox 672 1685 774 1727; x_wconf 88' lang='lat' dir='ltr'>primo</span> <span class='ocrx_word' id='word_1_155' title='bbox 791 1684 1004 1726; x_wconf 86' lang='lat' dir='ltr'>praemittitur</span> <span class='ocrx_word' id='word_1_156' title='bbox 1022 1687 1238 1725; x_wconf 80' lang='lat' dir='ltr'>praeceptam</span> 
     </span>
     <span class='ocr_line' id='line_1_26' title="bbox 278 1737 1238 1784; baseline -0.006 -10"><span class='ocrx_word' id='word_1_157' title='bbox 278 1741 437 1784; x_wconf 67' lang='lat' dir='ltr'>reputans</span> <span class='ocrx_word' id='word_1_158' title='bbox 459 1740 497 1773; x_wconf 89' lang='lat' dir='ltr'>ad</span> <span class='ocrx_word' id='word_1_159' title='bbox 521 1740 710 1778; x_wconf 91' lang='lat' dir='ltr'>vivendum;</span> <span class='ocrx_word' id='word_1_160' title='bbox 734 1738 873 1771; x_wconf 89' lang='lat' dir='ltr'>secundo</span> <span class='ocrx_word' id='word_1_161' title='bbox 890 1747 965 1770; x_wconf 90' lang='lat' dir='ltr'>vero</span> <span class='ocrx_word' id='word_1_162' title='bbox 981 1737 1165 1779; x_wconf 85' lang='lat' dir='ltr'>adiungitur</span> <span class='ocrx_word' id='word_1_163' title='bbox 1181 1737 1238 1769; x_wconf 88' lang='lat' dir='ltr'>do-</span> 
     </span>
     <span class='ocr_line' id='line_1_27' title="bbox 277 1789 1238 1833; baseline -0.005 -6"><span class='ocrx_word' id='word_1_164' title='bbox 277 1798 469 1827; x_wconf 73' lang='lat' dir='ltr'>cumentum</span> <span class='ocrx_word' id='word_1_165' title='bbox 487 1793 655 1825; x_wconf 76' lang='lat' dir='ltr'>adiuvans</span> <span class='ocrx_word' id='word_1_166' title='bbox 679 1792 717 1824; x_wconf 90' lang='lat' dir='ltr'>ad</span> <span class='ocrx_word' id='word_1_167' title='bbox 741 1791 977 1833; x_wconf 82' lang='lat' dir='ltr'>intelligendum</span> <span class='ocrx_word' id='word_1_168' title='bbox 989 1817 996 1830; x_wconf 89' lang='lat'>,</span> <span class='ocrx_word' id='word_1_169' title='bbox 1014 1790 1057 1823; x_wconf 90' lang='lat' dir='ltr'>ibi</span> <span class='ocrx_word' id='word_1_170' title='bbox 1069 1790 1082 1809; x_wconf 83' lang='lat'>⁵</span> <span class='ocrx_word' id='word_1_171' title='bbox 1097 1802 1104 1822; x_wconf 88' lang='lat'><strong>:</strong></span> <span class='ocrx_word' id='word_1_172' title='bbox 1123 1789 1238 1832; x_wconf 78' lang='lat' dir='ltr'>Suspi-</span> 
     </span>
    </p>
   </div>
   <div class='ocr_carea' id='block_1_8' title="bbox 140 1844 1238 1886">
    <p class='ocr_par' dir='ltr' id='par_1_8' title="bbox 140 1844 1238 1886">
     <span class='ocr_line' id='line_1_28' title="bbox 140 1844 1238 1886; baseline -0.003 -8"><span class='ocrx_word' id='word_1_173' title='bbox 140 1857 171 1879; x_wconf 64' lang='lat' dir='ltr'>ce</span> <span class='ocrx_word' id='word_1_174' title='bbox 186 1848 366 1884; x_wconf 63' lang='lat' dir='ltr'>praece-ciens</span> <span class='ocrx_word' id='word_1_175' title='bbox 396 1851 507 1879; x_wconf 77' lang='lat' dir='ltr'>autem</span> <span class='ocrx_word' id='word_1_176' title='bbox 539 1847 641 1879; x_wconf 77' lang='lat' dir='ltr'>Iesus.</span> <span class='ocrx_word' id='word_1_177' title='bbox 666 1865 711 1869; x_wconf 88' lang='lat'><em>-</em></span> <span class='ocrx_word' id='word_1_178' title='bbox 741 1845 831 1877; x_wconf 86' lang='lat' dir='ltr'>Circa</span> <span class='ocrx_word' id='word_1_179' title='bbox 861 1844 1099 1886; x_wconf 79' lang='lat' dir='ltr'>expressionem</span> <span class='ocrx_word' id='word_1_180' title='bbox 1132 1846 1238 1876; x_wconf 87' lang='lat' dir='ltr'>autem</span> 
     </span>
    </p>
   </div>
   <div class='ocr_carea' id='block_1_9' title="bbox 121 1884 272 1911">
    <p class='ocr_par' dir='ltr' id='par_1_9' title="bbox 121 1884 272 1911">
     <span class='ocr_line' id='line_1_29' title="bbox 121 1884 272 1911; baseline -0.007 -6"><span class='ocrx_word' id='word_1_181' title='bbox 121 1887 159 1911; x_wconf 79' lang='lat' dir='ltr'>pto</span> <span class='ocrx_word' id='word_1_182' title='bbox 175 1884 272 1910; x_wconf 80' lang='lat' dir='ltr'>regulan-</span> 
     </span>
    </p>
   </div>
   <div class='ocr_carea' id='block_1_10' title="bbox 122 1897 1239 1945">
    <p class='ocr_par' dir='ltr' id='par_1_10' title="bbox 122 1897 1239 1945">
     <span class='ocr_line' id='line_1_30' title="bbox 122 1897 1239 1945; baseline -0.002 -14"><span class='ocrx_word' id='word_1_183' title='bbox 122 1914 143 1932; x_wconf 70' lang='grc' dir='ltr'>ω</span> <span class='ocrx_word' id='word_1_184' title='bbox 158 1901 444 1945; x_wconf 69' lang='lat' dir='ltr'>ungunturpraeeepti</span> <span class='ocrx_word' id='word_1_185' title='bbox 467 1900 648 1943; x_wconf 69' lang='lat' dir='ltr'>requtativi&#39;</span> <span class='ocrx_word' id='word_1_186' title='bbox 670 1902 807 1942; x_wconf 87' lang='lat' dir='ltr'>quatuor</span> <span class='ocrx_word' id='word_1_187' title='bbox 832 1898 1097 1936; x_wconf 89' lang='lat' dir='ltr'>introducuntur,</span> <span class='ocrx_word' id='word_1_188' title='bbox 1122 1897 1239 1930; x_wconf 86' lang='lat' dir='ltr'>scilicet</span> 
     </span>
    </p>
   </div>
   <div class='ocr_carea' id='block_1_11' title="bbox 122 1940 220 1964">
    <p class='ocr_par' dir='ltr' id='par_1_11' title="bbox 122 1940 220 1964">
     <span class='ocr_line' id='line_1_31' title="bbox 122 1940 220 1964; baseline 0 -6"><span class='ocrx_word' id='word_1_189' title='bbox 122 1940 220 1964; x_wconf 80' lang='lat' dir='ltr'>quatuor.</span> 
     </span>
    </p>
   </div>
   <div class='ocr_carea' id='block_1_12' title="bbox 156 2177 259 2198">
    <p class='ocr_par' dir='ltr' id='par_1_12' title="bbox 156 2177 259 2198">
     <span class='ocr_line' id='line_1_32' title="bbox 156 2177 259 2198; baseline -0.01 0"><span class='ocrx_word' id='word_1_190' title='bbox 156 2177 259 2198; x_wconf 84' lang='lat' dir='ltr'>Primum.</span> 
     </span>
    </p>
   </div>
   <div class='ocr_carea' id='block_1_13' title="bbox 278 1950 1245 2634">
    <p class='ocr_par' dir='ltr' id='par_1_13' title="bbox 278 1950 1239 2101">
     <span class='ocr_line' id='line_1_33' title="bbox 278 1950 1239 1998; baseline -0.005 -11"><span class='ocrx_word' id='word_1_191' title='bbox 278 1954 449 1998; x_wconf 73' lang='lat' dir='ltr'>inquisitio</span> <span class='ocrx_word' id='word_1_192' title='bbox 484 1954 634 1986; x_wconf 80' lang='lat' dir='ltr'>veritatis</span> <span class='ocrx_word' id='word_1_193' title='bbox 670 1952 870 1991; x_wconf 79' lang='lat' dir='ltr'>salutiferae,</span> <span class='ocrx_word' id='word_1_194' title='bbox 911 1951 1054 1984; x_wconf 83' lang='lat' dir='ltr'>inventio</span> <span class='ocrx_word' id='word_1_195' title='bbox 1088 1950 1239 1983; x_wconf 85' lang='lat' dir='ltr'>veritatis</span> 
     </span>
     <span class='ocr_line' id='line_1_34' title="bbox 278 2003 1239 2050; baseline -0.005 -10"><span class='ocrx_word' id='word_1_196' title='bbox 278 2007 454 2050; x_wconf 83' lang='lat' dir='ltr'>quaesitae,</span> <span class='ocrx_word' id='word_1_197' title='bbox 479 2005 675 2048; x_wconf 76' lang='lat' dir='ltr'>approbatio</span> <span class='ocrx_word' id='word_1_198' title='bbox 700 2005 851 2038; x_wconf 80' lang='lat' dir='ltr'>veritatis</span> <span class='ocrx_word' id='word_1_199' title='bbox 874 2005 1036 2043; x_wconf 88' lang='lat' dir='ltr'>inventae,</span> <span class='ocrx_word' id='word_1_200' title='bbox 1063 2003 1239 2045; x_wconf 73' lang='lat' dir='ltr'>investiya-</span> 
     </span>
     <span class='ocr_line' id='line_1_35' title="bbox 279 2059 721 2101; baseline -0.005 -8"><span class='ocrx_word' id='word_1_201' title='bbox 279 2061 323 2093; x_wconf 84' lang='lat' dir='ltr'>tio</span> <span class='ocrx_word' id='word_1_202' title='bbox 346 2060 497 2093; x_wconf 84' lang='lat' dir='ltr'>veritatis</span> <span class='ocrx_word' id='word_1_203' title='bbox 520 2059 721 2101; x_wconf 87' lang='lat' dir='ltr'>approbatae.</span> 
     </span>
    </p>

    <p class='ocr_par' dir='ltr' id='par_1_14' title="bbox 278 2108 1245 2634">
     <span class='ocr_line' id='line_1_36' title="bbox 368 2108 1240 2155; baseline -0.006 -9"><span class='ocrx_word' id='word_1_204' title='bbox 368 2114 421 2146; x_wconf 77' lang='grc' dir='ltr'>[ιίι.</span> <span class='ocrx_word' id='word_1_205' title='bbox 447 2113 548 2155; x_wconf 66' lang='lat' dir='ltr'>(Vers.</span> <span class='ocrx_word' id='word_1_206' title='bbox 574 2113 651 2153; x_wconf 58' lang='lat'>25).</span> <span class='ocrx_word' id='word_1_207' title='bbox 678 2112 781 2144; x_wconf 81' lang='lat' dir='ltr'>Primo</span> <span class='ocrx_word' id='word_1_208' title='bbox 805 2120 881 2153; x_wconf 81' lang='lat' dir='ltr'>ergo</span> <span class='ocrx_word' id='word_1_209' title='bbox 904 2113 1058 2153; x_wconf 88' lang='lat' dir='ltr'>quantum</span> <span class='ocrx_word' id='word_1_210' title='bbox 1075 2109 1114 2142; x_wconf 86' lang='lat' dir='ltr'>ad</span> <span class='ocrx_word' id='word_1_211' title='bbox 1131 2108 1240 2152; x_wconf 83' lang='lat' dir='ltr'>inqui-</span> 
     </span>
     <span class='ocr_line' id='line_1_37' title="bbox 278 2163 1241 2207; baseline -0.006 -7"><span class='ocrx_word' id='word_1_212' title='bbox 278 2167 430 2200; x_wconf 83' lang='lat' dir='ltr'>sitionem</span> <span class='ocrx_word' id='word_1_213' title='bbox 446 2166 595 2199; x_wconf 82' lang='lat' dir='ltr'>veritatis</span> <span class='ocrx_word' id='word_1_214' title='bbox 611 2164 809 2207; x_wconf 77' lang='lat' dir='ltr'>salutiferae</span> <span class='ocrx_word' id='word_1_215' title='bbox 825 2164 900 2197; x_wconf 86' lang='lat' dir='ltr'>dicit</span> <span class='ocrx_word' id='word_1_216' title='bbox 914 2176 920 2195; x_wconf 93' lang='lat'>:</span> <span class='ocrx_word' id='word_1_217' title='bbox 941 2164 978 2195; x_wconf 87' lang='lat' dir='ltr'>Et</span> <span class='ocrx_word' id='word_1_218' title='bbox 995 2173 1083 2202; x_wconf 81' lang='lat' dir='ltr'>ecee,</span> <span class='ocrx_word' id='word_1_219' title='bbox 1101 2163 1241 2206; x_wconf 80' lang='lat' dir='ltr'>quidam</span> 
     </span>
     <span class='ocr_line' id='line_1_38' title="bbox 281 2216 1242 2263; baseline -0.005 -10"><span class='ocrx_word' id='word_1_220' title='bbox 281 2220 488 2263; x_wconf 60' lang='lat' dir='ltr'>legisperitus</span> <span class='ocrx_word' id='word_1_221' title='bbox 518 2219 689 2258; x_wconf 75' lang='lat' dir='ltr'>surrexit,</span> <span class='ocrx_word' id='word_1_222' title='bbox 726 2222 854 2250; x_wconf 81' lang='lat' dir='ltr'>tentans</span> <span class='ocrx_word' id='word_1_223' title='bbox 890 2217 994 2250; x_wconf 83' lang='lat' dir='ltr'>illum.</span> <span class='ocrx_word' id='word_1_224' title='bbox 1029 2217 1088 2249; x_wconf 91' lang='lat' dir='ltr'>lste</span> <span class='ocrx_word' id='word_1_225' title='bbox 1119 2216 1242 2258; x_wconf 87' lang='lat' dir='ltr'>peritus</span> 
     </span>
     <span class='ocr_line' id='line_1_39' title="bbox 281 2270 1241 2315; baseline -0.005 -9"><span class='ocrx_word' id='word_1_226' title='bbox 281 2278 354 2307; x_wconf 88' lang='lat' dir='ltr'>erat</span> <span class='ocrx_word' id='word_1_227' title='bbox 370 2277 401 2306; x_wconf 89' lang='lat' dir='ltr'>et</span> <span class='ocrx_word' id='word_1_228' title='bbox 425 2273 561 2315; x_wconf 89' lang='lat' dir='ltr'>peritum</span> <span class='ocrx_word' id='word_1_229' title='bbox 585 2281 619 2305; x_wconf 89' lang='lat' dir='ltr'>se</span> <span class='ocrx_word' id='word_1_230' title='bbox 635 2271 832 2314; x_wconf 67' lang='lat' dir='ltr'>reputabat,-</span> <span class='ocrx_word' id='word_1_231' title='bbox 848 2273 879 2303; x_wconf 89' lang='lat' dir='ltr'>et</span> <span class='ocrx_word' id='word_1_232' title='bbox 895 2270 970 2313; x_wconf 89' lang='lat' dir='ltr'>quia</span> <span class='ocrx_word' id='word_1_233' title='bbox 986 2270 1123 2312; x_wconf 87' lang='lat' dir='ltr'>peritum</span> <span class='ocrx_word' id='word_1_234' title='bbox 1140 2278 1173 2302; x_wconf 91' lang='lat' dir='ltr'>se</span> <span class='ocrx_word' id='word_1_235' title='bbox 1190 2277 1241 2301; x_wconf 85' lang='lat' dir='ltr'>re-</span> 
     </span>
     <span class='ocr_line' id='line_1_40' title="bbox 278 2322 1244 2369; baseline -0.005 -10"><span class='ocrx_word' id='word_1_236' title='bbox 278 2327 439 2369; x_wconf 80' lang='lat' dir='ltr'>putabat,</span> <span class='ocrx_word' id='word_1_237' title='bbox 472 2326 540 2358; x_wconf 90' lang='lat' dir='ltr'>ideo</span> <span class='ocrx_word' id='word_1_238' title='bbox 565 2335 626 2358; x_wconf 91' lang='lat' dir='ltr'>non</span> <span class='ocrx_word' id='word_1_239' title='bbox 652 2324 853 2366; x_wconf 79' lang='lat' dir='ltr'>requirebat,</span> <span class='ocrx_word' id='word_1_240' title='bbox 877 2327 913 2356; x_wconf 91' lang='lat' dir='ltr'>ut</span> <span class='ocrx_word' id='word_1_241' title='bbox 936 2323 1088 2362; x_wconf 83' lang='lat' dir='ltr'>disceret,</span> <span class='ocrx_word' id='word_1_242' title='bbox 1121 2322 1175 2355; x_wconf 87' lang='lat' dir='ltr'>sed</span> <span class='ocrx_word' id='word_1_243' title='bbox 1207 2325 1244 2354; x_wconf 90' lang='lat' dir='ltr'>ut</span> 
     </span>
     <span class='ocr_line' id='line_1_41' title="bbox 283 2374 1244 2422; baseline -0.006 -9"><span class='ocrx_word' id='word_1_244' title='bbox 283 2381 449 2422; x_wconf 90' lang='lat' dir='ltr'>probaret,</span> <span class='ocrx_word' id='word_1_245' title='bbox 482 2379 564 2412; x_wconf 86' lang='lat' dir='ltr'>sicut</span> <span class='ocrx_word' id='word_1_246' title='bbox 587 2378 684 2410; x_wconf 90' lang='lat' dir='ltr'>moris</span> <span class='ocrx_word' id='word_1_247' title='bbox 708 2380 755 2410; x_wconf 88' lang='lat' dir='ltr'>cst</span> <span class='ocrx_word' id='word_1_248' title='bbox 779 2377 942 2419; x_wconf 86' lang='lat' dir='ltr'>superbis,</span> <span class='ocrx_word' id='word_1_249' title='bbox 966 2376 1140 2410; x_wconf 88' lang='lat' dir='ltr'>secundum</span> <span class='ocrx_word' id='word_1_250' title='bbox 1165 2374 1244 2407; x_wconf 92' lang='lat' dir='ltr'>illud</span> 
     </span>
     <span class='ocr_line' id='line_1_42' title="bbox 285 2427 1243 2465; baseline -0.005 0"><span class='ocrx_word' id='word_1_251' title='bbox 285 2432 488 2465; x_wconf 84' lang='lat' dir='ltr'>Ecclesiastici</span> <span class='ocrx_word' id='word_1_252' title='bbox 513 2431 633 2464; x_wconf 84' lang='lat' dir='ltr'>decimo</span> <span class='ocrx_word' id='word_1_253' title='bbox 658 2430 751 2463; x_wconf 89' lang='lat' dir='ltr'>tertio</span> <span class='ocrx_word' id='word_1_254' title='bbox 764 2430 776 2449; x_wconf 78' lang='lat'><strong>⁶</strong></span> <span class='ocrx_word' id='word_1_255' title='bbox 793 2429 831 2462; x_wconf 92' lang='lat' dir='ltr'>de</span> <span class='ocrx_word' id='word_1_256' title='bbox 847 2429 963 2462; x_wconf 86' lang='lat' dir='ltr'>divite:</span> <span class='ocrx_word' id='word_1_257' title='bbox 985 2442 1000 2457; x_wconf 75' lang='grc' dir='ltr'><em>α</em></span> <span class='ocrx_word' id='word_1_258' title='bbox 1018 2429 1065 2461; x_wconf 85' lang='lat' dir='ltr'>Ex</span> <span class='ocrx_word' id='word_1_259' title='bbox 1081 2428 1182 2461; x_wconf 87' lang='lat' dir='ltr'>multa</span> <span class='ocrx_word' id='word_1_260' title='bbox 1198 2427 1243 2460; x_wconf 94' lang='lat' dir='ltr'>lo-</span> 
     </span>
     <span class='ocr_line' id='line_1_43' title="bbox 284 2482 1244 2528; baseline -0.006 -9"><span class='ocrx_word' id='word_1_261' title='bbox 284 2486 378 2528; x_wconf 88' lang='lat' dir='ltr'>quela</span> <span class='ocrx_word' id='word_1_262' title='bbox 402 2485 534 2518; x_wconf 85' lang='lat' dir='ltr'>tentabit</span> <span class='ocrx_word' id='word_1_263' title='bbox 558 2489 588 2517; x_wconf 91' lang='lat' dir='ltr'>te</span> <span class='ocrx_word' id='word_1_264' title='bbox 605 2498 634 2516; x_wconf 83' lang='lat'>».</span> <span class='ocrx_word' id='word_1_265' title='bbox 666 2483 724 2516; x_wconf 87' lang='lat' dir='ltr'>Sed</span> <span class='ocrx_word' id='word_1_266' title='bbox 748 2492 881 2522; x_wconf 89' lang='lat' dir='ltr'>rursus,</span> <span class='ocrx_word' id='word_1_267' title='bbox 906 2483 981 2525; x_wconf 88' lang='lat' dir='ltr'>quia</span> <span class='ocrx_word' id='word_1_268' title='bbox 1006 2482 1127 2524; x_wconf 88' lang='lat' dir='ltr'>peritus</span> <span class='ocrx_word' id='word_1_269' title='bbox 1152 2485 1244 2520; x_wconf 86' lang='lat' dir='ltr'>erat,</span> 
     </span>
     <span class='ocr_line' id='line_1_44' title="bbox 285 2534 1243 2579; baseline -0.006 -7"><span class='ocrx_word' id='word_1_270' title='bbox 285 2539 354 2572; x_wconf 88' lang='lat' dir='ltr'>ideo</span> <span class='ocrx_word' id='word_1_271' title='bbox 378 2539 487 2571; x_wconf 90' lang='lat' dir='ltr'>idonee</span> <span class='ocrx_word' id='word_1_272' title='bbox 511 2541 542 2570; x_wconf 88' lang='lat' dir='ltr'>et</span> <span class='ocrx_word' id='word_1_273' title='bbox 565 2540 651 2570; x_wconf 86' lang='lat' dir='ltr'>recte</span> <span class='ocrx_word' id='word_1_274' title='bbox 675 2537 868 2579; x_wconf 88' lang='lat' dir='ltr'>quaerebat;</span> <span class='ocrx_word' id='word_1_275' title='bbox 893 2540 1022 2578; x_wconf 86' lang='lat' dir='ltr'>propter</span> <span class='ocrx_word' id='word_1_276' title='bbox 1039 2534 1125 2578; x_wconf 92' lang='lat' dir='ltr'>quod</span> <span class='ocrx_word' id='word_1_277' title='bbox 1140 2534 1243 2567; x_wconf 83' lang='lat' dir='ltr'>addit:</span> 
     </span>
     <span class='ocr_line' id='line_1_45' title="bbox 289 2588 1245 2634; baseline -0.005 -9"><span class='ocrx_word' id='word_1_278' title='bbox 289 2594 325 2625; x_wconf 87' lang='lat' dir='ltr'>Et</span> <span class='ocrx_word' id='word_1_279' title='bbox 349 2593 481 2625; x_wconf 80' lang='lat' dir='ltr'>dicens:</span> <span class='ocrx_word' id='word_1_280' title='bbox 507 2591 683 2633; x_wconf 67' lang='lat' dir='ltr'>Mayister,</span> <span class='ocrx_word' id='word_1_281' title='bbox 708 2590 789 2634; x_wconf 83' lang='lat' dir='ltr'>qaid</span> <span class='ocrx_word' id='word_1_282' title='bbox 819 2588 972 2632; x_wconf 74' lang='lat' dir='ltr'>faciendo</span> <span class='ocrx_word' id='word_1_283' title='bbox 1003 2588 1108 2622; x_wconf 86' lang='lat' dir='ltr'>vitam</span> <span class='ocrx_word' id='word_1_284' title='bbox 1140 2591 1245 2621; x_wconf 80' lang='lat' dir='ltr'>aeter-</span> 
     </span>
    </p>
   </div>
   <div class='ocr_carea' id='block_1_14' title="bbox 875 263 1651 298">
    <p class='ocr_par' dir='ltr' id='par_1_15' title="bbox 875 263 1651 298">
     <span class='ocr_line' id='line_1_46' title="bbox 875 263 1651 298; baseline -0.004 0"><span class='ocrx_word' id='word_1_285' title='bbox 875 265 1068 298; x_wconf 86' lang='lat' dir='ltr'>COMMENT.</span> <span class='ocrx_word' id='word_1_286' title='bbox 1094 265 1131 298; x_wconf 89' lang='lat' dir='ltr'>lN</span> <span class='ocrx_word' id='word_1_287' title='bbox 1156 264 1394 298; x_wconf 80' lang='lat' dir='ltr'>EVANGELIUM</span> <span class='ocrx_word' id='word_1_288' title='bbox 1418 263 1535 297; x_wconf 77' lang='lat' dir='ltr'>LUCAE</span> <span class='ocrx_word' id='word_1_289' title='bbox 1559 263 1591 296; x_wconf 90' lang='lat' dir='ltr'>C.</span> <span class='ocrx_word' id='word_1_290' title='bbox 1616 264 1651 296; x_wconf 92' lang='lat' dir='ltr'>X.</span> 
     </span>
    </p>
   </div>
   <div class='ocr_carea' id='block_1_15' title="bbox 1289 350 2271 2040">
    <p class='ocr_par' dir='ltr' id='par_1_16' title="bbox 1289 350 2263 1404">
     <span class='ocr_line' id='line_1_47' title="bbox 1289 350 2252 395; baseline -0.002 -10"><span class='ocrx_word' id='word_1_291' title='bbox 1289 362 1370 385; x_wconf 86' lang='lat' dir='ltr'>nam</span> <span class='ocrx_word' id='word_1_292' title='bbox 1395 351 1596 395; x_wconf 73' lang='lat' dir='ltr'>possidebo?</span> <span class='ocrx_word' id='word_1_293' title='bbox 1627 351 1830 394; x_wconf 72' lang='lat' dir='ltr'>Mayistram</span> <span class='ocrx_word' id='word_1_294' title='bbox 1854 360 1927 384; x_wconf 92' lang='lat' dir='ltr'>eum</span> <span class='ocrx_word' id='word_1_295' title='bbox 1951 353 2059 389; x_wconf 79' lang='lat' dir='ltr'>vocat,</span> <span class='ocrx_word' id='word_1_296' title='bbox 2084 350 2159 393; x_wconf 89' lang='lat' dir='ltr'>quia</span> <span class='ocrx_word' id='word_1_297' title='bbox 2191 350 2252 383; x_wconf 87' lang='lat' dir='ltr'>hoc</span> 
     </span>
     <span class='ocr_line' id='line_1_48' title="bbox 1290 402 2252 448; baseline -0.002 -10"><span class='ocrx_word' id='word_1_298' title='bbox 1290 406 1358 448; x_wconf 88' lang='lat' dir='ltr'>ipso</span> <span class='ocrx_word' id='word_1_299' title='bbox 1381 408 1502 447; x_wconf 85' lang='lat' dir='ltr'>spectat</span> <span class='ocrx_word' id='word_1_300' title='bbox 1524 404 1563 437; x_wconf 90' lang='lat' dir='ltr'>ad</span> <span class='ocrx_word' id='word_1_301' title='bbox 1586 413 1678 444; x_wconf 88' lang='lat' dir='ltr'>eum,</span> <span class='ocrx_word' id='word_1_302' title='bbox 1703 408 1740 437; x_wconf 89' lang='lat' dir='ltr'>ut</span> <span class='ocrx_word' id='word_1_303' title='bbox 1762 404 1801 437; x_wconf 85' lang='lat' dir='ltr'>ad</span> <span class='ocrx_word' id='word_1_304' title='bbox 1823 404 2017 446; x_wconf 86' lang='lat' dir='ltr'>interrogata</span> <span class='ocrx_word' id='word_1_305' title='bbox 2045 402 2252 445; x_wconf 87' lang='lat' dir='ltr'>respondeat,</span> 
     </span>
     <span class='ocr_line' id='line_1_49' title="bbox 1292 456 2255 500; baseline -0.003 -9"><span class='ocrx_word' id='word_1_306' title='bbox 1292 459 1383 491; x_wconf 84' lang='lat' dir='ltr'>iuxta</span> <span class='ocrx_word' id='word_1_307' title='bbox 1395 458 1480 500; x_wconf 89' lang='lat' dir='ltr'>quod</span> <span class='ocrx_word' id='word_1_308' title='bbox 1496 458 1613 491; x_wconf 89' lang='lat' dir='ltr'>dicitur</span> <span class='ocrx_word' id='word_1_309' title='bbox 1630 457 1775 490; x_wconf 81' lang='lat' dir='ltr'>Matthaei</span> <span class='ocrx_word' id='word_1_310' title='bbox 1792 457 1943 499; x_wconf 86' lang='lat' dir='ltr'>vigesimo</span> <span class='ocrx_word' id='word_1_311' title='bbox 1959 456 2098 489; x_wconf 89' lang='lat' dir='ltr'>secundo</span> <span class='ocrx_word' id='word_1_312' title='bbox 2110 456 2141 489; x_wconf 84' lang='lat'>⁷:</span> <span class='ocrx_word' id='word_1_313' title='bbox 2163 469 2179 485; x_wconf 72' lang='grc' dir='ltr'><strong>α</strong></span> <span class='ocrx_word' id='word_1_314' title='bbox 2192 456 2255 488; x_wconf 89' lang='lat' dir='ltr'>Ma-</span> 
     </span>
     <span class='ocr_line' id='line_1_50' title="bbox 1290 509 2255 554; baseline -0.004 -9"><span class='ocrx_word' id='word_1_315' title='bbox 1290 512 1406 554; x_wconf 87' lang='lat' dir='ltr'>gister,</span> <span class='ocrx_word' id='word_1_316' title='bbox 1430 512 1566 550; x_wconf 88' lang='lat' dir='ltr'>scimus,</span> <span class='ocrx_word' id='word_1_317' title='bbox 1590 511 1666 553; x_wconf 88' lang='lat' dir='ltr'>quia</span> <span class='ocrx_word' id='word_1_318' title='bbox 1689 519 1789 543; x_wconf 86' lang='lat' dir='ltr'>verax</span> <span class='ocrx_word' id='word_1_319' title='bbox 1812 519 1847 543; x_wconf 91' lang='lat' dir='ltr'>es</span> <span class='ocrx_word' id='word_1_320' title='bbox 1870 513 1901 543; x_wconf 90' lang='lat' dir='ltr'>et</span> <span class='ocrx_word' id='word_1_321' title='bbox 1924 509 2007 542; x_wconf 83' lang='lat' dir='ltr'>viam</span> <span class='ocrx_word' id='word_1_322' title='bbox 2035 509 2090 542; x_wconf 91' lang='lat' dir='ltr'>Dei</span> <span class='ocrx_word' id='word_1_323' title='bbox 2115 509 2147 542; x_wconf 94' lang='lat' dir='ltr'>in</span> <span class='ocrx_word' id='word_1_324' title='bbox 2171 509 2255 542; x_wconf 91' lang='lat' dir='ltr'>veri-</span> 
     </span>
     <span class='ocr_line' id='line_1_51' title="bbox 1292 562 2256 606; baseline -0.003 -9"><span class='ocrx_word' id='word_1_325' title='bbox 1292 568 1355 598; x_wconf 89' lang='lat' dir='ltr'>tate</span> <span class='ocrx_word' id='word_1_326' title='bbox 1378 565 1472 597; x_wconf 89' lang='lat' dir='ltr'>doces</span> <span class='ocrx_word' id='word_1_327' title='bbox 1488 578 1518 596; x_wconf 89' lang='lat'>».</span> <span class='ocrx_word' id='word_1_328' title='bbox 1543 564 1630 597; x_wconf 86' lang='lat' dir='ltr'>Unde</span> <span class='ocrx_word' id='word_1_329' title='bbox 1653 564 1728 606; x_wconf 89' lang='lat' dir='ltr'>quia</span> <span class='ocrx_word' id='word_1_330' title='bbox 1752 563 1968 605; x_wconf 88' lang='lat' dir='ltr'>magisterium</span> <span class='ocrx_word' id='word_1_331' title='bbox 1994 562 2104 595; x_wconf 87' lang='lat' dir='ltr'>salutis</span> <span class='ocrx_word' id='word_1_332' title='bbox 2128 562 2256 604; x_wconf 85' lang='lat' dir='ltr'>profite-</span> 
     </span>
     <span class='ocr_line' id='line_1_52' title="bbox 1293 615 2257 659; baseline -0.002 -9"><span class='ocrx_word' id='word_1_333' title='bbox 1293 618 1388 650; x_wconf 84' lang='lat' dir='ltr'>batur</span> <span class='ocrx_word' id='word_1_334' title='bbox 1411 617 1574 656; x_wconf 83' lang='lat' dir='ltr'>ChristuS,</span> <span class='ocrx_word' id='word_1_335' title='bbox 1604 617 1673 649; x_wconf 90' lang='lat' dir='ltr'>ideo</span> <span class='ocrx_word' id='word_1_336' title='bbox 1705 616 1920 659; x_wconf 90' lang='lat' dir='ltr'>quaestionem</span> <span class='ocrx_word' id='word_1_337' title='bbox 1952 615 2026 649; x_wconf 86' lang='lat' dir='ltr'>facit</span> <span class='ocrx_word' id='word_1_338' title='bbox 2055 615 2094 648; x_wconf 89' lang='lat' dir='ltr'>de</span> <span class='ocrx_word' id='word_1_339' title='bbox 2124 615 2257 649; x_wconf 82' lang='lat' dir='ltr'>veritate</span> 
     </span>
     <span class='ocr_line' id='line_1_53' title="bbox 1293 668 2258 712; baseline -0.002 -9"><span class='ocrx_word' id='word_1_340' title='bbox 1293 670 1435 704; x_wconf 86' lang='lat' dir='ltr'>salutari.</span> <span class='ocrx_word' id='word_1_341' title='bbox 1471 670 1610 703; x_wconf 89' lang='lat' dir='ltr'>Similem</span> <span class='ocrx_word' id='word_1_342' title='bbox 1645 670 1860 712; x_wconf 87' lang='lat' dir='ltr'>quaestionem</span> <span class='ocrx_word' id='word_1_343' title='bbox 1900 669 2016 702; x_wconf 88' lang='lat' dir='ltr'>dicitur</span> <span class='ocrx_word' id='word_1_344' title='bbox 2055 668 2258 711; x_wconf 87' lang='lat' dir='ltr'>proposuisse</span> 
     </span>
     <span class='ocr_line' id='line_1_54' title="bbox 1293 721 2257 764; baseline -0.002 -8"><span class='ocrx_word' id='word_1_345' title='bbox 1293 724 1474 757; x_wconf 79' lang='lat' dir='ltr'>adolescens</span> <span class='ocrx_word' id='word_1_346' title='bbox 1498 723 1643 756; x_wconf 84' lang='lat' dir='ltr'>Matthaei</span> <span class='ocrx_word' id='word_1_347' title='bbox 1667 723 1788 756; x_wconf 91' lang='lat' dir='ltr'>decimo</span> <span class='ocrx_word' id='word_1_348' title='bbox 1812 722 1942 755; x_wconf 74' lang='lat' dir='ltr'>nono⁸z</span> <span class='ocrx_word' id='word_1_349' title='bbox 1966 735 1982 751; x_wconf 76' lang='lat' dir='ltr'>ut</span> <span class='ocrx_word' id='word_1_350' title='bbox 1998 722 2144 764; x_wconf 84' lang='lat' dir='ltr'>Magister</span> <span class='ocrx_word' id='word_1_351' title='bbox 2160 721 2257 760; x_wconf 88' lang='lat' dir='ltr'>bone,</span> 
     </span>
     <span class='ocr_line' id='line_1_55' title="bbox 1294 774 2259 819; baseline -0.002 -10"><span class='ocrx_word' id='word_1_352' title='bbox 1294 776 1372 819; x_wconf 88' lang='lat' dir='ltr'>quid</span> <span class='ocrx_word' id='word_1_353' title='bbox 1388 776 1498 809; x_wconf 80' lang='lat' dir='ltr'>faciam</span> <span class='ocrx_word' id='word_1_354' title='bbox 1512 803 1519 816; x_wconf 90' lang='lat'>,</span> <span class='ocrx_word' id='word_1_355' title='bbox 1537 780 1573 809; x_wconf 85' lang='lat' dir='ltr'>ut</span> <span class='ocrx_word' id='word_1_356' title='bbox 1590 776 1722 809; x_wconf 89' lang='lat' dir='ltr'>habeam</span> <span class='ocrx_word' id='word_1_357' title='bbox 1740 776 1835 809; x_wconf 87' lang='lat' dir='ltr'>vitam</span> <span class='ocrx_word' id='word_1_358' title='bbox 1851 778 2013 808; x_wconf 86' lang='lat' dir='ltr'>aeternam</span> <span class='ocrx_word' id='word_1_359' title='bbox 2029 778 2069 807; x_wconf 67' lang='lat' dir='ltr'>n?</span> <span class='ocrx_word' id='word_1_360' title='bbox 2092 774 2143 808; x_wconf 89' lang='lat' dir='ltr'>lsti</span> <span class='ocrx_word' id='word_1_361' title='bbox 2160 783 2259 817; x_wconf 88' lang='lat' dir='ltr'>quae-</span> 
     </span>
     <span class='ocr_line' id='line_1_56' title="bbox 1295 828 2259 871; baseline -0.002 -8"><span class='ocrx_word' id='word_1_362' title='bbox 1295 830 1408 863; x_wconf 84' lang='lat' dir='ltr'>rebant</span> <span class='ocrx_word' id='word_1_363' title='bbox 1430 830 1587 869; x_wconf 87' lang='lat' dir='ltr'>studiose,</span> <span class='ocrx_word' id='word_1_364' title='bbox 1612 839 1674 862; x_wconf 94' lang='lat' dir='ltr'>non</span> <span class='ocrx_word' id='word_1_365' title='bbox 1698 829 1839 868; x_wconf 87' lang='lat' dir='ltr'>curiose,</span> <span class='ocrx_word' id='word_1_366' title='bbox 1864 829 1940 871; x_wconf 88' lang='lat' dir='ltr'>quia</span> <span class='ocrx_word' id='word_1_367' title='bbox 1963 838 2025 861; x_wconf 91' lang='lat' dir='ltr'>non</span> <span class='ocrx_word' id='word_1_368' title='bbox 2049 828 2088 862; x_wconf 89' lang='lat' dir='ltr'>de</span> <span class='ocrx_word' id='word_1_369' title='bbox 2108 828 2259 871; x_wconf 89' lang='lat' dir='ltr'>operibus</span> 
     </span>
     <span class='ocr_line' id='line_1_57' title="bbox 1294 882 2260 925; baseline -0.002 -9"><span class='ocrx_word' id='word_1_370' title='bbox 1294 884 1402 922; x_wconf 80' lang='lat' dir='ltr'>factis,</span> <span class='ocrx_word' id='word_1_371' title='bbox 1426 883 1481 916; x_wconf 88' lang='lat' dir='ltr'>sed</span> <span class='ocrx_word' id='word_1_372' title='bbox 1504 883 1652 916; x_wconf 82' lang='lat' dir='ltr'>faciendis</span> <span class='ocrx_word' id='word_1_373' title='bbox 1675 885 1805 925; x_wconf 90' lang='lat' dir='ltr'>propter</span> <span class='ocrx_word' id='word_1_374' title='bbox 1829 882 1979 915; x_wconf 86' lang='lat' dir='ltr'>meritum</span> <span class='ocrx_word' id='word_1_375' title='bbox 2001 882 2129 921; x_wconf 91' lang='lat' dir='ltr'>salutis,</span> <span class='ocrx_word' id='word_1_376' title='bbox 2147 890 2260 915; x_wconf 86' lang='lat' dir='ltr'>seeun-</span> 
     </span>
     <span class='ocr_line' id='line_1_58' title="bbox 1294 935 2260 977; baseline -0.001 -8"><span class='ocrx_word' id='word_1_377' title='bbox 1294 936 1371 969; x_wconf 89' lang='lat' dir='ltr'>dum</span> <span class='ocrx_word' id='word_1_378' title='bbox 1403 936 1481 969; x_wconf 92' lang='lat' dir='ltr'>illud</span> <span class='ocrx_word' id='word_1_379' title='bbox 1513 936 1718 969; x_wconf 87' lang='lat' dir='ltr'>Ecclesiastici</span> <span class='ocrx_word' id='word_1_380' title='bbox 1748 935 1888 968; x_wconf 78' lang='lat' dir='ltr'>tertio⁹z</span> <span class='ocrx_word' id='word_1_381' title='bbox 1918 948 1934 964; x_wconf 74' lang='grc' dir='ltr'>α</span> <span class='ocrx_word' id='word_1_382' title='bbox 1952 936 1984 968; x_wconf 92' lang='lat' dir='ltr'>ln</span> <span class='ocrx_word' id='word_1_383' title='bbox 2009 935 2155 977; x_wconf 90' lang='lat' dir='ltr'>pluribus</span> <span class='ocrx_word' id='word_1_384' title='bbox 2185 943 2260 977; x_wconf 88' lang='lat' dir='ltr'>ope-</span> 
     </span>
     <span class='ocr_line' id='line_1_59' title="bbox 1296 989 2260 1035; baseline -0.001 -13"><span class='ocrx_word' id='word_1_385' title='bbox 1296 989 1386 1022; x_wconf 87' lang='lat' dir='ltr'>ribus</span> <span class='ocrx_word' id='word_1_386' title='bbox 1417 990 1490 1035; x_wconf 37' lang='lat' dir='ltr'>eius·</span> <span class='ocrx_word' id='word_1_387' title='bbox 1521 998 1561 1022; x_wconf 91' lang='lat' dir='ltr'>ne</span> <span class='ocrx_word' id='word_1_388' title='bbox 1596 989 1695 1022; x_wconf 79' lang='lat' dir='ltr'>fueris</span> <span class='ocrx_word' id='word_1_389' title='bbox 1729 989 1896 1028; x_wconf 88' lang='lat' dir='ltr'>curiosus;</span> <span class='ocrx_word' id='word_1_390' title='bbox 1936 989 1991 1021; x_wconf 89' lang='lat' dir='ltr'>sed</span> <span class='ocrx_word' id='word_1_391' title='bbox 2022 998 2104 1031; x_wconf 90' lang='lat' dir='ltr'>quae</span> <span class='ocrx_word' id='word_1_392' title='bbox 2132 997 2260 1031; x_wconf 85' lang='lat' dir='ltr'>praec-e-</span> 
     </span>
     <span class='ocr_line' id='line_1_60' title="bbox 1297 1042 2262 1085; baseline 0 -10"><span class='ocrx_word' id='word_1_393' title='bbox 1297 1043 1343 1084; x_wconf 89' lang='lat' dir='ltr'>pit</span> <span class='ocrx_word' id='word_1_394' title='bbox 1367 1042 1421 1075; x_wconf 91' lang='lat' dir='ltr'>tibi</span> <span class='ocrx_word' id='word_1_395' title='bbox 1446 1043 1548 1081; x_wconf 85' lang='lat' dir='ltr'>Deus,</span> <span class='ocrx_word' id='word_1_396' title='bbox 1581 1042 1634 1075; x_wconf 89' lang='lat' dir='ltr'>illa</span> <span class='ocrx_word' id='word_1_397' title='bbox 1657 1042 1759 1084; x_wconf 86' lang='lat' dir='ltr'>cogita</span> <span class='ocrx_word' id='word_1_398' title='bbox 1781 1051 1907 1084; x_wconf 87' lang='lat' dir='ltr'>semper</span> <span class='ocrx_word' id='word_1_399' title='bbox 1924 1055 1954 1074; x_wconf 70' lang='grc' dir='ltr'>ι).</span> <span class='ocrx_word' id='word_1_400' title='bbox 1979 1042 2066 1075; x_wconf 89' lang='lat' dir='ltr'>Unde</span> <span class='ocrx_word' id='word_1_401' title='bbox 2089 1042 2139 1075; x_wconf 87' lang='lat' dir='ltr'>isti</span> <span class='ocrx_word' id='word_1_402' title='bbox 2163 1051 2262 1085; x_wconf 87' lang='lat' dir='ltr'>quae-</span> 
     </span>
     <span class='ocr_line' id='line_1_61' title="bbox 1297 1091 2261 1134; baseline -0.001 -6"><span class='ocrx_word' id='word_1_403' title='bbox 1297 1098 1374 1128; x_wconf 88' lang='lat' dir='ltr'>runt</span> <span class='ocrx_word' id='word_1_404' title='bbox 1396 1096 1435 1128; x_wconf 90' lang='lat' dir='ltr'>de</span> <span class='ocrx_word' id='word_1_405' title='bbox 1446 1091 1507 1128; x_wconf 53' lang='lat' dir='ltr'>*via</span> <span class='ocrx_word' id='word_1_406' title='bbox 1522 1095 1616 1128; x_wconf 90' lang='lat' dir='ltr'>eundi</span> <span class='ocrx_word' id='word_1_407' title='bbox 1633 1096 1672 1128; x_wconf 89' lang='lat' dir='ltr'>ad</span> <span class='ocrx_word' id='word_1_408' title='bbox 1689 1096 1784 1128; x_wconf 82' lang='lat' dir='ltr'>vitam</span> <span class='ocrx_word' id='word_1_409' title='bbox 1796 1121 1804 1134; x_wconf 93' lang='lat'>,</span> <span class='ocrx_word' id='word_1_410' title='bbox 1821 1095 1913 1128; x_wconf 84' lang='lat' dir='ltr'>iuxta</span> <span class='ocrx_word' id='word_1_411' title='bbox 1924 1095 2095 1128; x_wconf 85' lang='lat' dir='ltr'>consilium</span> <span class='ocrx_word' id='word_1_412' title='bbox 2113 1095 2261 1128; x_wconf 87' lang='lat' dir='ltr'>Ieremiae</span> 
     </span>
     <span class='ocr_line' id='line_1_62' title="bbox 1297 1147 2260 1190; baseline -0.001 -9"><span class='ocrx_word' id='word_1_413' title='bbox 1297 1152 1411 1181; x_wconf 86' lang='lat' dir='ltr'>sexto:</span> <span class='ocrx_word' id='word_1_414' title='bbox 1442 1161 1457 1177; x_wconf 82' lang='grc'><em>«</em></span> <span class='ocrx_word' id='word_1_415' title='bbox 1474 1149 1559 1181; x_wconf 88' lang='lat' dir='ltr'>State</span> <span class='ocrx_word' id='word_1_416' title='bbox 1582 1157 1679 1190; x_wconf 91' lang='lat' dir='ltr'>super</span> <span class='ocrx_word' id='word_1_417' title='bbox 1702 1147 1769 1180; x_wconf 87' lang='lat' dir='ltr'>vias</span> <span class='ocrx_word' id='word_1_418' title='bbox 1792 1151 1823 1180; x_wconf 90' lang='lat' dir='ltr'>et</span> <span class='ocrx_word' id='word_1_419' title='bbox 1846 1148 1950 1181; x_wconf 90' lang='lat' dir='ltr'>videte</span> <span class='ocrx_word' id='word_1_420' title='bbox 1966 1151 1997 1181; x_wconf 93' lang='lat' dir='ltr'>et</span> <span class='ocrx_word' id='word_1_421' title='bbox 2013 1148 2205 1190; x_wconf 86' lang='lat' dir='ltr'>interrogate</span> <span class='ocrx_word' id='word_1_422' title='bbox 2220 1148 2260 1181; x_wconf 91' lang='lat' dir='ltr'>de</span> 
     </span>
     <span class='ocr_line' id='line_1_63' title="bbox 1298 1201 2262 1244; baseline 0 -10"><span class='ocrx_word' id='word_1_423' title='bbox 1298 1202 1418 1234; x_wconf 88' lang='lat' dir='ltr'>semitis</span> <span class='ocrx_word' id='word_1_424' title='bbox 1441 1202 1597 1244; x_wconf 88' lang='lat' dir='ltr'>antiquis,</span> <span class='ocrx_word' id='word_1_425' title='bbox 1621 1211 1702 1243; x_wconf 90' lang='lat' dir='ltr'>quae</span> <span class='ocrx_word' id='word_1_426' title='bbox 1726 1201 1766 1234; x_wconf 92' lang='lat' dir='ltr'>sit</span> <span class='ocrx_word' id='word_1_427' title='bbox 1790 1201 1840 1233; x_wconf 90' lang='lat' dir='ltr'>via</span> <span class='ocrx_word' id='word_1_428' title='bbox 1863 1201 1962 1240; x_wconf 89' lang='lat' dir='ltr'>bona,</span> <span class='ocrx_word' id='word_1_429' title='bbox 1986 1204 2018 1233; x_wconf 89' lang='lat' dir='ltr'>et</span> <span class='ocrx_word' id='word_1_430' title='bbox 2045 1201 2206 1234; x_wconf 84' lang='lat' dir='ltr'>ambulate</span> <span class='ocrx_word' id='word_1_431' title='bbox 2229 1201 2262 1234; x_wconf 93' lang='lat' dir='ltr'>in</span> 
     </span>
     <span class='ocr_line' id='line_1_64' title="bbox 1297 1254 2263 1296; baseline 0 -8"><span class='ocrx_word' id='word_1_432' title='bbox 1297 1265 1335 1288; x_wconf 90' lang='lat' dir='ltr'>ea</span> <span class='ocrx_word' id='word_1_433' title='bbox 1346 1281 1353 1294; x_wconf 91' lang='lat'>,</span> <span class='ocrx_word' id='word_1_434' title='bbox 1369 1258 1402 1287; x_wconf 88' lang='lat' dir='ltr'>et</span> <span class='ocrx_word' id='word_1_435' title='bbox 1418 1255 1584 1288; x_wconf 89' lang='lat' dir='ltr'>invenietis</span> <span class='ocrx_word' id='word_1_436' title='bbox 1605 1254 1805 1296; x_wconf 78' lang='lat' dir='ltr'>refrigerium</span> <span class='ocrx_word' id='word_1_437' title='bbox 1823 1254 1989 1287; x_wconf 88' lang='lat' dir='ltr'>animabus</span> <span class='ocrx_word' id='word_1_438' title='bbox 2004 1254 2119 1287; x_wconf 89' lang='lat' dir='ltr'>vestris</span> <span class='ocrx_word' id='word_1_439' title='bbox 2133 1267 2164 1286; x_wconf 75' lang='lat'>2».</span> <span class='ocrx_word' id='word_1_440' title='bbox 2182 1254 2263 1288; x_wconf 86' lang='lat' dir='ltr'>Haec</span> 
     </span>
     <span class='ocr_line' id='line_1_65' title="bbox 1298 1307 2263 1351; baseline 0 -10"><span class='ocrx_word' id='word_1_441' title='bbox 1298 1309 1382 1342; x_wconf 89' lang='lat' dir='ltr'>enim</span> <span class='ocrx_word' id='word_1_442' title='bbox 1407 1312 1482 1342; x_wconf 90' lang='lat' dir='ltr'>sunt</span> <span class='ocrx_word' id='word_1_443' title='bbox 1506 1317 1588 1351; x_wconf 86' lang='lat' dir='ltr'>quae</span> <span class='ocrx_word' id='word_1_444' title='bbox 1612 1308 1764 1340; x_wconf 88' lang='lat' dir='ltr'>Dominus</span> <span class='ocrx_word' id='word_1_445' title='bbox 1787 1307 1878 1340; x_wconf 87' lang='lat' dir='ltr'>docet</span> <span class='ocrx_word' id='word_1_446' title='bbox 1902 1307 1997 1340; x_wconf 87' lang='lat' dir='ltr'>Isaiae</span> <span class='ocrx_word' id='word_1_447' title='bbox 2020 1307 2263 1350; x_wconf 88' lang='lat' dir='ltr'>quadragesimo</span> 
     </span>
     <span class='ocr_line' id='line_1_66' title="bbox 1298 1360 2123 1404; baseline -0.002 -9"><span class='ocrx_word' id='word_1_448' title='bbox 1298 1366 1409 1395; x_wconf 88' lang='lat' dir='ltr'>octavo</span> <span class='ocrx_word' id='word_1_449' title='bbox 1424 1363 1470 1394; x_wconf 86' lang='lat'>¹⁰:</span> <span class='ocrx_word' id='word_1_450' title='bbox 1501 1375 1516 1390; x_wconf 76' lang='grc' dir='ltr'><em>α</em></span> <span class='ocrx_word' id='word_1_451' title='bbox 1533 1362 1595 1404; x_wconf 85' lang='lat' dir='ltr'>Ego</span> <span class='ocrx_word' id='word_1_452' title='bbox 1620 1361 1771 1394; x_wconf 89' lang='lat' dir='ltr'>Dominus</span> <span class='ocrx_word' id='word_1_453' title='bbox 1794 1360 1909 1394; x_wconf 90' lang='lat' dir='ltr'>docens</span> <span class='ocrx_word' id='word_1_454' title='bbox 1932 1364 1963 1393; x_wconf 90' lang='lat' dir='ltr'>te</span> <span class='ocrx_word' id='word_1_455' title='bbox 1986 1361 2076 1393; x_wconf 85' lang='lat' dir='ltr'>utilia</span> <span class='ocrx_word' id='word_1_456' title='bbox 2092 1374 2123 1393; x_wconf 76' lang='grc'>».</span> 
     </span>
    </p>

    <p class='ocr_par' dir='ltr' id='par_1_17' title="bbox 1299 1413 2271 2040">
     <span class='ocr_line' id='line_1_67' title="bbox 1389 1413 2264 1456; baseline 0 -10"><span class='ocrx_word' id='word_1_457' title='bbox 1389 1415 1442 1447; x_wconf 70' lang='lat'>45.</span> <span class='ocrx_word' id='word_1_458' title='bbox 1469 1414 1571 1454; x_wconf 88' lang='lat' dir='ltr'>(Vers.</span> <span class='ocrx_word' id='word_1_459' title='bbox 1596 1415 1674 1454; x_wconf 82' lang='lat'>26.).</span> <span class='ocrx_word' id='word_1_460' title='bbox 1704 1413 1847 1446; x_wconf 86' lang='lat' dir='ltr'>Secundo</span> <span class='ocrx_word' id='word_1_461' title='bbox 1870 1423 1946 1446; x_wconf 91' lang='lat' dir='ltr'>vero</span> <span class='ocrx_word' id='word_1_462' title='bbox 1970 1418 2124 1456; x_wconf 90' lang='lat' dir='ltr'>quantum</span> <span class='ocrx_word' id='word_1_463' title='bbox 2148 1413 2188 1446; x_wconf 91' lang='lat' dir='ltr'>ad</span> <span class='ocrx_word' id='word_1_464' title='bbox 2212 1413 2264 1447; x_wconf 79' lang='lat' dir='ltr'>in—</span> 
     </span>
     <span class='ocr_line' id='line_1_68' title="bbox 1300 1466 2265 1510; baseline -0.001 -10"><span class='ocrx_word' id='word_1_465' title='bbox 1300 1467 1480 1500; x_wconf 79' lang='lat' dir='ltr'>ventionem</span> <span class='ocrx_word' id='word_1_466' title='bbox 1503 1466 1654 1499; x_wconf 81' lang='lat' dir='ltr'>veritatis</span> <span class='ocrx_word' id='word_1_467' title='bbox 1685 1466 1854 1510; x_wconf 76' lang='lat' dir='ltr'>quaesitae</span> <span class='ocrx_word' id='word_1_468' title='bbox 1882 1466 2010 1499; x_wconf 84' lang='lat' dir='ltr'>subdit:</span> <span class='ocrx_word' id='word_1_469' title='bbox 2035 1469 2079 1499; x_wconf 86' lang='lat' dir='ltr'>At</span> <span class='ocrx_word' id='word_1_470' title='bbox 2102 1466 2155 1500; x_wconf 83' lang='lat' dir='ltr'>ille</span> <span class='ocrx_word' id='word_1_471' title='bbox 2177 1466 2265 1500; x_wconf 77' lang='lat' dir='ltr'>dixit</span> 
     </span>
     <span class='ocr_line' id='line_1_69' title="bbox 1301 1519 2265 1564; baseline 0 -11"><span class='ocrx_word' id='word_1_472' title='bbox 1301 1521 1346 1553; x_wconf 79' lang='lat' dir='ltr'>aa</span> <span class='ocrx_word' id='word_1_473' title='bbox 1369 1530 1467 1553; x_wconf 82' lang='lat' dir='ltr'>eam:</span> <span class='ocrx_word' id='word_1_474' title='bbox 1493 1520 1533 1553; x_wconf 86' lang='lat' dir='ltr'>In</span> <span class='ocrx_word' id='word_1_475' title='bbox 1556 1520 1637 1562; x_wconf 70' lang='lat' dir='ltr'>Leye</span> <span class='ocrx_word' id='word_1_476' title='bbox 1660 1520 1741 1563; x_wconf 78' lang='lat' dir='ltr'>quid</span> <span class='ocrx_word' id='word_1_477' title='bbox 1760 1519 1925 1562; x_wconf 75' lang='lat' dir='ltr'>scriptam</span> <span class='ocrx_word' id='word_1_478' title='bbox 1948 1519 2019 1553; x_wconf 77' lang='lat' dir='ltr'>est?</span> <span class='ocrx_word' id='word_1_479' title='bbox 2042 1520 2205 1564; x_wconf 78' lang='lat' dir='ltr'>quomodo</span> <span class='ocrx_word' id='word_1_480' title='bbox 2221 1520 2265 1553; x_wconf 88' lang='lat' dir='ltr'>le-</span> 
     </span>
     <span class='ocr_line' id='line_1_70' title="bbox 1299 1572 2264 1616; baseline 0 -11"><span class='ocrx_word' id='word_1_481' title='bbox 1299 1573 1381 1616; x_wconf 77' lang='lat' dir='ltr'>9is?</span> <span class='ocrx_word' id='word_1_482' title='bbox 1405 1574 1450 1606; x_wconf 88' lang='lat' dir='ltr'>Ex</span> <span class='ocrx_word' id='word_1_483' title='bbox 1476 1582 1540 1615; x_wconf 91' lang='lat' dir='ltr'>quo</span> <span class='ocrx_word' id='word_1_484' title='bbox 1564 1576 1711 1615; x_wconf 88' lang='lat' dir='ltr'>apparet,</span> <span class='ocrx_word' id='word_1_485' title='bbox 1743 1573 1828 1615; x_wconf 89' lang='lat' dir='ltr'>quod</span> <span class='ocrx_word' id='word_1_486' title='bbox 1852 1572 1998 1615; x_wconf 85' lang='lat' dir='ltr'>Magister</span> <span class='ocrx_word' id='word_1_487' title='bbox 2022 1573 2164 1606; x_wconf 82' lang='lat' dir='ltr'>veritatis</span> <span class='ocrx_word' id='word_1_488' title='bbox 2195 1576 2264 1606; x_wconf 89' lang='lat' dir='ltr'>erat</span> 
     </span>
     <span class='ocr_line' id='line_1_71' title="bbox 1301 1626 2265 1668; baseline -0.001 -8"><span class='ocrx_word' id='word_1_489' title='bbox 1301 1627 1423 1660; x_wconf 89' lang='lat' dir='ltr'>amicus</span> <span class='ocrx_word' id='word_1_490' title='bbox 1448 1627 1552 1668; x_wconf 86' lang='lat' dir='ltr'>Legis,</span> <span class='ocrx_word' id='word_1_491' title='bbox 1576 1626 1668 1659; x_wconf 84' lang='lat' dir='ltr'>iuxta</span> <span class='ocrx_word' id='word_1_492' title='bbox 1684 1626 1761 1658; x_wconf 90' lang='lat' dir='ltr'>illud</span> <span class='ocrx_word' id='word_1_493' title='bbox 1778 1626 1923 1659; x_wconf 85' lang='lat' dir='ltr'>Matthaei</span> <span class='ocrx_word' id='word_1_494' title='bbox 1940 1627 2051 1668; x_wconf 89' lang='lat' dir='ltr'>quinto</span> <span class='ocrx_word' id='word_1_495' title='bbox 2066 1628 2112 1659; x_wconf 80' lang='lat'>¹1:</span> <span class='ocrx_word' id='word_1_496' title='bbox 2139 1639 2156 1655; x_wconf 72' lang='grc' dir='ltr'>α</span> <span class='ocrx_word' id='word_1_497' title='bbox 2172 1627 2265 1659; x_wconf 85' lang='lat' dir='ltr'>Puta-</span> 
     </span>
     <span class='ocr_line' id='line_1_72' title="bbox 1303 1680 2271 1723; baseline -0.001 -10"><span class='ocrx_word' id='word_1_498' title='bbox 1303 1681 1360 1719; x_wconf 92' lang='lat' dir='ltr'>tis,</span> <span class='ocrx_word' id='word_1_499' title='bbox 1385 1681 1460 1723; x_wconf 86' lang='lat' dir='ltr'>quia</span> <span class='ocrx_word' id='word_1_500' title='bbox 1484 1680 1553 1713; x_wconf 91' lang='lat' dir='ltr'>veni</span> <span class='ocrx_word' id='word_1_501' title='bbox 1587 1680 1708 1712; x_wconf 89' lang='lat' dir='ltr'>solvere</span> <span class='ocrx_word' id='word_1_502' title='bbox 1739 1680 1850 1721; x_wconf 85' lang='lat' dir='ltr'>Legem</span> <span class='ocrx_word' id='word_1_503' title='bbox 1883 1682 1939 1712; x_wconf 84' lang='lat' dir='ltr'>aut</span> <span class='ocrx_word' id='word_1_504' title='bbox 1970 1680 2168 1721; x_wconf 78' lang='lat' dir='ltr'>Prophetas?</span> <span class='ocrx_word' id='word_1_505' title='bbox 2195 1680 2271 1712; x_wconf 88' lang='lat' dir='ltr'>Non-</span> 
     </span>
     <span class='ocr_line' id='line_1_73' title="bbox 1302 1732 2266 1775; baseline -0.002 -8"><span class='ocrx_word' id='word_1_506' title='bbox 1302 1733 1374 1767; x_wconf 90' lang='lat' dir='ltr'>veni</span> <span class='ocrx_word' id='word_1_507' title='bbox 1398 1734 1537 1772; x_wconf 88' lang='lat' dir='ltr'>solvere,</span> <span class='ocrx_word' id='word_1_508' title='bbox 1570 1733 1624 1766; x_wconf 90' lang='lat' dir='ltr'>sed</span> <span class='ocrx_word' id='word_1_509' title='bbox 1647 1732 1819 1775; x_wconf 87' lang='lat' dir='ltr'>adimplere</span> <span class='ocrx_word' id='word_1_510' title='bbox 1835 1746 1865 1764; x_wconf 87' lang='lat'>».</span> <span class='ocrx_word' id='word_1_511' title='bbox 1892 1732 1925 1765; x_wconf 90' lang='lat' dir='ltr'>ln</span> <span class='ocrx_word' id='word_1_512' title='bbox 1950 1741 2014 1774; x_wconf 90' lang='lat' dir='ltr'>quo</span> <span class='ocrx_word' id='word_1_513' title='bbox 2038 1732 2136 1765; x_wconf 92' lang='lat' dir='ltr'>verbo</span> <span class='ocrx_word' id='word_1_514' title='bbox 2159 1732 2266 1765; x_wconf 88' lang='lat' dir='ltr'>Salva-</span> 
     </span>
     <span class='ocr_line' id='line_1_74' title="bbox 1303 1785 2267 1829; baseline -0.002 -9"><span class='ocrx_word' id='word_1_515' title='bbox 1303 1791 1353 1820; x_wconf 90' lang='lat' dir='ltr'>tor</span> <span class='ocrx_word' id='word_1_516' title='bbox 1377 1791 1491 1829; x_wconf 80' lang='lat' dir='ltr'>captat</span> <span class='ocrx_word' id='word_1_517' title='bbox 1521 1786 1774 1819; x_wconf 78' lang='lat' dir='ltr'>beneoobentiam</span> <span class='ocrx_word' id='word_1_518' title='bbox 1805 1785 1975 1828; x_wconf 87' lang='lat' dir='ltr'>legisperiti</span> <span class='ocrx_word' id='word_1_519' title='bbox 2007 1785 2039 1818; x_wconf 90' lang='lat' dir='ltr'>in</span> <span class='ocrx_word' id='word_1_520' title='bbox 2072 1785 2148 1824; x_wconf 87' lang='lat' dir='ltr'>hoe,</span> <span class='ocrx_word' id='word_1_521' title='bbox 2181 1785 2267 1828; x_wconf 86' lang='lat' dir='ltr'>quod</span> 
     </span>
     <span class='ocr_line' id='line_1_75' title="bbox 1303 1838 2268 1881; baseline -0.002 -7"><span class='ocrx_word' id='word_1_522' title='bbox 1303 1841 1456 1880; x_wconf 88' lang='lat' dir='ltr'>ostendit,</span> <span class='ocrx_word' id='word_1_523' title='bbox 1481 1849 1514 1873; x_wconf 91' lang='lat' dir='ltr'>se</span> <span class='ocrx_word' id='word_1_524' title='bbox 1538 1839 1728 1873; x_wconf 84' lang='lat' dir='ltr'>conformari</span> <span class='ocrx_word' id='word_1_525' title='bbox 1752 1839 1779 1872; x_wconf 90' lang='lat' dir='ltr'>ei</span> <span class='ocrx_word' id='word_1_526' title='bbox 1806 1839 1837 1872; x_wconf 95' lang='lat' dir='ltr'>in</span> <span class='ocrx_word' id='word_1_527' title='bbox 1861 1848 1969 1872; x_wconf 86' lang='lat' dir='ltr'>amore</span> <span class='ocrx_word' id='word_1_528' title='bbox 1991 1839 2096 1881; x_wconf 85' lang='lat' dir='ltr'>Legis;</span> <span class='ocrx_word' id='word_1_529' title='bbox 2125 1838 2268 1872; x_wconf 78' lang='lat' dir='ltr'>suscitat</span> 
     </span>
     <span class='ocr_line' id='line_1_76' title="bbox 1302 1892 2266 1935; baseline -0.002 -8"><span class='ocrx_word' id='word_1_530' title='bbox 1302 1895 1396 1928; x_wconf 90' lang='lat' dir='ltr'>etiam</span> <span class='ocrx_word' id='word_1_531' title='bbox 1429 1894 1657 1933; x_wconf 82' lang='lat' dir='ltr'>attentionem,</span> <span class='ocrx_word' id='word_1_532' title='bbox 1682 1893 1758 1926; x_wconf 90' lang='lat' dir='ltr'>dum</span> <span class='ocrx_word' id='word_1_533' title='bbox 1784 1893 1880 1926; x_wconf 88' lang='lat' dir='ltr'>mittit</span> <span class='ocrx_word' id='word_1_534' title='bbox 1908 1892 1947 1925; x_wconf 89' lang='lat' dir='ltr'>ad</span> <span class='ocrx_word' id='word_1_535' title='bbox 1978 1893 2090 1935; x_wconf 84' lang='lat' dir='ltr'>Legem</span> <span class='ocrx_word' id='word_1_536' title='bbox 2121 1892 2203 1925; x_wconf 88' lang='lat' dir='ltr'>sicut</span> <span class='ocrx_word' id='word_1_537' title='bbox 2226 1892 2266 1926; x_wconf 90' lang='lat' dir='ltr'>ad</span> 
     </span>
     <span class='ocr_line' id='line_1_77' title="bbox 1301 1945 2264 1990; baseline -0.003 -9"><span class='ocrx_word' id='word_1_538' title='bbox 1301 1948 1493 1990; x_wconf 86' lang='lat' dir='ltr'>scripturam</span> <span class='ocrx_word' id='word_1_539' title='bbox 1523 1947 1759 1985; x_wconf 88' lang='lat' dir='ltr'>authenticam;</span> <span class='ocrx_word' id='word_1_540' title='bbox 1780 1950 1973 1989; x_wconf 85' lang='lat' dir='ltr'>praeparat</span> <span class='ocrx_word' id='word_1_541' title='bbox 1995 1946 2089 1979; x_wconf 88' lang='lat' dir='ltr'>etiam</span> <span class='ocrx_word' id='word_1_542' title='bbox 2113 1945 2264 1979; x_wconf 82' lang='lat' dir='ltr'>docilita-</span> 
     </span>
     <span class='ocr_line' id='line_1_78' title="bbox 1303 1998 2264 2040; baseline -0.002 -7"><span class='ocrx_word' id='word_1_543' title='bbox 1303 2005 1385 2040; x_wconf 88' lang='lat' dir='ltr'>tem,</span> <span class='ocrx_word' id='word_1_544' title='bbox 1417 2000 1494 2033; x_wconf 92' lang='lat' dir='ltr'>dum</span> <span class='ocrx_word' id='word_1_545' title='bbox 1525 2000 1637 2032; x_wconf 90' lang='lat' dir='ltr'>tribuit</span> <span class='ocrx_word' id='word_1_546' title='bbox 1669 2000 1750 2032; x_wconf 87' lang='lat' dir='ltr'>viam</span> <span class='ocrx_word' id='word_1_547' title='bbox 1774 2000 1813 2032; x_wconf 88' lang='lat' dir='ltr'>ad</span> <span class='ocrx_word' id='word_1_548' title='bbox 1837 1999 2002 2032; x_wconf 87' lang='lat' dir='ltr'>veritatem</span> <span class='ocrx_word' id='word_1_549' title='bbox 2027 1998 2264 2039; x_wconf 86' lang='lat' dir='ltr'>inveniendam,</span> 
     </span>
    </p>
   </div>
   <div class='ocr_carea' id='block_1_16' title="bbox 2281 1422 2408 1445">
    <p class='ocr_par' dir='ltr' id='par_1_18' title="bbox 2281 1422 2408 1445">
     <span class='ocr_line' id='line_1_79' title="bbox 2281 1422 2408 1445; baseline 0.008 -1"><span class='ocrx_word' id='word_1_550' title='bbox 2281 1422 2408 1445; x_wconf 81' lang='lat' dir='ltr'>Secundum.</span> 
     </span>
    </p>
   </div>
   <div class='ocr_carea' id='block_1_17' title="bbox 2285 1741 2408 1763">
    <p class='ocr_par' dir='ltr' id='par_1_19' title="bbox 2285 1741 2408 1763">
     <span class='ocr_line' id='line_1_80' title="bbox 2285 1741 2408 1763; baseline 0 0"><span class='ocrx_word' id='word_1_551' title='bbox 2285 1741 2408 1763; x_wconf 77' lang='lat' dir='ltr'>Notandum</span> 
     </span>
    </p>
   </div>
   <div class='ocr_carea' id='block_1_18' title="bbox 1303 2052 2412 2095">
    <p class='ocr_par' dir='ltr' id='par_1_20' title="bbox 1303 2052 2412 2095">
     <span class='ocr_line' id='line_1_81' title="bbox 1303 2052 2412 2095; baseline -0.005 -8"><span class='ocrx_word' id='word_1_552' title='bbox 1303 2058 1336 2087; x_wconf 90' lang='lat' dir='ltr'>et</span> <span class='ocrx_word' id='word_1_553' title='bbox 1360 2054 1419 2086; x_wconf 86' lang='lat' dir='ltr'>hoc</span> <span class='ocrx_word' id='word_1_554' title='bbox 1443 2052 1570 2095; x_wconf 91' lang='lat' dir='ltr'>quidem</span> <span class='ocrx_word' id='word_1_555' title='bbox 1595 2052 1630 2084; x_wconf 82' lang='lat' dir='ltr'>fit</span> <span class='ocrx_word' id='word_1_556' title='bbox 1646 2052 1777 2094; x_wconf 88' lang='lat' dir='ltr'>legendo</span> <span class='ocrx_word' id='word_1_557' title='bbox 1794 2052 1893 2094; x_wconf 88' lang='lat' dir='ltr'>legem</span> <span class='ocrx_word' id='word_1_558' title='bbox 1910 2052 2059 2085; x_wconf 86' lang='lat' dir='ltr'>divinam.</span> <span class='ocrx_word' id='word_1_559' title='bbox 2078 2052 2163 2086; x_wconf 83' lang='lat' dir='ltr'>Unde</span> <span class='ocrx_word' id='word_1_560' title='bbox 2178 2052 2266 2085; x_wconf 87' lang='lat' dir='ltr'>loan-</span> <span class='ocrx_word' id='word_1_561' title='bbox 2282 2059 2412 2089; x_wconf 65' lang='lat' dir='ltr'>Scripturae</span> 
     </span>
    </p>
   </div>
   <div class='ocr_carea' id='block_1_19' title="bbox 1304 2105 2271 2415">
    <p class='ocr_par' dir='ltr' id='par_1_21' title="bbox 1304 2105 2271 2415">
     <span class='ocr_line' id='line_1_82' title="bbox 1304 2105 2269 2149; baseline -0.002 -10"><span class='ocrx_word' id='word_1_562' title='bbox 1304 2107 1353 2140; x_wconf 89' lang='lat' dir='ltr'>nis</span> <span class='ocrx_word' id='word_1_563' title='bbox 1377 2106 1528 2149; x_wconf 75' lang='lat' dir='ltr'>quint012</span> <span class='ocrx_word' id='word_1_564' title='bbox 1551 2105 1632 2138; x_wconf 87' lang='lat' dir='ltr'>dixit</span> <span class='ocrx_word' id='word_1_565' title='bbox 1655 2105 1860 2147; x_wconf 86' lang='lat' dir='ltr'>legisperitis:</span> <span class='ocrx_word' id='word_1_566' title='bbox 1891 2118 1906 2134; x_wconf 82' lang='grc' dir='ltr'><em>α</em></span> <span class='ocrx_word' id='word_1_567' title='bbox 1922 2105 2111 2138; x_wconf 87' lang='lat' dir='ltr'>Scrutamini</span> <span class='ocrx_word' id='word_1_568' title='bbox 2129 2105 2269 2147; x_wconf 87' lang='lat' dir='ltr'>Scriptu-</span> 
     </span>
     <span class='ocr_line' id='line_1_83' title="bbox 1305 2158 2270 2201; baseline 0 -9"><span class='ocrx_word' id='word_1_569' title='bbox 1305 2169 1375 2199; x_wconf 90' lang='lat' dir='ltr'>ras,</span> <span class='ocrx_word' id='word_1_570' title='bbox 1400 2160 1432 2192; x_wconf 91' lang='lat' dir='ltr'>in</span> <span class='ocrx_word' id='word_1_571' title='bbox 1448 2159 1565 2201; x_wconf 91' lang='lat' dir='ltr'>quibus</span> <span class='ocrx_word' id='word_1_572' title='bbox 1582 2158 1699 2200; x_wconf 78' lang='lat' dir='ltr'>putatis</span> <span class='ocrx_word' id='word_1_573' title='bbox 1715 2158 1812 2190; x_wconf 89' lang='lat' dir='ltr'>vitam</span> <span class='ocrx_word' id='word_1_574' title='bbox 1828 2162 1988 2191; x_wconf 83' lang='lat' dir='ltr'>aeternam</span> <span class='ocrx_word' id='word_1_575' title='bbox 2007 2158 2125 2191; x_wconf 87' lang='lat' dir='ltr'>habere</span> <span class='ocrx_word' id='word_1_576' title='bbox 2142 2171 2172 2190; x_wconf 73' lang='lat' dir='ltr'>n.</span> <span class='ocrx_word' id='word_1_577' title='bbox 2191 2158 2270 2192; x_wconf 85' lang='lat' dir='ltr'>Haec</span> 
     </span>
     <span class='ocr_line' id='line_1_84' title="bbox 1306 2210 2270 2253; baseline -0.003 -7"><span class='ocrx_word' id='word_1_578' title='bbox 1306 2213 1390 2247; x_wconf 89' lang='lat' dir='ltr'>enim</span> <span class='ocrx_word' id='word_1_579' title='bbox 1414 2216 1461 2245; x_wconf 91' lang='lat' dir='ltr'>est</span> <span class='ocrx_word' id='word_1_580' title='bbox 1485 2212 1536 2244; x_wconf 91' lang='lat' dir='ltr'>via</span> <span class='ocrx_word' id='word_1_581' title='bbox 1557 2211 1700 2244; x_wconf 89' lang='lat' dir='ltr'>veniendi</span> <span class='ocrx_word' id='word_1_582' title='bbox 1725 2211 1763 2243; x_wconf 91' lang='lat' dir='ltr'>ad</span> <span class='ocrx_word' id='word_1_583' title='bbox 1788 2211 1952 2244; x_wconf 80' lang='lat' dir='ltr'>veritatem</span> <span class='ocrx_word' id='word_1_584' title='bbox 1977 2214 2008 2243; x_wconf 91' lang='lat' dir='ltr'>et</span> <span class='ocrx_word' id='word_1_585' title='bbox 2032 2220 2088 2253; x_wconf 87' lang='lat' dir='ltr'>per</span> <span class='ocrx_word' id='word_1_586' title='bbox 2104 2210 2270 2244; x_wconf 85' lang='lat' dir='ltr'>veritatem</span> 
     </span>
     <span class='ocr_line' id='line_1_85' title="bbox 1306 2264 2271 2307; baseline -0.002 -8"><span class='ocrx_word' id='word_1_587' title='bbox 1306 2267 1346 2300; x_wconf 90' lang='lat' dir='ltr'>ad</span> <span class='ocrx_word' id='word_1_588' title='bbox 1371 2266 1476 2299; x_wconf 89' lang='lat' dir='ltr'>vitam.</span> <span class='ocrx_word' id='word_1_589' title='bbox 1501 2265 1587 2298; x_wconf 93' lang='lat' dir='ltr'>Unde</span> <span class='ocrx_word' id='word_1_590' title='bbox 1611 2265 1735 2298; x_wconf 89' lang='lat' dir='ltr'>Baruch</span> <span class='ocrx_word' id='word_1_591' title='bbox 1759 2267 1895 2307; x_wconf 88' lang='lat' dir='ltr'>quarto:</span> <span class='ocrx_word' id='word_1_592' title='bbox 1925 2277 1941 2293; x_wconf 71' lang='grc' dir='ltr'>α</span> <span class='ocrx_word' id='word_1_593' title='bbox 1958 2264 2011 2297; x_wconf 87' lang='lat' dir='ltr'>Hie</span> <span class='ocrx_word' id='word_1_594' title='bbox 2039 2264 2119 2298; x_wconf 87' lang='lat' dir='ltr'>liber</span> <span class='ocrx_word' id='word_1_595' title='bbox 2143 2264 2271 2297; x_wconf 86' lang='lat' dir='ltr'>manda-</span> 
     </span>
     <span class='ocr_line' id='line_1_86' title="bbox 1308 2317 2270 2360; baseline -0.003 -8"><span class='ocrx_word' id='word_1_596' title='bbox 1308 2322 1415 2352; x_wconf 88' lang='lat' dir='ltr'>torum</span> <span class='ocrx_word' id='word_1_597' title='bbox 1446 2318 1502 2351; x_wconf 89' lang='lat' dir='ltr'>Dei</span> <span class='ocrx_word' id='word_1_598' title='bbox 1535 2321 1565 2351; x_wconf 88' lang='lat' dir='ltr'>et</span> <span class='ocrx_word' id='word_1_599' title='bbox 1596 2318 1668 2357; x_wconf 85' lang='lat' dir='ltr'>lex,</span> <span class='ocrx_word' id='word_1_600' title='bbox 1692 2326 1774 2360; x_wconf 86' lang='lat' dir='ltr'>quae</span> <span class='ocrx_word' id='word_1_601' title='bbox 1797 2320 1845 2351; x_wconf 90' lang='lat' dir='ltr'>est</span> <span class='ocrx_word' id='word_1_602' title='bbox 1868 2317 1900 2350; x_wconf 91' lang='lat' dir='ltr'>in</span> <span class='ocrx_word' id='word_1_603' title='bbox 1924 2321 2112 2356; x_wconf 86' lang='lat' dir='ltr'>aeternum;</span> <span class='ocrx_word' id='word_1_604' title='bbox 2144 2324 2270 2357; x_wconf 89' lang='lat' dir='ltr'>omnes,</span> 
     </span>
     <span class='ocr_line' id='line_1_87' title="bbox 1306 2369 2269 2415; baseline -0.003 -10"><span class='ocrx_word' id='word_1_605' title='bbox 1306 2372 1363 2415; x_wconf 88' lang='lat' dir='ltr'>qui</span> <span class='ocrx_word' id='word_1_606' title='bbox 1388 2374 1495 2405; x_wconf 89' lang='lat' dir='ltr'>tenent</span> <span class='ocrx_word' id='word_1_607' title='bbox 1517 2380 1585 2404; x_wconf 91' lang='lat' dir='ltr'>eam</span> <span class='ocrx_word' id='word_1_608' title='bbox 1597 2397 1604 2410; x_wconf 92' lang='lat'><em>‚</em></span> <span class='ocrx_word' id='word_1_609' title='bbox 1630 2370 1814 2413; x_wconf 88' lang='lat' dir='ltr'>pervenient</span> <span class='ocrx_word' id='word_1_610' title='bbox 1830 2370 1868 2403; x_wconf 91' lang='lat' dir='ltr'>ad</span> <span class='ocrx_word' id='word_1_611' title='bbox 1885 2370 1980 2403; x_wconf 88' lang='lat' dir='ltr'>vitam</span> <span class='ocrx_word' id='word_1_612' title='bbox 1996 2382 2004 2409; x_wconf 89' lang='lat'>;</span> <span class='ocrx_word' id='word_1_613' title='bbox 2021 2369 2075 2412; x_wconf 89' lang='lat' dir='ltr'>qui</span> <span class='ocrx_word' id='word_1_614' title='bbox 2092 2373 2199 2402; x_wconf 85' lang='lat' dir='ltr'>autern</span> <span class='ocrx_word' id='word_1_615' title='bbox 2214 2369 2269 2403; x_wconf 89' lang='lat' dir='ltr'>de·</span> 
     </span>
    </p>
   </div>
   <div class='ocr_carea' id='block_1_20' title="bbox 2288 2087 2416 2162">
    <p class='ocr_par' dir='ltr' id='par_1_22' title="bbox 2288 2087 2416 2162">
     <span class='ocr_line' id='line_1_88' title="bbox 2291 2087 2413 2109; baseline -0.008 0"><span class='ocrx_word' id='word_1_616' title='bbox 2291 2088 2327 2109; x_wconf 83' lang='lat' dir='ltr'>via</span> <span class='ocrx_word' id='word_1_617' title='bbox 2333 2087 2413 2109; x_wconf 82' lang='lat' dir='ltr'>venien·</span> 
     </span>
     <span class='ocr_line' id='line_1_89' title="bbox 2288 2114 2416 2136; baseline 0 -1"><span class='ocrx_word' id='word_1_618' title='bbox 2288 2114 2316 2135; x_wconf 81' lang='lat' dir='ltr'>ad</span> <span class='ocrx_word' id='word_1_619' title='bbox 2322 2114 2416 2136; x_wconf 61' lang='lat' dir='ltr'>veritato</span> 
     </span>
     <span class='ocr_line' id='line_1_90' title="bbox 2289 2140 2413 2162; baseline 0 0"><span class='ocrx_word' id='word_1_620' title='bbox 2289 2143 2311 2162; x_wconf 80' lang='lat' dir='ltr'>et</span> <span class='ocrx_word' id='word_1_621' title='bbox 2320 2140 2348 2162; x_wconf 86' lang='lat' dir='ltr'>ad</span> <span class='ocrx_word' id='word_1_622' title='bbox 2360 2141 2413 2162; x_wconf 82' lang='lat' dir='ltr'>vitan</span> 
     </span>
    </p>
   </div>
   <div class='ocr_carea' id='block_1_21' title="bbox 1308 2423 2293 2468">
    <p class='ocr_par' dir='ltr' id='par_1_23' title="bbox 1308 2423 2293 2468">
     <span class='ocr_line' id='line_1_91' title="bbox 1308 2423 2293 2468; baseline -0.002 -10"><span class='ocrx_word' id='word_1_623' title='bbox 1308 2425 1497 2468; x_wconf 88' lang='lat' dir='ltr'>reliquerint</span> <span class='ocrx_word' id='word_1_624' title='bbox 1527 2434 1614 2464; x_wconf 88' lang='lat' dir='ltr'>eam,</span> <span class='ocrx_word' id='word_1_625' title='bbox 1647 2424 1679 2457; x_wconf 92' lang='lat' dir='ltr'>in</span> <span class='ocrx_word' id='word_1_626' title='bbox 1707 2428 1851 2457; x_wconf 87' lang='lat' dir='ltr'>mortem.</span> <span class='ocrx_word' id='word_1_627' title='bbox 1880 2423 2088 2463; x_wconf 88' lang='lat' dir='ltr'>Convertere,</span> <span class='ocrx_word' id='word_1_628' title='bbox 2112 2423 2217 2463; x_wconf 86' lang='lat' dir='ltr'>Iacob,</span> <span class='ocrx_word' id='word_1_629' title='bbox 2240 2425 2293 2456; x_wconf 80' lang='lat' dir='ltr'>et·</span> 
     </span>
    </p>
   </div>
   <div class='ocr_carea' id='block_1_22' title="bbox 1308 2478 2271 2626">
    <p class='ocr_par' dir='ltr' id='par_1_24' title="bbox 1308 2478 2271 2626">
     <span class='ocr_line' id='line_1_92' title="bbox 1308 2478 1722 2521; baseline -0.005 -9"><span class='ocrx_word' id='word_1_630' title='bbox 1308 2478 1510 2521; x_wconf 86' lang='lat' dir='ltr'>apprehende</span> <span class='ocrx_word' id='word_1_631' title='bbox 1533 2487 1602 2511; x_wconf 87' lang='lat' dir='ltr'>eam</span> <span class='ocrx_word' id='word_1_632' title='bbox 1619 2491 1635 2507; x_wconf 64' lang='grc' dir='ltr'><strong><em>κ</em></strong></span> <span class='ocrx_word' id='word_1_633' title='bbox 1664 2481 1722 2511; x_wconf 87' lang='lat' dir='ltr'>etc.</span> 
     </span>
     <span class='ocr_line' id='line_1_93' title="bbox 1399 2529 2271 2574; baseline -0.003 -9"><span class='ocrx_word' id='word_1_634' title='bbox 1399 2532 1452 2565; x_wconf 73' lang='lat'>46.</span> <span class='ocrx_word' id='word_1_635' title='bbox 1477 2531 1578 2574; x_wconf 87' lang='lat' dir='ltr'>(Vers.</span> <span class='ocrx_word' id='word_1_636' title='bbox 1604 2532 1681 2572; x_wconf 88' lang='lat'>27.).</span> <span class='ocrx_word' id='word_1_637' title='bbox 1707 2531 1743 2563; x_wconf 87' lang='lat' dir='ltr'>Et</span> <span class='ocrx_word' id='word_1_638' title='bbox 1766 2530 1826 2563; x_wconf 85' lang='lat' dir='ltr'>ista</span> <span class='ocrx_word' id='word_1_639' title='bbox 1849 2530 1900 2563; x_wconf 85' lang='lat' dir='ltr'>via</span> <span class='ocrx_word' id='word_1_640' title='bbox 1930 2539 2004 2563; x_wconf 88' lang='lat' dir='ltr'>eum</span> <span class='ocrx_word' id='word_1_641' title='bbox 2037 2530 2075 2563; x_wconf 88' lang='lat' dir='ltr'>ad</span> <span class='ocrx_word' id='word_1_642' title='bbox 2108 2529 2271 2562; x_wconf 84' lang='lat' dir='ltr'>veritatem</span> 
     </span>
     <span class='ocr_line' id='line_1_94' title="bbox 1310 2581 2271 2626; baseline -0.005 -7"><span class='ocrx_word' id='word_1_643' title='bbox 1310 2585 1518 2624; x_wconf 84' lang='lat' dir='ltr'>manuduxit;</span> <span class='ocrx_word' id='word_1_644' title='bbox 1559 2588 1688 2626; x_wconf 88' lang='lat' dir='ltr'>propter</span> <span class='ocrx_word' id='word_1_645' title='bbox 1723 2583 1808 2626; x_wconf 93' lang='lat' dir='ltr'>quod</span> <span class='ocrx_word' id='word_1_646' title='bbox 1843 2583 1990 2616; x_wconf 89' lang='lat' dir='ltr'>additur:</span> <span class='ocrx_word' id='word_1_647' title='bbox 2027 2582 2084 2615; x_wconf 83' lang='lat' dir='ltr'>Ille</span> <span class='ocrx_word' id='word_1_648' title='bbox 2118 2586 2231 2614; x_wconf 82' lang='lat' dir='ltr'>autem</span> <span class='ocrx_word' id='word_1_649' title='bbox 2245 2581 2271 2601; x_wconf 78' lang='lat'>¹⁸</span> 
     </span>
    </p>
   </div>
   <div class='ocr_carea' id='block_1_23' title="bbox 1018 2685 1549 2692">
    <p class='ocr_par' dir='ltr' id='par_1_25' title="bbox 1018 2685 1549 2692">
     <span class='ocr_line' id='line_1_95' title="bbox 1018 2685 1549 2692; baseline 0 0"><span class='ocrx_word' id='word_1_650' title='bbox 1018 2685 1549 2692; x_wconf 95' lang='lat' dir='ltr'> </span> 
     </span>
    </p>
   </div>
   <div class='ocr_carea' id='block_1_24' title="bbox 287 2745 1252 3452">
    <p class='ocr_par' dir='ltr' id='par_1_26' title="bbox 287 2745 1248 2966">
     <span class='ocr_line' id='line_1_96' title="bbox 359 2745 1245 2787; baseline -0.005 -5"><span class='ocrx_word' id='word_1_651' title='bbox 359 2756 366 2771; x_wconf 92' lang='lat'>¹</span> <span class='ocrx_word' id='word_1_652' title='bbox 388 2757 462 2782; x_wconf 83' lang='lat' dir='ltr'>Vers.</span> <span class='ocrx_word' id='word_1_653' title='bbox 483 2757 526 2782; x_wconf 85' lang='lat'>28.</span> <span class='ocrx_word' id='word_1_654' title='bbox 545 2770 580 2775; x_wconf 93' lang='lat'>—-</span> <span class='ocrx_word' id='word_1_655' title='bbox 600 2756 683 2787; x_wconf 88' lang='lat' dir='ltr'>Beda,</span> <span class='ocrx_word' id='word_1_656' title='bbox 706 2756 742 2780; x_wconf 88' lang='lat' dir='ltr'>lll.</span> <span class='ocrx_word' id='word_1_657' title='bbox 762 2755 787 2780; x_wconf 91' lang='lat' dir='ltr'>in</span> <span class='ocrx_word' id='word_1_658' title='bbox 807 2756 869 2781; x_wconf 81' lang='lat' dir='ltr'>Luc.</span> <span class='ocrx_word' id='word_1_659' title='bbox 894 2755 937 2787; x_wconf 84' lang='lat' dir='ltr'>lo,</span> <span class='ocrx_word' id='word_1_660' title='bbox 958 2754 1010 2780; x_wconf 70' lang='lat'>24:</span> <span class='ocrx_word' id='word_1_661' title='bbox 1029 2745 1101 2787; x_wconf 85' lang='lat' dir='ltr'>Quos</span> <span class='ocrx_word' id='word_1_662' title='bbox 1120 2761 1184 2779; x_wconf 88' lang='lat' dir='ltr'>vero</span> <span class='ocrx_word' id='word_1_663' title='bbox 1198 2753 1245 2779; x_wconf 88' lang='lat' dir='ltr'>Lu-</span> 
     </span>
     <span class='ocr_line' id='line_1_97' title="bbox 287 2798 1247 2833; baseline -0.004 -6"><span class='ocrx_word' id='word_1_664' title='bbox 287 2809 331 2828; x_wconf 82' lang='lat' dir='ltr'>cas</span> <span class='ocrx_word' id='word_1_665' title='bbox 350 2802 446 2827; x_wconf 86' lang='lat' dir='ltr'>multos</span> <span class='ocrx_word' id='word_1_666' title='bbox 466 2802 608 2833; x_wconf 80' lang='lat' dir='ltr'>Prophetas</span> <span class='ocrx_word' id='word_1_667' title='bbox 627 2804 652 2827; x_wconf 87' lang='lat' dir='ltr'>ct</span> <span class='ocrx_word' id='word_1_668' title='bbox 671 2808 747 2832; x_wconf 79' lang='lat' dir='ltr'>reges</span> <span class='ocrx_word' id='word_1_669' title='bbox 767 2801 843 2832; x_wconf 82' lang='lat' dir='ltr'>(licit,</span> <span class='ocrx_word' id='word_1_670' title='bbox 863 2800 1007 2825; x_wconf 80' lang='lat' dir='ltr'>Matthaeus</span> <span class='ocrx_word' id='word_1_671' title='bbox 1026 2799 1088 2833; x_wconf 71' lang='lat'>[4:3,</span> <span class='ocrx_word' id='word_1_672' title='bbox 1103 2798 1159 2832; x_wconf 75' lang='grc'>17.]</span> <span class='ocrx_word' id='word_1_673' title='bbox 1173 2805 1247 2830; x_wconf 88' lang='lat' dir='ltr'>aper—</span> 
     </span>
     <span class='ocr_line' id='line_1_98' title="bbox 289 2842 1246 2878; baseline -0.004 -7"><span class='ocrx_word' id='word_1_674' title='bbox 289 2847 339 2872; x_wconf 83' lang='lat' dir='ltr'>tius</span> <span class='ocrx_word' id='word_1_675' title='bbox 358 2847 501 2878; x_wconf 77' lang='lat' dir='ltr'>Prophetas</span> <span class='ocrx_word' id='word_1_676' title='bbox 520 2849 545 2871; x_wconf 89' lang='lat' dir='ltr'>et</span> <span class='ocrx_word' id='word_1_677' title='bbox 566 2846 646 2871; x_wconf 84' lang='lat' dir='ltr'>iustos</span> <span class='ocrx_word' id='word_1_678' title='bbox 666 2846 796 2877; x_wconf 74' lang='lat' dir='ltr'>appellat3</span> <span class='ocrx_word' id='word_1_679' title='bbox 816 2844 864 2876; x_wconf 87' lang='lat' dir='ltr'>ipsi</span> <span class='ocrx_word' id='word_1_680' title='bbox 883 2844 954 2870; x_wconf 86' lang='lat' dir='ltr'>enim</span> <span class='ocrx_word' id='word_1_681' title='bbox 973 2847 1034 2869; x_wconf 86' lang='lat' dir='ltr'>sunt</span> <span class='ocrx_word' id='word_1_682' title='bbox 1051 2850 1129 2875; x_wconf 82' lang='lat' dir='ltr'>reges</span> <span class='ocrx_word' id='word_1_683' title='bbox 1144 2842 1246 2874; x_wconf 78' lang='lat' dir='ltr'>magni,</span> 
     </span>
     <span class='ocr_line' id='line_1_99' title="bbox 288 2887 1248 2923; baseline -0.004 -8"><span class='ocrx_word' id='word_1_684' title='bbox 288 2890 348 2923; x_wconf 88' lang='lat' dir='ltr'>quia</span> <span class='ocrx_word' id='word_1_685' title='bbox 369 2890 538 2915; x_wconf 82' lang='lat' dir='ltr'>tentationum</span> <span class='ocrx_word' id='word_1_686' title='bbox 559 2897 666 2915; x_wconf 86' lang='lat' dir='ltr'>suarum</span> <span class='ocrx_word' id='word_1_687' title='bbox 696 2889 812 2914; x_wconf 86' lang='lat' dir='ltr'>motibus</span> <span class='ocrx_word' id='word_1_688' title='bbox 840 2895 891 2913; x_wconf 88' lang='lat' dir='ltr'>non</span> <span class='ocrx_word' id='word_1_689' title='bbox 919 2887 1107 2913; x_wconf 86' lang='lat' dir='ltr'>consentiendo</span> <span class='ocrx_word' id='word_1_690' title='bbox 1126 2893 1248 2912; x_wconf 85' lang='lat' dir='ltr'>succum-</span> 
     </span>
     <span class='ocr_line' id='line_1_100' title="bbox 288 2934 865 2966; baseline -0.003 -7"><span class='ocrx_word' id='word_1_691' title='bbox 288 2934 363 2966; x_wconf 87' lang='lat' dir='ltr'>bere,</span> <span class='ocrx_word' id='word_1_692' title='bbox 383 2934 430 2959; x_wconf 88' lang='lat' dir='ltr'>sed</span> <span class='ocrx_word' id='word_1_693' title='bbox 449 2934 566 2966; x_wconf 80' lang='lat' dir='ltr'>regendo</span> <span class='ocrx_word' id='word_1_694' title='bbox 586 2940 707 2965; x_wconf 76' lang='lat' dir='ltr'>praeesse</span> <span class='ocrx_word' id='word_1_695' title='bbox 727 2935 865 2958; x_wconf 77' lang='lat' dir='ltr'>noverunt.</span> 
     </span>
    </p>

    <p class='ocr_par' dir='ltr' id='par_1_27' title="bbox 359 2976 1075 3008">
     <span class='ocr_line' id='line_1_101' title="bbox 359 2976 1075 3008; baseline -0.003 -5"><span class='ocrx_word' id='word_1_696' title='bbox 359 2976 369 2992; x_wconf 79' lang='lat'>²</span> <span class='ocrx_word' id='word_1_697' title='bbox 392 2978 465 3003; x_wconf 86' lang='lat' dir='ltr'>Vers.</span> <span class='ocrx_word' id='word_1_698' title='bbox 485 2978 526 3003; x_wconf 66' lang='lat'>34.</span> <span class='ocrx_word' id='word_1_699' title='bbox 546 2991 581 2996; x_wconf 91' lang='lat'>—</span> <span class='ocrx_word' id='word_1_700' title='bbox 601 2977 717 3002; x_wconf 86' lang='lat' dir='ltr'>Subinde</span> <span class='ocrx_word' id='word_1_701' title='bbox 737 2977 863 3008; x_wconf 78' lang='lat' dir='ltr'>allegatur</span> <span class='ocrx_word' id='word_1_702' title='bbox 882 2976 962 3007; x_wconf 78' lang='lat' dir='ltr'>Apoc.</span> <span class='ocrx_word' id='word_1_703' title='bbox 984 2976 1030 3007; x_wconf 72' lang='grc'>49,</span> <span class='ocrx_word' id='word_1_704' title='bbox 1050 2976 1075 3001; x_wconf 81' lang='grc'>9.</span> 
     </span>
    </p>

    <p class='ocr_par' dir='ltr' id='par_1_28' title="bbox 360 3020 648 3053">
     <span class='ocr_line' id='line_1_102' title="bbox 360 3020 648 3053; baseline -0.003 -6"><span class='ocrx_word' id='word_1_705' title='bbox 360 3020 371 3035; x_wconf 78' lang='lat'>⁸</span> <span class='ocrx_word' id='word_1_706' title='bbox 391 3022 458 3047; x_wconf 86' lang='lat' dir='ltr'>Vide</span> <span class='ocrx_word' id='word_1_707' title='bbox 478 3028 557 3053; x_wconf 78' lang='lat' dir='ltr'>supra</span> <span class='ocrx_word' id='word_1_708' title='bbox 577 3029 604 3046; x_wconf 89' lang='lat' dir='ltr'>n.</span> <span class='ocrx_word' id='word_1_709' title='bbox 624 3022 648 3046; x_wconf 79' lang='lat' dir='ltr'>¹l.</span> 
     </span>
    </p>

    <p class='ocr_par' dir='ltr' id='par_1_29' title="bbox 290 3062 1250 3146">
     <span class='ocr_line' id='line_1_103' title="bbox 361 3062 1250 3096; baseline -0.004 -5"><span class='ocrx_word' id='word_1_710' title='bbox 361 3064 372 3079; x_wconf 82' lang='lat'><strong>⁴</strong></span> <span class='ocrx_word' id='word_1_711' title='bbox 393 3066 467 3091; x_wconf 87' lang='lat' dir='ltr'>Vers.</span> <span class='ocrx_word' id='word_1_712' title='bbox 487 3066 529 3091; x_wconf 81' lang='lat'>38.</span> <span class='ocrx_word' id='word_1_713' title='bbox 550 3065 637 3090; x_wconf 86' lang='lat' dir='ltr'>Verbo</span> <span class='ocrx_word' id='word_1_714' title='bbox 656 3064 767 3091; x_wconf 84' lang='lat' dir='ltr'>intravit</span> <span class='ocrx_word' id='word_1_715' title='bbox 788 3065 899 3096; x_wconf 68' lang='lat' dir='ltr'>Vulgata</span> <span class='ocrx_word' id='word_1_716' title='bbox 919 3067 944 3089; x_wconf 87' lang='lat' dir='ltr'>et</span> <span class='ocrx_word' id='word_1_717' title='bbox 963 3064 1021 3089; x_wconf 85' lang='lat' dir='ltr'>Vat.</span> <span class='ocrx_word' id='word_1_718' title='bbox 1050 3062 1200 3095; x_wconf 75' lang='lat' dir='ltr'>praefigunt</span> <span class='ocrx_word' id='word_1_719' title='bbox 1226 3062 1250 3087; x_wconf 82' lang='lat' dir='ltr'>et</span> 
     </span>
     <span class='ocr_line' id='line_1_104' title="bbox 290 3110 819 3146; baseline -0.004 -10"><span class='ocrx_word' id='word_1_720' title='bbox 290 3110 344 3146; x_wconf 64' lang='lat' dir='ltr'>ipse</span> <span class='ocrx_word' id='word_1_721' title='bbox 364 3110 407 3143; x_wconf 76' lang='lat' dir='ltr'>(ita</span> <span class='ocrx_word' id='word_1_722' title='bbox 428 3111 506 3135; x_wconf 86' lang='lat' dir='ltr'>etiam</span> <span class='ocrx_word' id='word_1_723' title='bbox 528 3110 603 3136; x_wconf 84' lang='lat' dir='ltr'>codd.</span> <span class='ocrx_word' id='word_1_724' title='bbox 626 3110 689 3135; x_wconf 80' lang='lat' dir='ltr'>infra</span> <span class='ocrx_word' id='word_1_725' title='bbox 710 3117 736 3135; x_wconf 91' lang='lat' dir='ltr'>n.</span> <span class='ocrx_word' id='word_1_726' title='bbox 756 3110 819 3142; x_wconf 83' lang='lat'>66.).</span> 
     </span>
    </p>

    <p class='ocr_par' dir='ltr' id='par_1_30' title="bbox 290 3151 1252 3320">
     <span class='ocr_line' id='line_1_105' title="bbox 361 3151 1249 3187; baseline -0.006 -7"><span class='ocrx_word' id='word_1_727' title='bbox 361 3153 372 3168; x_wconf 80' lang='lat'><em>⁶</em></span> <span class='ocrx_word' id='word_1_728' title='bbox 393 3155 466 3179; x_wconf 75' lang='lat' dir='ltr'>Vei-s.</span> <span class='ocrx_word' id='word_1_729' title='bbox 487 3155 528 3180; x_wconf 86' lang='lat'>30.</span> <span class='ocrx_word' id='word_1_730' title='bbox 549 3155 597 3180; x_wconf 83' lang='lat' dir='ltr'>Pro</span> <span class='ocrx_word' id='word_1_731' title='bbox 615 3153 770 3187; x_wconf 78' lang='lat' dir='ltr'>Suspiciens</span> <span class='ocrx_word' id='word_1_732' title='bbox 791 3154 834 3185; x_wconf 84' lang='lat' dir='ltr'>(ita</span> <span class='ocrx_word' id='word_1_733' title='bbox 855 3154 933 3179; x_wconf 86' lang='lat' dir='ltr'>etiam</span> <span class='ocrx_word' id='word_1_734' title='bbox 954 3152 1038 3185; x_wconf 84' lang='lat' dir='ltr'>Beda,</span> <span class='ocrx_word' id='word_1_735' title='bbox 1063 3151 1139 3178; x_wconf 83' lang='lat' dir='ltr'>Card¹</span> <span class='ocrx_word' id='word_1_736' title='bbox 1160 3151 1249 3183; x_wconf 76' lang='lat' dir='ltr'>Ilugo,</span> 
     </span>
     <span class='ocr_line' id='line_1_106' title="bbox 290 3196 1250 3231; baseline -0.005 -6"><span class='ocrx_word' id='word_1_737' title='bbox 290 3201 319 3225; x_wconf 88' lang='lat' dir='ltr'>B.</span> <span class='ocrx_word' id='word_1_738' title='bbox 338 3199 449 3230; x_wconf 57' lang='lat' dir='ltr'>Albcrt„</span> <span class='ocrx_word' id='word_1_739' title='bbox 469 3200 495 3224; x_wconf 93' lang='lat' dir='ltr'>S.</span> <span class='ocrx_word' id='word_1_740' title='bbox 518 3199 612 3224; x_wconf 89' lang='lat' dir='ltr'>Thom.</span> <span class='ocrx_word' id='word_1_741' title='bbox 632 3202 658 3224; x_wconf 92' lang='lat' dir='ltr'>et</span> <span class='ocrx_word' id='word_1_742' title='bbox 676 3199 803 3231; x_wconf 77' lang='lat' dir='ltr'>Lyranus)</span> <span class='ocrx_word' id='word_1_743' title='bbox 826 3199 935 3229; x_wconf 79' lang='lat' dir='ltr'>Vulgata</span> <span class='ocrx_word' id='word_1_744' title='bbox 955 3200 981 3223; x_wconf 85' lang='lat' dir='ltr'>et</span> <span class='ocrx_word' id='word_1_745' title='bbox 1000 3197 1020 3222; x_wconf 92' lang='lat' dir='ltr'>ll</span> <span class='ocrx_word' id='word_1_746' title='bbox 1042 3197 1074 3227; x_wconf 91' lang='lat' dir='ltr'>(D</span> <span class='ocrx_word' id='word_1_747' title='bbox 1093 3196 1135 3222; x_wconf 85' lang='lat' dir='ltr'>hic</span> <span class='ocrx_word' id='word_1_748' title='bbox 1154 3196 1250 3226; x_wconf 78' lang='lat' dir='ltr'>solum,</span> 
     </span>
     <span class='ocr_line' id='line_1_107' title="bbox 292 3240 1252 3276; baseline -0.004 -7"><span class='ocrx_word' id='word_1_749' title='bbox 292 3252 343 3269; x_wconf 90' lang='lat' dir='ltr'>non</span> <span class='ocrx_word' id='word_1_750' title='bbox 364 3245 428 3269; x_wconf 78' lang='lat' dir='ltr'>intra</span> <span class='ocrx_word' id='word_1_751' title='bbox 450 3251 475 3269; x_wconf 90' lang='lat' dir='ltr'>n.</span> <span class='ocrx_word' id='word_1_752' title='bbox 496 3243 550 3276; x_wconf 74' lang='lat'>52.)</span> <span class='ocrx_word' id='word_1_753' title='bbox 570 3243 725 3276; x_wconf 71' lang='lat' dir='ltr'>Susczpz&#39;em</span> <span class='ocrx_word' id='word_1_754' title='bbox 746 3240 944 3275; x_wconf 68' lang='grc' dir='ltr'>(Ὑπολαβὼν),</span> <span class='ocrx_word' id='word_1_755' title='bbox 959 3241 1030 3274; x_wconf 85' lang='lat' dir='ltr'>quod</span> <span class='ocrx_word' id='word_1_756' title='bbox 1044 3241 1191 3266; x_wconf 87' lang='lat' dir='ltr'>secundum</span> <span class='ocrx_word' id='word_1_757' title='bbox 1205 3241 1252 3265; x_wconf 67' lang='lat' dir='ltr'>liu·</span> 
     </span>
     <span class='ocr_line' id='line_1_108' title="bbox 293 3287 916 3320; baseline -0.003 -7"><span class='ocrx_word' id='word_1_758' title='bbox 293 3290 375 3320; x_wconf 84' lang='lat' dir='ltr'>thym.</span> <span class='ocrx_word' id='word_1_759' title='bbox 394 3288 465 3313; x_wconf 89' lang='lat' dir='ltr'>idem</span> <span class='ocrx_word' id='word_1_760' title='bbox 483 3291 522 3313; x_wconf 86' lang='lat' dir='ltr'>est</span> <span class='ocrx_word' id='word_1_761' title='bbox 542 3295 571 3312; x_wconf 88' lang='lat' dir='ltr'>ac</span> <span class='ocrx_word' id='word_1_762' title='bbox 592 3287 736 3320; x_wconf 66' lang='lat' dir='ltr'>Excipiens</span> <span class='ocrx_word' id='word_1_763' title='bbox 755 3293 916 3313; x_wconf 77' lang='lat' dir='ltr'>sermonem.</span> 
     </span>
    </p>

    <p class='ocr_par' dir='ltr' id='par_1_31' title="bbox 293 3328 1251 3452">
     <span class='ocr_line' id='line_1_109' title="bbox 363 3328 1250 3363; baseline -0.003 -6"><span class='ocrx_word' id='word_1_764' title='bbox 363 3330 374 3345; x_wconf 77' lang='lat'>³</span> <span class='ocrx_word' id='word_1_765' title='bbox 393 3333 468 3358; x_wconf 81' lang='lat' dir='ltr'>Vers.</span> <span class='ocrx_word' id='word_1_766' title='bbox 495 3331 536 3357; x_wconf 78' lang='grc' dir='ltr'>Μ.</span> <span class='ocrx_word' id='word_1_767' title='bbox 560 3346 592 3349; x_wconf 93' lang='grc'>-</span> <span class='ocrx_word' id='word_1_768' title='bbox 615 3332 703 3356; x_wconf 79' lang='lat' dir='ltr'>Glossa</span> <span class='ocrx_word' id='word_1_769' title='bbox 730 3330 911 3356; x_wconf 76' lang='lat' dir='ltr'>interlinearis</span> <span class='ocrx_word' id='word_1_770' title='bbox 938 3330 979 3363; x_wconf 88' lang='lat' dir='ltr'>(ex</span> <span class='ocrx_word' id='word_1_771' title='bbox 999 3329 1134 3360; x_wconf 58' lang='lat' dir='ltr'>umbros,</span> <span class='ocrx_word' id='word_1_772' title='bbox 1154 3329 1206 3355; x_wconf 88' lang='lat' dir='ltr'>Vll.</span> <span class='ocrx_word' id='word_1_773' title='bbox 1226 3328 1250 3354; x_wconf 90' lang='lat' dir='ltr'>in</span> 
     </span>
     <span class='ocr_line' id='line_1_110' title="bbox 293 3373 1251 3414; baseline -0.004 -12"><span class='ocrx_word' id='word_1_774' title='bbox 293 3377 354 3402; x_wconf 87' lang='lat' dir='ltr'>Luc.</span> <span class='ocrx_word' id='word_1_775' title='bbox 368 3384 392 3402; x_wconf 91' lang='lat' dir='ltr'>n.</span> <span class='ocrx_word' id='word_1_776' title='bbox 413 3377 466 3409; x_wconf 78' lang='grc'>69.)</span> <span class='ocrx_word' id='word_1_777' title='bbox 478 3383 484 3400; x_wconf 78' lang='lat' dir='ltr'><em>z</em></span> <span class='ocrx_word' id='word_1_778' title='bbox 506 3376 539 3402; x_wconf 84' lang='lat' dir='ltr'>Et</span> <span class='ocrx_word' id='word_1_779' title='bbox 551 3382 621 3407; x_wconf 79' lang='lat' dir='ltr'>ecce,</span> <span class='ocrx_word' id='word_1_780' title='bbox 635 3375 745 3409; x_wconf 82' lang='lat' dir='ltr'>quidam</span> <span class='ocrx_word' id='word_1_781' title='bbox 759 3374 942 3408; x_wconf 61' lang='lat' dir='ltr'>leqzsperitus,</span> <span class='ocrx_word' id='word_1_782' title='bbox 960 3373 1041 3400; x_wconf 85' lang='lat' dir='ltr'>verba</span> <span class='ocrx_word' id='word_1_783' title='bbox 1056 3374 1132 3406; x_wconf 79' lang='lat' dir='ltr'>Legis</span> <span class='ocrx_word' id='word_1_784' title='bbox 1146 3377 1251 3414; x_wconf 76' lang='lat' dir='ltr'>tenens,</span> 
     </span>
     <span class='ocr_line' id='line_1_111' title="bbox 294 3420 597 3452; baseline -0.003 -7"><span class='ocrx_word' id='word_1_785' title='bbox 294 3420 348 3446; x_wconf 78' lang='lat' dir='ltr'>vim</span> <span class='ocrx_word' id='word_1_786' title='bbox 368 3421 444 3452; x_wconf 82' lang='lat' dir='ltr'>Legis</span> <span class='ocrx_word' id='word_1_787' title='bbox 464 3421 597 3451; x_wconf 77' lang='lat' dir='ltr'>ignorans.</span> 
     </span>
    </p>
   </div>
   <div class='ocr_carea' id='block_1_25' title="bbox 1309 2745 2277 3448">
    <p class='ocr_par' dir='ltr' id='par_1_32' title="bbox 1309 2745 2273 2874">
     <span class='ocr_line' id='line_1_112' title="bbox 1381 2745 2273 2779; baseline -0.004 -3"><span class='ocrx_word' id='word_1_788' title='bbox 1381 2749 1391 2764; x_wconf 85' lang='lat'>‘¹</span> <span class='ocrx_word' id='word_1_789' title='bbox 1412 2751 1486 2776; x_wconf 84' lang='lat' dir='ltr'>Vers.</span> <span class='ocrx_word' id='word_1_790' title='bbox 1507 2750 1548 2775; x_wconf 75' lang='grc'>46,</span> <span class='ocrx_word' id='word_1_791' title='bbox 1563 2763 1597 2768; x_wconf 96' lang='grc'>-</span> <span class='ocrx_word' id='word_1_792' title='bbox 1618 2748 1726 2773; x_wconf 79' lang='lat' dir='ltr'>inferius</span> <span class='ocrx_word' id='word_1_793' title='bbox 1745 2754 1794 2779; x_wconf 81' lang='lat' dir='ltr'>pro</span> <span class='ocrx_word' id='word_1_794' title='bbox 1807 2746 1905 2773; x_wconf 76' lang='lat' dir='ltr'>salutis</span> <span class='ocrx_word' id='word_1_795' title='bbox 1919 2747 1939 2772; x_wconf 87' lang='grc' dir='ltr'>Α</span> <span class='ocrx_word' id='word_1_796' title='bbox 1952 2745 2081 2776; x_wconf 78' lang='lat' dir='ltr'>veritatis.</span> <span class='ocrx_word' id='word_1_797' title='bbox 2096 2749 2121 2772; x_wconf 90' lang='lat' dir='ltr'>et</span> <span class='ocrx_word' id='word_1_798' title='bbox 2135 2753 2184 2778; x_wconf 84' lang='lat' dir='ltr'>pro</span> <span class='ocrx_word' id='word_1_799' title='bbox 2197 2745 2273 2772; x_wconf 80' lang='lat' dir='ltr'>Chri-</span> 
     </span>
     <span class='ocr_line' id='line_1_113' title="bbox 1309 2790 2273 2825; baseline -0.005 -3"><span class='ocrx_word' id='word_1_800' title='bbox 1309 2798 1367 2823; x_wconf 84' lang='lat' dir='ltr'>stus</span> <span class='ocrx_word' id='word_1_801' title='bbox 1387 2796 1408 2821; x_wconf 82' lang='lat'>11</span> <span class='ocrx_word' id='word_1_802' title='bbox 1428 2795 1454 2821; x_wconf 84' lang='lat' dir='ltr'>in</span> <span class='ocrx_word' id='word_1_803' title='bbox 1477 2793 1596 2825; x_wconf 79' lang='lat' dir='ltr'>Christo,</span> <span class='ocrx_word' id='word_1_804' title='bbox 1617 2794 1638 2818; x_wconf 94' lang='lat' dir='ltr'>D</span> <span class='ocrx_word' id='word_1_805' title='bbox 1658 2793 1720 2824; x_wconf 83' lang='lat' dir='ltr'>legit</span> <span class='ocrx_word' id='word_1_806' title='bbox 1741 2791 1815 2818; x_wconf 81' lang='lat' dir='ltr'>Unde</span> <span class='ocrx_word' id='word_1_807' title='bbox 1834 2791 1898 2825; x_wconf 83' lang='lat' dir='ltr'>quia</span> <span class='ocrx_word' id='word_1_808' title='bbox 1916 2791 2083 2825; x_wconf 73' lang='lat' dir='ltr'>imtyislram</span> <span class='ocrx_word' id='word_1_809' title='bbox 2101 2790 2198 2818; x_wconf 68' lang='lat' dir='ltr'>salutis</span> <span class='ocrx_word' id='word_1_810' title='bbox 2209 2797 2273 2824; x_wconf 86' lang='lat' dir='ltr'>pro-</span> 
     </span>
     <span class='ocr_line' id='line_1_114' title="bbox 1310 2837 1604 2874; baseline -0.01 -9"><span class='ocrx_word' id='word_1_811' title='bbox 1310 2839 1438 2874; x_wconf 74' lang='lat' dir='ltr'>fitebatur</span> <span class='ocrx_word' id='word_1_812' title='bbox 1458 2837 1604 2865; x_wconf 69' lang='lat' dir='ltr'>Christum.</span> 
     </span>
    </p>

    <p class='ocr_par' dir='ltr' id='par_1_33' title="bbox 1383 2879 2156 2915">
     <span class='ocr_line' id='line_1_115' title="bbox 1383 2879 2156 2915; baseline -0.004 -6"><span class='ocrx_word' id='word_1_813' title='bbox 1383 2882 1393 2897; x_wconf 79' lang='lat'>⁸</span> <span class='ocrx_word' id='word_1_814' title='bbox 1416 2884 1488 2909; x_wconf 71' lang='lat' dir='ltr'>Vers.</span> <span class='ocrx_word' id='word_1_815' title='bbox 1510 2883 1551 2908; x_wconf 75' lang='grc'>16.</span> <span class='ocrx_word' id='word_1_816' title='bbox 1570 2897 1603 2900; x_wconf 91' lang='grc'>-</span> <span class='ocrx_word' id='word_1_817' title='bbox 1624 2882 1672 2907; x_wconf 77' lang='lat' dir='ltr'>Pro</span> <span class='ocrx_word' id='word_1_818' title='bbox 1691 2880 1790 2908; x_wconf 77' lang='lat' dir='ltr'>dicitur</span> <span class='ocrx_word' id='word_1_819' title='bbox 1807 2880 1983 2915; x_wconf 79' lang='lat' dir='ltr'>proposuisse</span> <span class='ocrx_word' id='word_1_820' title='bbox 2002 2881 2023 2906; x_wconf 88' lang='lat'>11</span> <span class='ocrx_word' id='word_1_821' title='bbox 2042 2880 2105 2914; x_wconf 77' lang='lat' dir='ltr'>fecit</span> <span class='ocrx_word' id='word_1_822' title='bbox 2123 2879 2156 2906; x_wconf 83' lang='lat' dir='ltr'>ei.</span> 
     </span>
    </p>

    <p class='ocr_par' dir='ltr' id='par_1_34' title="bbox 1313 2925 2275 2999">
     <span class='ocr_line' id='line_1_116' title="bbox 1383 2925 2275 2958; baseline -0.004 -5"><span class='ocrx_word' id='word_1_823' title='bbox 1383 2926 1394 2941; x_wconf 80' lang='lat'>⁹</span> <span class='ocrx_word' id='word_1_824' title='bbox 1415 2928 1489 2953; x_wconf 87' lang='lat' dir='ltr'>Vers.</span> <span class='ocrx_word' id='word_1_825' title='bbox 1509 2928 1551 2952; x_wconf 84' lang='lat'>22.</span> <span class='ocrx_word' id='word_1_826' title='bbox 1571 2940 1607 2945; x_wconf 98' lang='lat'><strong>—</strong></span> <span class='ocrx_word' id='word_1_827' title='bbox 1626 2925 1743 2952; x_wconf 82' lang='lat' dir='ltr'>Subinde</span> <span class='ocrx_word' id='word_1_828' title='bbox 1762 2926 1889 2958; x_wconf 83' lang='lat' dir='ltr'>allegatur</span> <span class='ocrx_word' id='word_1_829' title='bbox 1909 2926 1954 2951; x_wconf 85' lang='lat' dir='ltr'>ler.</span> <span class='ocrx_word' id='word_1_830' title='bbox 1975 2926 2005 2957; x_wconf 81' lang='lat'>6,</span> <span class='ocrx_word' id='word_1_831' title='bbox 2030 2925 2077 2956; x_wconf 71' lang='grc'>46,</span> <span class='ocrx_word' id='word_1_832' title='bbox 2097 2925 2121 2950; x_wconf 90' lang='lat' dir='ltr'>in</span> <span class='ocrx_word' id='word_1_833' title='bbox 2141 2931 2195 2957; x_wconf 84' lang='lat' dir='ltr'>quo</span> <span class='ocrx_word' id='word_1_834' title='bbox 2215 2926 2275 2956; x_wconf 83' lang='lat' dir='ltr'>post</span> 
     </span>
     <span class='ocr_line' id='line_1_117' title="bbox 1313 2971 1758 2999; baseline -0.004 0"><span class='ocrx_word' id='word_1_835' title='bbox 1313 2971 1370 2999; x_wconf 81' lang='lat' dir='ltr'>vias</span> <span class='ocrx_word' id='word_1_836' title='bbox 1390 2972 1409 2998; x_wconf 91' lang='lat' dir='ltr'>C</span> <span class='ocrx_word' id='word_1_837' title='bbox 1421 2972 1504 2997; x_wconf 84' lang='lat' dir='ltr'>DGH</span> <span class='ocrx_word' id='word_1_838' title='bbox 1524 2971 1626 2997; x_wconf 85' lang='lat' dir='ltr'>addunt</span> <span class='ocrx_word' id='word_1_839' title='bbox 1644 2972 1758 2997; x_wconf 77' lang='lat' dir='ltr'>vestras.</span> 
     </span>
    </p>

    <p class='ocr_par' dir='ltr' id='par_1_35' title="bbox 1313 3010 2276 3271">
     <span class='ocr_line' id='line_1_118' title="bbox 1382 3010 2274 3045; baseline -0.006 -4"><span class='ocrx_word' id='word_1_840' title='bbox 1382 3014 1404 3029; x_wconf 90' lang='lat'>¹⁰</span> <span class='ocrx_word' id='word_1_841' title='bbox 1424 3016 1497 3041; x_wconf 79' lang='lat' dir='ltr'>Vers.</span> <span class='ocrx_word' id='word_1_842' title='bbox 1520 3015 1560 3040; x_wconf 89' lang='grc'>17.</span> <span class='ocrx_word' id='word_1_843' title='bbox 1575 3029 1608 3032; x_wconf 91' lang='lat'>—-</span> <span class='ocrx_word' id='word_1_844' title='bbox 1622 3015 1712 3040; x_wconf 86' lang='lat' dir='ltr'>Glossa</span> <span class='ocrx_word' id='word_1_845' title='bbox 1732 3013 1875 3040; x_wconf 81' lang='lat' dir='ltr'>ordinaria</span> <span class='ocrx_word' id='word_1_846' title='bbox 1894 3013 1964 3045; x_wconf 75' lang='lat' dir='ltr'>apud</span> <span class='ocrx_word' id='word_1_847' title='bbox 1979 3013 2111 3044; x_wconf 86' lang='lat' dir='ltr'>Lyranum</span> <span class='ocrx_word' id='word_1_848' title='bbox 2132 3012 2173 3044; x_wconf 80' lang='lat' dir='ltr'>(ex</span> <span class='ocrx_word' id='word_1_849' title='bbox 2192 3010 2274 3044; x_wconf 84' lang='lat' dir='ltr'>Beda)</span> 
     </span>
     <span class='ocr_line' id='line_1_119' title="bbox 1313 3055 2275 3091; baseline -0.006 -5"><span class='ocrx_word' id='word_1_850' title='bbox 1313 3061 1339 3086; x_wconf 92' lang='lat' dir='ltr'>in</span> <span class='ocrx_word' id='word_1_851' title='bbox 1360 3062 1421 3086; x_wconf 83' lang='lat' dir='ltr'>Luc.</span> <span class='ocrx_word' id='word_1_852' title='bbox 1442 3061 1490 3091; x_wconf 75' lang='lat'>40,</span> <span class='ocrx_word' id='word_1_853' title='bbox 1509 3060 1560 3086; x_wconf 75' lang='lat'>25:</span> <span class='ocrx_word' id='word_1_854' title='bbox 1580 3059 1758 3091; x_wconf 83' lang='lat' dir='ltr'>Legisperitus</span> <span class='ocrx_word' id='word_1_855' title='bbox 1786 3057 1951 3084; x_wconf 84' lang='lat' dir='ltr'>occasionem</span> <span class='ocrx_word' id='word_1_856' title='bbox 1981 3056 2097 3082; x_wconf 83' lang='lat' dir='ltr'>tentandi</span> <span class='ocrx_word' id='word_1_857' title='bbox 2126 3055 2221 3087; x_wconf 82' lang='lat' dir='ltr'>accipit</span> <span class='ocrx_word' id='word_1_858' title='bbox 2244 3061 2275 3081; x_wconf 83' lang='lat' dir='ltr'>ex</span> 
     </span>
     <span class='ocr_line' id='line_1_120' title="bbox 1314 3099 2276 3136; baseline -0.005 -7"><span class='ocrx_word' id='word_1_859' title='bbox 1314 3104 1403 3129; x_wconf 81' lang='lat' dir='ltr'>verbis</span> <span class='ocrx_word' id='word_1_860' title='bbox 1423 3104 1541 3135; x_wconf 86' lang='lat' dir='ltr'>Domini,</span> <span class='ocrx_word' id='word_1_861' title='bbox 1561 3103 1605 3129; x_wconf 85' lang='lat' dir='ltr'>ubi</span> <span class='ocrx_word' id='word_1_862' title='bbox 1626 3104 1661 3128; x_wconf 87' lang='lat' dir='ltr'>ait</span> <span class='ocrx_word' id='word_1_863' title='bbox 1681 3102 1717 3136; x_wconf 93' lang='lat' dir='ltr'>[v.</span> <span class='ocrx_word' id='word_1_864' title='bbox 1738 3101 1813 3135; x_wconf 77' lang='lat'>20.]:</span> <span class='ocrx_word' id='word_1_865' title='bbox 1834 3100 1967 3132; x_wconf 79' lang='lat' dir='ltr'>Gaudete,</span> <span class='ocrx_word' id='word_1_866' title='bbox 1981 3100 2046 3134; x_wconf 81' lang='lat' dir='ltr'>quia</span> <span class='ocrx_word' id='word_1_867' title='bbox 2058 3099 2170 3126; x_wconf 78' lang='lat' dir='ltr'>‘nomina</span> <span class='ocrx_word' id='word_1_868' title='bbox 2184 3099 2276 3125; x_wconf 77' lang='lat' dir='ltr'>vestra</span> 
     </span>
     <span class='ocr_line' id='line_1_121' title="bbox 1313 3144 2274 3182; baseline -0.007 -8"><span class='ocrx_word' id='word_1_869' title='bbox 1313 3148 1416 3182; x_wconf 79' lang='lat' dir='ltr'>scripta</span> <span class='ocrx_word' id='word_1_870' title='bbox 1434 3149 1500 3175; x_wconf 82' lang='lat' dir='ltr'>sunt</span> <span class='ocrx_word' id='word_1_871' title='bbox 1517 3148 1546 3174; x_wconf 79' lang='lat' dir='ltr'>in</span> <span class='ocrx_word' id='word_1_872' title='bbox 1565 3147 1665 3179; x_wconf 78' lang='lat' dir='ltr'>caetis,·</span> <span class='ocrx_word' id='word_1_873' title='bbox 1685 3146 1730 3172; x_wconf 84' lang='lat' dir='ltr'>sed</span> <span class='ocrx_word' id='word_1_874' title='bbox 1751 3146 1807 3177; x_wconf 78' lang='lat' dir='ltr'>ipse</span> <span class='ocrx_word' id='word_1_875' title='bbox 1836 3145 1860 3170; x_wconf 88' lang='lat' dir='ltr'>in</span> <span class='ocrx_word' id='word_1_876' title='bbox 1890 3152 1936 3170; x_wconf 82' lang='lat' dir='ltr'>sua</span> <span class='ocrx_word' id='word_1_877' title='bbox 1966 3144 2106 3170; x_wconf 87' lang='lat' dir='ltr'>tentatione</span> <span class='ocrx_word' id='word_1_878' title='bbox 2134 3145 2274 3173; x_wconf 83' lang='lat' dir='ltr'>monstrat,</span> 
     </span>
     <span class='ocr_line' id='line_1_122' title="bbox 1314 3186 2276 3226; baseline -0.006 -8"><span class='ocrx_word' id='word_1_879' title='bbox 1314 3201 1394 3226; x_wconf 80' lang='lat' dir='ltr'>quam</span> <span class='ocrx_word' id='word_1_880' title='bbox 1423 3200 1486 3218; x_wconf 76' lang='lat' dir='ltr'>vera</span> <span class='ocrx_word' id='word_1_881' title='bbox 1515 3193 1547 3218; x_wconf 88' lang='lat' dir='ltr'>sit</span> <span class='ocrx_word' id='word_1_882' title='bbox 1576 3190 1704 3217; x_wconf 77' lang='lat' dir='ltr'>coiiscssio</span> <span class='ocrx_word' id='word_1_883' title='bbox 1733 3189 1853 3221; x_wconf 85' lang='lat' dir='ltr'>Domini,</span> <span class='ocrx_word' id='word_1_884' title='bbox 1880 3196 1932 3222; x_wconf 82' lang='lat' dir='ltr'>qua</span> <span class='ocrx_word' id='word_1_885' title='bbox 1956 3189 2060 3214; x_wconf 84' lang='lat' dir='ltr'>Patrem</span> <span class='ocrx_word' id='word_1_886' title='bbox 2078 3187 2188 3213; x_wconf 81' lang='lat' dir='ltr'>laudans</span> <span class='ocrx_word' id='word_1_887' title='bbox 2213 3186 2276 3212; x_wconf 87' lang='lat' dir='ltr'>dicit</span> 
     </span>
     <span class='ocr_line' id='line_1_123' title="bbox 1314 3232 2012 3271; baseline -0.007 -9"><span class='ocrx_word' id='word_1_888' title='bbox 1314 3237 1354 3271; x_wconf 90' lang='lat' dir='ltr'>[v.</span> <span class='ocrx_word' id='word_1_889' title='bbox 1376 3236 1450 3270; x_wconf 82' lang='lat' dir='ltr'>2l.]:</span> <span class='ocrx_word' id='word_1_890' title='bbox 1471 3234 1640 3263; x_wconf 81' lang='lat' dir='ltr'>Abscondisti</span> <span class='ocrx_word' id='word_1_891' title='bbox 1657 3234 1722 3261; x_wconf 84' lang='lat' dir='ltr'>haec</span> <span class='ocrx_word' id='word_1_892' title='bbox 1741 3241 1758 3260; x_wconf 84' lang='lat' dir='ltr'>a</span> <span class='ocrx_word' id='word_1_893' title='bbox 1777 3232 1942 3267; x_wconf 79' lang='lat' dir='ltr'>sapientibus</span> <span class='ocrx_word' id='word_1_894' title='bbox 1961 3235 2012 3258; x_wconf 89' lang='lat' dir='ltr'>etc.</span> 
     </span>
    </p>

    <p class='ocr_par' dir='ltr' id='par_1_36' title="bbox 1387 3275 2109 3312">
     <span class='ocr_line' id='line_1_124' title="bbox 1387 3275 2109 3312; baseline -0.007 -6"><span class='ocrx_word' id='word_1_895' title='bbox 1387 3280 1408 3295; x_wconf 86' lang='lat'>¹¹</span> <span class='ocrx_word' id='word_1_896' title='bbox 1430 3281 1503 3306; x_wconf 84' lang='lat' dir='ltr'>Vers.</span> <span class='ocrx_word' id='word_1_897' title='bbox 1525 3281 1575 3305; x_wconf 78' lang='lat'>⁴7:</span> <span class='ocrx_word' id='word_1_898' title='bbox 1596 3279 1683 3306; x_wconf 83' lang='lat' dir='ltr'>Nolite</span> <span class='ocrx_word' id='word_1_899' title='bbox 1697 3280 1811 3312; x_wconf 82' lang='lat' dir='ltr'>putare,</span> <span class='ocrx_word' id='word_1_900' title='bbox 1832 3276 1961 3311; x_wconf 84' lang='lat' dir='ltr'>quoniam</span> <span class='ocrx_word' id='word_1_901' title='bbox 1980 3275 2041 3302; x_wconf 86' lang='lat' dir='ltr'>veni</span> <span class='ocrx_word' id='word_1_902' title='bbox 2059 3281 2109 3302; x_wconf 85' lang='lat' dir='ltr'>etc.</span> 
     </span>
    </p>

    <p class='ocr_par' dir='ltr' id='par_1_37' title="bbox 1387 3321 2060 3356">
     <span class='ocr_line' id='line_1_125' title="bbox 1387 3321 2060 3356; baseline -0.009 -5"><span class='ocrx_word' id='word_1_903' title='bbox 1387 3324 1409 3339; x_wconf 89' lang='lat'>¹¹</span> <span class='ocrx_word' id='word_1_904' title='bbox 1431 3325 1503 3351; x_wconf 85' lang='lat' dir='ltr'>Vers.</span> <span class='ocrx_word' id='word_1_905' title='bbox 1525 3325 1566 3350; x_wconf 75' lang='lat'>30.</span> <span class='ocrx_word' id='word_1_906' title='bbox 1586 3337 1622 3343; x_wconf 90' lang='lat'>—</span> <span class='ocrx_word' id='word_1_907' title='bbox 1641 3323 1764 3356; x_wconf 84' lang='lat' dir='ltr'>Sequitur</span> <span class='ocrx_word' id='word_1_908' title='bbox 1783 3322 1884 3348; x_wconf 81' lang='lat' dir='ltr'>Baruch</span> <span class='ocrx_word' id='word_1_909' title='bbox 1906 3321 1937 3353; x_wconf 75' lang='lat'>4,</span> <span class='ocrx_word' id='word_1_910' title='bbox 1958 3322 1982 3347; x_wconf 60' lang='lat'>11.</span> <span class='ocrx_word' id='word_1_911' title='bbox 2004 3327 2060 3353; x_wconf 86' lang='lat' dir='ltr'>seq.</span> 
     </span>
    </p>

    <p class='ocr_par' dir='ltr' id='par_1_38' title="bbox 1317 3364 2277 3448">
     <span class='ocr_line' id='line_1_126' title="bbox 1388 3364 2277 3401; baseline -0.007 -6"><span class='ocrx_word' id='word_1_912' title='bbox 1388 3368 1410 3384; x_wconf 82' lang='lat'>¹³</span> <span class='ocrx_word' id='word_1_913' title='bbox 1431 3370 1557 3401; x_wconf 82' lang='lat' dir='ltr'>Vulgata,</span> <span class='ocrx_word' id='word_1_914' title='bbox 1575 3376 1657 3401; x_wconf 85' lang='lat' dir='ltr'>quam</span> <span class='ocrx_word' id='word_1_915' title='bbox 1677 3369 1698 3393; x_wconf 87' lang='lat'>11</span> <span class='ocrx_word' id='word_1_916' title='bbox 1718 3371 1743 3394; x_wconf 86' lang='lat' dir='ltr'>et</span> <span class='ocrx_word' id='word_1_917' title='bbox 1763 3368 1820 3393; x_wconf 87' lang='lat' dir='ltr'>Vat.</span> <span class='ocrx_word' id='word_1_918' title='bbox 1840 3368 2001 3399; x_wconf 85' lang='lat' dir='ltr'>sequuntur,</span> <span class='ocrx_word' id='word_1_919' title='bbox 2014 3364 2109 3391; x_wconf 80' lang='lat' dir='ltr'>omittit</span> <span class='ocrx_word' id='word_1_920' title='bbox 2121 3365 2222 3391; x_wconf 66' lang='lat' dir='ltr'>atatem.</span> <span class='ocrx_word' id='word_1_921' title='bbox 2241 3376 2277 3382; x_wconf 97' lang='lat'><strong>—</strong></span> 
     </span>
     <span class='ocr_line' id='line_1_127' title="bbox 1317 3409 2084 3448; baseline -0.009 -7"><span class='ocrx_word' id='word_1_922' title='bbox 1317 3416 1373 3441; x_wconf 92' lang='lat' dir='ltr'>Duo</span> <span class='ocrx_word' id='word_1_923' title='bbox 1392 3422 1468 3448; x_wconf 85' lang='lat' dir='ltr'>seqq.</span> <span class='ocrx_word' id='word_1_924' title='bbox 1486 3414 1535 3440; x_wconf 87' lang='lat' dir='ltr'>loci</span> <span class='ocrx_word' id='word_1_925' title='bbox 1555 3416 1615 3440; x_wconf 84' lang='lat' dir='ltr'>sunt</span> <span class='ocrx_word' id='word_1_926' title='bbox 1634 3414 1708 3439; x_wconf 82' lang='lat' dir='ltr'>Deut.</span> <span class='ocrx_word' id='word_1_927' title='bbox 1728 3413 1758 3444; x_wconf 81' lang='lat'>6,</span> <span class='ocrx_word' id='word_1_928' title='bbox 1779 3412 1804 3438; x_wconf 82' lang='lat'>5.</span> <span class='ocrx_word' id='word_1_929' title='bbox 1822 3414 1847 3437; x_wconf 85' lang='lat' dir='ltr'>et</span> <span class='ocrx_word' id='word_1_930' title='bbox 1866 3411 1953 3437; x_wconf 82' lang='lat' dir='ltr'>Matth.</span> <span class='ocrx_word' id='word_1_931' title='bbox 1973 3411 2022 3443; x_wconf 83' lang='lat'>22,</span> <span class='ocrx_word' id='word_1_932' title='bbox 2043 3409 2084 3435; x_wconf 73' lang='lat'>40.</span> 
     </span>
    </p>
   </div>
   <div class='ocr_carea' id='block_1_26' title="bbox 2292 2538 2418 2561">
    <p class='ocr_par' dir='ltr' id='par_1_39' title="bbox 2292 2538 2418 2561">
     <span class='ocr_line' id='line_1_128' title="bbox 2292 2538 2418 2561; baseline -0.008 -1"><span class='ocrx_word' id='word_1_933' title='bbox 2292 2539 2312 2560; x_wconf 82' lang='lat' dir='ltr'>N</span> <span class='ocrx_word' id='word_1_934' title='bbox 2313 2538 2418 2561; x_wconf 64' lang='lat' dir='ltr'>claudum:</span> 
     </span>
    </p>
   </div>
  </div>
 </body>
</html>
