2427 3872
311 251 375 283 708

557 290 622 317 CER
643 288 697 323 (18)

310 346 325 364 3
344 335 511 364 credentibus
528 342 590 361 eum
602 340 696 359 verum
717 331 848 358 hominem
866 332 893 356 et
906 336 948 355 ve-

311 389 371 408 rum
390 381 474 406 Deum
493 379 544 405 357
562 378 598 404 75
616 389 652 397 -—
668 377 745 402 oculo
764 375 824 401 fidei
843 374 948 400 videtur

310 430 341 453 ut
358 432 441 451 unum
464 430 525 450 cum
540 423 624 448 Patre
643 422 677 447 Vt
701 420 752 446 438
771 420 814 444 10.
843 418 893 444 439
914 418 947 442 19

311 482 347 490 ——-
365 470 417 496 flde
442 468 568 500 tangitur,
595 473 656 492 cum
674 464 789 491 creditur
815 462 881 489 Patri
905 468 949 487 ae—

311 515 396 548 qualis
414 514 466 540 5119
485 513 518 538 26

365 573 400 577 --
418 558 468 590 Qui
487 555 656 582 crediderunt
679 554 705 579 111
723 552 854 579 Christum
867 557 949 576 -com-

313 602 453 629 minatione
475 600 555 626 territi
583 598 758 631 promissione
789 595 947 625 alliciuntur,

314 651 343 673 ut
360 648 529 679 perseverent
552 645 583 669 vt
604 643 654 668 363
675 642 707 667 46
725 654 761 660 —
779 639 883 670 Omnis,
902 638 948 671 qui

313 691 396 718 credit
414 691 441 716 in
454 689 585 716 Christum
598 694 658 713 cum
677 692 768 712 amore
786 688 811 710 et
829 689 949 716 perseve-

313 735 408 767 rantia,
426 732 568 760 salvabitur
578 732 638 757 ,283
657 731 690 756 29
704 744 739 749 -
752 727 950 761 001100101001

314 779 445 806 Christum
464 781 489 803 et
507 777 616 802 credunt
634 776 661 800 in
680 781 741 800 eum
769 772 950 804 adipiscuntur

314 823 430 850 divinam
451 821 599 847 filiationem
618 822 644 844 et
656 818 825 844 hereditatem
845 816 896 841 252
915 814 949 839 27

314 882 350 893 ,--
368 867 509 893 Credentes
537 865 561 890 in
580 870 641 890 eum
671 869 719 894 per
745 862 833 893 ipsum
862 865 950 884 conse-

314 914 427 944 quentur
452 909 532 934 vitam
560 910 693 932 aeternam
721 904 821 930 32861
845 916 881 921 -
905 901 950 927 dat

315 953 435 981 fidelibus
453 952 535 978 vitam
558 954 690 976 aeternam
706 948 781 973 *sicut
803 947 888 972 bonus
906 952 950 977 pa-

314 1001 368 1024 stor
386 996 554 1023 retribuendo
568 995 619 1020 -391
644 994 687 1019 39.
704 992 755 1018 562
776 991 785 1016 1
801 1005 845 1009 -——
858 990 884 1015 10
898 989 950 1014 ilde

313 1042 425 1068 nominis
442 1040 536 1067 Christi
553 1039 630 1064 datur
649 1037 701 1062 vita
720 1038 824 1061 aeterna
846 1033 898 1059 517
916 1033 949 1058 62

314 1100 349 1104 —-
367 1085 474 1116 largitur
492 1081 613 1109 fidelibus
630 1087 742 1112 regnum
762 1079 814 1104 615
834 1078 848 1103 3

367 1143 401 1147 -
420 1134 483 1153 νο10
501 1126 653 1155 confitentes
671 1131 699 1150 se
722 1130 806 1156 aequa
824 1121 948 1147 sententia

313 1172 480 1199 confitebitur
494 1177 555 1196 esse
574 1170 615 1196 de.
625 1169 693 1199 suis,
717 1169 843 1199 negantes
859 1173 890 1192 se
908 1173 949 1191 ne-

314 1217 387 1250 gabit
405 1217 447 1242 Vll
467 1216 517 1241 313
533 1215 574 1246 12,
594 1214 626 1239 13
645 1226 681 1232 -
694 1211 860 1238 confitebitur
873 1210 949 1235 confi-

313 1257 410 1288 tentem
428 1267 457 1286 se
480 1258 642 1285 confessione
660 1255 846 1289 approbativa,
872 1256 950 1280 hono-

313 1306 440 1332 rificativa
459 1307 484 1329 et
511 1303 650 1334 salvativa,
669 1300 787 1334 publica,
815 1299 950 1332 praeclara

313 1353 340 1376 et
358 1351 483 1382 perpetua
503 1347 554 1373 314
575 1346 608 1372 14
628 1359 662 1365 —-
679 1344 814 1371 Confessio
835 1343 951 1369 nominis

314 1394 406 1420 Christi
427 1399 550 1424 magnam
570 1390 649 1417 habet
666 1388 950 1420 recompensationem,

314 1438 420 1470 negatio
438 1443 562 1468 magnam
581 1441 693 1467 poenam
712 1432 773 1460 ibid.
792 1446 827 1452 —
848 1432 951 1457 Veritas

315 1482 407 1508 Christi
421 1480 568 1507 confitenda
580 1479 637 1505 sine
653 1477 833 1504 erubescentia
846 1477 897 1502 229
917 1475 945 1501 41

314 1541 350 1545 -
368 1525 501 1552 Confessio
526 1523 621 1550 Christi
647 1525 687 1548 est
713 1521 886 1551 necessitatis,
910 1520 951 1545 vei

315 1569 482 1603 perfectionis
500 1568 533 1594 171
553 1568 604 1593 503
624 1566 657 1592 67

368 1628 404 1632 —-
422 1620 451 1639 se
468 1612 601 1642 absentat,
625 1613 654 1636 ut
677 1610 743 1636 fides
762 1609 883 1635 meritum
910 1609 952 1633 ha·

317 1658 377 1684 beat
398 1659 428 1684 vt
449 1657 499 1682 436
519 1657 534 1682 3
553 1670 588 1674 —-
607 1662 659 1680 non
687 1661 715 1680 se
743 1652 867 1679 credebat
886 1652 953 1677 infir-

318 1703 368 1728 mis
387 1702 413 1727 in
432 1701 484 1727 fide
511 1700 562 1726 276
591 1700 624 1725 38
650 1713 684 1717 —
709 1705 737 1724 se
756 1697 894 1724 abscondit
919 1696 953 1722 ab

318 1745 468 1772 infidelibus
486 1745 538 1771 392
557 1744 586 1770 51

370 1803 406 1809 -
424 1790 473 1823 Qui
492 1796 545 1815 non
566 1788 649 1814 credit
677 1788 700 1813 in
729 1786 834 1813 nomine
855 1784 955 1812 Christi

318 1835 411 1860 merito
438 1837 477 1860 est
495 1834 635 1859 damnatus
654 1832 687 1858 Vl
707 1832 758 1857 283
779 1832 821 1857 31.
841 1830 892 1857 284
912 1830 954 1856 36.

318 1879 369 1904 288
389 1879 421 1904 59
435 1893 470 1897 -
483 1879 574 1904 Sermo
593 1876 686 1903 Christi
704 1876 811 1902 divinus
829 1874 956 1901 iudicabit

318 1930 369 1948 non
388 1923 524 1948 credentes
543 1921 593 1947 423
613 1921 647 1946 67
666 1935 701 1939 -
720 1927 773 1946 000
798 1919 956 1945 condemnat

318 1974 370 1992 non
389 1966 524 1992 credentes
542 1968 650 1998 propter
672 1971 747 1990 suam
766 1963 954 1996 benignitatem

318 2011 369 2036 423
388 2011 422 2036 66

371 2068 407 2074 -
425 2054 556 2081 Christum
579 2056 660 2085 negat
678 2060 730 2078 non
749 2053 835 2079 solum
853 2052 901 2085 qui
919 2052 956 2078 dib

317 2100 364 2130 cit,
384 2094 445 2125 01110
464 2105 517 2124 000
529 2104 587 2124 0550
599 2096 746 2135 Christum,
758 2096 804 2122 sed
819 2096 897 2122 etiam
910 2096 956 2129 qui

319 2147 408 2175 negat,
426 2149 455 2168 se
474 2148 532 2168 esse
551 2141 726 2168 Christianum
746 2140 850 2166 Vl-485
870 2139 903 2165 48
921 2154 957 2158 -

319 2187 438 2213 infideles
456 2188 553 2218 negant
564 2185 696 2212 Christum
709 2191 757 2216 per
768 2190 885 2210 errorem
894 2203 901 2214 ,
914 2185 958 2215 hy-

318 2231 433 2263 pocritae
461 2237 509 2262 per
536 2229 775 2262 praesumtionem,
794 2228 885 2254 lascivi
902 2234 958 2260 ‚per

318 2275 482 2301 insolentiam
502 2273 683 2300 conversionis
701 2273 752 2298 613
774 2273 784 2297 1

371 2333 407 2337 -
426 2319 526 2350 Negare
545 2317 676 2344 Christum
704 2319 744 2343 est
765 2323 837 2342 mors
855 2316 960 2341 animae

321 2363 355 2388 Vi
374 2363 425 2389 434
448 2363 476 2388 51
500 2377 535 2381 -
554 2363 583 2388 10
610 2362 713 2389 Christo
740 2368 795 2387 non
824 2361 960 2387 credentes

318 2407 527 2433 scandalizantur
546 2406 589 2431 Vll
608 2406 658 2432 426
678 2407 694 2431 2

373 2464 409 2470 -
426 2450 613 2476 condescendit
630 2450 691 2476 fidei
710 2453 736 2476 et
754 2449 892 2475 humilitati
915 2449 958 2475 Vll

323 2494 372 2520 167
392 2495 417 2520 8.
438 2494 488 2519 170
508 2494 541 2519 18
560 2508 594 2512 —-
614 2494 712 2525 paratis
739 2494 848 2520 credere
875 2493 961 2526 aperit

320 2545 351 2564 se
369 2538 458 2570 ipsum
477 2538 510 2563 Vl
530 2538 581 2563 296
603 2537 644 2570 40,
664 2537 692 2563 41
709 2551 751 2557 v—
769 2537 887 2564 Christus
902 2538 961 2563 3110-

322 2587 413 2608 010053
432 2581 608 2607 exhortatione
627 2584 727 2607 mentes
753 2582 915 2607 credentium
934 2581 960 2607 in

323 2633 352 2652 se
370 2625 491 2651 sublevat
509 2625 543 2651 ad
561 2625 721 2650 credendum
749 2625 775 2651 in
795 2626 960 2651 Divinitatem

325 2670 375 2695 422
395 2670 428 2695 63
449 2684 482 2688 -
501 2669 669 2695 commendat
695 2669 775 2695 fldem
803 2669 883 2695 trium
906 2676 962 2695 mu-

324 2715 417 2740 lierum
436 2714 479 2739 vn
494 2714 545 2738 212
565 2713 598 2738 86
617 2727 653 2730 -
672 2713 743 2738 videt
762 2713 845 2738 oculis
864 2713 962 2739 miscri-

323 2758 429 2784 cordiae
448 2757 584 2783 credentes
609 2757 660 2782 125
686 2756 717 2782 47
737 2769 773 2775 -
791 2756 873 2782 verbo
892 2756 962 2781 vitae

322 2802 418 2828 solidat
436 2802 515 2828 tidem
535 2802 585 2827 213
606 2802 639 2826 89
658 2814 694 2820 -
712 2801 821 2834 requirit
835 2801 914 2827 fldem
928 2801 961 2827 ad

326 2846 443 2872 facienda
463 2846 587 2872 miracula
607 2845 658 2871 214
679 2846 712 2870 89

378 2905 413 2908 -
432 2890 470 2916 Ad
490 2889 620 2916 Christum
640 2896 688 2921 per
707 2889 786 2915 fldem
806 2892 832 2914 01
849 2889 963 2915 dilectio-

325 2941 386 2959 nem
406 2934 513 2959 veniunt
530 2934 576 2967 qui
599 2937 660 2959 sunt
678 2941 692 2959 a
712 2934 766 2959 Deo
784 2934 856 2959 electi
876 2936 901 2958 et
918 2940 963 2959 vo-

326 2978 375 3003 cati
396 2978 427 3003 vt
448 2979 497 3003 328
518 2978 550 3003 58
578 2992 611 2996 -
636 2978 837 3004 Ascendendum
858 2981 896 3004 est
915 2984 962 3009 per

326 3021 405 3047 fldem
425 3022 458 3047 ad
477 3022 690 3053 cognoscendum
709 3022 839 3048 Christum
852 3022 896 3048 vti
911 3021 962 3048 474

325 3065 342 3090 7
360 3079 396 3085 -
415 3066 454 3091 Ad
472 3065 604 3092 Christum
632 3066 735 3092 venitur
763 3074 810 3098 per
838 3067 917 3092 fldem
937 3069 963 3092 et

326 3109 490 3135 dilectionem
510 3113 536 3135 et
553 3110 729 3142 cognitionem
750 3111 782 3136 Vl
804 3111 854 3136 329
875 3111 908 3136 68
927 3124 963 3129 -

326 3153 374 3179 Per
392 3153 522 3179 Christum
552 3154 697 3186 ingreditur
724 3155 784 3187 quis
811 3161 859 3186 per
882 3154 962 3180 fidem

327 3197 370 3222 vu
390 3198 440 3222 196
460 3197 495 3223 24
512 3211 548 3217 -
566 3198 674 3231 requirit
699 3198 778 3224 fldem
798 3198 962 3230 interiorem,

326 3247 379 3266 non
398 3242 524 3267 honorem
543 3242 696 3268 exteriorem
727 3242 759 3267 Vl
782 3242 833 3268 303
853 3242 886 3268 84
907 3243 962 3275 (83)

380 3297 415 3304 -—
433 3285 573 3317 suscipitur
590 3285 757 3317 suscipiendo
784 3286 888 3311 nuntios
907 3286 963 3311 eius

1169 238 1283 271 INDEX
1307 237 1435 270 RERUM

984 327 1130 354 dilectionis
1149 327 1182 352 Vl
1201 326 1253 353 255
1272 325 1305 351 42
1320 326 1477 350 -tractum
1496 323 1529 348 ad
1543 322 1622 348 fidem

985 380 1033 405 pro
1052 372 1156 398 modico
1175 371 1313 396 confirmat
1337 367 1515 403 promittendo
1539 369 1623 392 osten-

984 417 1048 443 dere
1067 416 1165 442 maiora
1178 415 1237 440 -267
1256 415 1290 439 98
1307 427 1344 433 -
1362 413 1412 445 Qui
1425 411 1508 438 credit
1520 410 1548 436 in
1560 410 1623 435 Filio

972 460 1065 487 ,habet
1082 460 1163 485 vitam
1183 461 1315 484 aeternam
1344 457 1369 482 in
1386 455 1490 481 ,1001110
1517 455 1568 479 288
1588 453 1622 479 59

985 519 1020 523 -
1038 503 1180 530 Credentes
1199 503 1227 527 in
1254 501 1386 527 Christum
1414 499 1523 524 vincunt
1547 503 1625 523 mun-

985 549 1050 575 dum
1070 547 1121 574 465
1146 547 1180 573 47
1207 560 1243 565 —
1269 545 1411 571 Credentes
1437 544 1463 568 in
1491 542 1623 569 Christum

985 593 1050 618 flunt
1069 592 1111 617 iux
1131 591 1182 616 423
1202 590 1236 615 65

1037 649 1074 655 -
1090 635 1206 667 perfecte
1224 630 1412 666 eognoscendus
1425 638 1473 663 per
1486 630 1566 656 fidem
1580 630 1623 655 Vll

986 680 1038 706 225
1058 680 1090 705 29
1109 693 1145 697 »-
1158 678 1266 704 ,Nomen
1293 676 1386 706 Christj
1412 678 1440 701 ut
1464 674 1623 707 principium

986 724 1076 751 salutis
1094 722 1260 754 cognoscitur
1278 728 1336 752 >per
1363 720 1443 746 fldem
1467 718 1517 745 437
1537 719 1570 745 34
1583 731 1625 738 ’-

986 776 1039 794 000
1058 770 1148 799 aperte
1167 765 1334 797 cognoscitur
1347 772 1361 790 a
1374 771 1427 790 000
1446 764 1560 796 perfecte
1571 770 1626 788 cref

986 811 1111 838 dentibus
1129 811 1180 836 592
1200 810 1229 835 21
1243 822 1288 828 --
1306 808 1438 834 Christum
1460 814 1513 833 non
1530 813 1626 839 cogno-

987 858 1062 882 scunt
1089 854 1175 880 iniusti
1194 853 1251 879 -351
1274 853 1318 879 ·53
1338 851 1560 884 —-·c0gnoscitur
1578 857 1626 883 per

987 900 1067 926 fidem
1087 902 1113 925 et
1131 898 1297 924 dilectionem
1318 896 1351 922 Vi
1371 897 1422 922 582
1436 897 1501 921 8-
1513 896 1540 922 111
1553 894 1626 921 Chri-

985 947 1056 970 stum
1075 943 1211 969 credentes
1229 942 1407 967 illuminantur
1432 940 1554 965 unctione
1572 939 1627 971 Spi-

976 989 1052 1014 ritus
1070 987 1151 1013 sancti
1171 987 1222 1012 373
1242 987 1257 1011 8

1032 1045 1076 1051 -—
1093 1031 1215 1064 cognitus
1234 1030 1281 1056 fuit
1292 1037 1307 1055 a
1320 1028 1488 1056 credentibus
1499 1030 1627 1061 quantum

987 1077 1022 1102 ad
1040 1079 1180 1109 utramque
1198 1078 1318 1101 naturam
1339 1074 1372 1100 Vt
1393 1073 1444 1099 254
1469 1072 1503 1099 35
1522 1085 1563 1091 ν-
1588 1078 1628 1097 co-

988 1119 1202 1153 gnoscebatura
1228 1119 1304 1144 maiis
1330 1121 1360 1144 ut
1377 1117 1496 1144 Christus
1519 1116 1629 1149 promis-

986 1172 1032 1191 sus
1052 1165 1077 1190 in
1096 1165 1181 1196 Lege,
1210 1170 1290 1189 verax
1319 1166 1345 1188 ct
1373 1162 1509 1192 innocens,
1528 1160 1576 1186 sed
1595 1159 1629 1185 ab

984 1208 1137 1236 odientibus
1155 1209 1221 1234 veius
1245 1207 1434 1234 humanitatem
1453 1202 1507 1231 060
1527 1207 1629 1237 0010131

987 1254 1112 1286 cognosci
1140 1254 1197 1279 eius
1225 1252 1352 1278 Divinitas
1384 1250 1435 1277 455
1466 1250 1482 1276 5
1510 1262 1545 1269 -
1574 1248 1629 1275 Viri

987 1298 1134 1334 spirituales
1151 1304 1215 1323 .non
1242 1298 1406 1329 cognoscunt
1430 1294 1562 1322 Christum
1587 1300 1629 1319 se-

988 1342 1104 1368 cundum
1132 1342 1262 1368 carnalem
1279 1341 1408 1366 >affectum
1429 1339 1470 1365 vel
1490 1338 1630 1370 intelligen-

987 1387 1065 1417 tiam,
1083 1387 1130 1412 sed
1149 1388 1305 1412 contuentur
1323 1385 1380 1411 eius
1398 1384 1566 1410 Divinitatem
1585 1383 1628 1409 Vll

989 1432 1040 1457 588
1052 1432 1076 1456 ·6

1041 1490 1076 1494 ——
1095 1476 1190 1501 Beatus
1209 1474 1255 1508 qui
1274 1473 1410 1506 cognoscit
1422 1472 1553 1499 Christum
1573 1472 1629 1497 sine

985 1526 1079 1546 errore
1098 1520 1141 1545 Vll
1162 1519 1212 1545 176
1233 1519 1266 1544 44
1277 1528 1321 1538 ·’-
1339 1517 1459 1550 Cognitio
1477 1516 1572 1543 Christi
1590 1519 1630 1542 est

990 1564 1138 1596 praemium
1157 1563 1321 1595 diligentium
1341 1569 1402 1588 eum
1422 1562 1455 1588 Vl
1474 1561 1526 1587 442
1540 1561 1582 1592 30,
1596 1561 1628 1586 32

989 1622 1025 1626 -
1044 1607 1135 1633 Notitia
1160 1605 1340 1638 Christi-parit
1358 1605 1480 1637 ,gratiam
1504 1608 1530 1630 et
1548 1605 1629 1630 vitam

990 1655 1123 1678 aeternam
1143 1650 1193 1676 153
1212 1658 1240 1676 v.
1260 1651 1288 1675 11
1556 1676 1560 1678 ,

1043 1709 1079 1715 —
1096 1694 1202 1721 videtur
1230 1695 1255 1720 in
1280 1692 1362 1726 gloria
1382 1693 1416 1719 ab
1443 1693 1481 1719 eis
1499 1693 1546 1725 qui
1569 1694 1629 1718 eum

991 1739 1150 1765 benedicunt
1168 1738 1221 1764 vita
1239 1741 1266 1763 et
1288 1737 1378 1769 lingua
1404 1737 1445 1762 Vll
1472 1736 1523 1762 357
1542 1736 1577 1762 75
1597 1749 1631 1754 -

991 1784 1096 1810 videtur
1115 1783 1140 1809 in
1159 1786 1280 1815 tempore
1303 1781 1489 1808 consolationis
1517 1780 1550 1806 Vi
1580 1779 1631 1806 462

993 1829 1026 1855 30
1045 1842 1081 1848 -
1099 1829 1126 1854 10
1145 1828 1227 1860 gioria
1247 1828 1352 1854 videtur
1370 1826 1516 1852 secundum
1538 1825 1633 1851 Divini-

992 1876 1071 1899 tatem
1090 1873 1140 1898 476
1160 1872 1193 1898 43
1212 1886 1247 1892 -
1264 1872 1338 1898 Visio
1351 1870 1519 1897 humanitatis
1537 1869 1631 1896 Christi

991 1917 1104 1949 pertinet
1128 1917 1162 1943 ad
1186 1916 1332 1949 praemium
1350 1915 1508 1942 accidentale
1527 1914 1578 1940 469
1599 1915 1626 1940 11

987 1961 1021 1987 2*
1040 1975 1074 1980 --
1093 1964 1122 1987 01
1141 1962 1221 1987 110100
1234 1964 1324 1993 1100110
1336 1960 1442 1986 videtur
1454 1967 1469 1985 a
1482 1959 1567 1985 Beatis
1581 1959 1626 1984 131

992 2014 1019 2031 v.
1040 2006 1072 2031 18
1091 2015 1127 2025 —·-
1146 2005 1197 2038 Qui
1215 2008 1385 2031 contemnunt
1397 2004 1527 2031 Christum
1549 2003 1632 2030 humi·

993 2051 1043 2076 lem
1063 2057 1113 2076 non
1132 2053 1243 2081 possunt
1261 2049 1353 2075 videre
1371 2048 1510 2074 sublimem
1523 2048 1574 2074 329
1589 2048 1633 2073 66.

994 2094 1045 2120 470
1066 2093 1099 2119 15
1117 2107 1153 2113 -
1170 2094 1226 2119 Non
1246 2096 1379 2119 merentur
1392 2093 1482 2118 videre
1501 2092 1632 2118 Christum

994 2138 1039 2170 qui
1058 2145 1110 2163 non
1129 2136 1271 2163 observant
1290 2137 1411 2162 mandata
1426 2136 1476 2162 442
1491 2137 1534 2167 31,
1552 2137 1585 2162 33
1598 2151 1632 2155 -

995 2182 1034 2207 Ad
1047 2188 1138 2207 veram
1158 2180 1253 2207 Christi
1271 2180 1516 2212 contemplationem
1534 2183 1560 2206 et
1577 2187 1634 2212 spe-

996 2226 1154 2251 culationem
1167 2231 1219 2250 non
1232 2224 1351 2257 pervenit
1364 2225 1438 2258 quis,
1450 2224 1497 2250 nisi
1515 2224 1549 2250 ad
1564 2231 1634 2250 men-

996 2276 1052 2295 sam
1072 2270 1129 2295 eius
1147 2269 1237 2295 sedeat
1256 2269 1298 2294 vu
1319 2269 1370 2295 597
1389 2270 1423 2294 38

1042 2329 1084 2335 --
1102 2315 1234 2341 Christum
1262 2315 1352 2341 videre
1379 2318 1434 2341 0131
1461 2315 1635 2341 desiderabile

998 2360 1030 2386 Vt
1051 2360 1101 2385 416
1116 2360 1149 2386 30
1161 2373 1197 2379 -
1209 2360 1367 2392 Navigantes
1385 2360 1475 2386 vident
1492 2360 1634 2386 Dominum

998 2404 1190 2437 ambulantem,
1210 2408 1358 2437 pugnantes
1376 2407 1503 2435 stantem,
1522 2407 1635 2430 contem-

997 2449 1098 2481 plantes
1115 2449 1251 2475 sedentem
1270 2449 1320 2475 323
1342 2450 1375 2475 32
1388 2464 1423 2467 -
1436 2449 1509 2474 visus
1523 2449 1570 2474 fuit
1581 2455 1635 2474 cor-

998 2494 1121 2526 poraliter
1141 2493 1167 2519 in
1185 2500 1277 2525 carne,
1296 2493 1400 2519 videtur
1423 2493 1590 2525 spiritualiter
1608 2493 1634 2518 in

998 2542 1099 2570 mente,
1119 2537 1252 2564 videbitur
1266 2538 1371 2564 feliciter
1389 2538 1415 2566 in
1434 2542 1538 2563 aeterna
1558 2537 1636 2563 beati-

998 2583 1088 2609 tudine
1116 2583 1167 2608 628
1198 2583 1222 2613 1,
1250 2583 1266 2608 2
1290 2582 1368 2607 —in
1397 2582 1526 2614 praesenti
1550 2582 1636 2608 videri

998 2630 1083 2659 potest
1109 2627 1194 2653 solum
1223 2626 1390 2658 spiritualiter
1417 2625 1451 2653 ib.
1475 2627 1490 2652 2
1509 2640 1544 2646 -
1563 2626 1636 2652 Visio

998 2671 1139 2703 spiritualis
1158 2671 1300 2696 salvatoris
1319 2670 1442 2696 omnibus
1460 2673 1499 2696 est
1517 2671 1636 2696 salutaris

998 2714 1062 2741 ibid.
1080 2715 1106 2740 3.
1128 2715 1175 2740 631
1195 2715 1227 2739 18
1241 2728 1277 2733 -
1289 2714 1362 2740 171510
1381 2714 1523 2746 spiritualis
1542 2714 1634 2741 Christi

999 2758 1136 2784 iudicantis
1155 2761 1234 2783 terret
1257 2762 1408 2790 peccante-S,
1426 2757 1521 2784 Christi
1540 2759 1636 2790 patien-

999 2804 1031 2828 tis
1049 2805 1122 2827 sanat
1141 2802 1316 2834 poenitentes,
1341 2801 1434 2828 Christi
1454 2803 1636 2835 triumphantis

999 2847 1125 2872 confortat
1144 2848 1304 2878 pugnantes,
1335 2846 1429 2872 Christi
1456 2848 1636 2873 conversantis

999 2890 1106 2916 deducit
1124 2890 1306 2922 proficientes,
1325 2889 1419 2916 Christi
1438 2891 1570 2922 regnantis
1588 2892 1636 2917 iae-

999 2934 1078 2960 tisscat
1110 2934 1331 2966 contemplantes,
1362 2934 1455 2960 Christi
1483 2936 1636 2962 revertentis

999 2978 1146 3004 consolatur
1165 2981 1344 3010 exspectantes
1363 2978 1414 3003 628
1434 2979 1449 3003 3
1469 2993 1504 2996 -
1524 2980 1548 3005 10
1566 2979 1636 3006 Chri-

999 3026 1039 3048 sto
1058 3022 1246 3048 consideranda
1265 3025 1325 3048 sunt
1344 3022 1516 3054 conversatio,
1535 3023 1635 3056 passio,

1000 3066 1144 3097 tribulatio,
1163 3066 1326 3098 triumphus,
1345 3073 1472 3098 reguum,
1495 3067 1635 3099 iudicium,

999 3111 1116 3137 reversio
1136 3110 1169 3136 ad
1188 3117 1250 3137 suos
1269 3111 1295 3136 in
1315 3112 1362 3138 hac
1382 3111 1434 3136 vita
1454 3110 1516 3136 ibid.

1053 3168 1089 3173 —
1108 3154 1215 3180 Visione
1227 3154 1354 3186 spirituali
1367 3154 1499 3181 videndus
1511 3155 1636 3182 miracula

1000 3198 1112 3228 faciens,
1131 3201 1160 3224 ut
1176 3202 1312 3224 moveatur
1325 3199 1445 3230 affectus,
1458 3199 1525 3224 510111
1538 3199 1637 3225 visione

1000 3242 1130 3275 corporali
1158 3242 1332 3268 movebantur
1360 3242 1453 3268 turbae
1482 3243 1513 3268 Vl
1533 3243 1584 3269 630
1604 3244 1636 3270 13

997 3299 1035 3310 ,-
1054 3286 1126 3312 Visio
1145 3285 1286 3318 spiritualis
1304 3285 1398 3312 Christi
1417 3287 1450 3312 ad
1469 3294 1561 3313 servos
1575 3294 1637 3313 suos

327 3334 375 3359 per
394 3328 473 3353 tidem
500 3332 526 3354 et
543 3329 714 3354 ¹dilectionem
744 3329 786 3355 Vll
805 3329 857 3355 257
877 3329 911 3355 15
929 3342 964 3349 -
1001 3330 1026 3355 10
1039 3331 1088 3355 hac
1101 3330 1204 3356 miseria
1218 3329 1345 3356 venientis
1363 3333 1388 3355 et
1407 3331 1563 3358 consolantis
1580 3338 1639 3357 con-

328 3371 443 3412 Membra
463 3372 587 3398 uniuntur
605 3372 707 3398 Christo
726 3373 850 3405 ligamine
866 3373 927 3403 fidei
939 3376 965 3399 et
1001 3373 1098 3399 solatur
1116 3377 1308 3406 exspectantes,
1329 3374 1458 3401 visitando
1471 3382 1536 3406 veos,
1549 3381 1581 3401 ne
1594 3375 1639 3401 do-

1907 275 1972 302 clm
2008 276 2038 301 18

1660 321 1729 346 10301
1746 320 1781 346 de
1805 275 2002 352 promissorum(
2026 275 2189 353 dilatatione,
2208 320 2300 346 certifi-

1659 364 1760 396 cando,
1778 371 1811 390 ne
1830 363 1950 390 diffidant
1967 364 2001 389 de
2020 364 2212 396 promissorum
2232 370 2300 390 asse-

1651 408 1777 439 cutione,
1801 408 1973 440 praemiando
1992 408 2016 434 in
2036 408 2150 441 fine,·ut
2167 408 2301 440 gaudeant

1658 453 1694 479 de
1712 452 1904 484 promissorum
1917 449 2097 484 adep'tIone-in
2110 452 2211 478 visione
2222 451 2299 478 beata

1659 497 1707 522 631
1729 496 1765 524 ,17

1715 555 1750 559 -—
1769 541 1842 567 Visio
1860 540 2090 573 Christi‘patientis
2102 541 2129 566 tn
2142 547 2221 566 cruce
2233 540 2301 566 sicut

1645 586 1770 617 'serpens
1788 585 1814 610 in
1833 585 1904 617 ligno
1932 588 2006 611 sanat
2032 585 2221 617 aspicientesa
2241 591 2300 610 con-

1661 629 1835 661 cupiscentia,
1864 636 1926 655 cum
1944 629 2033 661 ipsum
2047 629 2144 655 ‘vident
2160 629 2301 661 amictum,

1662 674 1764 699 nudum
1783 676 1809 699 et
1826 673 1959 699 abiectum
1988 673 2021 700 Vi
2047 673 2153 703 629A⁰
2172 687 2208 692 —
2226 673 2300 698 Visio

1661 718 1803 750 spiritualis
1822 718 1964 744 Salvatoris
1982 719 2111 744 confortat
2134 720 2301 750 pugnantes,

1661 762 1728 788 dans
1746 762 1884 788 audaciam
1911 762 2143 795 aggredientibus,
2159 760 2302 788 confiden-

1662 807 1724 832 tiam
1743 806 1917 838 certantibus,
1943 806 2079 832 victoriam
2103 808 2302 838 perseveranter

1659 850 1859 884 sustinentibus,
1869 858 1929 877 cum
1940 851 2031 877 vident
2041 850 2243 883 praecedentem
2255 857 2303 882 ag-

1663 895 1827 927 gredientes,
1851 896 2020 921 adiuvantem
2046 895 2258 928 congredientes,
2277 894 2304 920 ti-

1664 939 1799 965 berantem
1820 943 2018 971 perseverantes
2036 939 2070 966 ib.
2092 940 2120 965 11

1716 998 1752 1002 -—-
1772 984 1844 1009 Visio
1862 984 2003 1016 spiritualis
2029 983 2171 1010 Salvatoris
2195 990 2303 1010 conver-

1664 1028 1745 1054 santis
1763 1028 1871 1054 deducit
1883 1028 2050 1061 proficientes
2063 1028 2087 1054 in
2096 1027 2228 1054 vomnibus
2239 1026 2303 1060 ope-

1664 1072 1738 1098 ribus
1757 1072 1869 1100 iustitiae
1887 1075 2016 1106 quantum
2035 1072 2068 1098 ad
2088 1072 2256 1103 intellectum,
2269 1073 2303 1097 af-

1667 1117 1760 1143 fectum
1780 1120 1806 1142 et
1824 1117 1945 1142 effectum
1965 1117 1998 1142 171
2018 1117 2070 1142 630
2093 1117 2135 1147 13,
2155 1116 2188 1142 14
2205 1129 2242 1135 -
2261 1116 2304 1144 Vi-

1665 1161 1704 1186 510
1722 1161 1863 1193 50111103115
1875 1161 2018 1187 Salvatoris
2031 1160 2164 1192 regnantis
2182 1160 2304 1187 laetificat

1665 1206 1886 1238 contemplantes,
1910 1205 2075 1231 ostendendo
2102 1212 2163 1231 eum
2192 1205 2304 1231 admira-

1665 1249 1745 1275 bilem
1773 1249 1960 1276 accedentibus
1987 1249 2021 1276 ad
2048 1249 2304 1282 contemplationem,

1666 1293 1847 1321 delectabilem
1860 1293 2085 1321 commorantibus
2104 1294 2130 1320 in
2145 1295 2306 1327 contempla·

1666 1339 1751 1369 tione,
1770 1338 1928 1365 laudabilem
1942 1338 2135 1365 revertentibus
2153 1345 2168 1364 a
2187 1341 2305 1364 contem·
2348 1339 2351 1340 ’

1665 1383 1780 1416 piatione
1799 1382 1834 1410 ib.
1854 1384 1888 1410 15
1906 1398 1942 1402 —-
1961 1383 2034 1409 Visio
2047 1383 2147 1415 gloriae
2159 1382 2254 1410 Christi
2267 1390 2304 1409 re-

1665 1428 1771 1461 gnantis
1780 1428 1876 1454 excitat
1889 1428 2044 1454 meditantes
2056 1428 2091 1454 ad
2110 1427 2305 1459 admirandum,

1666 1473 1860 1499 sentientes-ad
1879 1473 2064 1505 gaudendum,
2077 1472 2259 1504 praedicantes
2271 1472 2306 1498 ad

1666 1507 1771 1543 laudem
1791 1516 1853 1543 ibid.
1871 1531 1907 1535 —
1925 1517 2031 1543 videtur
2053 1516 2215 1543 admirabilis
2232 1523 2307 1543 acce-

1666 1561 1790 1587 dentibus
1808 1568 1855 1594 per
1872 1561 2068 1587 meditationem
2081 1561 2116 1587 ob
2130 1561 2240 1593 gloriam
2253 1567 2307 1586 ma-

1667 1605 1749 1631 iorem
1776 1613 1857 1638 quam
1887 1606 2033 1632 Salomonis
2060 1604 2122 1632 ibid.
2146 1620 2183 1624 --
2201 1605 2307 1631 videtur

1668 1649 1829 1675 delectabilis
1858 1649 2029 1676 sentientibus
2059 1653 2084 1675 et
2112 1648 2307 1682 experientibus

1668 1701 1716 1726 per
1734 1694 1902 1719 devotionem
1921 1693 1983 1720 ibid.

1721 1752 1756 1756 -
1776 1737 1886 1763 Salubre
1904 1741 1944 1763 est
1961 1745 2009 1770 per
2026 1737 2106 1763 fidem
2125 1736 2234 1770 tangere
2252 1737 2308 1763 fim-

1669 1782 1753 1808 briam
1774 1782 1922 1808 vestimenti
1942 1781 2051 1812 Christi,
2069 1780 2201 1807 salubrius
2219 1781 2307 1814 ipsum

1669 1831 1758 1853 tenere
1776 1827 1820 1852 Vll
1849 1826 1895 1852 211
1930 1826 1958 1851 81
1981 1840 2017 1844 -—
2036 1826 2084 1851 Per
2107 1829 2205 1852 tactum
2231 1826 2309 1852 vesti·

1669 1872 1750 1898 menti
1768 1871 1864 1898 Christi
1882 1871 2033 1903 intelligitur
2046 1871 2154 1896 imitatio
2173 1871 2199 1896 in
2217 1869 2307 1896 labore

1669 1920 1774 1943 sanctae
1801 1915 2007 1942 conversationis
2035 1916 2086 1941 213
2112 1916 2146 1941 86
2171 1930 2207 1934 -
2226 1918 2309 1942 130105

1669 1962 1716 1988 fuit
1734 1962 1762 1987 in
1787 1961 1856 1994 pede
1883 1968 1897 1986 a
1926 1960 2095 1992 Magdaiena,
2123 1960 2149 1986 in
2177 1963 2251 1986 veste
2275 1959 2309 1986 ab

1669 2005 1894 2036 haemorrhoissa,
1906 2005 1932 2031 in
1946 2005 2025 2031 tatere
2043 2012 2058 2031 a
2078 2005 2180 2031 Thema
2198 2004 2260 2031 ibid.
2274 2018 2310 2024 —

1670 2052 1696 2077 ln
1716 2050 1809 2082 tripiici
1828 2049 1921 2075 Christi
1951 2052 2020 2075 tactu
2041 2049 2198 2081 ¹intelligitur
2216 2049 2310 2081 triplex

1670 2095 1778 2121 imitatio
1797 2094 2035 2127 approximantium
2054 2094 2088 2119 ad
2101 2093 2233 2120 Christum
2246 2092 2310 2120 ibid.

1669 2153 1705 2159 —
1723 2140 1805 2165 Nemo
1833 2138 1914 2165 debet
1940 2145 1969 2164 se
1996 2138 2107 2170 dignum
2126 2140 2262 2172 reputare,
2281 2140 2311 2164 ut

1670 2183 1801 2210 Christum
1821 2186 1921 2209 tantum
1940 2182 2078 2209 discalceet
2097 2182 2130 2208 Vl
2150 2182 2201 2208 258
2222 2182 2255 2208 56

1723 2242 1759 2247 -
1777 2228 1869 2254 Anima
1889 2230 1972 2254 totum
2000 2227 2133 2254 Christum
2160 2226 2240 2261 ungit
2264 2234 2310 2253 uu-

1672 2275 1769 2304 guento
1788 2272 1936 2298 devotionis
1965 2272 1996 2298 Vi
2022 2272 2074 2298 593
2093 2279 2120 2297 v.
2140 2272 2154 2297 3
2173 2286 2209 2290 -
2227 2271 2311 2297 Pedes

1671 2316 1766 2342 Christi
1786 2315 1962 2342 recumbentis
1976 2316 2045 2342 uncti
2059 2318 2194 2348 unguento
2213 2315 2311 2342 contri-

1673 2360 1764 2392 tionis,
1783 2359 1865 2392 pedes
1884 2362 1910 2385 et
1928 2363 2008 2392 caput
2032 2360 2180 2386 accedentis
2198 2359 2232 2386 ad
2251 2366 2312 2392 pas-

1672 2405 1772 2430 sionem
1792 2406 1926 2435 unguento
1947 2404 2136 2436 compassionis
2149 2403 2212 2430 ibid.
2223 2406 2311 2429 —ter

1673 2452 1781 2480 unctus,
1809 2448 1896 2481 primo
1924 2448 2021 2480 pedes,
2049 2448 2166 2474 secundo
2197 2455 2309 2481 corpus,

1673 2493 1747 2520 tertio
1766 2496 1854 2525 caput,
1868 2495 2002 2525 unguento
2015 2492 2232 2524 compunctionis,
2241 2499 2311 2519 com-

1672 2538 1802 2571 passionis
1820 2540 1846 2563 et
1864 2537 2013 2563 devotionis
2034 2537 2075 2562 vlt
2096 2536 2147 2562 184
2166 2536 2201 2562 70
2214 2551 2249 2555 —
2262 2537 2312 2562 Ma-

1672 2583 1710 2609 ria
1730 2583 1801 2609 unxit
1819 2583 1903 2608 lesum
1922 2589 1966 2608 sex
1994 2581 2051 2607 dies
2078 2584 2138 2607 ante
2159 2581 2257 2607 Pascha
2277 2581 2311 2606 vt

1674 2627 1725 2653 412
1746 2627 1773 2652 11
1796 2641 1832 2645 -
1851 2626 2022 2652 absconditur
2045 2628 2074 2651 ut
2101 2627 2258 2652 fermentum
2283 2625 2311 2651 iu

1673 2670 1839 2697 interioribus
1858 2670 1954 2696 nostris
1973 2670 2016 2696 Vll
2036 2669 2087 2696 349
2106 2670 2142 2696 45

1725 2730 1760 2735 -
1779 2716 1860 2741 Nemo
1878 2718 1918 2740 est
1931 2714 2080 2740 membrum
2094 2714 2187 2740 Christi
2201 2714 2250 2740 nisi
2263 2721 2311 2746 per

1673 2761 1870 2786 Sacramentum
1889 2759 2095 2791 regenerationis
2113 2759 2156 2784 Vll
2176 2759 2209 2784 83
2230 2759 2263 2784 52
2276 2772 2313 2777 -

1673 2805 1710 2830 De
1728 2803 1830 2830 Christo
1859 2806 1887 2829 ut
1915 2803 2000 2835 capite
2028 2802 2189 2835 significatur
2211 2802 2312 2836 aliquid

1672 2848 1772 2874 ratione
1784 2847 1972 2873 membrorum
1991 2847 2025 2873 ·vt
2045 2847 2096 2872 260
2117 2846 2150 2872 64
2171 2845 2199 2872 2·

1726 2906 1761 2911 —
1780 2892 1916 2924 respondit
1930 2899 1977 2924 pro
1996 2891 2074 2917 Maria
2093 2890 2232 2917 pharisaeo
2246 2891 2310 2917 indi-

1673 2936 1763 2968 gnanti
1781 2935 1993 2962 commendando
2017 2934 2112 2960 Mariae
2131 2934 2310 2966 dilectionem,

1673 2980 1755 3006 sorori
1774 2979 1942 3013 conquerenti
1957 2978 2168 3015 commendando
2186 2980 2243 3005 eius
2261 2979 2312 3005 dis-

1673 3025 1829 3055 cretionem,
1849 3024 1978 3055 discipulo
1992 3022 2166 3048 murmuranti
2180 3030 2312 3049 commen-

1674 3069 1762 3094 dando
1781 3069 1838 3094 eius
1856 3067 2036 3100 operationem
2059 3067 2091 3092 Vi
2107 3066 2158 3092 593
2177 3074 2203 3092 v.
2223 3066 2238 3091 7

1708 3127 1743 3131 —
1762 3110 1854 3145 diligit
1871 3112 1974 3137 animas
1992 3111 2024 3136 Vt
2043 3110 2093 3136 403
2109 3111 2150 3136 49.
2167 3111 2207 3136 Vll
2221 3110 2272 3136 427
2285 3111 2312 3136 6.

1675 3156 1725 3182 489
1747 3156 1779 3182 47
1799 3169 1835 3175 -
1853 3156 1939 3187 diligit
1957 3161 2020 3181 suos
2038 3154 2070 3180 Vi
2086 3153 2143 3179 -425
2162 3155 2178 3180 2
2193 3168 2228 3173 -
2241 3159 2312 3180 amat

1674 3200 1817 3232 discipulos
1844 3200 1886 3225 Vll
1912 3199 1964 3224 312
1985 3199 2055 3224 8--
2073 3198 2160 3224 dilexit
2187 3205 2235 3224 nos
2259 3206 2311 3224 non

1674 3245 1758 3270 solum
1779 3245 1885 3275 affectu,
1906 3243 1953 3269 sed
1972 3243 2050 3268 ctiam
2071 3243 2177 3274 effectu,
2197 3243 2252 3268 sine
2270 3243 2312 3268 aii-

1674 3295 1726 3320 qua
1746 3295 1793 3320 spe
1811 3287 1988 3313 retributionis
2005 3286 2056 3312 157
2070 3287 2103 3312 82
2115 3300 2150 3305 —-
2163 3286 2252 3312 dilexit
2263 3293 2312 3312 nos

1675 3338 1755 3364 opere
1776 3332 1806 3357 vt
1827 3331 1878 3357 450
1899 3331 1931 3356 19
1950 3344 1985 3350 -
2005 3330 2157 3357 (1110111005
2173 3337 2239 3363 0010
2252 3337 2312 3362 gra·

1676 3375 1738 3402 tuite
1755 3375 1823 3401 sicut
1842 3376 1916 3401 Pater
1934 3375 2026 3401 Filium
2048 3374 2099 3401 450
2119 3375 2150 3400 18
2167 3374 2313 3400 >—diieitit
