2476 3921
175 651 305 674 Notandum.

204 1021 309 1044 Tertium.

177 1235 255 1256 Contra
270 1234 311 1255 ira-

191 1258 298 1282 cundiam.

165 1500 244 1529 Contra
257 1498 321 1521 lasei-

167 1816 246 1837 Contra
266 1819 315 1836 ava-

208 1843 287 1864 titiam.

167 1975 246 1997 Contra
260 1975 317 1996 sran-

184 2002 310 2024 dolentiam.

167 2135 210 2157 Pro
224 2135 315 2157 benevo-

195 2173 197 2188 ,
208 2163 281 2184 lautia.

321 232 386 264 462
688 235 693 240 ‘
892 224 1085 259 COMMENT.
1110 224 1147 257 ΙΝ
1171 221 1409 256 EVANGELIUM
1434 219 1551 253 LUCAE
1575 218 1607 251 C.
1633 217 1733 251 XVlll.

322 322 418 354 homo
434 319 488 352 Dei
513 317 744 360 comparatione
760 314 1001 353 iustificabitur,
1018 317 1074 347 aut
1088 313 1206 346 factore
1223 320 1282 344 suo

323 374 434 417 purior
457 372 518 405 erit
534 375 572 404 »ἵ
596 371 639 403 Ibi
664 370 786 403 Glossa:
815 383 831 401 «ς
848 369 989 401 Humana
1012 367 1141 406 iustitia,
1158 365 1282 398 divinae

324 429 519 469 comparata,
555 423 708 457 iniustitia
741 426 835 456 est».
873 422 909 454 Et
940 421 1009 454 ideo
1045 420 1098 453 lob
1132 418 1282 461 vigesimo

324 481 434 523 quinto
449 481 474 510 ¹:
504 492 519 507 «
536 477 684 519 Nunquid
720 475 883 509 iustificari
918 477 1020 516 potest
1043 474 1137 506 homo
1161 480 1283 513 compa-

324 537 414 567 ratus
436 533 500 565 Deo
517 535 555 563 n?
578 531 667 573 quasi
691 530 788 562 dicat:
821 538 901 567 non;
936 526 1139 560 Ecclesiastici
1163 525 1283 558 decimo

324 591 450 620 octavo:
481 599 496 614 α
513 585 597 618 Deus
620 584 706 617 solus
730 581 952 615 iustificabitur
976 583 1007 613 et
1027 583 1131 612 manet
1148 579 1284 611 invictus

326 649 384 674 rex
423 639 454 672 i'n
489 641 700 671 aeternum».
737 635 883 668 Christus
918 634 1033 676 igitur,
1069 639 1283 674 responsurus

325 692 500 735 quaestioni
524 690 593 723 utili
617 690 656 722 ad
686 689 819 722 salutem
854 688 951 720 totius
982 685 1108 724 mundi,
1134 689 1283 726 tanquam

326 746 474 788 magister
497 752 622 776 morum
646 746 677 775 et
700 742 827 775 moralis
862 741 958 773 totius
988 737 1206 781 philosophiae
1237 737 1284 769 in-

326 799 409 840 cepit
431 807 450 830 a
473 805 598 830 summo
630 796 711 828 bono
734 804 791 837 per
814 794 999 832 essentiam,
1031 802 1049 825 a
1083 801 1148 834 quo
1182 794 1213 823 et
1236 799 1285 822 se-

327 851 465 884 cundum
490 850 574 892 quod
598 853 628 882 et
652 848 691 881 ad
722 848 806 890 quod
837 846 975 880 ordin-ari
999 846 1091 878 debet
1112 853 1206 877 omne
1230 843 1284 876 bo-

326 913 422 943 num3
446 903 585 945 alioquin
609 902 722 935 desinit
745 910 812 934 esse
836 900 953 933 bonum
967 900 989 932 2.

418 956 470 988 38.
496 956 597 997 (Vers.
622 956 699 995 so).
736 953 841 986 Tertio
871 956 1024 994 quantum
1060 950 1099 983 ad
1124 948 1286 992 infor-ma-

329 1010 467 1047 tionem,
492 1018 555 1051 qua
590 1008 769 1041 declaratur
803 1007 865 1039 iter
899 1003 1135 1047 salutiferum,
1160 1002 1284 1036 subdit:

328 1062 491 1095 Mandata
513 1060 622 1098 uostz·;
655 1059 739 1102 quod
774 1058 958 1101 expressius
989 1056 1134 1090 Matthaei
1165 1055 1286 1088 decimo

328 1115 453 1148 nono⁸z
484 1114 541 1146 «Si
567 1114 615 1146 vis
637 1113 675 1146 ad
699 1113 794 1146 vitam
819 1111 954 1153 ingredi,
979 1119 1070 1143 serva
1094 1109 1239 1142 mandata
1254 1121 1285 1140 n.

330 1169 472 1211 Explicat
494 1171 600 1201 autem
623 1176 677 1206 ea,
702 1175 774 1199 cum
792 1165 964 1199 subinfert:
982 1163 1056 1196 Non
1071 1162 1212 1201 occides,
1231 1170 1286 1203 per

330 1221 541 1260 iracundiam3
575 1220 695 1262 primae
723 1219 844 1252 loannis
877 1218 985 1251 tertio:
1016 1216 1106 1258 «Qui
1136 1215 1202 1248 odit
1224 1214 1286 1247 sra-

330 1278 411 1308 trem
435 1283 530 1307 suum
556 1268 711 1306 homicida
734 1275 781 1305 est
797 1284 828 1310 »;
845 1275 876 1304 et
893 1271 962 1304 ideo
989 1269 1133 1302 Matthaei
1158 1268 1285 1311 quinto:

335 1341 351 1356 «
366 1327 519 1365 Audistis,
548 1326 623 1368 quia
645 1325 763 1358 dictum
780 1328 828 1357 est
851 1324 1002 1365 antiquis:
1028 1323 1093 1355 Non
1116 1321 1239 1354 occides
1255 1334 1285 1353 ».

335 1394 352 1409 α
370 1380 431 1422 Ego
453 1382 558 1412 autem
582 1379 652 1411 dico
681 1378 785 1416 vobis,
808 1377 883 1419 quia
917 1376 1036 1415 omnis,
1060 1375 1115 1417 qui
1140 1375 1287 1407 irascitur

332 1433 422 1465 fratri
447 1441 522 1470 suo,
547 1440 622 1464 reus
656 1431 717 1463 erit
748 1430 908 1462 iudicio».
943 1428 1014 1461 Non
1046 1426 1286 1465 moechaberis,

331 1494 388 1527 per
411 1485 569 1518 lasciviam
580 1510 587 1523 ,
604 1484 678 1526 quia
695 1482 927 1516 Deuteronomii
945 1482 1094 1524 vigesimo
1111 1481 1243 1523 septimo
1255 1481 1286 1512 ⁴¹:

336 1550 352 1567 α
368 1537 550 1570 Maledictus
573 1536 690 1574 omnis,
713 1535 766 1577 qui
791 1534 908 1567 dormit
923 1543 994 1567 cum
1020 1543 1122 1566 uxore
1145 1533 1285 1575 proximi

332 1590 380 1628 sui
399 1602 429 1628 »;
454 1593 485 1622 et
509 1589 654 1622 Matthaei
689 1589 816 1630 quinto:
854 1600 870 1616 «
887 1587 1038 1625 Audistis,
1063 1584 1138 1629 quia
1168 1586 1286 1619 dictum

332 1647 380 1676 est
403 1643 553 1684 antiquis:
578 1642 643 1675 Non
661 1641 884 1674 moechaberis.
903 1641 965 1682 Ego
980 1644 1086 1673 autem
1103 1639 1173 1672 dico
1190 1639 1288 1678 vobis,

332 1695 417 1738 quod
440 1695 559 1734 omnis,
583 1695 637 1737 qui
664 1694 776 1727 viderit
807 1694 972 1727 mulierem
1004 1693 1043 1725 ad
1067 1693 1289 1734 concupiscen-

332 1749 409 1781 dum
433 1757 521 1787 eam,
546 1748 608 1780 iam
631 1748 814 1781 moechatus
837 1750 884 1780 est
907 1746 939 1779 in
963 1745 1056 1779 corde
1080 1755 1138 1779 suo
1154 1759 1184 1778 n.
1214 1745 1288 1778 Non

332 1802 466 1846 furtum
487 1801 607 1844 facies,
632 1811 688 1844 per
711 1801 891 1839 avaritiam;
908 1800 946 1833 ad
964 1800 1111 1842 Ephesios
1134 1799 1288 1842 quarto⁵z

337 1869 353 1884 ιι
370 1856 429 1898 Qui
452 1855 619 1888 furabatur
650 1855 712 1887 iam
744 1864 804 1887 non
829 1854 969 1893 furetur,
995 1854 1093 1895 magis
1115 1857 1221 1886 autem
1246 1853 1290 1886 la-

332 1910 422 1943 boret
445 1909 602 1951 operando
626 1908 778 1941 manibus
794 1908 860 1941 suis
877 1922 892 1937 ι)
920 1911 978 1941 etc.
1004 1907 1078 1940 Non
1101 1906 1228 1950 falsum
1247 1911 1289 1940 te—

331 1962 525 1996 stimonium
548 1962 654 2001 dices,
679 1970 736 2004 per
759 1961 1020 2001 fraudulentiam;
1047 1960 1289 1993 Proverbiorum

332 2016 453 2049 decimo
476 2015 600 2048 nono⁶:
622 2028 637 2044 α
654 2015 761 2048 Falsus
786 2014 872 2048 testis
889 2023 949 2047 non
967 2014 1028 2047 erit
1044 2014 1234 2057 impunitus,
1258 2017 1290 2046 et

331 2070 386 2111 qui
400 2070 540 2111 loquitur
553 2068 714 2102 mendacia
726 2068 882 2110 peribit».
902 2068 1039 2100 Honora
1047 2071 1180 2110 patrem
1193 2071 1290 2099 tuum

332 2126 361 2155 et
382 2125 544 2160 matrem,
569 2121 686 2154 scilicet
709 2130 766 2163 per
797 2120 1049 2159 beneficentiam
1084 2119 1288 2153 Ecclesiastici

331 2175 443 2208 tertio:
472 2187 488 2203 α
504 2174 563 2216 Qui
589 2175 722 2207 honorat
745 2177 866 2216 patrem
891 2183 984 2207 suum
1008 2173 1233 2206 iucundabitur
1257 2173 1289 2206 in

332 2228 414 2261 filiis.
442 2228 477 2261 Et
499 2227 554 2270 qui
578 2228 713 2260 honorat
737 2231 869 2260 matrem
904 2236 993 2260 suam
1029 2227 1092 2259 vita
1116 2227 1199 2259 vivet
1223 2227 1290 2259 lon-

333 2282 436 2324 giore;
468 2285 499 2314 et
530 2281 585 2323 qui
620 2280 726 2314 obedit
756 2280 838 2322 patri
874 2280 1073 2322 refrigerabit
1108 2283 1240 2313 matrem
1257 2293 1288 2312 n.

332 2334 418 2367 Unde
442 2333 663 2367 Ambrosius⁷:
693 2346 709 2362 α
727 2333 849 2365 Primus
872 2332 988 2374 gradus
1013 2332 1136 2374 pietatis
1152 2335 1199 2365 est
1215 2332 1288 2371 iste;

333 2396 406 2419 nam
430 2387 488 2419 hos
511 2389 656 2419 auctores
679 2385 735 2418 tibi
759 2385 859 2418 voluit
881 2394 948 2418 esse
971 2385 1064 2418 Deus.
1090 2385 1212 2429 Honora
1235 2385 1290 2418 ob-

334 2438 452 2480 sequiis
474 2441 506 2471 et
529 2437 684 2470 abstineas
707 2446 726 2469 a
757 2437 973 2475 contumeliis;
1005 2437 1080 2479 quia
1107 2445 1164 2470 nec
1198 2437 1290 2470 vultu

335 2490 462 2532 quidem
486 2489 634 2523 laedenda
656 2489 756 2532 pietas
779 2493 826 2522 est
856 2493 1022 2531 parentum
1040 2502 1070 2529 n;
1094 2489 1163 2522 ideo
1188 2489 1290 2523 Eccle-

407 2728 415 2742 ¹
436 2728 510 2754 Vers.
531 2727 555 2753 t.
576 2727 629 2754 Csr.
648 2731 710 2753 tom.
731 2728 773 2754 Vl.
791 2735 852 2761 pag.
872 2729 920 2760 53,
939 2732 998 2755 nota
1018 2729 1043 2755 3.
1060 2729 1138 2755 verba
1159 2731 1286 2762 Gregorii.

294 2774 301 2778 '
335 2786 370 2792 —
390 2772 511 2805 Sequitur
531 2772 606 2798 Eccli.
627 2773 675 2803 48,
696 2773 720 2798 t.

406 2817 416 2832 ⁹
436 2817 486 2843 Cir.
505 2817 618 2848 Ariston,
638 2817 654 2843 l.
675 2818 754 2843 Ethic.
774 2825 797 2843 c.
817 2818 842 2844 2.
860 2821 886 2844 et
898 2818 951 2844 Xll.
965 2819 1078 2850 metaph.
1093 2822 1151 2845 text.
1171 2819 1213 2845 52.
1234 2819 1288 2850 (xl.

335 2869 358 2888 c.
378 2862 440 2895 i0.).
458 2875 494 2881 --
512 2862 638 2894 Superius
657 2869 705 2894 pro
723 2869 741 2888 a
758 2868 866 2889 summo
886 2862 953 2890 bono
972 2862 991 2889 C
1003 2863 1024 2888 D
1042 2870 1058 2889 u
1078 2862 1150 2890 trino
1163 2862 1231 2890 bono
1251 2863 1287 2895 (ln

287 2940 289 2943 .
335 2907 357 2932 D
374 2907 490 2933 secunda
509 2913 602 2932 manus
621 2905 693 2933 trino
711 2906 851 2935 delendum
871 2907 990 2940 notavit).

405 2951 415 2966 Β
435 2951 510 2977 Vers.
524 2951 565 2976 ⁴7.
583 2964 619 2971 -
638 2951 695 2977 Duo
714 2958 788 2985 seqq.
808 2951 856 2977 loci
870 2955 930 2978 sunt
943 2953 959 2978 l.
973 2953 1041 2978 toan.
1056 2952 1087 2983 3,
1102 2952 1145 2988 ⁴5·
1163 2955 1189 2978 et
1202 2952 1288 2977 Matth.

334 2996 364 3028 5,
384 2996 427 3021 2¹.
446 3003 501 3028 seq.
520 3008 554 3015 —
574 2996 681 3021 lutei-ius
700 3003 749 3028 pro
768 2994 895 3030 Explicat
913 2998 1005 3023 aulem
1023 3003 1054 3023 ea
1068 2996 1150 3023 ACD
1163 2995 1291 3030 Explicat

332 3041 424 3066 autem
443 3039 475 3066 ei.

404 3084 415 3099 ⁴
434 3084 510 3110 Vers.
528 3085 571 3110 20.
591 3084 651 3117 (pro
668 3084 791 3118 prosc-imi
807 3084 853 3111 sui
872 3085 982 3117 Vulgata
994 3084 1083 3119 patris
1094 3083 1291 3117 aui,·cll·.1.ev.

334 3129 381 3160 48,
400 3129 454 3162 20.)
474 3132 499 3155 et
517 3128 613 3154 deinde
632 3129 726 3155 Matth.⁴
739 3129 769 3161 ὅ,
789 3129 832 3155 27.
850 3136 906 3162 seq.

404 3172 415 3187 ⁶
435 3172 509 3199 vers.
530 3173 573 3199 28.
590 3172 676 3199 Codd.
694 3172 713 3199 C
724 3173 776 3199 DG
795 3173 917 3199 omittunt
935 3172 1081 3207 operando.

404 3216 415 3231 ⁶
435 3217 509 3243 vers.
522 3217 547 3242 5.
565 3230 601 3236 —
620 3215 736 3243 Subinde
755 3217 898 3249 allegantur
918 3217 994 3243 Eccli.
1012 3217 1044 3250 3,
1063 3217 1088 3243 6.
1106 3219 1133 3242 et
1144 3216 1170 3247 7,
1184 3215 1228 3242 ubi
1243 3223 1291 3249 pro

333 3262 450 3288 matrem
467 3267 548 3287 auam
568 3261 626 3286 vat.
645 3268 706 3287 cum
726 3261 839 3294 Vulgata
854 3263 964 3295 patrem
982 3268 1074 3288 suum.

355 3342 357 3344 Ι
404 3302 414 3318 ⁷
434 3304 504 3330 ler.
524 3304 587 3330 Vlll.
604 3304 630 3330 in
651 3305 712 3331 Luc.
731 3312 754 3331 c.
774 3305 817 3331 18.
835 3312 860 3331 n.
879 3304 931 3337 76,
959 3304 1004 3331 ubi
1029 3311 1079 3337 pro
1105 3305 1131 3331 et
1157 3303 1291 3331 abstineas

338 3348 382 3381 (ita
400 3347 498 3380 CDG;
518 3349 539 3375 ll
558 3356 619 3375 cum
638 3348 716 3376 Card.
735 3349 804 3382 Hug.
823 3349 918 3376 omittit
936 3350 972 3382 et)
993 3349 1052 3375 Vnt.
1071 3355 1132 3376 cum
1153 3351 1221 3375 textu
1241 3348 1292 3374 ori-

338 3391 417 3424 ginali
438 3394 467 3420 ut
484 3391 627 3420 abstineas.

1345 309 1459 343 siastici
1484 307 1613 341 tertioss:
1644 306 1735 348 «Qui
1760 305 1849 339 timet
1880 305 2049 338 Dominum
2084 305 2219 337 honorat
2254 314 2307 347 pa-

1345 366 1451 397 rentes
1463 365 1495 395 et
1511 361 1600 404 quasi
1617 360 1752 393 dominis
1768 359 1884 392 serviet
1901 359 1950 392 his
1966 359 2020 401 qui
2038 367 2071 391 se
2083 361 2306 401 genuerunt».
2443 391 2445 398 s

1434 416 1487 448 39.
1512 414 1641 447 Attende
1665 417 1771 447 autem
1796 413 1862 451 hic,
1887 411 1972 454 ‘quod
2002 412 2155 444 Dominus
2178 419 2439 449 enume-Enugnerau

1346 473 1396 503 rat
1420 470 1471 502 hic
1496 470 1663 511 praecepta
1686 467 1839 499 ordinate
1862 469 1894 499 et
1919 465 2137 509 sufficientior:
2155 465 2308 498 ordinate
2327 445 2445 494 ἷιῖῗιῗῗίῖῗεῗ

1347 523 1490 565 quidem,
1515 522 1591 564 quia
1614 521 1704 563 prius
1727 523 1774 553 est
1789 519 1948 552 declinare
1963 528 1982 552 a
1997 519 2079 551 malo
2096 527 2191 561 quam
2207 518 2309 552 facere

1347 576 1465 608 bonum
1479 575 1506 613 9;
1531 578 1562 607 et
1585 574 1664 606 ideo
1678 573 1767 615 prius
1792 573 1879 614 ponit
1895 571 2039 614 negativa
2060 580 2156 613 quam
2172 570 2309 604 affirma-

1348 629 1421 661 tiva.
1448 617 1668 671 Sufficienter,
1694 626 1768 668 quia
1792 625 1937 658 mandata
1961 624 2082 667 primae
2107 624 2231 657 tabulae
2247 632 2309 657 non

1348 685 1422 715 sunt
1445 681 1483 714 de
1506 680 1651 722 agendis,
1676 679 1730 712 sed
1754 679 1859 720 potius
1893 678 2034 720 dirigunt
2057 677 2089 710 in
2113 677 2192 710 illud
2223 686 2310 710 sum-

1349 744 1436 768 mum
1472 734 1590 767 bonum
1605 733 1631 753 1⁰
1654 729 1914 770 desiderandum;
1939 731 2002 764 duo
2030 739 2106 764 vero
2137 730 2248 763 ultima
2271 730 2309 763 de
2330 772 2333 775 Ι

1348 787 1601 829 concupiscentia
1625 785 1737 818 uxoris
1761 788 1792 818 et
1820 785 1864 818 rei
1897 784 2017 817 alienae
2048 783 2247 817 reducuntur
2271 782 2311 815 ad

1348 840 1592 883 prohibitionem
1617 838 1777 872 moechiae
1800 841 1832 871 et
1859 838 1947 870 furti.
1972 837 2060 870 Unde
2083 837 2115 869 in
2140 837 2199 870 hoc
2223 836 2311 869 suffi-

1349 894 1467 927 cienter
1491 893 1580 926 docet
1603 892 1760 925 declinare
1795 900 1918 924 omnem
1955 889 2238 932 (leordinationem
2261 898 2312 923 re-

1350 950 1459 989 spectu
1483 946 1621 988 proximi
1645 949 1676 978 et
1699 948 1855 987 quantum
1879 944 1918 977 ad
1942 943 2132 977 irascibilem
2156 947 2188 976 et
2211 952 2311 985 quan-

1350 1005 1418 1034 tum
1442 1000 1480 1033 ad
1504 998 1795 1041 concupiscibilem,
1819 1001 1851 1031 et
1874 1001 2030 1040 quantum
2054 997 2092 1030 ad
2116 997 2311 1039 operativam

1350 1058 1382 1087 et
1404 1056 1559 1096 quantum
1583 1053 1622 1085 ad
1639 1052 1929 1094 interpretativam;
1954 1054 1986 1084 et
2008 1051 2100 1084 docet
2122 1051 2215 1084 etiam
2239 1060 2313 1093 per-

1350 1108 1461 1141 fectam
1487 1106 1729 1148 beneficentiam
1753 1114 1809 1148 per
1832 1105 1980 1138 ultimum
1998 1104 2190 1137 mandatum.
2216 1104 2252 1137 Et
2267 1104 2312 1137 sic

1351 1161 1382 1193 in
1406 1160 1456 1193 his
1480 1160 1681 1193 continentur
1705 1159 1768 1192 duo
1793 1162 1961 1201 praecepta
1984 1158 2062 1200 legis
2085 1157 2256 1197 naturalis,
2272 1157 2312 1190 de

1351 1222 1488 1255 quorum
1505 1213 1609 1255 primo
1625 1212 1739 1245 Tobiae
1762 1215 1877 1254 quarto
1892 1213 1934 1243 1¹:
1964 1224 1979 1240 «
1997 1211 2087 1253 Quod
2107 1211 2147 1244 ab
2163 1210 2224 1243 alio
2239 1210 2313 1244 ode-

1351 1267 1395 1300 ris
1419 1266 1474 1299 tibi
1498 1266 1566 1299 fieri
1592 1266 1677 1305 vide,
1701 1275 1740 1298 ne
1765 1270 1800 1298 tu
1823 1265 1992 1307 aliquando
2009 1264 2098 1297 alteri
2116 1264 2211 1297 facias
2225 1276 2255 1303 »;
2272 1263 2311 1297 de

1352 1320 1489 1354 secundo
1502 1320 1646 1352 Matthaei
1665 1319 1815 1361 septimo:
1837 1332 1852 1347 «
1866 1318 1988 1357 Omnia,
2006 1326 2226 1360 quaecumque
2242 1317 2312 1350 vul-

1352 1374 1409 1413 tis,
1435 1377 1470 1406 ut
1493 1373 1607 1406 faciant
1641 1373 1730 1405 vobis
1762 1372 1919 1410 homines,
1944 1375 1975 1404 et
2000 1380 2055 1404 vos
2079 1370 2188 1404 eadem
2222 1370 2313 1403 facite
2358 1384 2361 1385 ⁷

1351 1427 1412 1459 illis
1428 1440 1458 1458 ι).
1484 1426 1516 1459 ln
1539 1426 1589 1458 his
1612 1425 1705 1458 etiam
1723 1425 1902 1458 continetur
1919 1424 2114 1457 sufficienter
2131 1423 2311 1456 mandatum

1351 1480 1390 1513 de
1413 1480 1577 1513 dilectione
1610 1478 1761 1521 proximi,
1786 1478 1824 1511 de
1859 1487 1923 1520 qua
1953 1477 2070 1511 dicitur
2093 1477 2130 1510 ad
2156 1477 2311 1510 Romanos

1352 1533 1472 1566 decimo
1502 1533 1610 1565 tertio:
1640 1532 1732 1574 «Qui
1768 1532 1869 1574 diligit
1903 1531 2086 1574 proximum
2124 1531 2222 1573 legem
2255 1530 2313 1563 im-

1353 1586 1492 1628 plevit».
1819 1624 1822 1629 .
2058 1608 2061 1610 —
2370 1625 2379 1626 ἶ

1443 1640 1495 1672 40.
1521 1640 1622 1681 (Vers.
1648 1639 1725 1680 21).
1753 1639 1787 1671 Et
1811 1639 1960 1681 quoniam
1986 1639 2062 1672 haec
2086 1638 2232 1671 mandata
2252 1648 2314 1672 non
2336 1639 2448 1663 Notandum

1356 1693 1526 1726 iustificant
1550 1702 1606 1735 per
1630 1692 1803 1734 simplicem
1826 1692 1986 1731 notitiam,
2012 1692 2066 1725 sed
2101 1701 2158 1734 per
2185 1691 2312 1734 experi—

1354 1745 1519 1778 mentalem
1545 1745 1792 1784 observantiam3
1810 1745 1879 1778 ideo
1896 1754 1958 1778 non
1975 1740 2148 1787 quaerebat
2163 1744 2315 1778 Dominus

1354 1799 1392 1832 de
1417 1799 1526 1832 notitia
1560 1798 1710 1841 simplici,
1746 1808 1819 1832 cum
1854 1799 1993 1832 dicebat:
2026 1798 2189 1831 Mandata
2212 1798 2314 1837 nosti,

1355 1852 1408 1886 sed
1431 1853 1469 1886 de
1493 1852 1751 1895 experimentali,
1769 1852 1858 1895 quia,
1876 1852 1958 1885 sicut
1973 1852 2089 1885 dicitur
2106 1851 2145 1885 ad
2160 1852 2316 1885 Romanos

1354 1906 1492 1939 secundo
1506 1906 1542 1944 ¹2,
1576 1914 1666 1938 «non
1697 1905 1858 1938 auditores
1886 1905 1980 1948 legis,
2004 1904 2059 1938 sed
2082 1904 2216 1938 factores
2239 1904 2316 1947 legis

1354 1959 1428 1992 iusti
1445 1962 1520 1992 sunt
1535 1958 1619 2001 apud
1635 1959 1734 1991 Deum
1749 1972 1778 1990 n.
1797 1958 1867 1991 Ideo
1883 1958 1921 1991 ad
1938 1958 1998 1991 hoo
2014 1957 2183 2000 respondet
2195 1957 2256 1991 iste
2272 1958 2316 1991 le-

1354 2013 1524 2055 gisperitus
1547 2012 1628 2045 sicut
1652 2012 1845 2054 intelligens,
1872 2020 1944 2044 cum
1969 2011 2131 2054 sequitur:
2159 2010 2226 2052 Qui
2247 2011 2314 2044 ait:

1354 2067 1444 2099 Haec
1467 2066 1581 2099 omnia
1605 2065 1768 2098 custodivi
1783 2075 1806 2098 a
1822 2065 1988 2098 iuventute
2004 2074 2099 2103 mem·
2115 2068 2146 2098 et
2170 2065 2228 2098 hoc
2245 2064 2316 2107 qui-

1352 2119 1424 2152 dem
1448 2118 1622 2152 secundum
1638 2118 1805 2152 consilium
1821 2117 1975 2160 Sapientis
1992 2117 2235 2150 proverbiorum
2252 2119 2315 2150 ter-

1354 2172 1397 2205 tio
1411 2172 1456 2204 ¹³:
1485 2185 1500 2201 α
1516 2172 1589 2211 Fili,
1613 2181 1653 2205 ne
1669 2171 1864 2205 obliviscaris
1880 2171 1957 2213 legis
1972 2179 2076 2210 meae,
2093 2173 2125 2203 et
2148 2173 2315 2212 praecepta

1354 2234 1423 2259 mea
1445 2234 1500 2258 cor
1523 2228 1615 2258 tuum
1633 2224 1798 2258 custodiat.
1816 2223 2054 2266 Longitudinem
2079 2223 2162 2256 enim
2189 2223 2313 2257 dierum

1354 2281 1385 2311 et
1408 2287 1507 2310 annos
1530 2277 1612 2310 vitae
1635 2280 1666 2310 et
1690 2285 1796 2319 pacem
1829 2279 1988 2319 apponent
2011 2276 2065 2309 tibi
2080 2288 2112 2316 2>;
2136 2276 2211 2319 quia
2239 2276 2315 2310 dici-

1355 2334 1408 2363 tur
1432 2330 1634 2363 Ecclesiastae
1657 2333 1784 2363 octavo:
1823 2343 1839 2359 «
1852 2330 1912 2372 Qui
1942 2330 2079 2363 custodit
2109 2334 2314 2373 praeceptum

1354 2392 1416 2416 non
1440 2383 1625 2425 experietur
1649 2383 1822 2426 quidquam
1846 2383 1966 2416 mali».

1444 2436 1496 2469 41.
1522 2436 1622 2478 (Vers.
1649 2436 1725 2477 22).
1751 2437 1871 2479 Quarto
1905 2441 2060 2480 quantum
2089 2437 2128 2471 ad
2163 2436 2316 2471 exhorta·
2335 2441 2447 2468 Quartum·

1355 2489 1491 2529 tionem,
1516 2499 1579 2532 qua
1602 2489 1754 2523 suadetur
1781 2491 1994 2533 'paupertatis
2020 2491 2081 2524 iter
2109 2490 2314 2534 perfectam,

1424 2728 1435 2744 ⁶
1455 2730 1529 2756 Vers.
1549 2731 1573 2756 8.

1422 2772 1434 2788 ⁰
1453 2775 1547 2801 Psalm.
1569 2775 1617 2805 36,
1638 2775 1686 2800 27:
1707 2774 1809 2800 Declina
1830 2781 1844 2800 a
1864 2775 1933 2800 malo
1952 2778 1978 2800 et
1997 2776 2037 2800 sac
2057 2774 2166 2801 bouum.

1424 2817 1446 2833 ¹⁰
1465 2818 1546 2845 Codd.
1566 2818 1648 2844 CDll
1668 2818 1738 2845 illud
1756 2818 1860 2845 trinum
1879 2818 1996 2852 bonmm
2015 2820 2062 2845 cfr.
2083 2820 2119 2845 ΙΙΙ.
2140 2820 2208 2845 Sent.
2223 2819 2249 2845 d.
2270 2819 2313 2845 ³7.

1352 2870 1376 2889 a.
1396 2864 1419 2889 2.
1439 2871 1466 2896 q.
1487 2864 1515 2893 =l;
1535 2863 1654 2896 Breviloq
1683 2870 1710 2895 p.
1730 2863 1762 2888 V.
1782 2870 1805 2888 c.
1824 2863 1849 2889 9.
1869 2867 1894 2889 et
1913 2863 2001 2890 Collat.
2022 2864 2046 2893 4,.
2065 2864 2099 2890 (le
2119 2864 2214 2890 Decem
2234 2864 2310 2890 Prae-

1352 2911 1419 2939 cept.
1439 2915 1464 2933 n.
1484 2908 1527 2937 22,
1552 2906 1596 2933 ubi
1616 2907 1664 2932 tria
1683 2907 1784 2939 primae
1804 2907 1907 2933 tabulae
1926 2911 2065 2940 praecepta
2086 2907 2173 2935 tribus
2193 2908 2314 2940 personis

1352 2951 1484 2977 Trinitatis
1502 2952 1715 2983 appropriantur.
1735 2951 1799 2978 lbid.
1812 2952 1890 2978 etlam
1904 2953 2073 2979 inveniuntur
2086 2959 2156 2986 quae
2169 2952 2314 2985 respiciunt

1353 3000 1491 3028 praecepta
1511 2999 1630 3028 respectu
1651 2997 1771 3028 proximi.
1788 3010 1825 3016 —
1843 2998 1969 3030 Superius
1989 3001 2048 3030 post
2060 2997 2107 3024 aed
2115 2997 2207 3031 potius
2227 2998 2248 3023 G
2267 2997 2311 3023 ad-

1355 3040 1393 3066 dit
1412 3039 1443 3066 de
1462 3040 1503 3066 his
1523 3042 1602 3074 quae.
2075 3070 2078 3071 .

1426 3082 1447 3098 ¹¹
1468 3084 1541 3110 Vers.
1562 3084 1604 3110 ⁴6.
1619 3098 1651 3104 —
1665 3085 1722 3111 Duo
1741 3092 1814 3119 seqq.
1835 3086 1884 3112 loci
1903 3089 1963 3112 sunt
1982 3086 2070 3112 Matth.
2088 3086 2119 3118 7,
2140 3086 2182 3112 ⁴2.
2200 3089 2226 3112 et
2239 3086 2313 3112 Rom.

1357 3129 1405 3161 ⁴3,
1425 3129 1450 3154 8.
2045 3151 2047 3153 .

1427 3171 1448 3189 ¹²
1469 3172 1543 3198 Vers.
1562 3173 1604 3198 113.
1620 3187 1652 3191 —
1665 3174 1755 3200 Glossu
1775 3173 1919 3201 ordinaria
1938 3174 1966 3214 in
1983 3174 2070 3200 Matth.
2091 3174 2137 3205 ts,
2160 3173 2191 3200 ¹7
2201 3183 2207 3200 ε
2227 3169 2314 3201 Serva¹

1355 3215 1495 3243 mandata.
1514 3217 1562 3242 lste
1580 3218 1741 3250 quaesierat:
1764 3217 1834 3250 Quid
1851 3217 1973 3253 factam?
1991 3217 2086 3245 Contra
2101 3225 2152 3244 non
2166 3218 2214 3252 ait,
2228 3218 2313 3249 Disce,

1354 3261 1416 3294 quin
1436 3261 1504 3287 Deus
1522 3268 1583 3287 eum
1604 3261 1741 3294 docuerat,
1756 3264 1837 3289 tactor
1849 3262 1982 3289 rationalis
2000 3266 2149 3295 creaturam
2163 3263 2314 3295 ostendens,

1354 3305 1415 3338 quia
1436 3305 1475 3331 ille
1494 3312 1544 3331 non
1563 3309 1602 3332 est
1621 3305 1720 3338 bonus,
1748 3307 1793 3340 qui
1822 3307 1924 3340 quaerit
1951 3306 1986 3333 de
2014 3306 2097 3339 bono,
2116 3307 2164 3334 sed
2189 3307 2235 3341 qul
2254 3297 2321 3333 aurit.
2354 3319 2357 3322 -

1357 3348 1429 3382 quod
1449 3348 1547 3375 bonum
1566 3353 1613 3376 est.
2211 3355 2213 3357 “

1428 3391 1451 3408 ¹⁸
1471 3393 1545 3420 Vers.
1567 3394 1590 3420 l.
1609 3401 1664 3427 seq.
1684 3398 1710 3420 et
1728 3395 1824 3421 deinde
1843 3395 1927 3421 Eccle.
1948 3395 1977 3426 8,
1997 3395 2022 3421 ὅ.
