2427 3872
277 258 343 292 822

562 299 626 325 pm

331 359 367 365 —
385 343 483 371 debent
501 351 559 370 esse
585 343 609 369 in
638 341 814 374 praedicando
833 340 917 371 docti,

281 390 308 415 in
328 388 494 420 corripiendo
513 387 617 418 viriles,
646 387 670 412 in
700 385 856 412 remittendo
876 384 919 410 bc-

280 434 352 466 nigni
372 433 405 458 Vt
426 433 476 458 578
497 432 513 457 5
533 445 567 450 —
586 431 641 457 sine
660 430 777 457 doctrina
792 433 831 455 est
843 429 919 462 quasi

281 478 384 510 gladius
415 477 442 502 in
474 483 554 502 manu
583 475 668 506 stulti,
699 474 755 500 sine
785 473 918 503 virilitate,

282 521 357 555 quasi
387 521 490 553 gladius
518 521 544 546 ln
573 526 651 545 manu
681 518 771 550 pueri,
795 518 851 543 sine
869 518 920 542 cle-

281 566 392 596 mentia,
418 565 492 598 quasi
516 564 619 596 gladius
639 564 663 589 in
683 570 763 589 manu
784 561 920 587 furibundi

281 609 343 637 ibid.
362 623 397 629 -
415 612 454 635 est
478 607 706 641 reprehensibilis,
725 607 747 632 si
767 606 829 631 nihil
848 605 920 630 labo-

282 655 318 681 ris
336 655 392 680 vult
410 653 537 679 sustinere
557 655 583 678 et
601 651 710 688 sibi-est
728 650 878 676 misericors
896 651 922 674 et

282 699 402 731 proximo
422 698 464 722 vel
483 696 589 722 subdito
609 696 692 721 durus
711 695 753 720 Vll
774 694 824 719 306
839 693 873 718 92
886 707 921 711 -

283 743 309 768 ln
328 742 416 768 multis
435 741 557 772 praelatis
570 743 609 765 est
623 739 786 772 quadruplex
806 738 922 763 defectus

283 788 334 812 328
360 787 393 811 62
418 799 454 804 -
478 784 616 810 difficiliter
635 783 804 808 inveniuntur
833 781 923 807 fideles

284 832 309 857 in
338 830 481 856 intentione
511 831 536 855 et
566 828 711 860 prudentes
742 827 767 852 in
798 826 923 851 electione

283 875 336 901 327
356 874 384 899 61

338 933 373 937 --
392 917 514 943 Praelatis
541 916 686 942 necessaria
716 918 755 940 est
773 914 869 939 veritas
889 913 924 938 iu-

285 963 368 989 stitiae
388 962 420 988 Vl
441 962 492 987 607
511 968 539 986 v.
558 961 590 986 13
610 974 645 979 -
663 959 786 984 Praelatis
806 964 924 983 necessa-

284 1008 322 1033 ria
342 1009 381 1032 est
400 1004 644 1036 humilitasanimi,
667 1003 857 1036 aequanimitas
877 1001 923 1027 zeli

284 1055 310 1077 ot
328 1050 513 1083 perspicacitas
532 1049 620 1075 iudicii
641 1048 683 1074 Vll
704 1047 754 1073 243
775 1048 817 1078 85,
838 1047 870 1071 86
889 1059 925 1065 -

284 1097 310 1121 ln
335 1094 495 1127 praelatione
520 1093 637 1119 medium
663 1092 744 1117 teneri
769 1091 860 1122 debet,
880 1091 924 1116 de-

285 1139 406 1166 clinando
427 1138 604 1170 acceptionem
625 1143 799 1169 personarum
820 1135 870 1161 434
891 1135 924 1160 23

285 1198 321 1204 -
340 1183 419 1210 debet
436 1182 557 1208 nobiliter
576 1185 686 1208 tractare
710 1180 813 1212 negotia
837 1179 925 1205 curiae

285 1229 379 1255 Christi
399 1228 449 1253 584
470 1228 502 1253 63
523 1241 556 1245 --
568 1226 655 1252 -debet
671 1232 729 1251 esse
742 1224 897 1251 dissentiens
910 1230 924 1249 a

287 1274 355 1299 malo
374 1272 481 1298 consilio
499 1270 562 1298 ibid.

340 1331 375 1337 —-
394 1316 473 1343 debet
497 1323 525 1341 se
549 1315 694 1347 benignum
715 1312 837 1339 omnibus
856 1311 926 1337 exhi-

286 1363 350 1388 bere
369 1363 396 1387 in
415 1362 505 1393 signo,
525 1360 623 1390 verbo,
643 1360 709 1384 facto
725 1358 765 1383 Vll
779 1358 830 1383 222
847 1357 877 1382 19
891 1371 926 1374 -

287 1407 321 1433 ad
339 1406 490 1438 exemplum
509 1404 602 1430 Christi
627 1403 724 1429 debent
747 1401 866 1427 subditos
885 1408 927 1426 ro-

287 1458 351 1483 gare
365 1450 415 1475 114
436 1450 451 1475 5
465 1463 499 1468 -
512 1456 542 1474 ex
558 1449 633 1480 lapsu
646 1447 713 1472 Petri
726 1446 804 1472 debet
817 1445 927 1477 discere,

288 1494 423 1528 quomodo
442 1493 498 1519 aliis
517 1492 635 1518 misereri
655 1491 751 1517 debeat
769 1491 820 1516 502
839 1489 868 1515 71
892 1503 928 1508 -

289 1540 348 1565 Sine
367 1537 550 1570 compassione
575 1543 635 1562 cum
656 1534 800 1561 defectibus
819 1535 927 1559 fratrum

289 1583 373 1609 nullus
392 1581 471 1607 debet
490 1580 595 1613 praefici
615 1580 647 1605 Vl
668 1580 718 1605 319
739 1579 766 1604 11

343 1641 378 1645 -
397 1633 450 1651 non
469 1632 499 1650 ex
519 1624 696 1656 indignatione
709 1625 824 1653 taceant,
838 1628 885 1647 nec
898 1628 929 1646 ex

290 1670 414 1703 superbia
433 1669 622 1701 respondeant,
641 1674 690 1692 nee
715 1673 762 1698 per
780 1666 929 1691 violentiam

291 1722 320 1741 se
339 1716 460 1746 ingerant
476 1714 518 1738 vel
538 1712 670 1737 vindicent
688 1711 721 1736 Vl
741 1710 791 1736 578
811 1710 826 1735 7
841 1723 876 1728 —
889 1709 931 1734 de-

292 1759 337 1785 bet
355 1759 491 1790 increpare
511 1763 557 1789 per
576 1756 701 1781 iustitiam
726 1758 749 1780 et
772 1760 863 1779 sanare
884 1760 930 1785 per

292 1803 457 1829 clementiam
476 1801 520 1826 Vll
539 1800 590 1826 242
611 1800 638 1825 81
656 1813 691 1818 -
705 1798 801 1824 debent
820 1804 931 1828 arguere

292 1848 370 1874 etiam
391 1845 580 1877 incorrigibiles
593 1844 625 1870 Vl
640 1843 691 1869 275
711 1843 744 1868 28
763 1856 798 1860 -·
816 1842 932 1867 Praelato

292 1892 371 1918 etiam
390 1891 458 1916 nulla
478 1889 650 1922 praecedente
670 1887 833 1918 correptione
847 1888 933 1917 potest

291 1940 318 1962 et
335 1934 415 1962 debet
433 1935 509 1967 culpa
529 1932 639 1966 proximi
665 1931 781 1957 accusari
807 1933 876 1956 extra
897 1929 932 1954 iu-

292 1980 406 2013 dicium,
425 1980 447 2006 si
466 1980 498 2005 sit
516 1979 631 2010 occulta,
644 1980 670 2003 et
685 1977 710 2002 in
730 1975 841 2008 iudicio,
854 1974 876 2000 si
890 1975 932 2000 ha-

292 2025 384 2051 beatur
404 2024 524 2057 probatio
543 2026 613 2049 certa
632 2022 675 2048 Vll
697 2021 747 2047 428
767 2021 782 2046 9

345 2084 380 2088 -
399 2069 495 2095 debent
511 2068 618 2094 sollicite
630 2069 781 2099 peccatores
793 2072 807 2090 a
821 2063 932 2090 mortuis

293 2115 419 2141 suscitare
437 2114 470 2139 Vl
490 2113 541 2139 400
561 2113 594 2138 30
613 2126 648 2130 -
667 2110 838 2143 Spiritualiter
854 2109 932 2135 susci-

293 2163 361 2186 tatus
372 2158 560 2185 custodiendus
569 2156 739 2182 committitur
749 2154 871 2186 praelatis
881 2153 927 2179 591

294 2203 309 2230 4
329 2218 363 2222 -
383 2206 411 2229 ut
435 2202 573 2233 suscitent,
597 2200 694 2226 debent
717 2200 834 2231 plorare,
861 2204 933 2223 acce-

293 2249 369 2281 dere,
388 2248 503 2273 clamare
521 2245 584 2272 ibid.
603 2259 636 2263 —
656 2247 789 2270 mortuum
812 2242 934 2274 spiritua·

294 2293 351 2318 liter
369 2291 523 2318 suscitatum
543 2288 641 2315 debent
659 2289 774 2318 solvere,
788 2293 896 2318 pascere
909 2289 934 2311 et

294 2336 426 2362 custodire
444 2334 506 2361 ibid.
527 2348 561 2352 -—
579 2332 714 2359 subditum
735 2339 749 2357 a
767 2330 873 2357 dlabolo
888 2337 935 2361 per

294 2383 431 2413 peccatum
461 2379 599 2405 obsessum
627 2377 738 2403 reddere
765 2375 844 2401 debet
869 2374 935 2406 Regi

297 2425 429 2450 caelorum
449 2424 492 2449 Vll
512 2422 564 2448 242
584 2422 612 2447 81

350 2482 385 2488 -
403 2467 514 2501 quilibet
532 2469 634 2493 tenetur
653 2473 701 2498 pro
721 2472 802 2497 grege
815 2464 840 2489 in
854 2467 937 2489 extre-

297 2520 356 2539 mae
375 2512 534 2538 necessitatis
553 2512 660 2537 articulo
680 2510 832 2541 constituto,
845 2512 890 2534 aut
902 2507 936 2534 ab

297 2558 449 2582 imminente
468 2557 585 2588 periculo
598 2555 733 2581 liberando
747 2559 858 2580 mortem
877 2552 936 2578 sub-

298 2601 336 2627 ire
356 2601 387 2627 Vl
407 2601 458 2626 389
479 2601 511 2626 28
531 2614 566 2620 --
585 2600 647 2626 Mori
676 2607 724 2632 pro
746 2605 828 2631 grege
855 2597 937 2623 domi·

299 2645 358 2670 nico
377 2644 411 2670 de
430 2644 499 2669 bono
522 2645 548 2669 in
574 2644 666 2669 melius
691 2642 873 2675 promovendo
898 2643 938 2667 est

298 2687 537 2720 supererogationis
555 2691 683 2720 quantum
702 2687 736 2712 ad
755 2693 846 2712 omnes
865 2692 937 2718 prae-

298 2733 364 2758 latos
383 2731 443 2758 ibid.

353 2790 388 2794 -
407 2776 479 2808 Quae
499 2774 616 2801 Christus
640 2774 664 2800 in
689 2774 785 2805 templo
805 2773 885 2805 gessit
903 2773 938 2798 in-

299 2821 412 2846 formant
435 2819 564 2851 praelatos
589 2819 613 2843 in
638 2818 763 2849 agendis,
782 2824 850 2850 quae
874 2824 938 2843 vero

301 2863 423 2890 sustinuit
435 2863 460 2888 in
475 2863 572 2894 templo
586 2863 724 2887 informant
741 2869 785 2887 eos
799 2862 824 2888 in
836 2861 938 2888 damnis

300 2907 458 2935 sustinendis
480 2907 509 2932 Vl
530 2907 581 2932 578
602 2907 671 2932 5—
691 2906 714 2931 in
728 2906 829 2931 Christo
842 2906 939 2932 liabent

301 2954 413 2979 formam
433 2955 518 2977 rectae
531 2950 695 2983 praelationis
709 2951 751 2975 Vll
767 2950 817 2975 172
831 2951 859 2976 21
869 2969 875 2976 .
887 2951 938 2976 222

302 2998 335 3022 19
353 3010 388 3016 -
408 2996 433 3022 in
452 2996 553 3022 Christo
574 2994 669 3020 habent
687 2995 835 3026 exemplum
856 2996 939 3026 perfe-

300 3044 357 3067 ctae
376 3040 524 3072 vigilantiae
544 3039 569 3065 in
589 3039 672 3065 activa
695 3042 720 3064 et
737 3038 939 3070 contemplativa

300 3086 352 3111 539
372 3085 405 3110 59
424 3098 460 3104 -
479 3084 591 3116 vigilans
604 3083 638 3109 ad
650 3083 815 3114 disciplinam
831 3082 940 3108 libenter

300 3129 406 3155 auditur
425 3128 459 3155 ib.
478 3130 512 3154 60

354 3187 389 3192 -
408 3173 487 3199 debet
506 3174 594 3198 fovere
613 3172 737 3204 parvulos
756 3169 838 3196 verbo
857 3173 883 3196 et
901 3177 940 3196 ex·

301 3218 390 3250 emplo
408 3218 451 3243 Vll
471 3218 520 3243 329
541 3217 575 3242 65
593 3229 629 3236 -
647 3215 745 3242 debent
760 3221 818 3240 esse
830 3215 889 3246 agni
905 3214 940 3240 in-

302 3265 340 3287 ter
367 3268 452 3294 agnos
479 3264 504 3286 et
531 3261 622 3293 lupos,
641 3263 670 3286 ut
693 3258 774 3286 bonos
794 3261 897 3285 foveant
915 3262 940 3284 et

303 3306 385 3331 inalos
404 3306 513 3331 tolerent
531 3305 583 3330 254
603 3305 618 3330 6

354 3362 390 3369 -
408 3348 495 3375 bonus
512 3355 565 3374 non
584 3352 624 3375 ost
641 3348 808 3374 amovendus
826 3355 875 3374 nec
894 3354 940 3380 per

1135 250 1250 283 INDEX
1273 250 1401 282 RERUM

1009 353 1044 359 —
1063 339 1101 365 De
1125 339 1216 365 loculis
1240 338 1369 364 Ecclesiae
1394 338 1453 364 licet
1476 337 1598 370 praelatis

956 391 1045 410 emere
1057 390 1126 416 quae
1138 383 1285 410 necessaria
1301 385 1375 413 sunt,
1388 382 1489 415 reliqua
1502 380 1599 407 debent

958 428 1022 454 dare
1041 428 1131 459 egenis
1150 427 1183 452 Vl
1204 426 1255 452 430
1275 427 1308 452 36
1453 424 1455 426 ’

1010 485 1046 491 -
1065 471 1201 497 habebunt
1219 471 1378 503 praecellens
1397 470 1561 502 praemium,
1576 469 1598 495 si

959 517 1053 542 fuerint
1066 515 1128 541 boni
1146 515 1370 541 administratores
1383 515 1482 546 gratiae
1494 514 1541 539 Dei
1556 513 1598 539 Vll

959 562 1009 587 328
1031 560 1063 585 63
1084 574 1118 578 --
1138 566 1201 591 prae
1226 559 1319 585 ceteris
1344 558 1480 584 habebunt
1503 557 1598 588 gaudia

958 608 1062 630 aeterna
1082 607 1137 629 tum
1158 610 1207 635 pro
1226 610 1273 628 sua
1292 603 1360 634 vita,
1374 605 1428 627 tum
1443 608 1491 634 pro
1512 601 1599 633 gregis

959 648 1077 674 custodia
1097 647 1131 673 ib.
1150 647 1183 672 64
1203 661 1237 665 —
1257 646 1378 672 Praelatis
1397 646 1524 671 Dominus
1543 646 1599 671 red-

960 692 1003 718 det
1022 692 1049 717 in
1068 692 1111 717 die
1129 691 1217 717 iudicii
1236 691 1323 716 omnia
1341 693 1527 722 supererogata
1548 689 1599 715 272

961 736 994 762 64
1013 751 1048 754 -
1067 736 1112 769 qui
1132 735 1199 761 bene
1213 738 1343 767 praesunt,
1357 737 1382 760 et
1397 734 1497 761 ratione
1516 734 1556 759 sui
1575 736 1600 759 et

961 780 1050 813 populi
1069 780 1189 812 acquisiti
1208 778 1446 805 remunerabuntur
1466 778 1516 804 482
1537 778 1569 803 28

1014 839 1049 843 -
1068 824 1200 849 Debemus
1215 824 1330 855 praelato
1343 823 1443 849 servire
1461 823 1494 848 Vl
1513 822 1565 848 575
1585 821 1599 847 4

961 883 996 887 -—
1009 869 1125 894 Praelato
1143 868 1253 898 inittsto,
1269 867 1396 900 quamdiu
1417 874 1431 892 a
1450 867 1502 892 Deo
1522 865 1601 892 habet

962 916 1131 945 potestatem,
1150 916 1189 938 est
1207 911 1385 938 obediendum
1406 912 1438 937 82
1458 919 1485 944 q.

1015 971 1050 976 —
1064 957 1133 983 Deus
1147 957 1214 982 iusto
1228 956 1324 982 iudicio
1337 956 1479 988 aliquando
1492 955 1537 981 dat
1550 961 1601 980 ma-

963 1003 1001 1027 los
1020 1002 1148 1034 praelatos
1169 1001 1199 1026 Vl
1221 1001 1249 1026 81
1274 1008 1300 1026 v.
1321 1000 1336 1026 5
1355 1014 1390 1019 —-
1409 1000 1470 1026 mali
1493 1007 1545 1025 non
1565 1007 1603 1025 er-

962 1053 1035 1077 rore,
1049 1046 1095 1072 sed
1110 1044 1220 1071 mirabili
1233 1044 1427 1078 dispensatione
1442 1044 1486 1070 Dei
1505 1044 1602 1076 eligun-

963 1094 1004 1117 tur
1026 1091 1060 1116 ad
1086 1093 1251 1122 praesentem
1270 1090 1423 1121 dignitatem
1444 1088 1494 1115 429
1516 1089 1548 1113 26
1567 1102 1603 1108 -

963 1136 1056 1161 stultus
1080 1142 1131 1160 non
1156 1137 1195 1160 est
1220 1134 1432 1166 promovendus,
1452 1132 1499 1159 sed
1519 1133 1604 1164 magis

963 1180 1116 1212 praecipitio
1136 1179 1232 1211 dignus
1250 1178 1282 1203 84
1296 1185 1322 1203 v.
1338 1179 1370 1203 12
1383 1191 1418 1196 -—
1431 1178 1474 1203 Est
1486 1177 1604 1203 defectus

963 1224 1097 1256 regiminis
1116 1223 1298 1256 providentiae
1316 1223 1382 1248 circa
1404 1222 1603 1254 praelationem,

963 1269 1035 1302 quod
1054 1268 1186 1300 sapientes
1204 1270 1407 1293 contemnuntur
1420 1270 1446 1292 et
1458 1266 1528 1292 stulti
1546 1273 1605 1298 pro-

964 1316 1104 1340 moventur
1118 1313 1151 1338 77
1166 1320 1192 1337 v.
1207 1312 1239 1337 13
1253 1325 1288 1331 -
1303 1311 1414 1337 carnalis
1434 1314 1458 1336 et
1477 1310 1605 1336 remissus

964 1361 1002 1384 est
1021 1357 1181 1390 praelatione
1201 1356 1323 1388 indignus
1343 1359 1451 1387 propter
1469 1355 1605 1381 deordina-

965 1403 1061 1428 tionem
1080 1402 1171 1433 gulae,
1190 1401 1367 1426 infirmitatem
1387 1400 1429 1425 vel
1448 1399 1604 1425 otiositatem

965 1446 1100 1479 pigritiae,
1125 1445 1326 1477 ineptitudinem
1351 1444 1475 1474 laetitiae,
1497 1443 1606 1469 subver-

965 1491 1066 1517 sionem
1085 1490 1197 1516 iustitiae
1216 1490 1249 1515 85
1270 1497 1296 1515 v.
1317 1489 1349 1514 16
1368 1503 1403 1508 --
1423 1489 1507 1514 malus
1530 1490 1607 1514 nocet

965 1536 1003 1561 eis
1027 1535 1073 1568 qui
1100 1534 1150 1560 sibi
1169 1541 1230 1560 eum
1250 1533 1405 1565 praeficiunt
1424 1533 1456 1558 86
1477 1540 1502 1558 v.
1524 1533 1556 1557 16
1571 1546 1606 1550 —-

966 1580 1050 1607 durus
1069 1582 1094 1604 et
1113 1578 1210 1603 inutilis
1228 1585 1280 1603 non
1299 1581 1338 1603 est
1357 1577 1554 1609 promovendus
1572 1577 1604 1601 83

967 1630 993 1648 v.
1011 1624 1027 1648 9
1047 1636 1082 1641 —
1101 1623 1230 1647 Praelatos
1243 1622 1324 1647 duros
1336 1624 1361 1646 et
1374 1621 1457 1646 malos
1475 1621 1509 1646 ad
1528 1620 1607 1646 maio-

968 1674 1023 1692 rem
1044 1673 1204 1698 promovens
1228 1665 1381 1697 dignitatem
1406 1665 1536 1696 affligetur
1560 1671 1607 1696 per

968 1718 1013 1736 eos
1032 1713 1057 1735 et
1076 1713 1184 1742 propter
1202 1717 1247 1736 eos
1265 1709 1328 1735 ibid.

1023 1768 1056 1772 —
1075 1754 1172 1779 inutilis
1190 1754 1261 1785 ligno
1275 1756 1443 1784 comparatur
1457 1752 1490 1777 Vl
1504 1753 1536 1777 83
1551 1759 1578 1777 v.
1592 1752 1607 1776 9

968 1813 1004 1817 —
1022 1798 1118 1824 inutilis
1135 1798 1190 1830 igni
1209 1798 1319 1823 traditur
1332 1797 1399 1822 sieut
1411 1797 1513 1828 lignum
1532 1796 1609 1821 infru-

969 1846 1089 1868 ctuosum
1109 1841 1171 1868 ibid.
1183 1855 1218 1860 —
1231 1841 1278 1874 qui
1291 1841 1378 1874 aliquo
1398 1841 1478 1866 modo
1497 1840 1610 1866 declina-

970 1887 1007 1912 vit
1025 1887 1051 1912 in
1071 1887 1170 1913 malum
1189 1889 1228 1911 est
1246 1885 1418 1917 corrigendus
1437 1884 1470 1911 ib.
1491 1885 1523 1910 10

1024 1945 1058 1950 —
1078 1930 1193 1956 Praelato
1213 1931 1281 1956 malo
1307 1937 1359 1955 non
1384 1932 1423 1955 est
1447 1929 1547 1955 occulte
1568 1929 1610 1954 de-

970 1975 1127 2002 trahendum
1148 1975 1179 2000 Vl
1200 1975 1234 2000 83
1253 1982 1278 2000 v.
1301 1974 1328 1999 11
1353 1987 1388 1993 -
1406 1973 1522 1999 Acumen
1538 1972 1610 1999 boni-

970 2021 1028 2047 tatis
1046 2023 1072 2046 et
1090 2019 1233 2052 sapientiae
1255 2019 1408 2045 immutatur
1433 2025 1479 2051 per
1504 2018 1608 2050 eulpam

969 2066 996 2092 in
1013 2066 1128 2098 praelato
1142 2064 1175 2091 ib.
1191 2065 1222 2090 10
1236 2078 1270 2083 -
1284 2063 1411 2090 Detractio
1424 2063 1524 2089 occulta
1538 2070 1612 2095 prae-

970 2110 1014 2137 lati
1033 2113 1072 2136 est
1089 2116 1186 2142 magna
1205 2110 1282 2142 culpa
1301 2108 1334 2135 ib.
1350 2109 1377 2134 11
1396 2122 1431 2128 -
1444 2109 1511 2134 luste
1525 2111 1611 2140 potest

970 2156 1050 2181 homo
1069 2154 1203 2186 laborare,
1224 2157 1251 2179 ut
1270 2153 1380 2179 iniustus
1396 2153 1528 2185 praelatus
1541 2159 1611 2179 amo-

970 2203 1063 2225 veatur
1083 2200 1115 2224 82
1135 2206 1162 2232 q.

1022 2257 1059 2263 —
1076 2246 1231 2275 potestatem
1250 2242 1330 2268 habet
1348 2249 1362 2268 a
1382 2242 1451 2273 Deo,
1470 2241 1517 2267 sed
1542 2248 1612 2267 exse·

970 2288 1102 2314 cntionem
1120 2294 1136 2312 a
1154 2294 1182 2313 se
1202 2287 1235 2312 Vl
1255 2287 1288 2312 82
1309 2294 1335 2319 q.
1354 2300 1390 2305 —
1409 2286 1520 2312 iniustus
1538 2288 1612 2317 pote-

971 2335 1064 2358 statem
1084 2331 1163 2357 habet
1180 2331 1260 2362 iuste,
1280 2331 1327 2356 sed
1346 2331 1496 2363 exsequitur
1517 2330 1612 2355 iniuste

971 2375 1034 2402 ibid.
1051 2389 1087 2394 —
1106 2376 1172 2401 lnter
1191 2375 1320 2407 praelatos
1338 2375 1419 2407 aliqui
1442 2376 1502 2400 sunt
1523 2373 1612 2406 electi,

972 2420 1051 2453 aliqui
1070 2419 1178 2451 reprobi
1197 2420 1239 2445 Vll
1260 2419 1310 2444 447
1331 2419 1363 2444 60

1026 2478 1061 2482 -
1080 2465 1105 2490 ln
1125 2464 1251 2495 dignitate
1279 2463 1338 2488 mali
1367 2462 1474 2495 praelati
1502 2469 1554 2488 non
1574 2465 1613 2488 est

974 2508 1023 2535 nisi
1043 2508 1103 2533 falsa
1123 2508 1217 2540 positio
1238 2508 1269 2533 Vl
1289 2507 1316 2532 81
1337 2515 1361 2532 v.
1377 2507 1392 2532 6
1405 2521 1440 2526 —
1453 2506 1548 2532 dicitur
1562 2513 1614 2532 ma-

974 2554 1014 2579 lus
1033 2556 1059 2578 et
1076 2553 1201 2584 iniustus,
1220 2554 1266 2577 aut
1284 2551 1346 2584 quia
1366 2552 1450 2577 malus
1470 2553 1508 2576 est
1527 2551 1552 2576 in
1570 2557 1612 2582 se,

974 2600 1019 2623 aut
1037 2597 1098 2630 quia
1119 2597 1214 2622 iniuste
1232 2596 1377 2627 ingreditur
1400 2598 1425 2620 et
1449 2595 1612 2628 exsequitur,

974 2645 1019 2668 aut
1032 2642 1097 2667 iuste
1111 2641 1263 2673 ingrediens
1276 2640 1368 2665 iniuste
1381 2640 1530 2672 exsequitur
1543 2640 1575 2665 82
1586 2647 1614 2672 q.

974 2701 1009 2705 —
1029 2686 1113 2711 malus
1132 2685 1157 2710 in
1176 2692 1204 2710 se
1223 2685 1290 2709 iuste
1309 2690 1430 2716 praeesse
1449 2686 1534 2716 potest
1552 2683 1614 2710 ibid.

1028 2744 1062 2748 ——
1081 2729 1206 2755 Praelatio
1228 2729 1364 2753 stultorum
1390 2732 1429 2753 est
1451 2735 1560 2753 onerosa
1581 2728 1612 2754 Vl

976 2775 1008 2800 80
1030 2781 1055 2799 v.
1075 2773 1089 2799 4
1109 2787 1143 2792 —
1164 2772 1288 2798 Praelatio
1302 2772 1439 2797 stultorum
1459 2775 1498 2797 est
1517 2772 1614 2798 inordi-

975 2821 1034 2843 nata
1055 2821 1110 2843 tum
1130 2820 1237 2849 propter
1256 2816 1386 2841 defectum
1407 2815 1540 2848 scientiae,
1557 2819 1612 2842 tum

976 2866 1084 2895 propter
1103 2862 1234 2887 defectum
1248 2860 1316 2886 vitae
1330 2860 1357 2885 81
1376 2867 1402 2886 ν.
1416 2860 1432 2885 5
1445 2874 1478 2878 --
1491 2861 1525 2886 Ex
1539 2868 1614 2892 prae-

976 2907 1025 2933 lato
1045 2906 1126 2932 inutili
1145 2909 1171 2931 et
1189 2905 1298 2931 remisso
1318 2905 1438 2937 provenit
1459 2902 1614 2931 inordinatio

977 2951 1010 2977 85
1035 2958 1062 2976 v.
1085 2951 1117 2976 16
1137 2963 1172 2969 -
1191 2944 1336 2975 praelatum
1366 2949 1488 2974 iniustum
1517 2948 1614 2976 habere

976 2998 1146 3027 potestatem,
1166 2994 1284 3027 iniquum
1310 2996 1335 3018 et
1362 2992 1485 3018 iniustum
1510 2996 1549 3019 est
1566 3000 1614 3026 per

976 3039 1199 3071 comparationem
1210 3037 1243 3063 ad
1257 3037 1347 3063 merita
1361 3043 1422 3068 sua;
1436 3037 1533 3063 iustum
1545 3044 1614 3064 com-

976 3084 1109 3116 paratione
1127 3083 1161 3109 ad
1181 3081 1271 3108 merita
1295 3081 1423 3107 malorum
1447 3080 1614 3108 subditorum

977 3129 1011 3154 82
1029 3136 1056 3161 q.

1010 3185 1047 3193 -·-
1059 3171 1234 3205 Conqueritur
1244 3169 1371 3195 Dominus
1384 3170 1417 3195 de
1430 3171 1551 3202 praelatis
1563 3178 1616 3197 ma·

977 3216 1007 3242 lis
1026 3217 1059 3242 Vl
1079 3217 1129 3242 226
1144 3223 1170 3241 v.
1184 3215 1212 3241 21
1230 3228 1266 3234 -
1279 3214 1414 3240 Peccatum
1435 3215 1541 3246 praelati
1553 3214 1616 3241 sub—

978 3260 1038 3286 ditis
1057 3267 1110 3286 non
1131 3259 1293 3292 praeiudicat
1312 3257 1364 3284 515
1383 3258 1416 3284 54
1435 3272 1469 3277 -
1489 3259 1616 3285 Praelata·

978 3311 1036 3330 rum
1057 3308 1164 3336 peccata
1181 3303 1326 3336 specialiter
1342 3306 1486 3334 provocant
1499 3303 1615 3330 divinam

979 3349 1102 3374 ultionem
1123 3349 1166 3374 Vll
1186 3348 1232 3374 531
1257 3347 1289 3373 34
1309 3361 1344 3365 -
1363 3347 1448 3372 malus
1465 3347 1554 3380 stllgat
1565 3347 1615 3374 sibi

302 3392 502 3419 fraudulentiam
516 3399 563 3418 nec
577 3399 624 3425 per
635 3392 785 3419 violentiam
797 3392 830 3418 Vl
844 3392 877 3418 83
887 3392 939 3418 v.8
978 3396 1084 3424 peccata
1109 3392 1223 3425 duplicia
1248 3391 1280 3418 Vl
1304 3391 1337 3417 67
1356 3397 1383 3417 v.
1402 3391 1417 3416 9
1436 3404 1471 3411 -
1490 3395 1616 3424 potestate

1927 293 1991 319 PRA

1635 336 1709 363 abusi
1729 337 1870 369 punientur
1889 344 1938 369 pro
1957 337 2070 369 peccatis
2083 337 2138 363 suis
2149 340 2175 363 et
2187 337 2275 363 subdi·

1636 384 1721 407 torum
1741 388 1850 406 suorum
1871 381 1920 407 146
1940 388 1967 407 ν.
1985 381 2011 407 7.
2031 381 2074 407 Vll
2094 382 2145 407 330
2165 382 2198 407 69

1687 438 1723 444 --
1742 425 1918 451 Praelatorum
1940 426 2070 452 malorum
2095 426 2208 451 maxima
2227 425 2275 452 erit

1636 475 1721 500 poena
1739 469 1784 495 Vll
1803 469 1853 495 329
1868 469 1902 494 66
1917 483 1950 488 -
1964 469 2077 496 insolens
2093 470 2210 502 arguitur
2224 471 2275 496 328

1637 513 1680 545 65,
1700 513 1733 538 66
1752 526 1787 532 -
1806 513 1923 538 Praelato
1941 513 2082 545 negligenti
2101 514 2276 540 comminatur

1637 556 1762 582 severitas
1787 556 1868 582 divini
1893 557 1983 583 iudicii
2002 558 2053 583 339
2076 559 2108 584 12
2130 572 2162 577 -
2181 558 2275 584 Praesi-

1637 600 1708 626 denti
1732 600 1847 633 superbe
1871 601 1989 627 imminet
2012 602 2104 628 ruinae
2129 602 2275 635 periculum

1639 645 1689 670 160
1709 645 1742 670 03
1758 659 1790 663 -
1803 645 1919 671 Praelato
1939 646 1983 671 fiet
2001 646 2181 679 interrogatio,
2194 646 2277 680 quali-

1638 692 1676 715 ter
1695 689 1816 720 intravit,
1834 690 1943 722 qualiter
1956 690 2032 723 vixit,
2045 691 2157 724 qualiter
2174 691 2240 716 rexit
2252 693 2278 716 et

1638 733 1779 759 custodivit
1798 740 1906 765 gregem
1925 734 1976 760 sibi
1995 735 2165 761 commissum
2178 735 2212 761 Vl
2226 734 2277 761 145

1638 785 1665 802 ν.
1685 777 1699 803 4
1718 791 1753 796 -
1771 778 1893 804 Praelatis
1906 778 1949 804 flet
1962 778 2087 805 iudicium
2107 779 2278 805 durissimum

1641 821 1689 847 146
1704 829 1730 847 ν.
1742 822 1756 847 6
1769 836 1805 841 -
1815 822 1911 848 Durius
1924 823 2064 854 punientur
2077 823 2184 855 praelati
2196 829 2278 856 quam

1639 866 1718 892 ceteri
1745 867 1846 892 ratione
1870 867 2017 899 commissi,
2043 868 2156 899 peccati,
2175 867 2277 900 damni,

1639 910 1768 941 scandali,
1787 911 1890 942 iudicii,
1909 911 1986 937 officii
2005 911 2067 938 ibid.

1693 955 1825 980 Pastinum
1844 969 1880 973 —
1905 955 1953 980 erit
1978 955 2124 981 secundum
2146 955 2280 982 diversita-

1641 1001 1692 1023 tem
1712 998 1864 1025 meritorum
1879 999 1921 1025 Vll
1936 999 1986 1024 150
2006 1000 2040 1025 57
2052 1013 2088 1019 -
2100 1000 2280 1026 Praemiorum

1640 1043 1781 1074 promissio
1800 1043 1965 1075 quadruplex
1986 1044 2036 1069 147
2056 1044 2098 1077 49,
2118 1044 2151 1070 50
2169 1059 2205 1063 --
2221 1051 2281 1070 con-

1641 1087 1707 1112 sistit
1726 1087 1751 1112 in
1770 1088 1871 1113 visione
1886 1088 1932 1113 Dei
1949 1088 1979 1113 Vl
1994 1088 2044 1114 442
2059 1089 2092 1114 30
2112 1102 2146 1107 -
2165 1088 2282 1115 consistit

1641 1131 1667 1156 in
1686 1131 1814 1157 suavitate
1832 1132 1932 1163 patriae
1952 1133 1994 1158 Vll
2014 1133 2066 1158 225
2085 1134 2118 1159 29

1694 1188 1730 1195 -
1748 1176 1846 1207 gloriae
1865 1183 1917 1202 non
1930 1177 2025 1208 poterit
2036 1177 2132 1203 varlari
2144 1184 2193 1203 nec
2205 1176 2281 1209 perdi

1644 1219 1674 1244 Vl
1695 1220 1727 1245 88
1748 1227 1774 1245 v.
1795 1221 1809 1245 3
1828 1234 1863 1239 —
1882 1221 2017 1247 essentiale
2036 1221 2175 1247 Beatorum
2188 1223 2227 1247 est
2239 1227 2284 1247 au-

1642 1271 1701 1296 rea,
1729 1267 1755 1290 et
1774 1264 1932 1291 accidentale
1950 1268 1990 1291 est
2007 1266 2111 1291 aureola
2132 1265 2182 1291 142
2202 1272 2228 1291 ν.
2249 1264 2282 1290 17

1642 1323 1677 1327 -
1691 1309 1750 1335 lusti
1765 1313 1898 1335 merentur
1912 1309 2058 1341 praemium
2071 1317 2119 1342 pro
2132 1309 2283 1342 operatione

1644 1352 1705 1379 boni
1734 1356 1759 1378 et
1786 1353 1894 1379 victoria
1922 1354 1984 1379 mali
2008 1353 2042 1380 ib.
2068 1355 2099 1380 16
2118 1367 2154 1373 -
2172 1353 2283 1380 debetur

1643 1397 1828 1424 certaminibus
1850 1405 1903 1425 non
1928 1398 2068 1431 inquinatis
2086 1405 2134 1430 per
2153 1398 2284 1423 defectum

1644 1442 1855 1474 perseverantiae
1875 1443 1925 1468 132
1944 1450 1971 1468 v.
1991 1444 2006 1468 2

1696 1501 1732 1506 -
1750 1487 1859 1513 vincens
1871 1491 1910 1513 est
1922 1487 2069 1519 praemium
2089 1493 2216 1519 superans
2229 1492 2285 1512 ma-

1645 1532 1810 1564 gnitudinem
1824 1531 2037 1564 persecutionum
2051 1531 2085 1557 VI
2101 1531 2149 1557 132
2168 1538 2194 1556 ν.
2214 1531 2229 1556 2
2249 1543 2284 1549 -

1644 1576 1752 1602 vincens
1766 1579 1805 1602 est
1816 1576 1964 1608 praemium
1978 1576 2070 1601 datum
2083 1582 2131 1607 pro
2144 1574 2285 1601 certamine

1645 1620 1783 1646 certatorio
1802 1619 1864 1646 ibid.

1698 1678 1733 1683 —
1751 1665 1778 1690 lu
1797 1671 1878 1690 manu
1899 1663 1943 1689 Dei
1962 1666 2021 1689 sunt
2041 1663 2157 1695 praemia
2171 1663 2287 1689 hominis

1646 1708 1679 1733 Vl
1699 1708 1728 1733 71
1752 1715 1778 1732 v.
1799 1709 1808 1732 1
1833 1722 1866 1725 -
1887 1707 2065 1733 Consideratio
2087 1707 2197 1739 praemii
2221 1707 2286 1732 invi-

1647 1754 1683 1777 tat
1707 1751 1741 1777 ad
1765 1751 1863 1777 bonum
1884 1751 1916 1776 88
1936 1757 1964 1776 ν.
1985 1751 1993 1776 1
2016 1765 2052 1769 -
2070 1751 2151 1776 Amor
2175 1751 2286 1782 praemii

1647 1794 1726 1821 debet
1749 1795 1883 1820 hominem
1911 1795 2040 1826 pollutum
2067 1794 2102 1820 ad
2130 1794 2286 1820 munditiam

1648 1846 1756 1865 movere
1776 1839 1826 1864 600
1841 1839 1856 1865 5
1869 1852 1904 1858 —
1917 1840 1998 1864 Amor
2011 1838 2121 1872 praemii
2137 1841 2228 1865 movet
2238 1845 2287 1865 nos

1648 1884 1681 1910 ad
1701 1884 1754 1909 Deo
1773 1883 1943 1909 serviendum
1963 1883 2014 1908 576
2033 1882 2050 1908 7
2068 1897 2104 1901 -
2122 1884 2158 1909 Ex
2171 1883 2287 1909 conside-

1647 1928 1748 1954 ratione
1766 1927 1895 1954 dilationis
1913 1927 2023 1960 praemii
2042 1930 2129 1954 ortum
2148 1927 2227 1954 habet
2245 1928 2288 1954 de-

1648 1973 1719 2000 votio
1733 1972 1769 1999 *in
1790 1972 1911 2005 perfectis
1931 1973 1982 1998 320
2002 1972 2030 1998 11
2053 1986 2089 1992 -
2107 1973 2188 1998 Malus
2206 1972 2287 2004 vivit,

1648 2017 1724 2051 quasi
1742 2024 1796 2044 non
1809 2017 1841 2043 sit
1853 2017 1925 2043 aliud
1942 2017 2089 2049 praemium
2103 2017 2151 2043 nisi
2164 2024 2288 2050 praesens

1647 2062 1681 2088 70
1701 2070 1727 2088 ν.
1748 2062 1781 2088 15
1800 2076 1835 2081 -
1853 2062 2061 2094 correspondens
2077 2062 2147 2088 dono
2166 2061 2288 2088 inutiliter

1648 2106 1737 2133 habito
1755 2108 1887 2133 auferetur
1907 2107 1949 2133 Vll
1969 2106 2020 2133 485
2039 2106 2073 2132 37

1701 2153 1877 2178 Pnaeriina'rio
1889 2165 1924 2170 -—
1937 2151 1971 2177 ad
1984 2151 2095 2183 gratiam
2109 2153 2148 2177 est
2161 2150 2288 2181 facienda,

1649 2196 1795 2223 secundum
1814 2196 1885 2229 quod
1906 2196 1933 2221 in
1952 2195 2027 2222 nobis
2046 2199 2085 2221 est
2099 2195 2132 2221 Vl
2147 2194 2197 2220 258
2212 2194 2245 2220 52
2259 2193 2288 2220 2*

1648 2254 1684 2260 -
1702 2242 1730 2267 ln
1749 2242 1877 2273 potestate
1895 2240 2008 2266 hominis
2021 2243 2099 2266 estse
2114 2239 2148 2265 ad
2166 2238 2288 2265 divinum

1648 2285 1773 2311 auxilium
1793 2284 1963 2317 praeparare,
1982 2285 2028 2311 sed
2053 2291 2105 2310 non
2130 2286 2169 2309 est
2193 2283 2217 2308 in
2240 2288 2288 2308 sua

1649 2330 1725 2361 plena
1743 2331 1870 2361 potestate
1887 2329 1978 2355 venire
1996 2329 2043 2355 331
2068 2329 2102 2354 79
2121 2327 2150 2354 2·

1702 2373 1868 2399 Puerum-:ne
1887 2387 1921 2392 --
1940 2374 2021 2399 Nemo
2046 2380 2075 2399 se
2099 2372 2155 2398 aliis
2180 2377 2288 2404 praepo-

1650 2424 1712 2443 nere
1731 2417 1810 2443 debet
1828 2418 1871 2444 Vll
1891 2417 1943 2444 364
1962 2418 1995 2443 20

1703 2462 1911 2488 ΡΕΑΕΡοειτιοκεε
1932 2476 1965 2480 -
1990 2462 2132 2494 important
2150 2459 2290 2487 distinctio-

1650 2512 1711 2531 nem
1730 2506 1764 2531 Vl
1784 2505 1834 2532 246
1854 2507 1878 2532 3.
1899 2506 1950 2532 439
1970 2507 2003 2531 20

1703 2551 1911 2576 palii-:noenius
1923 2564 1958 2570 —-
1972 2550 2122 2576 divinorum
2142 2547 2290 2581 privilegio-

1650 2601 1709 2620 rum
1730 2595 1814 2626 magis
1833 2598 1894 2621 sunt
1912 2595 2044 2621 humiliter
2063 2597 2088 2620 et
2105 2593 2192 2620 sobrie
2205 2591 2289 2618 admi-

1650 2638 1761 2669 randae,
1773 2646 1854 2672 quam
1867 2639 2012 2671 procaciter
2029 2637 2232 2671 perscrutandae
2246 2636 2288 2661 Vll

1651 2683 1684 2708 36
1705 2683 1755 2709 112

1704 2728 1884 2753 ancmmm
1903 2741 1938 2746 —
1955 2727 2020 2753 Nihil
2034 2729 2072 2753 est
2085 2726 2187 2752 casuale
2199 2730 2290 2751 secun-

1650 2771 1714 2797 dum
1733 2771 1839 2797 divinae
1855 2771 2041 2804 praescientiae
2053 2770 2242 2797 ordinationem
2256 2768 2289 2794 Vl

1650 2816 1684 2841 77
1704 2823 1730 2849 q.
1752 2816 1762 2841 1

1703 2874 1739 2880 -
1758 2859 1903 2886 praescitus
1925 2859 2019 2887 dicitur
2044 2859 2112 2885 filius
2136 2856 2290 2890 perditionis

1651 2905 1683 2931 Vl
1705 2904 1755 2930 472
1775 2905 1809 2930 24

1704 2950 1831 2975 Pau-:sess
1859 2962 1894 2968 —
1922 2948 2001 2975 habet
2025 2946 2231 2980 permanentiam
2257 2944 2289 2971 Vl

1652 2993 1702 3019 248
1722 2993 1738 3019 7

1705 3038 1858 3064 ΡκΑεειυεκε
1881 3052 1915 3056 -
1940 3037 2057 3064 Christus
2079 3033 2290 3069 praesidentibus

1652 3084 1762 3114 apparet
1780 3081 1806 3107 in
1826 3084 1914 3107 monte
1927 3082 1959 3107 Vl
1979 3082 2031 3107 623
2044 3088 2070 3106 v.
2086 3081 2095 3105 -1
2119 3093 2154 3099 --
2172 3077 2290 3104 Christus

1652 3127 1679 3152 in
1698 3125 1786 3152 medlo
1805 3125 1994 3158 discipulorum
2018 3125 2063 3151 dat
2088 3125 2198 3150 formam
2218 3128 2290 3154 prae-

1652 3169 1798 3196 sidentibus
1817 3169 1980 3197 convocandi
1998 3168 2118 3195 subditos
2129 3166 2164 3192 ad
2177 3166 2290 3192 fraterni-

1652 3218 1732 3241 tatem
1750 3213 1801 3240 542
1822 3215 1850 3239 11

1706 3259 1864 3284 pausum
1883 3272 1916 3277 --
1936 3261 1975 3284 est
1994 3258 2020 3283 in
2044 3255 2172 3282 intellectu
2193 3255 2235 3281 Vll
2255 3255 2288 3280 33

1653 3303 1686 3328 96
1705 3316 1740 3321 -
1759 3305 1797 3328 est
1815 3306 1859 3328 aut
1878 3301 2041 3334 arrogantiae
2056 3300 2088 3327 de
2101 3307 2129 3326 se
2143 3303 2168 3325 et
2179 3306 2227 3326 sua
2239 3299 2290 3325 vir·

1654 3350 1708 3373 tute
1735 3349 1780 3372 aut
1798 3346 1970 3373 confidentiae
1989 3345 2022 3372 de
2040 3344 2137 3370 virtute
2157 3343 2246 3370 divina
2265 3345 2290 3369 et

1654 3390 1832 3417 misericordia
1851 3391 1885 3417 Vt
1905 3389 1955 3416 164
1972 3396 1999 3415 ν.
2019 3389 2052 3415 15
2070 3402 2106 3407 -—
2124 3388 2163 3414 sui
2180 3387 2252 3422 ducit
2264 3387 2288 3413 in
