2476 3921
152 749 281 770 Notandum.

147 2540 178 2561 De
194 2540 259 2561 torma
274 2541 295 2561 et

153 2569 209 2587 statu
220 2566 295 2587 iudicii

170 2594 283 2619 tanguntur

180 2621 277 2646 quatuor.

298 283 361 314 480

298 370 447 412 legislatio
463 372 494 401 et
516 366 702 409 obsequium
719 368 749 398 et
766 364 934 407 promissa,
953 370 1091 404 quorum
1109 362 1183 392 sunt
1199 367 1252 400 pa-

299 428 380 461 tres,
404 425 435 455 et
457 431 498 454 ex
522 420 639 462 quibus
661 423 709 451 est
732 418 876 450 Christus
908 414 1082 449 secundum
1106 420 1252 449 carnem,

300 476 352 519 qui
374 480 420 508 est
436 483 531 516 super
547 473 652 506 omnia
674 470 858 504 benedictus
873 470 957 502 Deus
974 482 1003 499 ».
1029 467 1061 499 Hi
1080 466 1164 499 cives
1179 463 1252 496 ode-

299 532 375 562 runt
398 536 484 565 eum,
511 525 685 559 secundum
712 523 790 556 illud
808 521 929 554 Ioannis
956 520 1077 553 decimo
1101 517 1211 560 quinto
1226 516 1251 547 ¹:

305 596 319 610 «
338 582 374 614 Ut
389 579 596 621 adimpleatur
612 586 729 615 sermo,
753 576 807 618 qui
832 575 863 607 in
887 575 965 615 Lege
982 580 1092 605 eorum
1116 570 1254 611 scriptus

300 638 363 668 est:
380 633 459 675 Quia
477 632 548 664 odio
568 631 749 663 habuerunt
764 637 814 661 me
830 627 926 670 gratis
943 640 974 665 »,
991 633 1063 657 cum
1080 623 1185 666 potius
1200 622 1253 654 de-

300 687 427 720 buerint
442 694 515 718 eum
540 684 683 726 diligere3
704 686 735 715 et
758 681 879 713 loannis
896 679 1014 721 primo:
1037 690 1051 705 α
1070 677 1101 709 ln
1126 675 1255 717 propria

301 741 402 779 venit,
426 743 457 772 et
481 738 529 771 sui
553 746 625 770 eum
650 746 711 768 non
736 736 970 775 receperunt».
987 750 1031 755 —-
1047 731 1083 763 Et
1106 729 1181 771 quia
1205 728 1254 760 Iu-

301 794 367 827 daei
392 802 453 825 non
478 794 599 824 tantum
622 789 758 821 oderunt
780 786 940 819 Christum
964 786 1176 826 praesentem,
1201 789 1254 813 ve-

302 856 373 879 rum
394 845 487 878 etiam
505 844 721 884 resurgentem
745 844 776 873 et
791 838 1022 875 aseendentem;
1048 836 1116 868 ideo
1133 833 1253 867 subdit:

302 901 343 932 Et
365 899 526 930 miserunt
550 895 742 938 leqationem
763 896 836 935 post
860 891 973 929 illum,
1005 889 1164 922 dieentes:
1190 886 1255 919 Νο-

303 952 423 987 lumus,
442 948 530 981 hune
553 956 695 990 regnare
710 954 811 987 super
833 953 902 976 nos.
922 942 1128 985 Leyationem
1144 939 1254 972 dicun-

303 1008 355 1037 tur
380 1006 449 1045 post
471 1001 631 1033 Christum
655 999 796 1036 mittere,
821 996 946 1039 quando
970 1004 1031 1027 non
1056 993 1158 1026 solum
1183 1001 1256 1034 per-

302 1056 400 1090 secuti
417 1058 491 1087 sunt
513 1052 632 1086 eumin
658 1060 704 1090 se,
730 1059 840 1083 verum
857 1049 949 1082 etiam
974 1048 1005 1080 in
1026 1056 1084 1080 suo
1108 1054 1255 1088 corpore;

302 1109 385 1142 unde
415 1107 562 1139 Glossa2:
592 1118 607 1133 ει
632 1105 696 1137 Non
729 1103 830 1136 solum
862 1104 1057 1144 praesentem
1091 1108 1193 1141 usque
1217 1098 1256 1131 ad

302 1165 434 1194 mortem
459 1159 562 1192 crucis
585 1157 732 1195 oderant,
757 1156 810 1189 sed
834 1156 926 1188 etiam
950 1157 1021 1196 post
1049 1152 1257 1186 resurrectio-

301 1223 373 1247 nem
397 1213 465 1246 eius
488 1212 642 1244 miserunt
658 1208 907 1251 persecutionem
936 1206 1087 1249 Apostolis
1115 1209 1146 1238 et
1166 1213 1257 1247 prae-

301 1267 486 1300 dicationem
509 1264 649 1305 caelestis
666 1262 753 1305 regni
778 1264 1014 1304 spreverunt».
1032 1259 1117 1293 Unde
1141 1258 1257 1291 dicitur

301 1322 434 1353 Actuum
465 1322 573 1351 octavo
589 1317 623 1348 ³:
653 1329 668 1345 «
689 1316 779 1348 Facta
802 1318 849 1348 est
882 1313 1058 1356 persecutio
1081 1321 1194 1354 magna
1225 1311 1258 1343 in

303 1373 451 1411 Ecclesia,
476 1380 557 1413 quae
588 1372 656 1402 erat
684 1368 897 1410 lerosolymis,
922 1371 953 1400 et
984 1375 1093 1399 omnes
1122 1364 1257 1407 dispersi

302 1429 376 1459 sunt
400 1434 455 1467 per
478 1423 621 1465 regiones
636 1434 671 1460 »;
696 1424 726 1454 et
755 1421 873 1463 primae
904 1419 943 1452 ad
967 1418 1259 1451 Thessalonicenses

304 1478 460 1512 secundo:
491 1490 507 1505 «
530 1476 704 1508 linitatores
728 1474 799 1507 sacti
832 1473 906 1506 estis
936 1472 1078 1505 omnium
1109 1470 1259 1503 Ecclesia-

303 1541 394 1570 rum‚
419 1538 499 1572 quae
523 1532 597 1562 sunt
620 1528 651 1560 in
676 1527 787 1560 Iudaea
810 1526 842 1559 in
866 1525 990 1558 Christo
1008 1525 1093 1563 Iesu,
1118 1523 1193 1567 quia
1209 1531 1259 1555 ea-

303 1586 373 1618 dem
398 1584 480 1626 passi
504 1583 578 1616 estis
601 1585 632 1614 et
655 1590 711 1614 vos
733 1590 752 1613 a
772 1579 1004 1613 contribulibus
1028 1577 1156 1615 vestris,
1179 1576 1261 1608 sicut

305 1642 335 1671 et
366 1637 424 1679 ipsi
455 1646 473 1669 a
497 1636 635 1674 Iudaeis,
667 1634 722 1676 qui
753 1637 784 1666 et
815 1631 983 1664 Dominum
1015 1629 1199 1663 occiderunt
1230 1631 1261 1661 et

304 1700 361 1724 nos
384 1689 539 1732 persecuti
563 1690 637 1721 sunt
664 1689 696 1719 et
728 1685 875 1718 omnibus
898 1684 1121 1721 adversantur,
1153 1681 1261 1724 prohi—

305 1743 432 1781 bentes,
456 1750 512 1774 nos
535 1740 681 1783 gentibus
704 1738 808 1780 loqui,
832 1741 868 1770 ut
892 1737 995 1769 salvae
1019 1736 1113 1774 fiant,
1142 1739 1178 1767 ut
1202 1734 1261 1766 im-

306 1796 411 1838 pleant
444 1797 571 1836 peccata
601 1801 659 1825 sua
682 1800 852 1832 semper».
878 1790 963 1822 Unde
995 1789 1098 1831 ipsum
1130 1796 1261 1830 negave-

307 1851 399 1886 runt;
424 1846 544 1879 loannis
567 1845 688 1878 decimo
712 1844 833 1876 nono⁴z
864 1856 879 1871 «
896 1843 960 1875 Non
978 1842 1131 1874 habemus
1155 1849 1261 1883 regem

306 1900 366 1933 nisi
395 1907 551 1933 caesarem
569 1912 598 1930 ».
635 1896 771 1930 Nolendo
802 1899 908 1928 autem
936 1895 1096 1928 Christum
1129 1903 1261 1937 regnare

307 1962 403 1995 super
419 1961 486 1991 eos,
512 1951 716 1994 perdiderunt
732 1958 880 1992 regnum3
905 1948 988 1981 unde
1005 1948 1140 1981 Danielis
1163 1957 1260 1981 nono:

311 2020 327 2036 «ι
344 2007 409 2039 Non
433 2006 493 2039 erit
516 2005 584 2038 eius
607 2003 760 2046 populus,
784 2002 838 2044 qui
862 2011 935 2035 eum
959 2005 1132 2043 negaturus
1155 2005 1202 2034 est
1222 2012 1261 2040 »;

307 2064 338 2093 et
361 2058 493 2092 nolendo
515 2067 587 2091 eum
621 2065 768 2099 regnare,
797 2055 959 2088 desierunt
989 2063 1056 2087 esse
1080 2054 1181 2093 cives,
1214 2062 1262 2086 se-

307 2113 446 2146 cundum
470 2111 547 2144 illud
572 2110 665 2144 Isaiae
681 2109 800 2152 primo:
823 2121 839 2137 «
855 2107 1016 2150 Quomodo
1032 2107 1112 2140 facta
1135 2110 1182 2140 est
1197 2115 1262 2139 me-

307 2166 409 2198 retrix
433 2165 541 2198 civitas
566 2163 664 2197 tidelis
680 2177 696 2192 n
725 2166 783 2195 etc.
809 2161 878 2194 Ideo
895 2165 1000 2194 autem
1025 2161 1197 2194 noluerunt
1213 2169 1263 2193 re-

309 2227 404 2261 gnare
439 2218 624 2256 caelestem,
659 2216 734 2259 quia
768 2214 915 2248 amabant
948 2223 1081 2256 regnum
1114 2213 1261 2252 carnale3

308 2271 429 2304 Ioannis
454 2271 586 2303 tertio⁵:
617 2283 632 2299 «
648 2270 718 2302 Lux
742 2269 873 2302 venitin
899 2268 1066 2308 mundum,
1091 2271 1121 2301 et
1144 2267 1264 2300 dilexe-

309 2327 386 2356 runt
409 2323 507 2365 magis
531 2322 675 2355 tenebras
698 2331 793 2364 quam
817 2321 919 2354 lucem
938 2334 968 2353 n.
995 2321 1029 2353 Et
1053 2320 1097 2353 sic
1122 2320 1263 2353 verifica-

309 2381 376 2409 tum
400 2380 448 2409 est
470 2375 547 2408 illud
571 2375 665 2408 Isaiae
681 2375 800 2416 primo:
831 2388 846 2403 «
862 2374 953 2407 Filios
968 2373 1106 2407 enutrivi
1129 2376 1160 2406 et
1176 2372 1264 2406 exal-

309 2429 387 2468 tavi,
411 2429 469 2471 ipsi
493 2431 598 2461 autem
622 2431 811 2470 spreverunt
834 2436 884 2460 me
901 2441 930 2459 ι).

399 2483 450 2514 22.
476 2482 577 2523 (Vers.
605 2482 679 2522 15.).
707 2481 745 2513 Et
767 2479 895 2522 factum
920 2484 980 2519 est,
1004 2484 1042 2512 ut
1065 2479 1188 2512 rediret
1204 2481 1263 2511 etc.

310 2535 475 2576 Postquam
491 2534 656 2575 descripsit
679 2537 794 2566 statum
811 2533 930 2572 meriti,
954 2532 1103 2566 describit
1126 2532 1177 2565 hic
1194 2531 1264 2574 for-

309 2596 400 2619 mam
434 2590 461 2618 et
496 2590 621 2618 statum
657 2585 827 2623 iudicii&
859 2594 952 2627 quem
985 2585 1110 2627 quidem
1147 2584 1265 2617 descri-

310 2640 355 2672 bit
379 2639 590 2681 Evangelista,
622 2638 724 2680 primo
748 2638 864 2671 seilicet
889 2638 1087 2680 generaliter
1118 2641 1266 2679 respecta

383 2804 391 2818 ¹
412 2805 487 2830 Vcrs.
506 2804 548 2830 25.
568 2807 593 2829 et
612 2803 707 2829 deinde
731 2804 751 2835 1,
772 2804 813 2828 ll.

383 2848 392 2863 ²
412 2849 514 2874 Scilicet
526 2847 707 2874 interlinearis
722 2848 762 2877 (ex
783 2844 866 2878 Beda,
880 2847 925 2881 qui
944 2847 1062 2880 sequitur
1075 2848 1198 2879 August.,
1218 2847 1267 2872 loc.

312 2893 364 2923 cit.)
386 2892 409 2918 in
428 2893 490 2918 Luc.
511 2892 557 2922 19,
579 2891 622 2917 14.
639 2905 674 2911 -
693 2891 820 2924 Superius
839 2898 887 2923 pro
904 2892 966 2925 post
985 2890 1122 2918 Christum
1143 2891 1172 2923 (B
1195 2890 1268 2916 addit

311 2938 463 2968 mortuum)
483 2937 541 2962 Vat.
558 2938 620 2970 post
639 2938 762 2963 mortem.

382 2980 392 2995 ὃ
412 2981 486 3007 vers.
507 2982 530 3013 l,
550 2984 609 3013 post
627 2987 706 3014 quom
727 2981 744 3006 l.
763 2981 855 3006 Thess.
875 2981 905 3012 2,
930 2980 1018 3006 14-16.

382 3025 392 3039 ⁴
412 3026 488 3052 vers.
508 3026 549 3051 15.
568 3039 603 3044 -
623 3025 679 3051 Duo
699 3032 772 3058 seqq.
792 3025 840 3051 loci
859 3028 920 3051 sunt
938 3025 1003 3051 Dan.
1023 3025 1052 3055 9,
1066 3025 1108 3050 26.
1127 3027 1152 3050 et
1170 3024 1226 3050 lsai.
1244 3024 1268 3057 l,

312 3071 354 3096 21.
375 3070 425 3097 Ctr.
444 3071 568 3102 August.,
587 3071 702 3095 Ennrrat.
722 3070 748 3095 in
768 3071 808 3096 Ps.
827 3070 870 3096 73.
891 3077 916 3095 n.
936 3070 966 3103 3;
986 3070 1011 3105 in
1031 3070 1071 3095 Ps.
1091 3070 1133 3095 88.
1154 3072 1267 3095 enarrat.

312 3114 337 3139 2.
356 3121 380 3139 n.
400 3114 425 3139 7.
445 3118 470 3140 et
489 3114 514 3139 in
540 3115 610 3140 loun.
629 3115 729 3146 Evang.
748 3117 779 3140 tr.
804 3114 845 3140 49.
865 3122 890 3140 n.
910 3115 952 3140 26.
972 3128 1007 3133 -
1026 3114 1134 3140 lnserius
1157 3121 1206 3146 pro
1229 3120 1268 3140 re-

311 3165 397 3192 ynare
415 3165 497 3192 super
516 3164 560 3185 eos
580 3158 610 3191 (B
620 3158 641 3183 11
660 3165 742 3192 super
760 3160 800 3191 se)
821 3158 878 3185 Vnt.
898 3165 998 3192 renem.

381 3200 392 3216 ³
410 3202 485 3228 Vers.
506 3202 547 3228 19.
566 3205 591 3228 et
609 3202 706 3229 deinde
724 3202 779 3229 lsai.
802 3203 831 3234 1,
851 3203 876 3229 2.

382 3245 393 3261 ⁶
412 3246 463 3273 (Σίν.
482 3254 561 3279 supra
581 3254 605 3272 n.
627 3247 670 3272 18.
688 3260 724 3266 -
742 3247 893 3274 lmmediate
911 3250 970 3280 post
992 3254 1040 3280 pro
1060 3253 1139 3281 quem
1160 3239 1268 3281 attidem

312 3288 420 3316 CDFll
442 3297 523 3324 quam
542 3289 656 3324 quidem.

384 3332 393 3348 ⁷
414 3334 489 3360 Vers.
508 3335 555 3365 16;
581 3335 686 3361 tertium
711 3334 822 3361 hebetur
847 3343 872 3360 v.
893 3336 941 3367 20,
965 3334 1011 3361 ubl
1036 3342 1084 3368 pro
1110 3336 1144 3363 Et
1171 3335 1268 3363 tertius

313 3378 357 3410 (ita
376 3378 454 3403 etiam
473 3379 502 3404 B.
521 3378 630 3411 Albert.‚
650 3380 676 3405 S.
695 3379 799 3412 Thom.,
817 3378 873 3405 Cot.
891 3386 970 3405 aurea
990 3380 1015 3405 in
1034 3380 1095 3406 Luc.
1116 3380 1165 3413 19,
1193 3386 1220 3406 n.
1242 3380 1268 3405 2.

313 3425 338 3447 ct
356 3423 498 3454 Gorrunus)
518 3422 576 3449 Vnt.
595 3429 655 3449 cum
676 3423 786 3456 Vulgata
807 3423 840 3451 Et
858 3422 945 3457 aller,·
964 3427 1086 3457 quartum
1103 3427 1142 3450 est
1160 3431 1186 3450 v-
1206 3423 1250 3450 27.

875 273 1068 307 COMMENT.
1094 272 1130 304 IN
1156 268 1392 304 EVANGELIUM
1417 266 1534 300 LUCAE
1558 265 1589 298 C.
1614 265 1689 297 XIX.

1317 355 1490 393 omniam‚·
1525 353 1682 391 secundo,
1718 355 1867 394 respecta
1898 359 2075 383 servorum
2109 349 2276 392 fidelium,
2424 369 2426 375 ·

1316 409 1358 441 ibi
1380 409 1413 440 ⁷:
1448 408 1536 440 Venit
1574 411 1686 439 autem
1706 405 1843 448 primus
1877 404 2012 442 dieens;
2047 403 2141 437 tertio
2172 412 2279 445 respe-
2425 413 2428 444 l

1317 465 1370 494 eta
1405 459 1661 503 neyliyentiam,
1697 458 1762 491 ibi:
1799 458 1840 490 Et
1875 457 1993 490 tertias
2027 456 2116 489 venit
2144 455 2279 493 dieens;
2426 445 2428 488 Ι

1317 517 1432 556 quarto
1463 516 1611 555 respectu
1642 510 1835 549 rebellium,
1860 509 1922 542 ibi:
1953 510 2185 542 Verumtamen
2215 508 2281 541 ini-
2426 492 2430 572 ι
2469 521 2476 544 ‚2

1317 566 1420 599 mices
1442 575 1530 598 meos
1552 568 1612 598 ete.
2428 575 2429 578 ¹
2470 557 2476 594 ἶ.

1407 620 1529 651 Statum
1554 620 1660 650 autem
1683 616 1790 650 iudicii
1814 616 1851 649 in
1872 615 2023 659 generali
2044 615 2194 649 describit
2224 615 2281 662 trij
2312 621 2342 669 ξι
2351 585 2431 659 aeneai

1318 672 1455 714 pliciter,
1481 671 1599 704 scilicet
1629 674 1786 713 quantum
1810 669 1849 702 ad
1873 669 1974 712 ipsius
1997 669 2110 702 iudicis
2140 668 2281 711 appari·
2300 649 2432 722 {iig}qe¹r¹¹{g¹

1319 726 1438 758 tionem
1462 722 1696 766 manifestam,
1722 723 1900 756 iussionem
1919 721 2152 765 potestativam
2176 725 2207 755 et
2232 721 2281 754 ιἠ-
2300 707 2342 749 igi.
2366 706 2432 738 “¹²¹9

1319 777 1555 822 quisicz‘onemss
1580 777 1780 810 districtam.
2432 777 2434 804 l

1409 831 1512 864 Primo
1529 831 1626 873 igitur
1645 834 1801 873 quantum
1824 829 1864 862 ad
1887 829 2011 862 iudicis
2035 828 2283 871 apparitionem
2302 833 2378 864 quad
2392 833 2435 866 5¹¹⁶.

1319 883 1537 927 manifestam
1567 883 1660 917 dicit:
1686 884 1725 915 Et
1747 882 1878 926 factam
1901 887 1966 922 est,
1992 886 2029 929 ut
2057 882 2198 921 rediret,
2226 891 2283 920 ae-
2314 866 2435 908 33:123&

1921 936 1927 941 ,
2014 938 2017 940 ,
2145 935 2150 940 ,
2275 935 2280 940 ,
2316 913 2424 935 nitentem.

1320 942 1409 980 cepto
1432 947 1543 980 reyno.
1576 936 1728 969 Glossa⁹:
1758 949 1774 965 α
1797 936 1860 969 Hoc
1881 940 1961 975 erit,
1994 935 2121 978 quando·
2143 935 2196 968 ille
2226 944 2283 981 qui
2364 941 2366 943 '

1320 990 1451 1024 humilis
1474 990 1640 1032 apparuit,
1664 990 1696 1022 in
1722 989 1976 1027 manifestissima
1999 988 2142 1022 claritate
2165 987 2284 1021 iudica-

1321 1048 1415 1077 turus
1437 1043 1582 1076 adveniet
1598 1054 1629 1082 »;
1654 1042 1852 1084 Apocalypsis
1875 1041 2012 1083 primoz'
2029 1054 2044 1070 α
2063 1041 2157 1080 Ecce,
2182 1040 2285 1074 veniet

1321 1106 1392 1131 cum
1417 1096 1574 1135 nubibus,
1599 1099 1631 1128 et
1654 1095 1771 1128 videbit
1794 1103 1867 1128 eum
1885 1094 1994 1128 ,omnis
2016 1095 2147 1134 oculus,
2175 1097 2207 1127 et
2229 1094 2285 1137 qui

1321 1159 1393 1184 eum
1419 1151 1672 1192 pupugerunt».
1702 1148 1790 1180 Tunc
1820 1147 1904 1180 enim
1922 1147 1989 1183 erit
2011 1146 2212 1190 manifestus
2233 1147 2286 1180 ille

1321 1203 1476 1236 adventus
1492 1202 1560 1235 eius
1575 1214 1582 1241 ;
1599 1201 1683 1234 unde
1699 1210 1797 1243 supra
1812 1200 1934 1234 decimo
1948 1200 2083 1243 septimo
2097 1200 2140 1233 ¹0:
2167 1213 2183 1229 α
2199 1200 2287 1234 Sicut

1321 1257 1429 1299 fulgur
1445 1256 1484 1289 de
1500 1255 1586 1305 caelo
1603 1255 1634 1287 in
1650 1263 1687 1287 ea
1703 1263 1785 1297 quae
1801 1254 1861 1287 sub
1877 1254 1963 1287 caelo
1984 1258 2074 1294 sunt,
2099 1254 2219 1297 sulget;
2243 1254 2287 1287 ita

1321 1310 1383 1343 erit
1405 1312 1436 1342 et
1459 1309 1613 1342 adventus
1635 1307 1701 1340 Filii
1726 1307 1861 1341 hominis
1878 1320 1908 1347 »;
1941 1307 2034 1350 quia,
2066 1307 2147 1341 sicut
2169 1307 2287 1341 dicitur

1322 1363 1442 1406 primae
1458 1362 1497 1395 ad
1513 1361 1692 1394 Corinthios
1708 1364 1840 1403 quarto,
1867 1374 1882 1389 «
1898 1360 2091 1394 illuminabit
2105 1361 2288 1399 abscondita

1323 1416 1533 1450 tenebrarum.
1552 1418 1583 1448 et
1606 1413 1817 1447 manifestabit
1839 1413 1968 1447 consilia
1990 1413 2134 1447 cordium
2149 1427 2180 1446 n.
2198 1414 2288 1456 Quod

1324 1473 1429 1502 autem
1454 1468 1570 1501 dicitur
1586 1469 1678 1500 Amos
1701 1467 1834 1510 quinto:
1865 1480 1880 1496 «
1896 1467 1969 1500 Dies
1993 1466 2116 1500 Domini
2140 1467 2288 1500 tenebrae

1324 1526 1355 1555 et
1386 1531 1449 1554 non
1481 1521 1557 1560 lux,
1590 1520 1689 1563 caligo
1720 1524 1751 1553 et
1782 1529 1844 1553 non
1876 1519 2024 1562 splendor
2040 1533 2073 1559 n,
2101 1519 2288 1562 intelligitur

1324 1578 1479 1617 quantum
1511 1574 1550 1607 ad
1582 1574 1736 1616 superbos
1767 1578 1798 1607 et
1829 1573 1960 1616 impios,
1992 1582 2072 1616 quos
2101 1573 2289 1606 tenebrosus

1326 1628 1421 1661 turbo
1444 1627 1599 1666 involvet,
1624 1630 1655 1660 et
1679 1627 1847 1667 tollentur,
1872 1636 1912 1661 ne
1936 1626 2062 1660 videant
2083 1626 2207 1660 Domini
2227 1626 2289 1660 cla—

1325 1682 1462 1715 ritatem.

1415 1735 1467 1768 23.
1493 1734 1636 1767 Secundo
1660 1737 1815 1776 quantum
1845 1733 1884 1766 ad
1915 1732 2097 1766 iussionem
2122 1731 2290 1775 potestati·
2301 1736 2445 1785 Qfoaflirsiw

1325 1799 1403 1821 vam
1427 1788 1555 1821 subdit:
1580 1788 1741 1826 Jussttss,
1766 1786 1885 1820 vocari
1906 1795 2037 1825 Servos,
2055 1785 2176 1829 quibus
2188 1794 2288 1828 pecu·
2322 1769 2441 1839 3ξίξῖἕέ

1325 1842 1421 1875 niam
1452 1841 1549 1874 dedit.
1582 1841 1662 1873 Haec
1694 1843 1801 1873 autern
1826 1838 1924 1872 iussio
1946 1848 2100 1871 summae
2120 1839 2290 1881 potestatis
2401 1833 2407 1839 ’

1326 1896 1404 1934 erit,
1429 1894 1504 1937 quia
1527 1890 1621 1927 etiam
1643 1896 1786 1925 mortuos
1803 1891 1984 1931 suscitabit;
2001 1891 2122 1934 primae
2138 1892 2177 1925 ad
2193 1892 2291 1926 Thes-

1326 1947 1535 1994 salonicenses
1546 1949 1675 1989 quarto:
1693 1958 1709 1974 «
1725 1946 1792 1987 lpse
1805 1945 1957 1978 Dominus
1969 1945 2000 1978 in
2014 1945 2103 1979 iussu
2120 1949 2151 1979 et
2166 1946 2198 1979 in
2216 1955 2291 1980 voce

1326 2000 1512 2043 Archangeli
1544 2003 1575 2033 et
1607 1999 1638 2031 in
1671 1998 1747 2031 tuba
1778 1997 1834 2030 Dei
1865 1998 2033 2032 descendet
2063 1999 2102 2032 de
2133 1999 2236 2039 caelo,
2260 2003 2291 2033 et

1327 2053 1464 2092 mortui,
1489 2052 1544 2095 qui
1561 2052 1592 2084 in
1609 2051 1735 2084 Christo
1751 2054 1843 2090 sunt,
1868 2056 2037 2094 resurgent
2053 2052 2147 2095 primi
2163 2066 2194 2085 ».
2212 2053 2292 2086 Haec

1327 2111 1433 2140 autem
1457 2105 1555 2139 iussio
1586 2104 1646 2138 erit
1670 2107 1701 2137 et
1725 2104 1762 2136 in
1780 2104 1926 2146 propria
1948 2105 2088 2145 virtute,
2114 2106 2291 2139 secundum

1327 2160 1405 2193 illud
1428 2158 1551 2192 Ioannis
1574 2157 1685 2200 quinto
1698 2157 1743 2189 12:
1773 2170 1789 2186 «
1806 2157 1898 2191 Venit
1921 2157 2018 2198 hora,
2035 2158 2067 2191 in
2084 2168 2148 2201 qua
2163 2168 2290 2199 omnes,

1327 2213 1382 2255 qui
1406 2212 1439 2245 in
1461 2210 1674 2244 monumentis
1697 2213 1790 2250 sunt,
1814 2210 1942 2244 audient
1965 2220 2072 2244 vocem
2098 2211 2164 2244 Filii
2188 2212 2243 2245 Dei
2260 2225 2290 2245 n.

1330 2265 1396 2298 Erit
1427 2264 1521 2298 etiam
1550 2273 1611 2306 per
1642 2262 1832 2306 angelicum
1862 2263 2112 2303 ministerium
2136 2264 2292 2298 secundae

1328 2319 1367 2352 ad
1391 2317 1684 2351 Thessalonicenses
1707 2316 1830 2358 primo:
1860 2329 1876 2345 «
1893 2317 1924 2349 In
1949 2317 2140 2350 revelatione
2169 2317 2291 2351 Domini

1328 2371 1429 2405 nostri
1452 2371 1522 2404 Iesu
1538 2369 1657 2402 Christi
1670 2369 1709 2402 de
1725 2369 1811 2402 caelo
1827 2378 1901 2402 cum
1917 2370 2040 2412 Angelis
2057 2370 2185 2404 virtutis
2201 2371 2288 2411 eius,

1329 2425 1360 2457 in
1384 2424 1512 2457 flamma
1536 2422 1616 2465 ignis
1646 2421 1749 2455 dantis
1780 2422 1949 2456 vindictam
1966 2435 1996 2462 »;
2029 2423 2114 2457 unde
2145 2424 2292 2458 Matthaei
2462 2450 2463 2462 .

1329 2477 1449 2511 decimo
1473 2476 1587 2510 tertio:
1617 2489 1632 2504 α
1650 2475 1749 2508 Mittet
1772 2475 1868 2509 Filius
1884 2476 2020 2510 hominis
2043 2477 2175 2520 Angelos
2199 2486 2290 2518 suos,
2462 2490 2463 2519 l

1329 2533 1361 2563 et
1376 2530 1530 2572 colligent
1554 2528 1592 2562 de
1616 2537 1714 2571 regno
1737 2529 1806 2562 eius
1829 2530 1934 2563 omnia
1957 2530 2103 2564 scandala
2119 2534 2150 2564 et
2167 2539 2220 2564 eos
2235 2530 2291 2573 qui
2462 2522 2463 2543 ¹

1329 2583 1448 2616 faciunt
1471 2582 1667 2624 iniquitatem
1684 2595 1715 2614 n.
1733 2582 1929 2625 Congregant
1945 2583 2039 2617 etiam
2056 2584 2155 2617 bonos
2171 2583 2290 2617 virtute

1331 2639 1362 2668 et
1374 2634 1536 2668 velocitate
1549 2637 1696 2673 naturae;
1712 2634 1906 2668 Psalmus¹³:
1926 2649 1941 2664 α
1953 2636 2128 2669 Benedicite
2146 2636 2291 2676 Domino,

1402 2800 1412 2815 ⁶
1432 2801 1516 2828 Codd.
1535 2800 1553 2827 C
1565 2801 1617 2826 DH
1636 2800 1848 2835 disquisitionem
1857 2810 1867 2833 ,·
1886 2801 1956 2827 idem
1972 2801 2082 2828 recurrit
2101 2802 2166 2828 infra
2186 2809 2213 2828 n.
2232 2802 2275 2828 24.

1402 2844 1413 2860 ⁹
1433 2846 1535 2872 Scilicet
1554 2844 1736 2872 interlinearis
1756 2845 1798 2878 (ex
1817 2845 1902 2878 Beda,
1922 2846 1967 2879 qui
1987 2846 2106 2880 sequitur
2119 2847 2230 2879 August.
2249 2854 2293 2873 su-

1331 2897 1377 2923 pra
1398 2898 1460 2923 pag.
1480 2890 1545 2922 479,
1564 2894 1624 2916 notu
1646 2890 1688 2917 13.
1707 2890 1875 2922 allegatum),
1895 2894 2047 2924 postquam
2068 2892 2148 2923 Apoc.
2170 2892 2199 2923 l,
2219 2892 2243 2917 7.

1403 2933 1425 2949 ¹⁰
1446 2935 1520 2961 vers.
1539 2934 1590 2965 24;
1610 2935 1658 2960 cfr.
1677 2935 1763 2960 Matlh.
1784 2934 1832 2966 26,
1852 2935 1894 2961 27.
1907 2949 1943 2954 -
1956 2935 2014 2961 Duo
2033 2942 2108 2969 seqq.
2127 2935 2177 2961 loci
2196 2939 2257 2962 sunt
2275 2936 2292 2961 l.

1331 2980 1391 3007 Cor.
1411 2979 1441 3012 4,
1460 2979 1485 3005 5.
1504 2982 1529 3005 et
1553 2980 1633 3005 Ainos
1653 2979 1683 3010 5,
1703 2979 1752 3010 20,
1772 2986 1852 3012 quem
1873 2979 2005 3012 explicans
2023 2979 2131 3005 Hieron.
2144 2979 2196 3006 ait:
2210 2980 2237 3006 ln
2251 2986 2292 3007 ca-

1332 3023 1412 3058 liqine
1430 3026 1518 3049 autem
1539 3026 1564 3049 et
1583 3021 1711 3054 tenebris,
1730 3029 1799 3056 quae
1818 3023 1946 3049 contraria
1966 3026 2027 3049 sunt
2040 3023 2091 3049 luci
2104 3026 2130 3049 et
2142 3023 2292 3056 splendori,

1331 3070 1520 3094 tormentorum
1541 3066 1680 3093 diversitas
1699 3067 1853 3103 explicatur.
1871 3080 1906 3086 —
1924 3067 2033 3093 lnserius
2052 3067 2113 3093 voci
2131 3065 2292 3101 intelligitur

1331 3113 1410 3139 codd.
1429 3112 1579 3145 praefigunt
1598 3111 1645 3138 ita.

1402 3157 1423 3172 ¹¹
1444 3157 1508 3184 Cod.
1527 3157 1548 3182 ΙΙ
1568 3163 1629 3183 cum
1649 3156 1763 3188 Vulgata
1785 3155 1819 3183 Et
1837 3154 1926 3183 iussit.
1945 3169 1978 3175 ——
1999 3155 2116 3182 Subinde
2129 3155 2256 3188 allegatur
2274 3155 2292 3181 l.

1333 3203 1425 3229 Thess.
1445 3201 1475 3233 4,
1496 3201 1537 3227 16.

1403 3245 1425 3260 ¹²
1444 3245 1519 3272 Vers.
1541 3245 1587 3278 28,
1607 3247 1667 3277 post
1686 3251 1766 3277 quem
1786 3243 1930 3276 allegantur
1949 3243 1976 3269 ll.
1996 3244 2087 3270 Thess.
2109 3243 2133 3275 l,
2151 3242 2177 3269 7.
2196 3249 2251 3276 seq.
2267 3244 2293 3268 et

1332 3292 1419 3317 Matth.
1441 3290 1489 3322 ⁴3,
1510 3289 1554 3316 4⁴.

1403 3333 1425 3348 ¹⁸
1444 3334 1538 3360 psalm.
1559 3333 1624 3365 102,
1643 3332 1687 3358 20.
1699 3345 1734 3352 --
1747 3331 1798 3358 Csr.
1818 3331 1859 3358 lv.
1880 3332 1949 3358 Sent.
1970 3331 1996 3357 d.
2017 3331 2059 3357 43.
2078 3330 2142 3357 dub.
2159 3331 2182 3356 l.
2196 3337 2252 3363 seq.
2267 3333 2293 3356 et.

1332 3378 1358 3405 d.
1379 3378 1422 3405 47.
1441 3377 1505 3405 dub.
1526 3378 1551 3404 3.
2472 3373 2474 3401 ἰ
