2476 3921
187 672 304 702 Confitetur

197 703 304 726 propriam

200 726 290 752 culpam.

165 991 189 1011 Et
197 988 275 1018 Chris-ti
284 988 314 1008 in-

178 1018 306 1037 nocentiam.

165 1359 226 1383 Item,
243 1357 311 1379 excel-

173 1386 259 1415 lentiam
275 1390 311 1411 po-

175 1414 263 1433 tentiae.

185 1834 316 1856 Notandum.

319 310 382 341 580

319 397 413 434 aller,
431 392 623 436 increpabat
638 401 712 424 eam
729 390 857 423 diceas:
873 388 980 431 Neque
998 392 1033 419 lu
1050 386 1142 419 limes
1160 385 1280 423 Deum,

320 450 406 493 qaod
430 449 465 481 in
500 447 612 480 eadem
647 443 860 478 damnatione
888 442 944 474 es!
977 440 1066 482 Quod
1099 439 1174 472 dicit
1196 438 1281 471 dete-

321 502 430 536 stando
453 501 599 534 alienam
623 498 772 540 culpam,
803 496 887 538 quod
911 497 959 528 est
982 502 1062 536 opus
1077 501 1152 525 vere
1176 491 1282 533 poeni-

322 556 432 594 tentis,
457 553 631 587 secundum
662 551 739 584 illud
763 550 801 582 ad
832 548 980 590 Ephesios
1008 546 1161 589 quinto¹:
1192 557 1207 573 «
1224 545 1283 577 No-

324 610 375 642 lite
400 607 630 641 communicare
654 604 804 647 operibus
828 600 1031 635 infructuosis
1059 599 1282 636 tenebrarum,

323 662 421 704 magis
444 663 549 693 autem
574 658 753 700 redarguite
770 670 800 688 ».
830 674 871 679 ——
900 655 960 687 Nec
985 655 1108 685 tantum
1132 651 1283 689 alienam,

325 724 436 748 verum
467 714 559 746 etiam
591 721 710 749 etiaim
742 709 825 743 unde
854 708 959 741 addit:
996 708 1033 739 El
1064 715 1124 738 nos
1152 704 1284 748 quidem

327 768 428 805 iastc,·
452 776 534 799 pam
558 766 661 808 cliyna
678 763 778 806 factis
794 762 984 803 recipimus
1012 760 1047 791 Et
1064 760 1122 791 hoc
1147 761 1194 791 est
1210 766 1285 790 vere

327 821 566 863 poenitentium,
592 818 763 851 secundum
783 815 859 848 illud
885 814 1021 847 Danielis
1046 812 1179 845 tertio²z
1203 823 1218 839 «
1236 810 1285 842 lu-

327 878 393 907 stus
417 882 464 911 es,
488 872 634 910 Domine,
660 870 690 902 in
708 869 870 906 omnibus,
895 876 975 909 quae
999 865 1098 898 fecisti
1126 864 1230 902 nobis,
1255 866 1286 895 et

328 927 474 959 universa
490 934 585 967 opera
606 928 660 956 tua
677 932 752 956 vera
765 934 800 960 »3
829 935 843 949 «
858 920 1057 962 peccavimus
1078 918 1161 951 enim
1185 920 1216 950 et
1232 917 1286 949 ini-

327 989 388 1022 que
405 980 535 1021 egimus,
549 977 729 1010 recedentes
746 984 764 1007 a
780 978 810 1007 te
823 987 853 1005 ».
869 992 909 996 —
924 973 984 1005 Nec
997 972 1079 1004 enim
1093 970 1287 1012 recognoscit

328 1036 447 1065 tantum
473 1031 597 1074 culpam
614 1028 790 1070 propriam,
812 1034 923 1058 verum
941 1025 1033 1057 etiam
1053 1023 1178 1056 Christi·
1193 1023 1286 1055 iimo-

327 1085 466 1118 centiam
496 1083 689 1126 praedicam
720 1080 804 1113 unde
836 1079 962 1112 subdit:
995 1078 1057 1109 Hic
1094 1086 1168 1109 vero
1203 1074 1289 1108 nihil

326 1138 410 1170 mali
431 1137 545 1180 pes-sil,
571 1134 744 1168 secundun]
761 1132 838 1165 illud
863 1132 982 1173 primae
1001 1130 1080 1163 Petri
1105 1128 1286 1162 sccundo³:

333 1205 348 1220 «
365 1192 423 1233 Qui
448 1192 610 1232 peccatum
636 1197 698 1220 non
722 1187 808 1225 fecit,
826 1194 884 1218 nec
908 1185 1054 1217 inventus
1075 1187 1122 1217 est
1142 1183 1232 1216 dolus
1256 1182 1288 1214 in

328 1253 382 1277 ore
407 1244 475 1276 eius
492 1257 521 1274 ».

419 1297 469 1328 50.
496 1296 596 1335 (Vers.
622 1294 699 1333 A2.).
733 1294 793 1326 Nec
825 1293 908 1325 enim
941 1290 1135 1333 recognoscit
1166 1292 1289 1321 tantum

332 1349 537 1382 innocentiam
564 1348 659 1386 vitae,
684 1356 796 1379 verum
820 1346 913 1378 etiam
937 1343 1158 1377 excellentiam
1178 1347 1290 1384 poten-

332 1403 396 1435 tiae
405 1414 415 1441 ;
440 1406 470 1434 et
495 1401 563 1434 ideo
587 1400 766 1442 subiungit:
793 1401 834 1432 El
856 1398 983 1431 (licebat
1007 1397 1053 1429 αα
1076 1397 1204 1428 lesam:
1227 1395 1290 1427 Do-

331 1456 436 1494 mine,
472 1458 629 1487 iizemcnlo
666 1453 748 1491 mei,
785 1453 887 1485 cam¹¹
922 1451 1048 1483 veneris
1084 1450 1120 1481 ia
1150 1458 1290 1491 reginam

332 1513 444 1545 tuum·
469 1508 500 1540 in
524 1517 587 1549 quo
612 1507 705 1539 simul
733 1506 901 1538 confitetur
925 1503 1039 1536 Christi
1073 1501 1291 1535 excellentiam

333 1563 467 1604 regalem
504 1565 534 1593 et
566 1561 643 1602 petit
674 1560 784 1601 culpae
824 1558 1061 1591 relaxationem.
1099 1556 1147 1588 Sic
1179 1555 1289 1587 orabat

333 1615 514 1652 Nehemias;
540 1613 705 1646 Nehemiae
729 1611 883 1654 quinto⁵z
911 1611 1092 1642 «Memento
1116 1608 1191 1647 mei,
1209 1608 1293 1640 Deus

334 1678 439 1706 meus,
464 1668 494 1699 in
519 1667 636 1699 bonum
654 1678 687 1703 »ς
711 1666 866 1698 Psalmus:
897 1677 911 1692 «τ
930 1663 1139 1696 Reminiscere
1162 1662 1292 1694 misera-

335 1722 454 1754 tionum
479 1725 622 1758 tuarum,
646 1719 778 1751 Domine
795 1732 810 1747 »
832 1721 908 1756 etc.;
926 1721 957 1750 et
980 1717 1114 1749 iterum:
1144 1728 1159 1744 «
1177 1716 1293 1748 Secun-

335 1775 410 1807 dum
435 1773 681 1806 misericordiam
706 1776 792 1804 tuam
816 1774 972 1803 memento
997 1770 1056 1802 mei
1082 1774 1136 1807 tu,
1165 1770 1294 1810 propter

337 1827 506 1859 bonitatem
523 1829 621 1863 tuam,
638 1825 767 1866 Domine
784 1837 813 1855 ».
830 1841 870 1846 —
888 1824 1022 1864 Apparet
1038 1821 1145 1863 igitur,
1162 1820 1245 1862 quod
1262 1820 1294 1852 in

338 1878 458 1910 latrone
490 1877 549 1909 hoc
580 1876 639 1908 fuit
670 1875 793 1907 veritas
815 1874 893 1916 fidei
920 1877 951 1906 et
982 1872 1143 1915 confessio
1174 1872 1298 1904 verita-¹

339 1931 398 1969 cis,
423 1929 619 1971 reprobando
642 1929 776 1966 malum,
800 1926 1001 1968 approbando
1025 1926 1143 1958 bonum
1159 1928 1190 1957 et
1214 1932 1296 1957 asse:

340 1983 436 2015 rende
461 1991 590 2020 verum;
608 1981 667 2013 fuit
690 1980 783 2013 etiam
799 1979 997 2021 supplicatio
1021 1977 1194 2010 orationis.
1212 1976 1297 2009 Unde

339 2036 485 2069 Glossassz
508 2036 648 2076 «Magna
671 2034 771 2076 gratia
795 2033 825 2065 in
852 2034 909 2065 hoc
926 2033 1046 2064 latrone
1070 2031 1203 2069 eminet;
1227 2030 1298 2062 nul-

343 2091 406 2123 lum
442 2083 618 2121 membrum
643 2097 659 2120 a
695 2087 848 2129 supplicio
872 2087 1007 2119 liberum
1044 2085 1138 2118 habet
1173 2087 1298 2126 praeter

342 2153 395 2176 cor
420 2146 450 2175 et
474 2142 629 2184 linguam
654 2144 771 2179 totum,
796 2140 880 2183 quod
904 2140 1039 2172 liberum
1065 2138 1172 2177 habet,
1190 2137 1297 2176 offert3

343 2196 441 2229 credit
464 2195 571 2234 corde,
596 2195 763 2227 confitetur
786 2203 888 2226 ore».
914 2193 949 2225 Et
974 2193 1005 2225 in
1028 2192 1089 2225 hoc
1112 2194 1242 2233 apparet
1263 2190 1298 2222 il-

344 2249 397 2281 lud
414 2248 496 2291 quod
513 2248 627 2280 dicitur
644 2257 740 2289 supra
755 2247 875 2280 decimo
892 2245 1061 2288 septimo⁷:
1091 2258 1106 2274 «
1120 2245 1189 2277 Duo
1205 2246 1300 2277 erunt

344 2303 374 2334 in
397 2311 489 2344 agr0;
514 2311 598 2334 unus
620 2304 813 2339 assumetur,
839 2303 869 2333 et
885 2300 963 2332 alter
988 2299 1187 2341 relinquetur
1203 2311 1234 2337 »,
1251 2306 1299 2331 se-

344 2355 482 2388 cundum
506 2354 749 2400 profunditatem
775 2353 952 2386 divinorum
979 2352 1177 2385 iudiciorum.

417 2568 425 2582 ¹
448 2569 520 2593 Vers.
543 2569 583 2593 Μ.
606 2582 640 2586 -
662 2568 785 2599 Cragon,
810 2568 836 2594 ΙΙ.
856 2568 948 2592 Homil.
976 2568 1001 2592 in
1022 2568 1121 2598 Ex'ang.
1150 2567 1239 2593 homil.
1259 2568 1302 2592 25.

347 2620 370 2638 n.
392 2613 437 2637 lO:
458 2612 528 2637 Alius
547 2615 636 2637 contra
656 2612 804 2643 proximum
824 2618 902 2636 suum
923 2611 947 2636 in
967 2611 1062 2636 malitia
1083 2611 1242 2636 crudelitatis
1262 2617 1301 2635 ex-

347 2657 421 2688 arsit;
441 2656 548 2688 aspiciat
567 2657 707 2685 latronem,
727 2655 811 2687 quiet
830 2655 855 2680 in
875 2655 932 2686 ipso
951 2655 1041 2680 mortis
1055 2655 1162 2680 articulo
1181 2655 1214 2680 ad
1235 2654 1303 2679 vitae

347 2701 463 2733 praemia
483 2700 640 2732 poenitendo
660 2700 787 2731 pervenit.

418 2744 428 2759 ²
447 2745 522 2770 Vers.
542 2744 584 2769 27.
604 2747 629 2769 et
648 2744 694 2774 29;
723 2745 768 2768 cfr.
792 2744 821 2774 9,
851 2743 892 2768 Μ.
912 2750 967 2775 seq.
987 2757 1016 2760 —-
1040 2743 1147 2767 Inferius
1176 2749 1224 2774 pro
1251 2741 1304 2768 Nec

347 2788 417 2815 enim
437 2790 542 2814 tantam
562 2788 583 2812 D
602 2787 657 2814 Nec
676 2788 794 2818 lantum,
816 2785 873 2811 Vnt.
893 2786 947 2812 Nec
966 2785 1047 2811 ctiam
1066 2787 1180 2811 lantum.

419 2830 429 2845 ¹³
450 2832 523 2857 Vers.
544 2832 586 2857 22.

418 2874 429 2889 ⁴
449 2875 531 2903 Codd.
551 2874 632 2901 ACD
658 2874 739 2906 clum,·
764 2874 796 2899 ita
817 2874 894 2899 etiam
919 2873 1040 2904 Gregor.,
1067 2872 1154 2897 xviii.
1176 2872 1262 2897 llleral.
1282 2878 1304 2896 c.

350 2920 391 2946 to.
411 2927 436 2945 n.
456 2920 498 2945 64.
511 2933 546 2939 —
559 2920 686 2951 Superius
705 2921 765 2950 post
784 2918 838 2945 Nec
853 2918 909 2943 Vat.
930 2917 1097 2949 prosequitur
1112 2917 1217 2942 lantum
1227 2922 1305 2949 prae-

349 2964 421 2991 dicat
439 2963 538 2990 Christi
549 2962 729 2990 innocentiam
747 2965 796 2988 etc.
810 2962 916 2988 inferius
935 2968 981 2993 pro
995 2960 1089 2994 culpae
1108 2959 1306 2986 relaxationem

350 3009 399 3041 (ita
418 3008 510 3041 ACII)
541 3009 590 3033 EG
618 3006 829 3034 misericorditer
854 3006 923 3039 (Vat.
953 3004 1166 3035 misericordiae)
1195 3003 1306 3030 relam-

349 3052 455 3079 tionem.

419 3096 430 3111 ⁵
449 3096 518 3122 Libr.
539 3097 566 3122 ll.
585 3096 658 3122 Esdr.
677 3096 708 3128 5,
729 3096 774 3128 19,
794 3098 853 3127 post
871 3102 950 3128 quem
971 3095 1010 3120 vs.
1025 3094 1072 3126 24,
1091 3094 1116 3119 6.
1135 3096 1161 3119 et
1178 3093 1205 3118 7.

420 3140 431 3155 θ
451 3141 552 3167 Scilicet
570 3139 713 3167 ordimria
727 3139 766 3173 (ex
786 3139 869 3170 Beda,
888 3139 934 3172 qui
948 3139 1065 3171 sequitur
1077 3139 1198 3169 Gregor„
1219 3137 1305 3163 XVlll.

351 3185 439 3210 Moral.
457 3192 480 3211 c.
501 3184 542 3210 an.
562 3191 587 3210 n.
607 3183 660 3216 64.)
686 3184 710 3209 in
730 3184 793 3209 Luc.
813 3183 859 3214 23,
884 3182 925 3208 42.
949 3183 974 3207 ln
995 3182 1046 3207 ssne
1069 3181 1206 3213 respicitur
1231 3181 1306 3206 Rom.

352 3229 398 3261 10,
422 3230 466 3254 1οι
487 3228 571 3254 Corde
594 3228 664 3253 enim
685 3227 799 3253 ereditur
824 3226 857 3252 ad
877 3226 1013 3257 iustitiam,
1032 3233 1078 3251 ore
1101 3228 1188 3250 autem
1209 3225 1308 3250 confes-

351 3273 389 3298 sio
409 3273 437 3298 flt
456 3273 489 3298 ad
509 3273 628 3298 salutem.

421 3315 431 3331 ⁷
452 3317 525 3343 Vers.
546 3316 588 3342 35.
602 3330 633 3335 —
649 3316 757 3342 inferius
776 3318 835 3347 post
855 3314 1016 3341 iudiciorum
1036 3314 1054 3339 B
1074 3312 1177 3339 exhibet
1189 3313 1307 3339 Glossam

351 3361 521 3389 ordinariam
541 3361 598 3394 (cfr.
614 3364 674 3386 nota
689 3360 874 3393 praecedens),
888 3358 1032 3385 secundum
1046 3365 1126 3391 quam
1141 3359 1205 3384 latro
1218 3357 1309 3383 habuit

352 3410 403 3432 tres
422 3407 530 3431 virtutes
550 3405 718 3437 theologicas.

422 3448 433 3463 θ
453 3449 521 3475 Libr.
543 3449 576 3475 x.
596 3450 622 3474 in
642 3449 702 3474 Luc.
723 3455 745 3474 c.
766 3449 809 3473 23.
828 3455 854 3473 n.
875 3447 934 3474 421.

891 298 1085 332 COMMENT.
1110 297 1146 330 IN
1170 295 1409 329 EVANGELIUM
1433 292 1550 326 LUCAE
1575 292 1607 324 C.
1633 290 1732 323 xxiii.

1436 384 1488 415 51.
1513 381 1614 423 (Vers.
1640 381 1717 420 43).
1743 380 1862 421 Quarto
1886 381 2040 420 quantum
2057 376 2096 409 ad
2120 375 2304 409 misericor·
2327 372 2439 406 interito:¹¹

1346 436 1439 469 diam
1457 434 1644 468 Salvatorz's
1660 432 1837 474 subiungit:
1857 432 1897 464 Et
1912 431 1998 463 dixit
2014 430 2064 463 illi
2080 430 2188 462 Iesus:
2203 430 2309 462 Amen

1346 490 1419 522 dico
1444 488 1520 521 libi.-
1547 488 1649 520 Hodie
1671 496 1800 519 mecam
1824 485 1891 517 eris
1914 485 1951 517 in
1972 483 2157 526 paradiso,-
2181 483 2213 515 in
2245 492 2310 525 quo

1346 543 1492 576 Christus
1517 542 1626 574 miram
1648 539 1784 573 ostendit
1799 537 2047 571 misericordiam
2070 540 2221 578 tanquam
2236 535 2310 578 piis-

1347 596 1446 628 simus
1464 594 1611 636 pontifeX‚
1643 593 1721 638 quia
1737 590 1959 634 poenitentiam
1977 589 2122 628 latronis,
2139 591 2310 630 quantum-

1348 657 1486 690 cumque
1510 656 1622 685 seram‚
1657 655 1718 678 non
1743 643 1892 677 refutavit
1916 646 1947 676 et
1970 642 2123 684 amplius,
2148 650 2243 684 quam
2267 641 2311 674 la-

1348 706 1399 734 tro
1422 701 1565 743 petebat,
1583 699 1744 733 concessit.
1770 697 1856 731 Unde
1872 696 2055 729 Ambrosius
2068 695 2098 727 8:
2130 708 2145 723 (ι
2162 694 2311 727 Pulcher-

1349 755 1465 788 rimum
1483 753 1672 787 affectandae
1689 751 1902 785 conversionis
1918 749 2099 791 exemplum
2112 774 2119 787 ‚
2143 747 2229 790 quod
2248 750 2311 780 tam

1350 809 1410 841 cito
1434 808 1546 840 latroni
1572 807 1662 840 venia
1686 804 1868 843 relaxatur,
1893 807 1924 836 et
1948 802 2077 836 uberior
2101 801 2201 844 gratia
2217 810 2312 843 quam

1350 861 1498 904 precatio.
1524 862 1654 902 Semper
1678 859 1761 893 enim
1793 858 1946 891 Dominus
1969 857 2054 889 Deus
2086 856 2158 898 plus
2182 855 2311 892 tribuit,

1349 924 1445 957 quam
1470 918 1600 956 rogatur
1617 926 1648 953 »;
1681 922 1752 946 cum
1785 912 1870 945 enim
1901 913 2022 952 peteret
2055 909 2195 947 veniam,
2231 907 2312 940 obti-

1350 969 1420 1001 nuit
1443 968 1633 1010 paradisum.
1661 968 1695 1000 Et
1711 966 1854 1004 attende,
1878 964 1962 1007 quod
1986 963 2078 996 dicit:
2097 962 2175 995 Eris
2198 962 2234 995 in
2251 971 2314 1004 pa-

1350 1022 1483 1060 radiso,
1509 1031 1589 1060 non,
1614 1021 1762 1063 inquam,
1788 1020 1819 1051 in
1847 1018 1990 1056 caelesti,
2017 1017 2048 1050 in
2081 1025 2175 1058 quem
2207 1016 2315 1048 nullus

1351 1078 1422 1107 ante
1447 1074 1608 1106 Christum
1639 1072 1799 1110 ascendit;
1833 1071 1887 1105 sed
1910 1071 1942 1103 in
1974 1071 2065 1103 beata
2089 1069 2208 1102 visione
2236 1068 2313 1108 Dei;

1351 1126 1435 1159 unde
1452 1126 1635 1159 Ambrosius
1648 1126 1678 1157 ⁹:
1700 1139 1712 1152 «
1729 1125 1800 1157 Vita
1816 1128 1863 1157 est
1886 1132 1954 1156 esse
1971 1131 2044 1156 cum
2067 1121 2207 1161 Christo,
2224 1120 2313 1163 quia,

1353 1180 1407 1213 ubi
1432 1184 1478 1212 est
1502 1180 1665 1219 Christus,
1689 1179 1732 1212 ibi
1756 1182 1803 1212 est
1827 1187 1970 1220 regnum.

1443 1234 1494 1265 52.
1521 1233 1556 1265 Et
1580 1236 1653 1265 nota
1676 1233 1745 1272 hic,
1771 1231 1855 1274 quod
1879 1230 2065 1273 paradisus
2088 1230 2120 1262 in
2153 1228 2317 1271 Scriptura
2328 1233 2447 1283 Psffiacllxigges:
2464 1241 2476 1283 ξ

1353 1285 1469 1319 dicitur
1494 1286 1596 1328 primo
1621 1285 1737 1318 hortus
1760 1284 1958 1326 volaplatis:
1976 1283 2103 1316 Genesis
2120 1281 2258 1315 secundo
2272 1281 2315 1313 ¹⁰:

1359 1353 1374 1368 α
1392 1340 1587 1372 plantaverat
1619 1342 1725 1372 autem
1757 1338 1909 1370 Dominus
1931 1338 2016 1370 Deus
2049 1335 2229 1378 paradisum
2261 1344 2316 1368 vo-

1355 1394 1484 1435 luptatis
1499 1403 1518 1425 a
1535 1393 1687 1435 principio
1701 1405 1736 1432 »;
1754 1396 1784 1425 et
1798 1391 1917 1434 patria
1933 1391 2096 1428 caelestis;
2113 1388 2316 1431 Apocalypsis
2359 1385 2362 1386 ⁷

1355 1447 1510 1480 secundo:
1540 1460 1555 1475 «
1572 1446 1713 1479 Vincenti
1730 1446 1810 1478 dabo
1834 1444 1927 1477 edere
1943 1444 1982 1477 de
2006 1444 2090 1486 ligno
2111 1443 2208 1482 vitae,
2232 1441 2317 1484 quod

1355 1504 1402 1534 est
1425 1501 1457 1532 in
1482 1500 1627 1542 paradiso
1649 1500 1702 1532 Dei
1729 1499 1789 1532 mei
1806 1511 1842 1538 »;
1867 1502 1897 1531 et
1924 1497 2009 1530 visio
2039 1496 2181 1539 speciei‚·
2206 1504 2318 1529 secun-

1355 1554 1412 1587 dae
1435 1554 1473 1586 ad
1497 1553 1675 1585 Corinthios
1698 1552 1900 1585 duodecimo:
1931 1564 1946 1580 «
1960 1551 2077 1592 Raptus
2101 1552 2148 1582 est
2172 1549 2203 1582 in
2228 1558 2319 1591 para-

1355 1607 1459 1640 disum
1476 1610 1506 1639 et
1523 1606 1642 1638 audivit
1658 1606 1700 1638 ibi
1717 1614 1832 1638 arcana
1849 1605 1945 1638 verba
1962 1618 1977 1633 »
1998 1607 2056 1637 etc.
2080 1622 2120 1626 —
2139 1602 2320 1645 Alleyorice

1356 1660 1472 1693 dicitur
1490 1659 1635 1692 Ecclesia
1641 1671 1652 1697 ;
1664 1659 1792 1692 Genesis
1804 1658 1941 1691 secundo
1952 1658 1993 1689 ¹¹:
2013 1669 2028 1685 «
2041 1656 2170 1689 Fluvius
2182 1655 2321 1698 egredie-

1357 1714 1452 1746 batur
1476 1713 1514 1745 de
1539 1713 1606 1745 loco
1622 1712 1792 1754 voluptatis
1816 1712 1853 1744 ad
1871 1710 2068 1753 irrigandum
2093 1709 2275 1751 paradisum
2289 1722 2319 1740 ».

1358 1766 1479 1798 Dicitur
1505 1765 1602 1806 Viryo
1619 1765 1733 1802 beata,·
1757 1763 1958 1796 Canticorum
1982 1765 2096 1805 quarto
2110 1762 2151 1793 ¹2:
2176 1762 2322 1794 «Hortus

1359 1818 1542 1856 conclusus,
1561 1818 1629 1850 fons
1646 1818 1800 1859 signatus,
1818 1816 2000 1849 emissiones
2024 1819 2097 1848 tuae
2113 1814 2278 1857 paradisus
2290 1826 2321 1852 »;

1358 1880 1462 1903 saera
1479 1870 1657 1911 Scriptura
1664 1881 1675 1907 ;
1692 1869 1896 1902 Ecclesiastici
1912 1868 2064 1910 vigesimo
2081 1870 2209 1910 quarto:
2232 1880 2248 1896 «
2261 1867 2323 1909 Ego

1361 1924 1442 1956 sicut
1464 1922 1681 1965 aquaeductus
1704 1922 1788 1954 exivi
1814 1922 1853 1954 de
1876 1921 2021 1963 paradiso
2045 1921 2100 1954 Dei
2117 1934 2146 1953 ».
2163 1939 2208 1944 —
2243 1920 2323 1952 Tro-

1358 1976 1504 2019 poloyice
1519 1975 1635 2008 dicitur
1650 1975 1783 2018 malim
1800 1974 2005 2008 Ecclesiastici
2022 1973 2263 2016 quadragesimo
2276 1973 2321 2005 ¹³:

1367 2042 1383 2058 (t
1398 2028 1521 2067 Gratia,
1545 2028 1627 2061 sicut
1651 2028 1815 2070 paradisus
1838 2028 1870 2060 in
1894 2027 2164 2061 benedictionibus
2187 2040 2217 2059 ι).
2242 2026 2323 2059 Dici-

1362 2086 1416 2115 tur
1452 2081 1570 2114 anima
1606 2080 1785 2119 limorala;
1821 2080 2025 2114 Ecclesiastici
2061 2079 2322 2123 quadragesimo:

1368 2149 1382 2164 «
1400 2135 1506 2168 Timor
1529 2134 1652 2167 Domini
1677 2134 1758 2167 sicut
1781 2134 1947 2176 paradisus
1969 2133 2194 2167 benedictionis
2209 2147 2240 2165 ».
2271 2132 2324 2165 Di-

1364 2189 1447 2221 citur
1472 2187 1564 2221 etiam
1597 2187 1666 2219 vila
1689 2187 1869 2229 reli9i08a;
1900 2186 2027 2219 Genesis
2055 2186 2177 2219 decimo
2208 2186 2322 2218 tertio:

1368 2256 1383 2271 «
1401 2242 1494 2285 Regio
1518 2241 1656 2274 Iordanis
1673 2241 1821 2273 universa
1844 2240 2036 2282 irrigabatur
2053 2240 2135 2273 sicut
2159 2239 2324 2281 paradisus

1363 2295 1483 2329 Domini
1501 2309 1531 2327 ».
1547 2313 1588 2319 -
1603 2294 1723 2327 Dicitur
1739 2303 1815 2336 ergo
1832 2293 1883 2326 hic
1900 2302 1958 2335 pro
1975 2293 2069 2325 beata
2084 2292 2209 2325 visione
2228 2291 2324 2325 Chri-

1363 2350 1408 2382 sti
1413 2375 1423 2389 ,
1440 2349 1528 2392 quia,
1546 2351 1582 2381 ut
1598 2348 1715 2381 dicitur
1732 2346 1854 2380 loannis
1869 2346 1990 2379 decimo
2006 2345 2138 2388 septimo
2151 2346 2196 2385 ¹4,
2219 2358 2234 2374 a
2248 2345 2325 2378 haec

1437 2565 1447 2580 ⁹
1468 2567 1527 2591 Loc.
1547 2565 1587 2590 cit.
1609 2565 1660 2589 Cfr.
1679 2565 1715 2589 111.
1736 2565 1806 2589 Sent.
1829 2564 1855 2589 d.
1883 2564 1925 2588 22.
1946 2571 1971 2596 q.
1992 2564 2016 2588 6.
2037 2562 2069 2588 ad
2097 2563 2119 2588 1.
2146 2565 2171 2587 et
2195 2562 2236 2587 lV.
2257 2562 2326 2586 Sent.

1367 2610 1393 2635 d.
1413 2611 1455 2634 20.
1476 2617 1501 2641 p.
1522 2610 1548 2634 ll.
1569 2608 1632 2634 dub.
1654 2609 1677 2633 2.
1702 2608 1769 2633 Vide
1788 2608 1865 2633 etiam
1892 2608 1928 2632 lli.
1954 2608 2023 2632 Sent.
2048 2607 2074 2632 d.
2096 2607 2136 2631 18.
2162 2613 2186 2631 a.
2207 2607 2231 2631 2.
2250 2613 2277 2638 q.
2297 2605 2325 2636 3,

1368 2653 1413 2679 ubi
1432 2653 1590 2682 ostenditur,
1610 2652 1681 2684 quod
1702 2651 1818 2678 Christus
1838 2658 1885 2683 per
1904 2658 1979 2676 suam
2005 2651 2207 2677 satisfactionem
2233 2649 2328 2675 meruit

1367 2697 1444 2722 nobis
1463 2697 1578 2728 paradisi
1597 2696 1713 2721 caelestis
1733 2696 1903 2727 apertionem.

1441 2740 1462 2754 ¹⁰
1484 2740 1559 2765 vers.
1582 2741 1604 2765 8.
1620 2740 1725 2765 —Duo
1745 2746 1818 2771 seqq.
1839 2739 1887 2764 loci
1907 2742 1968 2764 sunt
1986 2739 2068 2770 Apoc.
2088 2740 2116 2769 2,
2135 2738 2161 2764 7.
2180 2741 2206 2764 et
2225 2738 2251 2763 ll.
2265 2736 2323 2764 Cor.

1370 2786 1418 2815 12,
1438 2784 1467 2815 4,
1488 2784 1533 2809 ubi
1553 2787 1612 2815 pest
1634 2783 1797 2817 paradisum
1822 2783 1872 2809 CD
1892 2783 1993 2809 addunt
2020 2782 2074 2809 Dei.
2094 2796 2130 2802 —-
2148 2782 2258 2808 Inferius
2277 2789 2325 2813 pro

1369 2827 1435 2853 risio
1454 2827 1550 2861 speciei
1570 2828 1589 2852 D
1609 2826 1674 2853 visio
1694 2827 1743 2853 Dei
1759 2826 1801 2853 vel
1819 2826 1914 2860 speciei
1921 2847 1927 2857 ,
1950 2826 2005 2851 Vat.
2025 2825 2092 2852 visio
2105 2824 2201 2859 speciei
2221 2824 2327 2851 Clu-isti.

1441 2870 1460 2885 ¹¹
1484 2871 1557 2897 Vers.
1581 2872 1621 2896 40.
1641 2871 1691 2897 Cfr.
1711 2878 1791 2902 supra
1811 2878 1832 2897 c.
1854 2871 1895 2896 13.
1909 2878 1933 2896 n.
1948 2871 1994 2901 393
2015 2871 2137 2902 August,
2156 2870 2199 2895 Xl.
2218 2869 2251 2895 de
2264 2869 2329 2894 Gen.

1370 2915 1401 2940 ad
1422 2916 1457 2940 lit.
1477 2922 1498 2941 c.
1519 2916 1562 2941 25.
1584 2923 1609 2941 n.
1629 2916 1672 2940 32.
1690 2919 1715 2941 et
1736 2916 1786 2940 xii.
1808 2922 1830 2940 c.
1850 2915 1893 2940 34.
1915 2922 1940 2940 n.
1960 2915 2002 2939 65.

1443 2959 1464 2973 ¹²
1484 2959 1558 2985 Vers.
1580 2960 1621 2984 12.
1634 2966 1690 2992 seq.
1704 2959 1755 2985 Cfr.
1769 2959 1849 2991 Epist.
1868 2960 1893 2984 9.
1907 2959 1941 2984 ad
1955 2959 2060 2984 Paulam
2074 2961 2100 2984 et
2113 2959 2234 2984 Eustoch.
2254 2957 2329 2990 (inter

1370 3010 1448 3035 opera
1470 3004 1585 3036 Hieron.)
1606 3003 1638 3029 de
1658 3005 1770 3029 Assumt.
1791 3004 1819 3028 Β.
1838 3004 1869 3028 Μ,
1886 3003 1914 3028 V.
1935 3009 1957 3028 c.
1977 3003 2003 3027 9.
2024 3002 2093 3028 circa
2113 3002 2201 3027 ssncm.
2216 3014 2251 3020 -
2264 3000 2329 3026 Sub-

1370 3048 1431 3073 inde
1451 3048 1575 3079 allegatur
1595 3048 1668 3073 Eccli.
1690 3047 1737 3078 24,
1759 3047 1800 3072 41.
1820 3047 1889 3072 Vide
1909 3047 1933 3071 S.
1955 3047 2050 3072 Bonav.
2066 3046 2090 3071 in
2110 3045 2231 3071 Hexat‘im.
2245 3044 2328 3070 collat.

1370 3091 1413 3117 47.
1434 3099 1457 3123 ¹¹.-
1479 3091 1501 3116 4.
1522 3099 1596 3124 seqq.

1444 3135 1465 3149 ¹³
1486 3136 1560 3161 Vers.
1587 3135 1628 3160 17.
1651 3149 1685 3155 -—
1708 3136 1764 3161 Duo
1789 3142 1863 3168 seqq.
1883 3135 1932 3160 loci
1952 3136 2012 3160 sunt
2035 3134 2113 3159 Eceli.
2138 3133 2183 3164 40,
2209 3133 2253 3158 28.
2272 3131 2330 3164 (cfr.

1372 3181 1399 3205 S.
1421 3180 1532 3211 Bonav.,
1553 3180 1639 3205 Tract.
1659 3180 1691 3206 de
1715 3179 1872 3211 plantatione
1896 3178 2025 3210 paradisi;
2055 3181 2118 3203 torn.
2140 3177 2170 3202 V.
2197 3183 2258 3208 pag.
2278 3175 2328 3202 574

1372 3226 1455 3257 seqq.)
1477 3226 1502 3249 et
1520 3225 1583 3249 Gen.
1605 3224 1651 3254 13,
1673 3224 1713 3248 10.

1445 3267 1465 3281 ¹¹
1487 3268 1561 3293 Vers.
1581 3268 1605 3293 3.
1624 3281 1660 3286 --
1678 3267 1879 3299 Theophylact.‚
1893 3267 1918 3292 in
1932 3267 1994 3292 Luc.
2014 3266 2062 3296 23,
2079 3265 2171 3297 39-43,
2192 3265 2256 3290 inter
2268 3264 2330 3290 alias

1373 3311 1546 3343 expositiones
1564 3311 1641 3336 etiam
1663 3313 1728 3337 hanc
1752 3312 1846 3336 refert:
1871 3310 1918 3335 Alii
1942 3313 2030 3335 autem
2054 3312 2175 3342 torquent
2204 3307 2329 3338 verbum,

1373 3358 1499 3387 punctum
1520 3355 1641 3381 facientes
1661 3359 1721 3386 post
1739 3354 1830 3386 hodie,
1850 3358 1879 3380 ut
1892 3354 1924 3380 sit
1939 3354 1960 3380 is
1973 3361 2065 3380 sensus
2078 3353 2154 3379 dicti:
2168 3353 2253 3380 Amen
2272 3351 2329 3378 dico

1373 3398 1421 3426 tibi
1438 3398 1531 3431 1ιοάἰι·;
1552 3399 1659 3425 deinde:
1679 3399 1785 3425 Mecum
1804 3398 1857 3425 eris
1876 3398 1903 3424 in
1920 3397 2052 3432 paradiso
2071 3397 2229 3424 adiicientes.

2341 410 2432 433 Salvator
2464 426 2465 431 ,
