2476 3921
159 599 287 621 Notandum.

158 968 287 990 Notandum.

163 1392 282 1413 Secundum

159 1419 288 1440 describitur

166 1445 287 1472 dupliciter.

168 1709 198 1730 De
213 1716 288 1737 primo.

309 242 373 274 214

308 333 338 362 et
354 330 455 361 facere
471 342 500 360 ι).
518 347 562 351 —-
579 328 614 359 Et
630 328 698 360 ideo
714 327 878 360 subditur:
904 327 966 359 Sed
980 328 990 345 ¹
1007 327 1100 359 erede
1116 330 1262 364 tantum,

308 391 363 423 per
387 380 621 417 confidentiam;
647 379 768 412 Ioannis
793 379 973 411 undecimo:
1003 392 1017 407 «
1036 379 1065 411 Si
1083 379 1262 418 credideris,

309 434 426 466 videbis
450 433 580 474 gloriam
606 432 705 464 Dei».
733 432 767 464 Et
791 432 860 464 ideo
883 430 984 464 addit:
1011 433 1051 463 Et
1065 431 1162 464 salva
1185 431 1262 470 erit,

308 496 363 528 per
387 487 522 519 divinam
556 486 734 526 potentiam.
763 485 797 517 Et
825 485 862 517 ad
896 485 954 517 hoc
989 485 1121 517 debebat
1145 485 1262 519 moveri

307 549 363 582 per
388 539 463 571 illud
487 539 571 580 quod
594 539 698 571 statim
722 542 794 570 ante
818 537 903 571 hoc2
927 537 1052 570 dixerat
1068 537 1192 570 mulieri
1209 546 1264 570 cu-

308 597 410 625 ratae:
441 592 558 624 «Fides
584 595 637 624 tua
672 596 702 624 te
733 592 849 625 salvam
884 591 1002 626 fecit».
1028 591 1112 623 Unde
1145 591 1176 622 111
1205 591 1264 623 1100

307 648 436 687 apparet
467 644 618 677 mirabilis
653 644 841 686 dispensatio
872 644 945 682 Dei,
970 643 1025 685 qui
1049 643 1080 675 in
1103 643 1265 675 miraculis

308 699 373 731 suis
396 701 534 730 nostram
568 697 660 729 fidem
696 697 831 739 requirit
865 697 902 729 ad
927 700 1069 729 nostrum
1104 696 1262 729 meritum.

308 751 392 784 Unde
416 750 561 783 Matthaei
585 759 667 782 nono
694 750 775 782 dixit
810 750 910 783 caecis
939 749 1117 791 petentibus
1148 749 1264 781 illumi-

307 804 392 837 nari:
423 817 438 832 «
455 803 604 842 Creditis,
629 803 703 845 quia
727 803 785 836 hoc
809 812 935 844 possum
960 803 1062 835 facere
1079 802 1189 835 vobis?
1212 802 1265 834 Di-

307 861 383 889 cunt
397 857 442 889 ei:
462 856 587 898 Utique,
611 856 752 888 Domine.
777 857 865 889 Tunc
889 856 989 898 tetigit
1011 856 1119 888 oculos
1142 864 1263 894 eorum,

307 910 430 942 dicens:
467 909 644 942 Secundum
676 909 768 941 fidem
801 913 937 941 vestram
975 908 1028 940 fiat
1061 908 1194 940 vobis».
1229 908 1265 940 Et

307 963 454 1005 quoniam
485 962 611 994 difficile
645 965 713 994 erat
744 962 886 1000 credere,
911 965 1073 993 mortuum
1097 961 1263 999 suscitari;

307 1016 376 1048 ideo
399 1015 550 1048 Dominus
582 1015 613 1047 in
642 1015 709 1056 ipso
744 1015 855 1047 itinere
884 1014 1072 1047 miraculum
1097 1014 1183 1052 fecit,
1208 1023 1265 1055 per

306 1069 390 1111 quod
413 1069 532 1101 adiuvit
556 1069 648 1101 fidem
665 1068 919 1110 archisynagogi3
937 1072 973 1100 ut
989 1068 1033 1100 sic
1050 1070 1170 1109 pateat,
1187 1067 1265 1100 illud

306 1131 373 1154 esse
396 1130 507 1154 verum
531 1121 614 1163 quod
640 1121 759 1162 primae
782 1120 821 1153 ad
844 1120 1022 1153 Corinthios
1049 1120 1194 1153 decimo³
1219 1120 1265 1152 di-

306 1175 405 1208 citur:
436 1188 451 1203 «
468 1174 578 1207 Fidelis
601 1174 703 1212 Deus,
728 1174 782 1216 qui
807 1183 868 1206 non
893 1174 1048 1215 patietur,
1072 1182 1127 1206 vos
1151 1173 1265 1205 tentari

306 1237 403 1270 supra
427 1228 458 1260 id
481 1227 564 1269 quod
589 1227 732 1269 potestis;
758 1227 810 1259 sed
835 1227 926 1259 faciet
949 1227 1043 1259 etiam
1067 1235 1138 1259 cum
1165 1229 1265 1259 tenta-

306 1282 389 1314 tione
413 1284 611 1323 proventum,
637 1284 671 1312 ut
695 1280 820 1322 possitis
843 1280 998 1312 sustinere
1012 1293 1041 1311 υ.

397 1336 447 1367 90.
473 1335 573 1375 (Vers.
600 1334 676 1374 51.)
712 1335 751 1365 Et
782 1343 858 1366 eam
880 1333 1105 1375 peroenisset⁴
1129 1336 1187 1366 etc.
1213 1333 1266 1365 Hic

307 1388 444 1422 secundo
468 1392 536 1430 post
567 1387 752 1420 soliditatem
785 1387 855 1419 fidei
887 1387 1080 1428 disponentis
1103 1386 1266 1428 subiungit

309 1441 502 1483 Evangelista
533 1441 741 1473 idoneitatem
770 1440 947 1473 testimonii
970 1439 1197 1482 approbantis.
1223 1439 1266 1471 Ad

308 1494 523 1536 probationem
554 1497 659 1526 autem
688 1493 898 1526 suscitationis
926 1493 1102 1535 requiritur
1127 1492 1266 1525 testimo-

308 1547 395 1579 nium
420 1547 457 1579 de
482 1547 549 1578 vita
572 1547 704 1578 reddita
727 1550 758 1578 et
789 1546 827 1578 de
854 1546 925 1578 vita
947 1545 1098 1588 perdam
1127 1545 1196 1578 ideo
1220 1546 1266 1577 in-

308 1600 469 1633 ducuntur
494 1603 587 1632 testes
612 1603 756 1640 respectu
781 1599 959 1640 utriusque.

397 1653 500 1685 Primo
523 1653 618 1694 igitur
642 1655 796 1694 quantum
830 1652 869 1684 ad
903 1661 1052 1693 personas
1076 1651 1201 1684 idoneas
1229 1651 1267 1683 ad

309 1706 537 1739 testificandum
571 1706 610 1738 de
642 1706 855 1737 suscitatione
890 1705 1095 1737 miraculosa
1128 1705 1266 1737 dicitur:

310 1761 351 1791 Et
374 1769 450 1792 eum
472 1759 671 1800 pervenisset
701 1758 746 1790 ad
778 1758 930 1795 domum,
956 1757 1010 1789 ubi
1035 1757 1152 1790 scilicet
1175 1757 1267 1790 debe-

309 1811 362 1843 bat
386 1811 489 1852 puella
525 1810 685 1849 suscitari,
714 1819 795 1852 quae
826 1814 893 1843 erat
927 1810 1039 1842 domus
1075 1810 1197 1849 luctus,
1228 1809 1267 1842 ad

309 1873 404 1905 quam
429 1863 505 1896 utile
529 1866 576 1895 est
599 1863 661 1901 ire,
686 1863 859 1895 secundum
883 1862 960 1895 illud
996 1862 1196 1895 Ecclesiastae
1219 1871 1267 1895 se-

311 1917 450 1959 ptim052
481 1917 621 1949 «Melius
645 1920 692 1949 est
720 1917 766 1949 ire
800 1916 839 1949 ad
873 1917 1001 1949 domum
1036 1917 1139 1949 luctus
1171 1926 1266 1958 quam

309 1971 348 2004 ad
379 1971 506 2003 domum
538 1970 670 2003 convivii
688 1982 719 2009 »3
752 1970 826 2012 quia
856 1970 918 2002 «in
951 1970 1003 2002 illa
1031 1970 1102 2003 finis
1138 1973 1266 2003 cuncto-

311 2033 409 2057 rum»
439 2027 496 2056 etc.
522 2042 566 2047 -
589 2023 624 2055 Et
648 2024 722 2066 quia
746 2033 808 2056 non
831 2023 978 2056 omnibus
1001 2023 1169 2065 aperienda
1192 2028 1267 2057 sunt

310 2080 503 2110 sacramenta
519 2077 591 2116 Dei:
617 2077 737 2109 loannis
753 2076 872 2109 decimo
889 2076 1013 2119 quinto:
1043 2090 1058 2105 «
1076 2078 1192 2110 Servus
1213 2086 1266 2110 ne-

309 2131 380 2169 scit,
397 2130 473 2173 quid
490 2130 580 2163 saciat
603 2130 749 2163 dominus
772 2130 841 2162 eius
858 2142 887 2168 »3
913 2130 982 2162 ideo
1005 2130 1166 2163 subditur:
1192 2130 1267 2163 Non

306 2184 458 2226 permisit
482 2184 611 2216 intrare
633 2193 744 2216 seeum
760 2193 979 2227 quemquam,
997 2183 1170 2216 secundum
1188 2184 1265 2217 illud

309 2237 512 2270 Ecclesiastici
529 2240 620 2269 sexto
632 2237 663 2269 ⁶:
685 2250 700 2265 «
718 2237 804 2269 Multi
822 2237 941 2278 pacifici
958 2237 1020 2269 sint
1036 2237 1106 2276 tibi,
1124 2238 1266 2270 consilia-

311 2290 377 2322 rius
400 2290 440 2322 sit
465 2290 517 2322 tibi
543 2299 627 2322 unus
642 2289 680 2322 de
703 2289 787 2322 mille
802 2303 833 2321 n.
857 2308 902 2312 —
922 2289 1001 2331 Quia
1026 2299 1100 2324 vero
1121 2288 1265 2332 discipuli

310 2346 399 2376 erant
415 2343 483 2376 eius
498 2342 588 2375 amici
601 2368 608 2381 ‚
626 2342 799 2375 secundum
816 2342 901 2384 quod
916 2342 991 2374 dicit
1007 2342 1129 2376 Ioannis
1145 2343 1266 2376 decimo

310 2396 436 2438 quinto:
466 2408 482 2423 «
499 2395 560 2427 Vos
590 2399 696 2428 autem
724 2395 788 2427 dixi
826 2395 942 2428 amicos
959 2410 974 2424 »
1002 2399 1071 2434 etc.;
1110 2396 1179 2429 ideo
1203 2406 1265 2429 non

310 2457 417 2481 omnes
441 2448 595 2487 excludit,
620 2448 674 2480 sed
697 2448 815 2490 excipit
845 2448 885 2480 ab
916 2448 1071 2488 exclusis,
1096 2458 1168 2482 cum
1192 2449 1266 2482 sub-

310 2501 372 2534 dit:
397 2501 473 2534 Nisz'
495 2502 650 2539 Petrum,
668 2501 826 2534 Iacobum
839 2501 851 2520 ⁷
868 2505 896 2534 et
912 2502 1087 2540 Ioannem,
1105 2502 1159 2544 qui
1176 2506 1266 2535 erant

311 2554 454 2596 discipuli
490 2554 694 2596 principales;
726 2557 757 2587 et
791 2554 862 2588 inde
892 2554 942 2587 isti
974 2555 1103 2588 assumti
1136 2556 1265 2588 suntin

896 238 1089 271 COMMENT.
1114 239 1150 271 ΙΝ
1174 238 1411 272 EVANGELIUM
1436 238 1552 272 LUCAE
1578 238 1609 270 C.
1635 238 1707 270 Vlll.

1327 327 1615 368 transfiguratione;
1646 327 1726 358 intra
1754 336 1837 359 nono
1868 331 1899 359 et
1930 327 2074 359 Matthaei
2099 327 2219 360 decimo
2242 336 2286 360 se—

1327 380 1442 421 ptimo:
1472 393 1487 408 «
1505 380 1657 412 Assumsit
1682 380 1766 412 lesus
1790 380 1917 412 Petrum
1934 383 1965 412 et
1983 380 2127 412 Iacobum
2152 384 2182 413 et
2200 381 2285 413 Ioan-

1327 440 1413 470 nem,
1438 432 1568 464 fratrem
1592 432 1660 465 eius
1677 446 1692 460 »
1721 435 1779 465 etc.
1805 451 1848 456 —-
1872 432 1908 469 Et
1930 433 2006 475 quia
2034 445 2049 460 «
2071 433 2283 466 testimonium

1306 500 1308 502 -
1326 488 1449 525 oportet
1472 485 1588 517 habere
1599 498 1620 526 >1>
1650 494 1710 517 non
1737 488 1859 518 tantum
1875 495 1893 517 a
1909 485 2103 524 domesticis,
2120 485 2174 518 sed
2190 486 2282 518 etiam

1332 549 1347 564 «
1364 537 1403 569 ab
1427 537 1476 569 his
1500 538 1553 579 qui
1578 537 1654 570 foris
1678 540 1752 570 sunt
1769 551 1800 576 n,
1824 537 1998 570 secundum
2016 537 2093 569 illud
2111 538 2230 579 primae
2247 538 2285 570 ad

1328 590 1525 622 Timotheum
1552 591 1661 629 tertio;
1687 590 1756 623 ideo
1779 590 1940 632 discipulis
1963 591 2104 633 adiungit
2120 591 2198 623 duas
2215 599 2285 632 per-

1329 652 1437 682 sonas,
1462 652 1534 676 cum
1558 644 1647 676 dicit:
1675 645 1714 676 Ec
1732 648 1865 686 patrem
1889 648 1918 676 et
1941 648 2081 676 matrem
2093 643 2233 686 puellae,
2250 649 2287 676 ut

1329 695 1398 728 sic⁸
1428 696 1490 728 «in
1514 706 1569 729 ore
1592 697 1729 729 duorum
1746 701 1776 730 et
1801 697 1898 729 trium
1916 697 2044 732 testium
2070 700 2130 730 stet
2145 691 2284 730 »fixum

1329 750 1470 783 veritatis
1495 751 1717 783 testimonium.
1735 770 1778 774 —
1795 751 1880 784 Unde
1896 754 2044 793 apparet,
2069 749 2153 793 quod
2171 760 2286 783 secun-

1330 803 1410 835 dum
1435 804 1581 836 litteram
1612 808 1659 837 est
1690 804 1841 837 idoneitas
1865 804 2033 837 testimonii
2064 808 2218 846 quantum
2249 804 2288 836 ad

1325 866 1490 898 personas
1512 860 1543 889 et
1566 860 1721 899 quantum
1745 857 1784 889 ad
1810 867 2007 896 numerum,
2032 858 2107 900 quia
2130 857 2209 890 nihil
2233 857 2287 890 ba-

1329 910 1381 942 bet
1405 910 1619 951 superfluum,
1644 910 1721 942 nihil
1746 910 1840 943 habet
1862 910 2063 943 diminutum.
2092 952 2093 955 Ἴ

1419 964 1471 995 91.
1504 963 1681 996 Secundum
1712 962 1922 1005 spiritualem
1954 963 2188 1005 intelligentiam
2229 964 2289 997 hoc

1329 1025 1390 1050 non
1417 1020 1504 1049 vacat
1527 1026 1545 1048 a
1561 1017 1719 1058 mysterio.
1745 1017 1821 1049 Nam
1856 1017 1996 1055 Petrus,
2021 1017 2075 1058 qui
2101 1017 2288 1059 interpreta-

1329 1072 1382 1101 tur
1405 1078 1595 1111 agnoscens,
1619 1069 1760 1111 designat
1783 1069 1901 1111 fidem;
1926 1069 2087 1108 Iacobus,
2110 1070 2165 1112 qui
2190 1071 2288 1103 lucta-

1329 1124 1395 1160 tor,
1427 1121 1569 1163 designat
1591 1131 1697 1164 speum
1724 1123 1881 1161 Ioannes,
1906 1122 1937 1155 in
1962 1131 2025 1164 quo
2049 1122 2167 1164 gratia,
2199 1124 2289 1156 eart-

1330 1178 1427 1206 tatem
1440 1174 1462 1205 ⁹.
1482 1174 1517 1206 Et
1540 1174 1599 1206 hae
1616 1178 1681 1207 tres
1705 1174 1838 1207 virtutes
1860 1179 1934 1207 sunt
1958 1175 2088 1208 Domino
2112 1175 2289 1209 familiaris-

1329 1227 1425 1259 simae
1457 1230 1487 1259 et
1519 1231 1715 1260 concurrunt
1738 1228 1777 1260 ad
1805 1228 2039 1261 suscitationem
2061 1229 2245 1271 peccatoris
2270 1239 2289 1262 a

1329 1283 1448 1318 morte,
1465 1289 1546 1322 quae
1569 1280 1752 1322 designatur
1776 1281 1807 1313 in
1831 1281 2032 1314 suscitatione
2057 1282 2187 1324 puellae.
2212 1283 2287 1315 Nam

1328 1333 1410 1375 fides
1433 1334 1611 1373 concurrit;
1629 1334 1749 1367 loannis
1771 1334 1936 1367 undecimo
1950 1335 1992 1367 ²⁰:
2022 1348 2037 1363 «
2054 1336 2113 1377 Qui
2138 1336 2243 1368 credit·
2258 1336 2288 1368 iu

1330 1395 1398 1425 me,
1422 1387 1515 1419 etiam
1540 1387 1564 1419 si
1589 1390 1735 1420 mortuus
1758 1387 1870 1426 fuerit,
1887 1388 1971 1421 vivet
1988 1401 2017 1420 ».
2035 1388 2182 1421 Similiter
2198 1399 2289 1431 spes;

1332 1439 1487 1472 Psalmus:
1517 1453 1533 1468 «
1549 1440 1643 1479 Ecce,
1660 1441 1742 1473 oculi
1760 1441 1881 1473 Domini
1906 1449 2002 1483 super
2028 1441 2172 1479 timentes
2199 1451 2289 1481 eum,

1330 1496 1361 1525 et
1377 1493 1408 1525 in
1426 1492 1470 1525 eis
1487 1493 1541 1535 qui
1559 1497 1686 1534 sperant
1703 1502 1798 1535 super
1816 1494 2030 1527 misericordia
2046 1495 2114 1527 eius
2125 1521 2133 1534 ,
2147 1498 2182 1527 ut
2198 1499 2289 1528 eruat

1330 1555 1348 1578 a
1371 1550 1472 1578 morte
1486 1560 1515 1578 n.
1540 1546 1688 1579 Similiter
1705 1547 1854 1585 caritas;
1878 1547 1998 1589 primae
2022 1548 2143 1581 loannis
2159 1551 2287 1590 quarto:

2316 968 2423 1000 Expositio

2304 995 2437 1043 ῧΐὶἒέἓῗέζ

2330 1048 2422 1074 postolis.

1336 1612 1352 1628 «
1369 1600 1401 1631 ln
1426 1600 1484 1633 hoc
1516 1600 1662 1641 apparuit
1694 1600 1807 1632 caritas
1836 1599 1916 1640 Dei,
1952 1601 2027 1643 quia
2058 1602 2143 1634 misit
2178 1602 2311 1635 Filium'

1331 1662 1424 1686 suum
1450 1653 1664 1695 unigenitum,
1692 1657 1725 1685 ut
1749 1653 1891 1686 vivamus
1913 1663 1968 1696 per
1992 1663 2064 1687 eum
2079 1668 2109 1687 ».
2128 1674 2169 1679 -
2188 1656 2290 1688 Pater

1330 1709 1436 1738 autem
1460 1710 1491 1738 et
1507 1710 1614 1738 mater
1638 1710 1712 1738 sunt
1736 1706 1823 1748 Legis
1845 1706 2141 1750 doctoress'pater,
2166 1709 2220 1750 qui
2247 1709 2291 1741 in-

1331 1759 1426 1791 struit
1450 1759 1481 1791 in
1505 1759 1584 1800 fide,
1610 1759 1782 1792 secundum
1808 1757 1885 1792 illud
1909 1760 2028 1802 primae
2051 1760 2090 1793 ad
2113 1761 2290 1794 Corinthios

1331 1815 1446 1854 quarto
1460 1813 1502 1844 ¹¹:
1533 1825 1547 1840 ι(
1566 1812 1598 1844 111
1615 1812 1738 1845 Christo
1764 1813 1831 1845 lesu
1848 1822 1904 1854 per
1930 1813 2130 1855 Evangelium
2161 1823 2218 1855 ego
2235 1824 2290 1847 vos

1331 1864 1424 1905 genui
1435 1876 1465 1902 »;
1479 1868 1597 1903 mater,
1614 1874 1695 1906 quae
1711 1865 1794 1897 fovet
1807 1865 1837 1897 in
1850 1865 2011 1904 moribus,
2025 1866 2196 1899 secundum
2214 1867 2290 1900 illud

1331 1917 1370 1949 ad
1392 1916 1514 1949 Galatas
1538 1920 1666 1959 quarto:
1696 1930 1711 1945 «
1734 1931 1749 1946 «
1765 1918 1861 1950 Filioli
1887 1918 1965 1957 mei,
1982 1928 2062 1960 quos
2087 1919 2201 1952 iterum
2218 1929 2290 1962 par-

1332 1970 1430 2008 turio,
1454 1970 1552 2003 donec
1575 1970 1729 2003 formetur
1746 1970 1777 2002 in
1801 1971 1889 2003 vobis
1912 1971 2057 2004 Christus
2073 1986 2103 2004 ».
2129 1973 2164 2005 Ε1
2187 1973 2225 2005 de
2242 1973 2291 2006 his

1333 2023 1574 2056 Proverbiorum
1598 2026 1703 2056 sexto:
1733 2036 1749 2052 «
1765 2023 1936 2063 Conserva,
1960 2024 2023 2063 fili,
2048 2029 2213 2068 praecepta
2237 2035 2291 2068 pa-

1331 2077 1389 2110 tris
1412 2077 1475 2116 tui,
1499 2080 1530 2110 et
1554 2085 1592 2109 ne
1616 2076 1754 2110 dimittas
1778 2077 1877 2119 legem
1894 2077 2003 2110 matris
2021 2081 2092 2111 tuae
2106 2092 2135 2110 n.
2154 2097 2195 2102 —
2212 2079 2291 2112 Haec

1331 2134 1436 2163 autem
1454 2133 1528 2163 sunt
1544 2138 1617 2163 cum
1634 2130 1759 2162 Christo
1775 2130 1945 2163 suscitante
1962 2134 2168 2172 peccatorem.

1420 2185 1471 2216 92.
1497 2183 1598 2223 (Vers.
1625 2184 1701 2225 52).
1728 2183 1869 2216 Secundo
1900 2187 2054 2226 quantum
2080 2185 2118 2217 ad
2141 2194 2291 2227 personas

1330 2238 1456 2270 idoneas
1473 2237 1674 2270 testificantes
1689 2238 1728 2270 de
1751 2241 1855 2270 morte
1869 2238 2024 2271 naturali
2039 2238 2203 2271 subditur:
2220 2239 2291 2272 Fle-

1330 2291 1410 2324 bant
1440 2295 1550 2324 autem
1582 2301 1693 2324 omnes
1716 2295 1744 2324 et
1771 2291 1975 2334 planyebant
1998 2292 2110 2331 illam,
2139 2295 2287 2335 tanquam

1330 2348 1505 2383 mortuam,
1530 2344 1703 2377 secundum
1720 2345 1884 2377 consilium
1903 2345 2106 2378 Ecclesiastici
2130 2346 2289 2388 trigesimo

1330 2400 1439 2430 octavo
1454 2398 1497 2429 ¹²:
1536 2397 1640 2437 «Fili,
1673 2397 1704 2430 in
1729 2401 1890 2431 mortuum
1923 2398 2043 2440 produc
2076 2399 2229 2441 lacrymas
2260 2403 2290 2432 et

1330 2450 1419 2492 quasi
1436 2450 1505 2482 dira
1528 2459 1639 2492 passus
1655 2450 1756 2492 incipe
1773 2451 1896 2492 plorare
1909 2465 1939 2483 ».
1965 2451 2102 2485 Flebant
2123 2455 2228 2485 autem
2248 2453 2290 2486 la-

1330 2503 1446 2545 crymis
1461 2506 1493 2536 et
1506 2502 1708 2545 planyebanc
1723 2504 1852 2536 vocibus
1868 2504 2093 2538 lamentatoriis
2103 2531 2111 2544 ,
2128 2506 2209 2539 sicut
2224 2510 2292 2539 erat

1330 2555 1565 2589 consuetudinis
1581 2556 1783 2596 ludaeorum;
1806 2557 1952 2590 Ieremiae
1976 2567 2058 2590 nono
2072 2558 2119 2590 ¹⁸:
2149 2559 2290 2592 «Vocate

383 2697 391 2712 ¹
415 2699 523 2729 Vulgata
544 2702 568 2723 01
598 2699 653 2723 Vat.
683 2699 805 2724 omittunt
829 2697 896 2730 Sed,
918 2699 989 2731 quod
1020 2703 1105 2724 tamen
1130 2699 1265 2725 exhibetur

311 2743 388 2768 etiam
409 2750 423 2767 a
443 2743 468 2767 S.
489 2743 589 2767 'l'homa
610 2741 675 2774 (Cat.
703 2749 782 2767 aurea
803 2742 826 2767 in
847 2743 907 2767 Luc.
936 2751 958 2768 0.
979 2744 1002 2767 8.
1023 2751 1047 2768 11.
1067 2744 1102 2776 8.)
1124 2747 1148 2769 01
1167 2751 1181 2769 a
1206 2746 1267 2769 Gor-

312 2793 383 2811 rano.
403 2800 438 2805 —
457 2786 579 2818 Sequitur
600 2786 665 2811 toan.
691 2786 733 2817 11,
760 2786 800 2811 40.
821 2786 903 2811 Codd.
923 2786 969 2812 AC
983 2787 1015 2811 D:
1036 2786 1067 2813 St
1086 2787 1265 2820 credideritis,

314 2829 430 2856 videbitis
450 2829 567 2863 plor-iam
586 2829 641 2855 Dei.

383 2872 393 2887 ²
414 2874 488 2899 Vers.
508 2874 549 2898 48.
569 2887 604 2892 —
623 2873 739 2899 Subinde
765 2874 889 2905 allegatur
918 2874 1002 2899 Matth.
1023 2875 1055 2905 9,
1075 2876 1116 2899 28.
1137 2882 1201 2907 seq„
1222 2875 1265 2900 ubi

314 2920 373 2949 post
391 2917 463 2943 vobis
483 2917 595 2943 ACDH
621 2914 829 2950 prosequuntur:
848 2920 883 2944 At
910 2918 952 2944 illi
978 2918 1121 2945 dt'werunt:
1150 2919 1204 2945 Sic.
1234 2920 1269 2945 At

315 2961 358 2987 itte
377 2961 446 2987 discit
463 2960 499 2994 [H
519 2960 553 2987 Et
570 2961 607 2987 ait
626 2960 710 2994 iltis]
731 2961 886 2988 Secundum
904 2961 984 2997 fidem
1004 2966 1053 2988 010.

385 3003 395 3018 ³
416 3005 489 3030 Vers.
514 3005 553 3030 13.
571 3019 606 3023 -
625 3005 714 3030 Glossa
734 3005 875 3032 ordinaria
890 3007 930 3039 (ex
944 3006 1095 3038 Ambrosio,
1110 3007 1151 3032 Vl.
1165 3007 1189 3032 in
1204 3008 1265 3033 Luc.

314 3055 340 3074 n.
360 3049 414 3082 60.)
434 3049 460 3074 in
479 3049 541 3074 Luc.
560 3049 590 3080 8,
612 3048 657 3073 44:
678 3050 853 3075 suscitaturus
873 3053 1017 3082 mortuam,
1036 3051 1112 3076 rediit
1130 3051 1164 3076 ad
1188 3051 1267 3077 fldem

315 3094 474 3124 taciendam,
495 3093 567 3125 prius
585 3096 658 3118 curat
677 3094 905 3120 haemorrhoidam
924 3098 973 3120 etc.

385 3136 396 3151 ⁴
409 3137 458 3164 Ctr.
478 3144 556 3169 supra
578 3144 640 3169 pag.
660 3138 719 3169 213,
739 3141 798 3164 nota
818 3138 841 3163 5.

385 3180 396 3196 ⁶
416 3182 489 3207 Vers.
510 3182 535 3208 3.
555 3195 590 3200 —
610 3182 732 3214 Sequitur
751 3183 819 3208 loan.
839 3183 886 3213 15,
908 3184 949 3209 15.
967 3197 1003 3202 -
1022 3184 1151 3216 Superius
1167 3191 1215 3216 pro
1234 3184 1270 3210 ad

316 3225 512 3260 testificandum
530 3227 550 3251 Α
563 3226 583 3251 D
601 3225 757 3257 testimonii,
777 3227 829 3252 GH
849 3227 878 3259 (C
898 3234 911 3252 a
931 3228 1046 3253 secunda
1066 3230 1156 3261 manu)
1179 3227 1269 3262 testifi-

315 3269 382 3302 cari,
401 3273 426 3295 et
444 3277 492 3302 pro
511 3269 678 3297 miraculosa
697 3270 715 3297 C
728 3272 747 3296 D
766 3271 892 3298 mirabili.

386 3312 397 3327 ⁰
417 3315 491 3341 Vers.
510 3315 540 3347 6,
560 3318 619 3346 post
636 3322 715 3348 quem
737 3316 805 3341 loun.
827 3317 870 3348 15,
891 3317 932 3343 r15.

386 3357 395 3372 ⁷
417 3359 498 3385 Etiam
519 3360 587 3385 Beda
607 3360 701 3385 omittit
719 3362 757 3392 et,
785 3361 857 3393 quod
888 3362 1011 3393 Vulgata,
1030 3369 1110 3395 quam
1131 3362 1189 3388 Vat.
1208 3369 1268 3388 cum

317 3403 337 3428 Η
357 3403 486 3436 sequitur,
506 3404 658 3435 praemittit:
679 3406 703 3430 et
721 3405 856 3431 Iacobum.
868 3419 904 3425 —
916 3406 1032 3432 Subinde
1045 3407 1189 3439 allegantur
1208 3408 1270 3433 Luc.

1330 2701 1359 2732 9,
1379 2701 1425 2731 28;
1446 2701 1532 2725 Matth.
1557 2700 1600 2730 17,
1621 2700 1643 2725 1.
1664 2703 1689 2725 01
1709 2701 1725 2724 Ι.
1745 2700 1811 2725 Τ1111.
1833 2701 1863 2730 3,
1876 2699 1900 2724 7.
1915 2700 1967 2725 Csr.
1980 2699 2122 2731 chrysost,
2138 2700 2231 2725 11011111.
2246 2701 2288 2726 31.

1330 2738 1404 2777 (alia's
1424 2746 1477 2777 3-2.)
1499 2745 1522 2770 in
1543 2745 1629 2769 Matth.
1650 2751 1674 2769 n.
1695 2744 1719 2768 2l.
1739 2751 1795 2776 seq.
1814 2747 1839 2769 et
1859 2744 2005 2775 Theophyl.
2025 2744 2051 2768 in
2071 2744 2147 2769 Marc.
2167 2744 2192 2775 5,
2212 2744 2255 2770 37.

1401 2787 1411 2801 ¹³
1430 2790 1462 2814 Ut
1481 2789 1626 2814 insinuatur
1646 2789 1732 2813 Matth.
1753 2789 1800 2818 18,
1822 2788 1863 2813 116.
1883 2790 1908 2813 01
1931 2787 2027 2813 ll.C01·.
2054 2788 2097 2819 13,
2125 2788 2152 2819 1,
2172 2792 2287 2814 sumtum

1330 2840 1359 2858 ex
1381 2833 1453 2858 Deut.
1474 2833 1521 2863 19,
1542 2833 1583 2858 15.

1401 2875 1412 2890 ⁹
1433 2878 1467 2902 00
1487 2877 1698 2908 interpretatione
1718 2878 1811 2902 horum
1831 2876 1967 2902 nominum
1987 2878 2032 2902 cfr.
2053 2884 2133 2908 supra
2154 2884 2214 2909 pag.
2233 2878 2288 2909 143,

1331 2925 1390 2946 nota
1411 2921 1436 2946 4.
1455 2921 1480 2946 7.
1500 2924 1525 2946 et
1545 2922 1568 2946 9.
1591 2921 1647 2953 (cfr.
1667 2922 1744 2946 etiam
1765 2928 1825 2952 pag.
1845 2921 1894 2951 36,
1914 2924 1973 2946 nota
1995 2921 2040 2952 6.).

1402 2963 1424 2979 ²⁰
1445 2966 1520 2991 Vers.
1542 2966 1583 2991 25.
1597 2979 1632 2984 -—
1646 2966 1702 2990 Duo
1721 2972 1795 2997 seqq.
1815 2964 1863 2990 loci
1883 2968 1942 2990 suut
1963 2966 2001 2990 l’s.
2022 2965 2070 2996 32,
2095 2966 2136 2992 18.
2154 2974 2209 3000 seq.
2228 2970 2254 2993 01
2273 2968 2289 2992 Ι.

1332 3010 1401 3034 ioan.
1422 3009 1451 3041 4,
1471 3010 1495 3034 9.

1404 3053 1424 3067 ¹¹
1448 3055 1520 3080 Vers.
1549 3055 1587 3079 15.
1607 3068 1642 3072 —
1662 3054 1813 3086 Sequuntur
1838 3053 1891 3078 Gal.
1919 3053 2011 3085 4,19.
2036 3058 2061 3080 01
2087 3055 2161 3081 Ρ1ον.
2191 3056 2220 3087 6,
2246 3056 2289 3081 20.

1333 3098 1421 3123 Glossa
1440 3097 1582 3124 ordinaria
1608 3098 1664 3130 (cfr.
1693 3097 1779 3129 Hilar.⁷
1800 3098 1825 3122 in
1846 3098 1933 3123 Matth.
1959 3105 1981 3124 0.
2001 3091 2028 3123 9.
2047 3106 2070 3124 11.
2092 3099 2115 3124 5.
2137 3103 2162 3125 01
2181 3101 2212 3130 83
2232 3100 2289 3125 Am-

1333 3140 1412 3173 bros.,
1433 3142 1473 3167 Vl.
1492 3142 1517 3167 111
1537 3142 1599 3167 Luc.
1624 3148 1647 3167 c.
1674 3142 1698 3166 8.
1722 3148 1747 3166 11,
1777 3141 1829 3173 54.)
1849 3141 1877 3166 111
1896 3143 1957 3167 Luc.
1979 3143 2007 3173 8,
2027 3143 2075 3168 51:
2095 3144 2169 3169 Pater
2189 3144 2289 3175 puellae

1333 3189 1422 3211 000105
1440 3186 1579 3211 (1001010111
1599 3185 1687 3217 Legis,
1707 3185 1802 3210 scilicet
1821 3185 1922 3211 scribae
1941 3189 1966 3211 et
1986 3187 2127 3217 Pharisaei,
2141 3187 2186 3220 qui
2200 3187 2220 3213 si
2235 3193 2289 3212 cre·

1333 3230 1395 3256 dere
1414 3230 1556 3261 voluerint,
1575 3229 1653 3255 etiam
1672 3229 1789 3255 subiecta
1809 3237 1944 3262 synagoga
1964 3231 2034 3256 salva
2055 3232 2110 3257 erit.

1404 3273 1425 3289 ²³
1448 3275 1520 3299 vers.
1541 3274 1582 3299 ⁴6.
1596 3287 1630 3292 ——
1644 3274 1771 3306 Superius
1785 3281 1833 3305 pro
1846 3274 2015 3309 testificantes
2034 3275 2053 3302 C
2065 3277 2085 3302 G
2100 3277 2120 3301 H
2134 3275 2288 3310 [ἐπῆκαν-ι’,-

1333 3320 1379 3345 cfr.
1398 3326 1477 3351 supra
1498 3321 1557 3344 nota
1578 3318 1602 3343 5.

1404 3361 1426 3377 ¹⁸
1447 3363 1519 3396 Vers.
1541 3362 1581 3388 ν17.
1601 3369 1665 3395 seq,
1685 3361 1730 3388 ubi
1749 3369 1797 3394 pro
1815 3370 1896 3397 supet·
1911 3371 1956 3390 cos
1971 3364 2081 3397 Vulgata
2100 3368 2125 3390 et
2138 3365 2195 3391 Vat.
2207 3370 2288 3397 super

1333 3414 1391 3439 nos,
1410 3411 1435 3433 et
1454 3415 1502 3439 pro
1522 3406 1670 3433 lamentum
1689 3406 1707 3432 C
1720 3406 1771 3432 DH
1791 3406 2017 3434 lamentationem.

2311 1658 2341 1679 00
2358 1658 2436 1680 duobus

2309 1685 2436 1712 parentibus.

2311 2187 2341 2209 De
2352 2187 2440 2209 secundo
