2476 3921
17 788 120 812 Celeriter
134 787 166 809 di-

45 815 137 842 vulgata.

17 1477 118 1500 Parvulos
128 1476 167 1498 mi-

38 1504 113 1526 rabilis
129 1509 166 1525 na-

39 1536 107 1553 scens,

25 1743 84 1774 lieni,
100 1743 162 1770 profi-

58 1776 125 1792 ciens.

50 1849 110 1875 Item,
126 1849 163 1871 do-

71 1882 130 1898 cens.

18 1957 77 1981 Item,
86 1958 166 1977 tacens.

30 2062 90 2088 item,
105 2061 127 2083 ln
141 2067 164 2084 a,

57 2089 135 2111 ctione.

19 2168 41 2190 ln
56 2168 162 2196 passione.

32 2274 56 2296 in
70 2280 164 2297 resurre-

58 2302 136 2323 ctione.

19 2433 43 2454 ln
58 2433 165 2455 ascensio-

75 2466 110 2482 ne.

785 213 979 246 COMMENT.
1002 214 1039 246 ΙΝ
1063 186 1300 246 EVANGELIUM
1325 214 1442 247 LUCAE
1469 215 1500 247 C.
1527 216 1559 248 [l.
2125 219 2166 251 53

179 304 283 337 dicere
307 303 384 336 illud
408 303 676 336 Samaritanorum
701 302 759 344 ipsi
783 302 899 344 Angelo
912 304 945 334 1:
967 315 982 331 α
1000 302 1063 334 lam
1080 311 1143 334 non

179 359 309 399 propter
333 356 488 398 loquelam
521 359 608 389 tuam
633 355 809 394 credimus,
834 355 892 397 ipsi
916 355 998 388 enim
1022 354 1143 387 audivi-

179 418 251 443 mus
274 413 307 442 et
329 409 464 449 scimus,
488 408 563 451 quia
586 409 637 441 hic
661 411 712 441 ὧι
729 416 803 441 vere
819 408 961 440 Salvator
984 407 1140 440 mundi».

179 462 259 496 Vere
283 466 523 505 coynoverum,
548 462 624 504 quia
644 461 683 494 de
699 461 812 494 ovibus
832 464 923 493 erant
939 461 1024 493 illius
1039 464 1146 502 pasto-

179 515 241 555 ris,
266 516 320 558 qui
344 515 420 548 dicit
442 515 564 548 loannis
586 514 728 547 decimo:
759 527 774 543 α
790 514 949 556 Cognosco
977 523 1083 553 meas,
1112 517 1144 547 et

178 571 371 611 cognoscunt
396 577 445 601 me
468 576 555 601 meae
571 581 602 599 n.
627 567 688 600 Hoc
711 566 908 600 desiderabat
925 566 977 599 lob
994 566 1143 608 vigesimo

179 622 293 655 tertio:
322 635 338 650 α
354 621 431 663 Quis
453 621 530 654 mihi
554 620 625 659 det,
650 623 686 653 ut
709 629 893 662 cognoscam
923 623 955 653 et
986 620 1142 653 inveniam

178 674 268 707 illum
291 678 323 707 et
346 674 468 707 veniam
492 682 595 716 usque
618 673 657 706 ad
681 673 795 706 solium
818 672 887 705 eius
903 676 938 704 »7

270 730 321 763 39.
347 730 448 772 (Vers.
477 729 551 770 18.).
581 729 646 761 Non
671 728 773 761 solum
797 728 857 761 suit
880 727 1145 761 certitudinaliter

179 784 369 827 approbata,
401 782 455 815 sed
487 782 580 815 etiam
612 781 759 814 celeriter
790 781 988 824 divulyala;
1013 784 1142 823 propter

179 837 263 881 quod
286 836 450 870 subditur:
483 836 523 868 Ει
554 844 682 873 omma,
714 834 774 878 qui
800 834 1000 872 audierant,
1024 834 1145 867 mirati

179 895 275 930 sanc,
300 890 418 923 scilicet
441 889 479 922 de
503 889 637 931 parvulo
659 891 750 927 nato,
775 891 803 920 et
831 887 870 920 de
900 886 952 919 liis
984 897 1069 930 quae
1092 887 1143 919 di-

180 948 233 977 cca
256 946 352 976 eram
376 952 399 975 a
418 941 613 985 pastoribus
637 941 683 974 ad
706 941 814 983 ipsos,
839 949 920 982 quae
944 940 1063 973 scilicet
1086 949 1143 973 au-

179 997 302 1030 dierant
324 996 364 1028 ab
388 996 511 1038 Angelo.
536 994 623 1028 Unde
646 994 684 1027 de
709 994 777 1026 viro
802 994 884 1027 iusto
907 994 1023 1027 dicitur
1040 994 1143 1026 Eccle-

180 1049 296 1082 siastici
320 1048 532 1081 undecim02:
564 1060 579 1076 ιι
595 1047 744 1080 Admirati
769 1051 844 1080 sunt
868 1047 899 1079 in
924 1047 976 1079 illo
1000 1046 1090 1079 multi
1112 1050 1143 1079 et

180 1101 470 1135 honorificaverunt
492 1101 593 1133 Deum
612 1114 641 1132 n.
667 1100 820 1133 Videbam
843 1100 946 1139 enim,
971 1099 1071 1132 verba
1084 1110 1144 1142 pa-

178 1159 308 1188 storum
332 1164 394 1187 non
419 1154 663 1193 contemnenda,
695 1154 749 1187 sed
779 1154 980 1192 admiranda;
1013 1153 1143 1186 Ambro-

180 1200 266 1241 sius:
305 1222 320 1236 «
346 1208 407 1241 Nec
439 1207 667 1240 contemnenda
698 1210 790 1249 putes
822 1207 912 1249 quasi
944 1207 1017 1239 vilia
1049 1206 1144 1239 verba

179 1262 430 1304 prophetarum;
455 1270 474 1293 a
496 1260 677 1302 pastoribus
700 1261 795 1293 etiam
819 1260 915 1292 Maria
939 1259 1032 1292 fidem
1058 1259 1144 1292 colli-

179 1315 238 1357 git,
262 1324 280 1347 a
303 1314 483 1356 pastoribus
506 1314 643 1355 populus
675 1313 713 1346 ad
747 1313 799 1346 Dei
834 1313 1042 1346 reverentiam
1071 1321 1144 1345 con-

180 1370 346 1409 gregatur;
379 1367 502 1408 plebem
530 1367 613 1399 enim
638 1366 790 1399 Dominus
814 1366 986 1408 simplicem
1011 1365 1145 1407 requisi-

180 1420 242 1459 vit,
259 1429 341 1462 quae
356 1420 523 1462 phalerare
539 1419 646 1452 audita
661 1423 692 1452 et
708 1419 816 1451 fucare
832 1418 967 1451 nesciret
985 1432 1014 1449 υ.
1030 1437 1070 1441 -
1085 1418 1145 1450 Mz'-

181 1473 348 1506 ratisunt
371 1472 482 1511 etiam,
515 1472 590 1514 quia
621 1472 778 1513 parvulus
811 1481 872 1504 non
902 1471 1069 1504 videbatur
1100 1471 1145 1503 eis

169 1525 440 1568 contemptibilis,
471 1525 525 1558 sed
557 1525 760 1558 admirabilis.
785 1524 872 1557 Unde
897 1524 991 1557 Isaiae
1016 1524 1144 1557 nono³z

185 1593 201 1609 «
218 1580 373 1612 Parvulus
396 1582 489 1612 natus
512 1582 560 1612 est
583 1579 691 1617 nobis,
717 1582 747 1611 et
764 1578 849 1611 iilius
865 1578 958 1611 datus
974 1582 1022 1611 est
1039 1578 1145 1617 nobis,

179 1637 211 1667 et
234 1634 398 1667 vocabitur
417 1642 532 1666 nomen
548 1633 616 1665 eius
634 1632 854 1664 Adime-abilis·
870 1645 900 1664 ».
925 1632 1047 1674 Ubique
1062 1632 1144 1665 enim

180 1687 333 1720 mirabilis
357 1687 502 1719 Christus
523 1689 671 1728 apparet,
688 1695 750 1718 non
769 1686 869 1718 solum
888 1695 1048 1723 nascens,
1065 1685 1147 1718 sicut

180 1741 250 1780 hic,
274 1740 327 1773 sed
351 1740 443 1773 etiam
457 1739 660 1782 proficiens;
677 1739 758 1771 infra
774 1739 883 1771 eodem
895 1740 927 1770 *ς
955 1752 970 1767 <r
988 1739 1023 1771 Et
1039 1742 1146 1780 stupe-

181 1794 257 1827 bant
280 1802 377 1836 super
408 1793 576 1835 prudentia
599 1795 631 1825 et
654 1792 813 1834 responsis
837 1792 905 1825 eius
922 1805 951 1824 ».
979 1811 1018 1815 —
1044 1791 1146 1824 Admi-

181 1847 290 1880 rabilis
313 1847 408 1879 etiam
432 1847 549 1879 docens
562 1858 573 1884 ;
597 1845 679 1878 infra
702 1850 839 1887 quarto:
870 1858 885 1874 α
902 1845 1097 1877 Mirabantur
1114 1845 1145 1876 in

182 1900 288 1933 verbis
311 1900 446 1942 gratiae,
471 1908 552 1942 quae
577 1899 788 1941 procedebant
803 1899 842 1931 de
858 1908 913 1931 ore
937 1899 1037 1940 ipsius
1054 1911 1084 1930 ».
1102 1916 1144 1922 —

183 1953 380 1986 Admirabilis
412 1958 547 1990 tacens;
578 1952 671 1984 Marci
704 1952 825 1984 decimo
855 1952 988 1994 quinto:
1027 1964 1042 1980 «ι
1060 1951 1145 1984 lesus

182 2010 287 2039 autem
311 2006 447 2048 amplius
470 2006 548 2039 nihil
573 2005 751 2048 respondit,
777 2006 820 2038 ita
844 2009 880 2038 ut
902 2005 1074 2038 miraretur
1099 2005 1146 2037 Pi-

182 2060 265 2093 latus
281 2073 311 2092 ».
338 2078 379 2083 —
404 2059 603 2092 Admirabilis
627 2059 662 2091 in
693 2059 843 2097 actione;
875 2059 957 2091 infra
988 2058 1145 2091 octavo⁵:

188 2126 204 2142 «
219 2114 313 2155 Quis,
330 2116 441 2156 putas,
466 2116 512 2146 est
529 2113 598 2151 hic,
614 2113 689 2155 quia
712 2116 744 2145 et
767 2113 867 2149 ventis
890 2115 922 2145 et
945 2112 1023 2144 mari
1049 2112 1147 2153 impe-

182 2171 250 2206 rat,
275 2171 306 2201 et
329 2167 480 2200 obediunt
503 2167 530 2200 ei
549 2170 586 2211 »2
611 2185 650 2190 —
677 2166 874 2199 Admirabilis
905 2166 941 2198 in
965 2165 1146 2207 passione,-

182 2220 276 2254 Marci
301 2220 421 2253 decimo
445 2213 577 2262 quinto:
608 2232 623 2248 «ι
641 2219 756 2251 Pilatus
776 2223 884 2259 autem
908 2218 1102 2256 mirabatur,
1120 2217 1144 2250 si

183 2274 246 2307 iam
269 2273 430 2306 obiisset»
459 2276 517 2306 etc.
542 2292 584 2297 -
610 2272 805 2305 Admirabilis
829 2272 865 2304 in
888 2271 1145 2308 resurrectione,-

183 2327 284 2359 Lucae
308 2326 439 2358 ultimo:
470 2338 485 2354 a
502 2326 628 2363 Petrus,
660 2315 768 2357 videns
794 2324 970 2356 linteamina
996 2324 1060 2356 sola
1092 2332 1145 2365 po-

184 2379 259 2417 sita,
284 2379 377 2417 abiit,
402 2387 509 2411 secum
533 2378 652 2410 mirans
676 2377 760 2419 quod
784 2377 902 2409 factum
926 2376 1030 2409 fuerat
1046 2389 1076 2408 ».
1104 2394 1145 2399 --

183 2432 381 2465 Admirabilis
398 2432 434 2464 in
450 2431 660 2468 ascensione;
685 2431 824 2463 Psalmus
837 2430 867 2462 ⁶:
898 2443 914 2459 «ι
935 2430 1064 2462 Domine
1086 2429 1145 2461 Do-

184 2485 290 2518 minus
313 2489 437 2523 noster,
462 2493 558 2526 quam
582 2483 766 2516 admirabile
790 2486 838 2516 est
861 2492 975 2515 nomen
997 2486 1087 2515 tuum
1114 2482 1144 2514 in

184 2539 331 2572 universa
363 2538 468 2571 terra!
502 2537 655 2579 Quoniam
687 2537 807 2569 elevata
838 2541 884 2569 est
916 2535 1146 2578 magnificentia

1207 306 1262 334 tua
1285 311 1381 344 super
1405 304 1507 336 caelos
1523 317 1554 335 ι.
1579 322 1621 328 -
1645 304 1843 337 Admirabilis
1867 306 1902 337 in
1926 310 2068 338 extremo
2090 316 2168 338 esca-
2189 314 2211 335 ιη
2226 314 2313 335 iudicio.

1204 355 1316 393 mine,-
1342 356 1517 397 Sapientiae
1540 360 1671 389 octavo:
1702 371 1717 386 «1
1734 359 1851 390 Acutus
1867 358 2009 391 inveniar
2033 359 2066 391 in
2089 359 2168 391 iudi—

1207 408 1273 447 cio,
1298 412 1329 441 et
1352 409 1382 440 in
1407 412 1578 450 conspectu
1602 410 1806 451 prudentium
1829 410 2021 444 admirabilis
2044 421 2098 444 ero
2115 425 2144 443 ι.

1297 461 1350 493 [ιθ.
1383 462 1484 500 (Vers.
1521 462 1595 503 19).
1629 463 1699 495 Fuit
1728 463 1821 495 etiam
1859 463 1951 495 tertio
1981 465 2171 497 memoriter
2193 472 2313 507 memoriter

1207 518 1427 552 comervata,·
1451 515 1536 547 unde
1558 515 1724 547 subditur:
1756 516 1869 548 Maria
1901 521 2012 549 autem
2041 527 2172 549 concer-
2188 501 2319 519 ‘mmm'

1207 567 1310 599 vabat
1331 568 1445 600 omnia
1469 568 1570 600 verba
1594 567 1692 607 haec,
1717 568 1888 610 conferens
1913 570 1948 601 z'n
1971 571 2068 602 corde
2091 580 2169 608 auo,-

1204 623 1358 661 ,tanquam
1383 621 1523 662 prudens
1546 625 1577 653 et
1600 621 1754 660 discreta,
1783 623 1957 654 secundum
1990 623 2065 655 illud
2098 624 2170 655 Pro-

1182 676 1184 679 '
1208 672 1391 705 verbiorum
1424 674 1563 706 tertio⁷:
1594 687 1609 702 α
1627 674 1837 707 Misericordia
1861 679 1891 707 et
1916 676 2030 708 veritas
2055 680 2084 708 te
2109 685 2170 708 non

1207 726 1362 759 deserant.
1395 726 1564 759 Circumda
1591 736 1644 760 eas
1667 728 1789 769 gutturi
1815 732 1886 767 tuo,
1912 732 1942 761 et
1965 729 2107 762 describe
2140 730 2169 762 iu

1209 779 1324 812 tabulis
1347 779 1451 812 cordis
1475 780 1519 812 tui
1538 792 1569 818 »;
1598 783 1630 812 et
1655 780 1858 814 Ecclesiastici
1888 782 2169 824 quinquagesimo:

1214 846 1229 861 «
1257 833 1316 874 Qui
1349 833 1437 874 ponit
1472 833 1524 865 illa
1556 833 1585 865 in
1623 834 1716 866 corde
1748 835 1871 876 sapiens
1903 835 1963 867 erit
1995 844 2118 877 semper
2141 850 2170 867 n.

1209 885 1342 918 Econtra
1364 885 1480 918 dicitur
1505 886 1877 929 Ecclesiastici‘vigesimo
1894 888 1996 929 primo
2012 888 2050 920 de
2067 888 2170 920 fatuo:

1214 952 1229 967 α
1244 939 1304 971 Cor
1329 939 1404 971 latui
1430 940 1521 981 quasi
1546 949 1600 973 vas
1623 941 1837 980 confractum,
1862 946 1892 974 et
1908 951 2031 974 omnem
2050 942 2172 983 sapien-

1208 992 1282 1024 tiam
1306 1001 1367 1024 non
1400 992 1563 1025 tenebit».
1590 1011 1631 1016 -
1656 993 1742 1026 Unde
1767 994 1860 1035 Virgo
1884 994 1943 1026 luit
1966 1004 2051 1026 arca
2075 995 2173 1027 conti·
2192 1001 2257 1022 Mam
2273 1002 2311 1022 nm

1207 1054 1286 1078 nens
1308 1045 1487 1078 divinorum
1511 1046 1711 1088 eloquiorum
1735 1056 1870 1085 arcana;
1896 1051 1927 1080 et
1950 1048 2018 1080 ideo
2043 1057 2098 1089 per
2122 1057 2172 1080 ar-
2226 1034 2282 1049 ηδ’

1208 1107 1276 1131 cam
1301 1100 1395 1141 Moysi
1421 1099 1622 1141 designatur,
1651 1100 1690 1132 de
1721 1110 1784 1142 qua
1815 1101 1931 1133 dicitur
1960 1102 2172 1134 Hebraeorum

1208 1162 1291 1185 nono
1303 1153 1334 1191 ⁸,
1359 1153 1444 1195 quod
1468 1153 1647 1185 continebat
1664 1153 1787 1186 tabulas
1805 1154 1880 1196 legis
1896 1154 2028 1187 divinae.
2048 1155 2081 1187 Et
2099 1155 2172 1196 quia

1208 1215 1270 1238 non
1295 1206 1397 1238 solum
1426 1206 1648 1244 conservabat,
1674 1207 1726 1239 sed
1751 1207 1844 1239 etiam
1869 1208 2077 1249 intelligebat;
2105 1208 2172 1240 ideo

1209 1259 1356 1292 additur:
1384 1258 1561 1301 Conferens
1585 1269 1624 1291 ea
1648 1260 1684 1292 z'n
1708 1261 1805 1292 corde
1828 1270 1908 1298 suo,
1936 1261 1976 1293 iia
2001 1265 2036 1293 ut
2068 1264 2173 1302 posset

1209 1312 1313 1345 dicere
1338 1312 1414 1344 illud
1440 1312 1572 1344 Psalmi:
1610 1326 1624 1340 «
1644 1313 1674 1344 ln
1707 1314 1801 1346 corde
1834 1323 1903 1346 meo
1938 1314 2084 1346 abscondi
2110 1315 2172 1346 elo-

1210 1365 1285 1407 quia
1309 1369 1364 1397 tua
1381 1378 1410 1396 n.

1299 1419 1352 1451 lii.
1378 1419 1480 1459 <Vers.
1506 1420 1583 1458 c202).
1621 1420 1657 1451 Ec
1688 1421 1814 1452 reversi
1840 1425 1918 1452 sum
1940 1424 2089 1462 pastores
2113 1425 2172 1452 etc.
2192 1427 2273 1451 Tertio.
2291 1432 2338 1453 ort>

1211 1473 1263 1505 llic
1287 1472 1527 1505 commendatur
1558 1472 1717 1514 diligentia
1742 1478 1903 1514 pastorum
1927 1483 1944 1505 a
1967 1473 2174 1515 yraciludz'ne
2188 1455 2339 1533 Ξὶἷιὲιιιῗᾟὲἓ-

1210 1526 1400 1558 devotionis.
1427 1525 1469 1558 Ad
1494 1525 1553 1558 hoc
1576 1529 1700 1564 autem,
1725 1526 1809 1568 quod
1833 1526 1957 1559 devotio
1980 1527 2019 1558 sit
2043 1526 2106 1559 Deo
2122 1535 2173 1558 ac-
2187 1535 2338 1580 {gammon—

1211 1582 1318 1620 cepta,
1343 1587 1470 1611 necesse
1494 1582 1558 1617 est,
1583 1578 1667 1620 quod
1692 1578 1811 1611 simul⁹
1836 1583 1982 1611 resonent
1999 1583 2028 1610 et
2045 1587 2174 1611 concor·
2278 1576 2281 1579 '

1210 1631 1285 1664 dent
1302 1641 1442 1669 manus,
1460 1641 1552 1663 mens
1568 1635 1598 1663 et
1615 1631 1755 1673 linqua:
1773 1641 1896 1663 manus
1919 1631 2077 1673 operando
2088 1657 2095 1669 ‚
2113 1631 2174 1663 lin-

1209 1694 1281 1727 9ua
1294 1684 1460 1723 laudando,
1473 1694 1563 1717 mens
1577 1685 1837 1726 recognoscendo.
1851 1703 1895 1708 —-—-
1909 1684 2083 1717 Laudabilis
2099 1693 2174 1725 ergo

1211 1741 1280 1770 erat
1304 1741 1465 1779 pastorum
1490 1737 1614 1770 devotio
1631 1742 1760 1779 propter
1778 1737 1919 1770 debitam
1936 1737 2174 1780 operationem,
2189 1746 2266 1776 nebia
2281 1752 2330 1773 ope-

1211 1791 1333 1823 ratione
1357 1791 1449 1823 cuius
1473 1791 1610 1823 dic-itur:
1629 1791 1764 1823 Reversi
1777 1796 1857 1823 sunt
1868 1796 2040 1833 pastores,
2058 1791 2175 1823 scilicet
2227 1775 2289 1794 ‘³²¹⁰‘

1210 1844 1249 1876 ad
1273 1843 1446 1876 custodiam
1471 1844 1575 1885 gregis
1599 1844 1767 1876 commissi.
1785 1844 1817 1876 ln
1834 1853 1898 1886 quo
1913 1844 2106 1876 erudiuntur
2122 1843 2174 1875 de-

1210 1896 1292 1935 voti,
1317 1900 1353 1929 ut
1377 1900 1447 1938 post
1471 1897 1764 1938 contemplationem
1786 1896 1956 1929 salvatoris
1973 1900 2174 1928 revertantur

1210 1950 1247 1982 ad
1272 1950 1461 1983 exercitium
1487 1950 1634 1988 actionis;
1654 1949 1822 1982 Ezechielis
1838 1950 1940 1991 primo
1955 1950 1997 1981 ¹⁰:
2019 1962 2034 1977 α
2052 1950 2174 1982 .Ᾰηίωᾶ-

1211 2004 1252 2036 lia
1276 2004 1362 2036 ibant
1384 2007 1415 2036 et
1439 2003 1681 2036 revertebantur
1713 2003 1744 2035 in
1775 2003 2009 2036 similitudinem
2038 2003 2174 2044 fulguris

1210 2057 1405 2090 coruscantis
1418 2069 1449 2095 »;
1466 2061 1497 2089 et
1521 2056 1601 2089 infra
1617 2060 1743 2089 octavo:
1767 2069 1782 2085 α
1800 2056 1871 2089 Redi
1890 2057 1922 2088 in
1941 2056 2069 2089 domum
2087 2061 2172 2088 tuam

1210 2114 1242 2143 et
1265 2119 1377 2149 narra,
1402 2113 1520 2152 quanta
1543 2110 1615 2142 fecit
1640 2109 1695 2142 tibi
1720 2110 1850 2142 Deus».
1868 2110 1967 2142 Huius
1991 2110 2093 2152 figura
2118 2110 2172 2141 ba-

1211 2163 1304 2196 betur
1329 2163 1359 2195 in
1385 2163 1472 2196 losue
1497 2163 1655 2196 secundo:
1685 2176 1700 2191 «ι
1718 2163 1844 2195 Reversi
1878 2167 1952 2195 sunt
1982 2167 2012 2195 et
2045 2163 2172 2195 descen-

1210 2216 1327 2248 derunt
1350 2217 1568 2257 exploratores
1584 2216 1622 2248 de
1639 2220 1745 2249 monte
1761 2220 1792 2248 et
1809 2220 1964 2249 venerunt
1980 2216 2016 2248 ad
2036 2216 2123 2249 losue
2141 2230 2170 2247 n.

1211 2269 1242 2300 ln
1268 2278 1331 2310 quo
1356 2268 1568 2310 significatur,
1593 2268 1676 2310 quod
1703 2273 1842 2310 tempore
1868 2268 2046 2301 tentationis
2063 2277 2171 2301 recur-

1211 2321 1343 2354 rendum
1368 2325 1415 2354 est
1438 2321 1475 2353 ad
1500 2321 1671 2353 orationem
1697 2325 1727 2353 et
1751 2321 1949 2362 postmodum
1975 2320 2170 2354 redeundum

1210 2378 1257 2407 est
1280 2374 1319 2406 ad
1342 2374 1506 2406 actionem.

1300 2428 1352 2460 ΛΞ.
1379 2427 1555 2460 Laudabilis
1578 2427 1670 2459 etiam
1695 2427 1754 2459 fuit
1778 2431 1907 2468 propter
1930 2426 2073 2459 debitam
2088 2437 2170 2469 yra-
2183 2434 2327 2482 ffissaaffio-

1211 2481 1337 2513 tiaram
1363 2481 1544 2518 actionem,
1577 2480 1697 2513 ratione
1728 2480 1819 2512 cuius
1843 2480 2009 2512 subditur:
2038 2479 2170 2520 Glorifi-
2329 2477 2334 2481 '

1211 2539 1321 2567 cantes
1344 2538 1372 2566 et
1396 2534 1572 2566 laudantes
1602 2534 1729 2571 Deum‚·
1763 2533 1964 2566 Ecclesiastici
1997 2533 2170 2574 quadrage-

259 2722 266 2739 ¹
289 2722 355 2747 loon.
377 2721 407 2752 4,
428 2722 471 2747 42.
490 2736 523 2739 —
543 2722 600 2747 Duo
624 2728 699 2754 seqq.
725 2721 774 2747 loci
800 2724 860 2747 sunt
883 2722 953 2746 ioan.
979 2721 1027 2753 ⁴0,
1054 2720 1095 2746 ⁴4.
1122 2723 1148 2745 et

186 2765 231 2791 lob
250 2766 298 2796 23,
322 2765 346 2790 3.
1082 2780 1085 2782 v

257 2808 268 2823 ¹³
290 2810 363 2835 Vers.
377 2810 418 2835 i3.
437 2822 473 2828 —
491 2810 621 2835 Sententia
635 2809 756 2835 Ambros.
771 2808 883 2834 habetur
896 2810 923 2834 ll.
938 2809 962 2834 in
977 2810 1037 2834 Luc.
1051 2815 1079 2834 n.
1095 2809 1147 2834 53:

189 2863 205 2881 σε
217 2854 272 2879 Non
292 2854 428 2885 gymnasia
448 2854 535 2879 choris
555 2855 646 2879 referta
666 2854 829 2885 sapientum,
843 2854 888 2879 sed
903 2853 1007 2885 plebem
1023 2853 1148 2878 Dominus

186 2897 332 2929 simplicem
356 2898 507 2930 requisivit,
525 2905 594 2931 quae
613 2899 749 2930 phalerare
768 2898 856 2923 audita
876 2901 902 2923 et
921 2899 1008 2924 fucare
1027 2898 1148 2923 nesciret.

186 2942 345 2974 Simplicitas
363 2942 432 2968 enim
458 2943 606 2975 quaeritur,
626 2949 678 2968 non
697 2941 806 2968 ambitio
825 2942 997 2968 desideratur.
1018 2942 1069 2968 Nec
1088 2948 1148 2967 cou-

187 2986 325 3012 temnenda
338 2990 413 3018 putes
422 2988 498 3020 quasi
507 2987 566 3012 vilia
578 2986 658 3012 verba
670 2988 857 3019 prophetarum
867 2995 872 3018 ;
883 2994 897 3011 a
909 2986 1059 3018 pastoribus
1068 2986 1146 3012 etiarn

187 3031 265 3056 Maria
279 3031 357 3056 fldem
372 3032 497 3063 colligit..
510 3035 687 3063 congregatur
701 3041 726 3056 ι.
738 3030 821 3056 Codd.
837 3031 916 3056 nostri
930 3038 991 3056 cum
1006 3031 1032 3055 S.
1045 3031 1146 3055 Thomu

188 3075 295 3106 (catena
314 3082 393 3101 aurea
414 3076 438 3101 in
457 3077 520 3101 Luc.
534 3077 557 3102 2.
573 3083 596 3101 n.
617 3074 672 3108 5.):
690 3075 744 3102 Nec
762 3074 955 3102 contemnenda
971 3077 1062 3108 putes,
1083 3074 1147 3108 quia

188 3119 333 3154 [Thomasz
353 3120 443 3154 quasi]
462 3120 528 3146 vilia
552 3120 634 3147 verba
655 3122 824 3154 pactorum,·
852 3126 869 3145 a
895 3119 1052 3152 pastoribus
1076 3118 1147 3145 enim

187 3163 268 3199 fidem
286 3164 377 3190 Maria
395 3164 505 3198 colligit.
532 3166 557 3190 ln
583 3165 624 3190 ed.
645 3171 756 3197 operum
777 3163 907 3189 Ambrosii
926 3172 940 3189 a
962 3163 1084 3189 maurinis
1103 3170 1148 3189 no-

188 3210 269 3238 tatur,
288 3207 360 3240 quod
379 3214 428 3239 pro
447 3207 528 3234 verba
544 3208 742 3242 prophetae-um
769 3208 829 3233 cod.
857 3208 922 3239 neg.
947 3211 972 3232 et
991 3207 1065 3233 nom.
1084 3207 1147 3232 edii.

188 3250 349 3277 substituunt
369 3251 451 3278 verba
472 3254 636 3286 pastorum:
650 3251 747 3279 deinde
765 3252 879 3278 editores
891 3252 1051 3285 adiungunt:
1068 3261 1080 3274 α
1094 3251 1146 3276 Sed

189 3296 232 3322 nic
251 3299 350 3322 mutato
369 3296 430 3322 nihil
449 3300 489 3322 est
511 3303 594 3329 opus,
623 3303 683 3323 cum
703 3304 753 3323 non
772 3296 900 3328 ambiguo
920 3297 968 3328 ipsi
989 3300 1107 3328 pastores
1132 3302 1146 3322 a

190 3340 215 3366 S.
236 3340 347 3366 Doctum
373 3342 518 3373 prophetae
544 3341 692 3367 vocitentur
705 3351 729 3367 ιι.
753 3341 872 3367 Subinde
890 3348 938 3373 pro
953 3339 1057 3374 plebem
1076 3340 1147 3366 enim

189 3384 337 3418 simplicem
356 3385 375 3411 C
386 3386 407 3411 D
425 3385 505 3420 fidem
523 3385 595 3412 em'm
613 3385 772 3420 simplicem.

1283 2717 1294 2732 ⁸
1315 2719 1390 2744 vers.
1408 2718 1439 2751 6,
1459 2718 1484 2743 ἰῃ
1503 2717 1579 2743 cuius
1598 2717 1650 2742 flue
1669 2716 1748 2742 codd.
1767 2716 1863 2742 nostri:
1883 2718 1907 2742 el
1926 2714 2064 2742 vocabitur
2082 2714 2171 2741 Admi'·

1211 2762 1316 2789 rabilis.

1283 2806 1295 2821 ⁴
1316 2808 1390 2833 Ver-s.
1410 2807 1456 2832 Π.
1472 2820 1508 2826 -
1527 2807 1584 2832 Duo
1603 2813 1677 2838 seqq.
1697 2805 1748 2831 ioci
1766 2808 1826 2830 sunt
1845 2806 1906 2830 Luc.
1929 2805 1958 2835 b,
1977 2805 2021 2830 22.
2044 2809 2069 2829 et
2094 2804 2169 2828 Marc.

1214 2852 1261 2883 -15,
1282 2852 1305 2878 5.
1328 2852 1386 2882 (Pro
1408 2852 1480 2877 lesus
1508 2853 1600 2877 autem
1618 2849 1737 2883 amplius
1756 2848 1825 2875 nihil
1842 2848 1980 2883 respondit
1998 2848 2076 2874 codd.
2096 2848 2170 2874 Iesus

1211 2903 1266 2923 non
1285 2896 1357 2922 dedic
1374 2902 1550 2929 responsum,
1571 2897 1617 2922 cir.
1637 2897 1706 2922 ioan.
1727 2894 1774 2925 19,
1794 2894 1841 2926 9.).

1282 2939 1293 2953 ⁶
1315 2941 1379 2965 Vers
1395 2940 1480 2965 25.-
1489 2939 1605 2965 Subinde
1617 2940 1761 2971 allegantur
1772 2939 1849 2964 Marc.
1864 2938 1902 2968 15,
1913 2937 1954 2963 44.
1965 2941 1991 2963 ei
2001 2938 2064 2963 Luc.
2074 2937 2117 2967 24,
2130 2938 2170 2962 ⁴2.

1284 2982 1296 2997 ⁶
1314 2985 1406 3010 Psalm.
1426 2985 1457 3014 8,
1478 2985 1493 3009 2
1521 2997 1556 3003 —
1576 2984 1699 3016 Sequitur
1724 2983 1785 3014 sap.
1811 2983 1842 3013 8,
1864 2983 1905 3013 ll,
1925 2981 1969 3008 ubi
1990 2989 2037 3013 pro
2054 2980 2170 3014 prvden·

1211 3028 1279 3056 tium
1301 3029 1356 3054 Vat.
1376 3035 1436 3054 cum
1459 3029 1567 3060 Vulgata
1585 3027 1742 3061 potentium.

1282 3071 1292 3087 '
1315 3073 1387 3098 Vei-s.
1408 3073 1433 3098 3.
1457 3072 1556 3105 Codd„
1585 3072 1669 3104 prin-ia
1698 3071 1819 3096 versiculi
1845 3075 1919 3102 parte
1944 3071 2059 3100 omissa,
2082 3070 2171 3101 legunt

1212 3116 1357 3144 Cib-cuman
1375 3123 1435 3142 eam
1454 3116 1562 3150 quuuri
1572 3120 1620 3142 etc.
1634 3129 1669 3134 —
1682 3116 1738 3140 Duo
1750 3122 1825 3147 seqq.
1839 3115 1887 3140 loci
1900 3119 1961 3140 sunt
1973 3114 2051 3140 Eoeli.
2065 3114 2114 3145 50,
2126 3114 2169 3139 30.

1211 3166 1237 3188 et
1255 3163 1298 3192 21,
1319 3161 1361 3186 17.

1282 3204 1294 3219 ⁸
1314 3206 1386 3231 Vers.
1407 3204 1431 3230 4.
1450 3217 1486 3224 —-
1504 3204 1623 3230 Subinde
1640 3204 1767 3235 allegatur
1786 3203 1824 3228 rs.
1848 3203 1912 3233 ⁴48,
1933 3203 1976 3227 Η.

1282 3249 1294 3264 ⁹
1316 3251 1371 3275 vat.
1391 3249 1523 3276 similiter.
1547 3249 1610 3274 Dein
1630 3255 1678 3280 pro
1697 3246 1910 3281 recognoscendo
1933 3246 1977 3278 (iia
1993 3246 2021 3278 Β)
2036 3246 2077 3272 alii
2091 3246 2168 3272 codd.

1212 3299 1237 3320 et
1258 3296 1315 3322 Vai.
1333 3293 1519 3328 notificando,
1538 3293 1609 3325 quod
1630 3299 1681 3317 non
1702 3291 1831 3323 congruit.
2139 3284 2145 3286 ξ

1284 3338 1306 3353 ¹⁰
1326 3339 1391 3364 Vei-s
1420 3338 1462 3364 46.
1480 3351 1515 3358 --
1535 3338 1592 3363 Duo
1610 3345 1684 3370 seqq.
1704 3336 1753 3362 ioci
1780 3340 1841 3362 sunt
1859 3337 1921 3362 Luc.
1940 3336 1970 3367 8,
1990 3336 2031 3361 39.
2051 3340 2076 3361 et
2095 3337 2168 3361 losue

1211 3386 1227 3410 2
1236 3403 1243 3415 ‚
1255 3384 1300 3410 ⁴23.
1311 3395 1347 3403 -—
1356 3384 1494 3416 Aliquanto
1505 3382 1611 3409 interius
1621 3387 1669 3413 pro
1683 3379 1882 3406 recurrendum
1899 3380 1954 3405 vm.
1971 3378 2167 3406 revertendum.
