2476 3921
798 214 993 249 COMMENT.
1019 215 1056 248 IN
1079 214 1318 248 EVANGELIUM
1341 216 1460 249 LUCAE
1483 217 1516 250 C.
1542 218 1576 250 X.

198 306 320 341 decimo
345 306 456 340 tertio:
486 319 502 335 a
517 305 617 338 Omne
640 304 755 338 animal
779 304 880 347 diligit
903 304 1003 338 simile
1027 303 1101 342 sibi,
1117 303 1161 336 sic

197 363 230 393 et
245 359 347 393 omnis
363 359 457 392 homo
467 358 651 401 proximum
664 357 721 391 sibi
736 371 766 390 n.
781 357 817 391 Et
829 357 1022 400 Augustinus
1032 358 1059 389 ¹:
1077 369 1092 385 α
1102 356 1161 389 Νο-

198 413 283 446 mine
305 411 455 455 proximi
475 411 662 454 intelligitur
678 410 780 444 omnis
804 411 943 443 homo».
960 428 1005 434 ——
1021 410 1057 443 Et
1080 409 1160 448 ideo,

198 465 273 508 quia
296 463 429 498 dubium
453 467 540 504 erat,
564 467 596 497 et
623 463 792 505 multiplex
816 465 885 496 erat
907 462 1045 505 proximi
1069 462 1161 495 intel-

198 518 340 561 ligentia,
364 521 534 560 propterea
549 516 761 559 indagandum
785 520 854 549 erat
877 519 908 549 et
931 515 1160 558 requirendum

197 581 260 604 non
284 572 386 605 solum
410 574 540 613 propter
570 570 660 603 illum
692 570 927 612 legisperitum,
952 569 1006 603 sed
1029 572 1160 612 propter

197 624 365 657 utilitatem
388 624 547 663 fidelium,
572 633 591 656 a
613 623 731 666 quibus
754 623 948 665 implendum
972 626 1041 656 erat
1070 631 1161 664 prae-

197 676 330 710 missum
353 677 554 716 mandatum,
577 676 663 719 quod
697 679 745 709 est
780 676 1009 709 consummatio
1032 675 1160 708 manda-

198 732 304 762 torum
321 730 344 762 ².

287 784 339 816 52.
365 782 580 826 Suspiciens³
605 786 714 816 autem
742 783 851 821 lesus,
868 782 963 815 dixit.
982 782 1052 815 Post
1068 790 1160 824 prae-

17 831 185 893 ‘1'233133233333
197 835 324 878 ceptum
355 837 504 879 regulans
535 836 574 869 ad
606 835 778 870 vivendum
811 835 960 868 subditur
983 835 1160 868 documen-

41 903 80 926 ρει
102 898 182 918 nictum
197 892 268 922 tum
290 889 440 922 excitans
462 890 509 923 ad
531 889 797 932 intelliyendum,
821 892 853 922 et
876 889 936 922 hoc
960 898 1017 931 per
1040 888 1159 922 dictum

41 924 185 953 parabolicum

4 968 5 971 η
55 952 169 977 tanguntur
196 943 430 985 parabolicum;
462 946 494 976 et
524 943 584 976 hoc
618 946 720 982 notat,
745 952 818 976 cum
850 942 942 976 dicit:
968 942 1161 985 Suspiciens

63 979 161 1005 quatuor.

87 1269 176 1292 Divisio.

40 1697 72 1728 De
79 1703 177 1745 ἆξπεουα

55 1726 165 1772 aetia?

85 1777 137 1799 duo.

73 1857 177 1879 Primum.

196 999 309 1029 autem
333 997 443 1035 Iesus;
466 997 499 1030 in
523 1005 587 1038 quo
610 996 764 1036 ostendit,
788 995 874 1039 quod
897 996 952 1038 qui
976 995 1045 1028 vult
1068 995 1159 1028 intel-

196 1050 294 1093 ligere
316 1051 482 1084 veritatem
506 1050 600 1083 debet
621 1059 750 1083 sursum
773 1049 933 1092 aspicere,
957 1048 1040 1082 unde
1064 1048 1159 1082 micat

196 1112 310 1137 verum
334 1103 459 1143 lumen;
484 1103 580 1137 Isaiae
603 1103 842 1146 sexagesim0⁴:
871 1116 886 1132 <x
903 1103 1018 1145 Surge,
1042 1102 1158 1135 illumi—

195 1165 283 1196 nare,
296 1156 464 1195 Ierusalem
475 1169 491 1186 ι»
512 1160 587 1196 etc.;
604 1156 689 1199 quia,
708 1156 910 1189 Ecclesiastici
928 1156 1043 1198 primo,
1061 1155 1158 1188 «fons

196 1209 366 1252 sapientiae
388 1210 523 1243 verbum
554 1209 610 1243 Dei
642 1210 674 1243 in
705 1209 840 1243 excelsis
855 1222 886 1241 ›2.
911 1209 944 1242 In
968 1209 1028 1242 hoc
1051 1212 1157 1241 autem

195 1263 278 1296 dicto
301 1263 481 1306 parabolico
504 1266 641 1306 quatuor
664 1262 921 1295 introducuntur.
947 1262 1085 1295 Primum
1110 1265 1158 1295 est

193 1325 340 1359 persona
374 1315 525 1358 indicens
555 1325 596 1348 ex
627 1314 766 1347 miseria
774 1326 786 1354 ‚·
809 1314 984 1348 secundum
1009 1318 1056 1348 est
1082 1324 1158 1357 per-

195 1379 280 1402 sona
303 1369 486 1412 despiciens
509 1378 549 1401 eae
572 1368 723 1407 duritia,
747 1367 834 1401 ibi⁶:
865 1367 995 1400 Accidit
1026 1371 1157 1406 autem,

195 1427 234 1456 ‘ut
256 1423 413 1456 sacerdos
447 1425 526 1462 etc.;
561 1421 692 1455 tertium
727 1425 775 1454 est
794 1430 941 1464 persona
963 1420 1159 1453 subveniens

195 1486 235 1509 ex
258 1476 445 1515 clementia,
469 1475 530 1509 ibi:
556 1475 797 1508 Samaritanus
828 1477 938 1507 autem
962 1477 1038 1514 etc.;
1062 1482 1159 1516 quar-

194 1533 264 1563 tum
287 1533 335 1563 est
357 1529 512 1562 doctrina
526 1528 726 1572 subsequens
742 1537 782 1561 ea:
796 1527 979 1570 parabola,
996 1527 1056 1560 ibi:
1076 1527 1159 1569 Quis

195 1582 316 1616 storum
340 1583 444 1615 trium
468 1582 600 1615 videtur
621 1585 681 1615 etc.

284 1637 374 1670 Circa
393 1645 576 1679 personam
599 1635 799 1678 indicentem
814 1645 854 1668 ex
869 1635 1009 1668 miseria
1032 1635 1096 1668 duo
1112 1635 1160 1667 in-

197 1690 411 1724 troducuntur
433 1690 474 1723 ab
497 1689 706 1731 Evangelista:
742 1689 883 1731 primum
905 1692 953 1722 est
975 1688 1159 1721 subtractio

198 1744 293 1784 boni,
318 1743 492 1778 secundum
516 1746 564 1776 est
586 1742 725 1785 inflictio
747 1742 840 1775 mali.

287 1798 340 1832 53.
365 1798 467 1840 (Vers.
493 1797 571 1838 30.).
596 1796 700 1829 Primo
722 1796 820 1839 igitur
844 1800 999 1839 quantum
1024 1796 1063 1829 ad
1085 1796 1162 1830 boni

197 1851 457 1884 subtractionem
479 1850 568 1883 dicit:
595 1849 699 1882 Homo
723 1849 862 1893 quidam
886 1849 1099 1883 descendebat
1118 1849 1160 1883 ab

197 1904 381 1938 Ierusalem
410 1903 447 1937 in
481 1901 608 1936 Iericho
636 1907 666 1936 et
696 1903 815 1936 incidit
843 1903 880 1936 in
910 1903 1071 1943 latrones,
1102 1903 1162 1947 qui

197 1957 298 1991 etiam
321 1956 588 2000 despoliaverunt
618 1965 703 1989 eum.
729 1956 800 1989 ideo
827 1955 970 1990 fortassis
997 1957 1057 1990 hoc
1080 1956 1161 1990 fece-

197 2014 292 2051 runt,
316 2010 392 2053 quia
414 2009 506 2043 solus
521 2013 614 2049 erat;
637 2009 723 2053 quod
739 2013 827 2045 notat
843 2010 875 2043 in
892 2010 952 2043 hoc
968 2010 1053 2052 quod
1068 2010 1160 2043 dicit:

199 2064 302 2098 Homo
319 2064 456 2108 quidam
468 2089 477 2102 ‚
501 2067 539 2097 ut
561 2072 674 2097 verum
694 2066 844 2106 appareat
864 2063 943 2096 illud
958 2063 1161 2097 Ecclesiastae

197 2122 311 2161 quarto
323 2118 355 2151 ⁶:
385 2131 401 2147 α
417 2118 482 2151 Vae
504 2117 579 2151 soli!
604 2116 697 2160 quia,
714 2126 787 2150 cum
804 2116 969 2156 ceciderit,
986 2126 1050 2149 non
1066 2116 1161 2150 babet

196 2171 417 2205 sublevantem
433 2185 466 2211 ι»,
490 2171 588 2204 immo
611 2170 717 2213 potius
740 2170 812 2203 talis
835 2170 930 2203 babet
954 2170 1160 2212 depraedan—

198 2229 253 2258 tes.
277 2226 364 2259 Unde
387 2225 446 2259 iste
469 2225 565 2258 homo
588 2226 712 2267 poterat
734 2223 840 2257 dicere
862 2223 941 2256 illud
965 2223 1018 2256 Iob
1040 2223 1161 2256 decimo

196 2288 295 2312 nono:
327 2292 343 2308 «ι
359 2278 509 2321 Spoliavit
531 2286 583 2311 me
605 2277 705 2320 gloria
727 2285 797 2309 mea
820 2280 851 2310 et
866 2276 996 2309 abstulit
1012 2285 1160 2310 coronam

197 2332 236 2365 de
252 2332 353 2375 capite
370 2341 439 2365 meo
451 2339 520 2364 »s«
534 2331 634 2364 Simul
650 2333 808 2363 venerunt
825 2330 962 2363 latrones
975 2333 1006 2363 et
1017 2329 1161 2363 fecerunt

198 2385 256 2419 sibi
280 2385 364 2418 viam
388 2393 445 2427 per
468 2393 519 2417 me
533 2397 564 2416 n.
591 2384 624 2416 In
647 2383 706 2416 hos
729 2383 867 2416 latrones
889 2382 997 2415 incidit
1019 2382 1160 2416 fortassis

197 2441 328 2480 propter
350 2436 561 2470 solitudinem
576 2436 670 2475 viae,
694 2435 748 2469 ubi
774 2439 1007 2469 consueverunt
1023 2436 1160 2469 latrones

197 2492 310 2531 latere,
334 2490 508 2525 secundum
542 2489 621 2523 illud
656 2489 804 2522 Ieremiae
838 2489 975 2522 terti0⁷z
1012 2502 1028 2518 α
1045 2489 1078 2522 In
1102 2489 1161 2523 viis

199 2544 346 2584 sedebas,
371 2547 559 2586 exspectans
582 2552 636 2577 eos
659 2543 750 2586 quasi
774 2543 855 2576 latro
879 2542 910 2575 in
945 2542 1113 2577 solitudine
1128 2556 1159 2577 n.

271 2677 279 2693 ¹
301 2679 384 2705 Serm.
405 2679 447 2704 90.
468 2678 542 2712 (alias
562 2677 603 2704 tt.
623 2685 655 2703 ex
674 2677 750 2703 editis
769 2684 784 2703 a
804 2677 956 2712 Sirmondo)
976 2686 1001 2704 n.
1020 2678 1052 2705 7:
1071 2679 1161 2706 Omnis

200 2724 280 2749 bomo
298 2723 435 2756 proximus
454 2726 514 2748 tuus
533 2725 580 2748 cst.
599 2723 715 2747 Ennrrat.
743 2722 770 2748 in
799 2723 841 2748 Ps.
862 2723 921 2749 li8.
940 2730 1018 2749 serm.
1040 2724 1064 2749 8.
1084 2731 1109 2750 n.
1130 2725 1161 2750 2:

199 2767 292 2794 Omnis
310 2767 411 2801 quippe
429 2768 509 2793 homo
538 2770 577 2792 est
604 2767 677 2792 omni
697 2767 797 2792 bomini
816 2768 964 2800 proximus,
983 2775 1032 2794 nec
1052 2769 1102 2794 ulla
1120 2775 1162 2794 co-

201 2812 307 2844 gitanda
326 2815 366 2838 est
383 2811 560 2844 longinquitas
579 2811 697 2843 generis,
716 2810 762 2837 ubi
782 2815 822 2837 est
834 2815 925 2837 natura
939 2813 1096 2839 communis.
1109 2812 1162 2839 Cir.

204 2857 321 2882 Enarrat.
341 2857 370 2882 in
388 2857 429 2882 Ps.
450 2855 492 2881 ⁴4.
513 2860 538 2881 n.
559 2856 584 2881 3.
602 2858 628 2881 et
646 2855 672 2881 in
692 2856 731 2882 Ps.
757 2856 801 2882 25.
825 2859 938 2883 enarrat.
958 2858 983 2883 2.
1003 2864 1030 2883 n.
1050 2859 1075 2883 2.
1094 2857 1162 2883 Vide

202 2901 240 2927 Ill.
259 2902 330 2927 Sent.
349 2901 375 2926 d.
403 2900 517 2926 XXVIII.
537 2900 573 2926 lit.
597 2900 721 2932 Magistri,
750 2907 774 2927 c.
802 2902 833 2934 3,
861 2900 907 2927 ubi
935 2902 1062 2934 allegatur
1087 2902 1104 2927 1.
1128 2902 1162 2928 de

203 2946 289 2971 Doctr.
314 2945 402 2971 christ.
421 2951 445 2970 c.
464 2945 508 2971 30.
535 2951 561 2970 n.
581 2945 629 2978 323
649 2944 714 2971 ibid.
743 2952 767 2972 c.
796 2945 820 2971 4.
849 2950 1034 2978 proponuntur
1062 2947 1160 2973 diversi

201 2990 289 3021 modi,
308 2989 406 3022 quibus
425 2989 520 3015 dicitur
535 2989 692 3024 promimus.
745 3008 748 3011 -

272 3032 283 3048 ²
302 3034 378 3060 Rom.
398 3034 445 3066 ⁴3,
465 3034 495 3060 9:
515 3034 545 3060 Et
562 3034 584 3060 si
601 3034 678 3068 quod
706 3037 745 3061 est
774 3035 845 3061 aliud
874 3035 1043 3069 mandatum,
1063 3035 1087 3061 in
1112 3037 1162 3062 lioc

202 3078 285 3105 verbo
305 3079 477 3105 instauratur:
496 3078 594 3111 Diliges
612 3080 762 3112 proximum
783 3083 857 3106 tuum
877 3080 944 3106 sicut
962 3083 986 3106 te
1006 3081 1102 3113 ipsum.

273 3121 284 3137 ⁸
303 3122 355 3150 Cfr.
374 3129 454 3155 supra
474 3130 536 3155 pag.
555 3124 616 3154 266,
636 3127 698 3150 nota
718 3124 744 3150 4.

273 3166 285 3182 ⁴
305 3169 377 3194 vers.
398 3168 427 3199 t,
446 3168 489 3194 cui
517 3167 680 3195 subnectitur
707 3169 785 3195 Eccli.
807 3169 836 3201 l,
856 3168 882 3195 ὅ.
900 3182 936 3189 -
956 3169 1083 3202 Superius
1100 3173 1163 3205 post

204 3214 278 3240 lesus
298 3214 356 3239 vat.
375 3213 448 3239 addit
465 3211 494 3238 id
510 3214 551 3239 est
567 3219 681 3240 sursum
698 3213 840 3248 aspiciens,
859 3216 886 3240 et
899 3221 947 3246 pro
961 3214 1163 3242 verumtamen

203 3257 415 3289 abbreviatione,
428 3264 508 3291 quam
522 3257 627 3284 exbibet
645 3258 679 3290 A,
698 3257 822 3284 substitui
840 3258 944 3284 videtur
963 3258 1084 3293 Spiritus
1101 3266 1162 3286 san·

202 3301 241 3329 cti
258 3301 349 3328 lumen
368 3300 541 3334 (abbreviatio
561 3301 588 3327 in
615 3301 635 3328 C
661 3305 686 3328 et
705 3303 727 3328 D
745 3302 832 3335 aliqua
851 3309 882 3328 ex
901 3305 975 3335 purte
999 3306 1039 3330 est
1057 3303 1162 3330 diversa

203 3345 238 3372 ab
257 3345 454 3372 abbreviatione
472 3346 499 3372 in
518 3345 561 3381 A).
581 3346 645 3374 Cod.
664 3348 701 3379 H,
720 3347 767 3380 qui
785 3353 834 3379 pro
853 3346 1008 3382 Suspicn'ens
1021 3355 1082 3374 cum
1102 3348 1163 3375 Vul-

205 3393 265 3423 gata
284 3390 363 3418 babet
381 3390 551 3426 Suscipiens,
573 3392 648 3424 plura
666 3391 770 3418 omittit.

2122 222 2186 254 269

1316 304 1368 337 54.
1403 305 1546 338 Secundo
1581 311 1736 349 quantum
1775 308 1813 341 ad
1852 309 1936 341 mali
1974 309 2186 351 inflictionem

1223 357 1348 390 subdit:
1367 359 1408 390 Ec
1419 358 1532 401 playis
1556 359 1730 402 impositis,
1748 361 1913 401 abierunt,
1930 363 2086 395 semivivo
2109 362 2186 396 reli-

1225 414 1295 449 cto;
1319 411 1408 453 quasi
1433 412 1529 451 dicat,
1562 414 1647 456 quod
1670 423 1772 456 usque
1795 415 1834 447 ad
1858 419 1991 448 mortem
2017 425 2089 449 eum
2114 416 2186 448 vul-

1224 469 1445 504 neraverunt,
1477 465 1651 499 secundum
1680 467 1765 509 quod
1800 467 1838 500 de
1866 468 2041 502 latronibus
2072 469 2188 502 dicitur

1225 517 1470 551 Proverbiorum
1503 519 1646 561 prim0⁸z
1687 533 1703 549 «ι
1721 520 1815 554 Pedes
1851 530 1963 554 eorum
1997 522 2035 555 ad
2068 523 2186 555 malum

1225 574 1362 603 currunt
1389 574 1421 604 et
1455 572 1619 612 festinant,
1644 576 1681 605 ut
1715 574 1876 606 effundant
1900 575 2083 617 sanguinem
2101 588 2132 614 »;
2158 579 2189 608 et

1225 623 1256 656 in
1281 624 1419 657 Psalmo:
1448 638 1465 654 «ι
1481 625 1623 667 Quorum
1647 635 1682 659 os
1699 627 1914 660 maledictione
1931 631 1962 660 et
1977 629 2188 662 amaritudine

1225 677 1353 720 plenum
1377 681 1442 718 est,
1467 679 1589 712 veloces
1623 679 1718 721 pedes
1748 689 1860 713 eorum
1888 681 1928 713 ad
1963 681 2187 714 effundendum

1224 730 1408 772 sanguinem
1427 744 1457 763 n.
1494 731 1559 764 Non
1596 732 1697 765 solum
1730 732 2007 773 verberaverunt,
2032 743 2071 767 ne
2107 735 2187 767 forte

1224 783 1373 826 proderet
1395 793 1466 824 eos,
1491 785 1574 818 sicut
1597 785 1713 819 dicitur
1736 786 1775 819 de
1803 786 1912 820 Ismael
1938 787 2085 821 Ieremiae
2109 797 2187 830 qua—

1223 836 1400 880 dragesimo
1423 838 1527 880 primo
1540 838 1563 878 ⁹,
1587 839 1671 881 quod
1702 852 1718 868 et
1734 839 1818 873 viros
1842 840 2004 874 venientes
2026 841 2064 873 ad
2088 841 2188 874 Godo-

1224 890 1297 923 liam
1322 891 1477 924 interfecit
1501 892 1628 931 Ismael,
1645 893 1730 926 filius
1753 894 1942 933 Nathaniae,
1967 894 2033 936 ipse
2057 898 2089 927 et
2115 895 2187 934 viri,

1222 944 1277 987 qui
1301 949 1392 978 erant
1415 954 1487 978 cum
1513 955 1550 979 eo
1585 946 1670 979 circa
1693 947 1831 980 medium
1857 947 1913 980 laci
1932 960 1963 987 »3
1988 952 2019 981 et
2044 948 2122 988 hoc,
2148 957 2187 981 ne

1223 998 1394 1040 proderent
1417 1008 1508 1039 eum,
1526 1000 1608 1033 sicut
1631 1004 1663 1033 et
1686 1000 1748 1033 bic.

1314 1053 1365 1084 55.
1391 1053 1492 1094 (Vers.
1519 1053 1596 1091 31.).
1616 1054 1745 1087 Accidit
1761 1058 1884 1093 autem,
1898 1059 1936 1087 ut
1955 1056 2111 1088 sacerdos
2127 1059 2185 1089 etc.

1222 1105 1294 1138 Post
1316 1114 1483 1147 personam
1507 1106 1696 1149 indigentem
1722 1116 1763 1140 ex
1787 1108 1904 1150 duplici
1930 1108 2057 1141 miseria
2079 1108 2187 1141 subdi-

1223 1161 1277 1191 tur
1301 1158 1353 1191 hic
1373 1168 1520 1201 persona
1543 1160 1725 1202 despiciens
1748 1170 1787 1193 ex
1805 1161 1945 1193 duritia.
1972 1161 2185 1194 introducitur

1221 1214 1328 1245 autern
1353 1212 1404 1245 hic
1427 1212 1547 1255 duplex
1572 1222 1724 1255 persona,
1748 1215 1915 1257 superior.
1932 1215 2050 1248 scilicet
2080 1219 2111 1248 et
2135 1216 2186 1248 in—

2205 316 2334 339 seeundum.

2226 1060 2257 1082 De
2272 1060 2353 1088 duplici

2206 1093 2297 1118 persona
2316 1088 2353 1109 de·

2205 1117 2319 1141 spiciente.

1221 1263 1329 1308 ferior
1345 1265 1377 1298 in
1390 1265 1540 1308 dignitate
1556 1267 1775 1300 ecclesiastica.
1794 1285 1835 1292 —
1853 1268 1956 1301 Primo
1973 1269 2070 1311 igitur
2086 1278 2185 1312 quan-
2201 1272 2295 1296 Pmoun
2309 1280 2345 1295 m-

1223 1322 1291 1351 tum
1315 1319 1353 1351 ad
1376 1328 1554 1362 personam
1590 1321 1797 1362 superiorem
1828 1321 1924 1354 dicit:
1961 1322 2092 1355 Accidit
2122 1332 2186 1355 au-

1223 1376 1304 1412 tem,
1328 1376 1366 1405 ut
1393 1373 1550 1406 sacerdos
1573 1374 1713 1417 quidam
1736 1374 1942 1408 descenderet
1971 1376 2084 1408 eadem
2108 1376 2184 1415 via,

1223 1426 1315 1459 cuius
1339 1430 1408 1459 erat
1439 1426 1540 1469 legem
1571 1427 1625 1460 Dei
1658 1427 1771 1461 docere
1806 1432 1837 1461 et
1860 1428 1981 1468 facere,
2011 1429 2186 1462 secundum

1223 1479 1302 1512 illud
1324 1480 1494 1513 Malachiae
1517 1481 1656 1514 secundo
1670 1481 1713 1513 ¹⁰:
1743 1494 1758 1510 α
1775 1482 1868 1515 Labia
1888 1482 2058 1515 sacerdotis
2082 1487 2187 1516 custo-

1223 1533 1309 1566 dient
1332 1533 1513 1573 scientiam,
1537 1537 1568 1567 et
1592 1534 1691 1577 legem
1724 1534 1889 1577 requirent
1924 1535 1962 1568 de
1992 1545 2048 1568 ore
2070 1536 2139 1569 eius
2155 1550 2185 1569 ».

1223 1587 1285 1629 Ipsi
1315 1590 1421 1620 autem
1454 1587 1610 1621 debebant
1645 1597 1713 1621 esse
1749 1588 1865 1628 sancti,
1897 1589 2072 1622 secundum
2110 1590 2187 1623 illud

1224 1640 1352 1673 Levitici
1375 1640 1515 1674 decimo:
1546 1654 1562 1670 «ι
1578 1641 1802 1674 Sanctificabor
1825 1641 1856 1674 in
1881 1641 1931 1675 his
1947 1642 2001 1684 qui
2019 1643 2188 1685 appropin-

1225 1696 1324 1735 quant
1348 1693 1445 1733 mihi,
1469 1697 1501 1727 et
1525 1694 1557 1726 in
1581 1698 1751 1736 conspectu
1774 1695 1876 1727 omnis
1899 1695 2005 1737 populi
2032 1696 2188 1738 glorifica-

1224 1746 1284 1779 bor
1300 1760 1335 1785 ι).
1356 1746 1442 1779 Unde
1473 1746 1673 1780 sacerdotum
1707 1750 1777 1780 erat
1811 1747 1973 1789 potissime
2001 1748 2100 1791 legem
2132 1749 2188 1781 Dei

1225 1808 1354 1833 servare
1377 1803 1409 1833 et
1434 1800 1572 1833 maxime
1595 1800 1699 1843 quoad
1723 1800 1988 1840 misericordiam;
2005 1802 2059 1835 sed
2084 1806 2188 1835 tamen

1225 1853 1277 1886 hic
1300 1862 1364 1886 non
1388 1853 1526 1886 servavit
1549 1857 1679 1896 propter
1703 1854 1862 1887 duritiam.
1887 1873 1929 1879 —
1954 1855 2040 1888 Unde
2064 1856 2188 1889 subdit:

1227 1907 1268 1939 Et
1290 1906 1361 1939 viso
1385 1906 1460 1946 illo,
1482 1907 1697 1949 praeterivit,
1722 1916 1783 1940 non
1800 1907 1964 1940 attendens
1980 1908 2056 1941 illud
2074 1908 2189 1941 Deute-

1226 1960 1359 1993 ronomii
1372 1960 1523 2003 vigesimo
1535 1960 1672 1993 secundo
1686 1961 1729 1992 ¹¹:
1748 1973 1764 1989 α
1777 1960 1807 1993 Si
1820 1960 1951 2000 videris,
1964 1961 2101 1993 asinum
2112 1960 2188 2004 fra-

1227 2013 1290 2046 tris
1314 2013 1361 2046 tui
1384 2016 1440 2046 aut
1471 2013 1584 2046 bovem
1607 2012 1755 2046 cecidisse
1778 2013 1809 2045 in
1839 2013 1906 2052 via,
1930 2023 1993 2046 non
2016 2014 2187 2056 despicias,

1225 2066 1279 2099 sed
1304 2066 1483 2099 sublevabis
1507 2074 1580 2099 cum
1598 2074 1635 2099 eo
1646 2078 1677 2098 ι».
1695 2066 1755 2099 Iste
1770 2065 1918 2108 despexit
1931 2067 2027 2100 istum
2043 2066 2188 2110 fratrem

1226 2123 1357 2162 propter
1379 2119 1553 2152 avaritiam.
1586 2119 1648 2152 lam
1678 2119 1874 2152 verificatum
1903 2123 1971 2153 erat
2005 2120 2083 2153 illud
2107 2121 2188 2154 Iere-

1225 2172 1307 2205 miae
1330 2175 1422 2205 sexto
1436 2172 1479 2204 ¹²:
1509 2185 1525 2201 α
1540 2172 1564 2205 Α
1587 2172 1700 2205 minori
1725 2181 1827 2215 usque
1843 2173 1882 2206 ad
1903 2173 2054 2207 maiorem
2078 2183 2188 2208 omnes

1225 2224 1376 2258 avaritiae
1400 2225 1544 2265 student,
1568 2229 1600 2258 et
1622 2234 1641 2258 a
1668 2225 1822 2268 propheta
1845 2235 1948 2268 usque
1971 2226 2011 2259 ad
2042 2227 2188 2260 sacerdo-

1226 2281 1288 2311 tem
1313 2278 1420 2311 cuncti
1443 2278 1562 2311 faciunt
1584 2278 1692 2312 dolum
1712 2291 1741 2318 »;
1766 2282 1797 2312 et
1820 2279 1964 2313 similiter
1987 2280 2066 2313 illud
2090 2280 2185 2313 Isaiae

1225 2331 1346 2373 primo:
1375 2344 1391 2360 α
1408 2331 1567 2374 Principes
1590 2332 1636 2365 tui
1661 2332 1816 2372 infideles,
1840 2333 1914 2366 socii
1931 2333 2040 2366 furum
2056 2347 2072 2362 ι»
2094 2337 2152 2367 etc.

1315 2385 1367 2417 56.
1391 2385 1493 2427 (Vers.
1518 2385 1595 2427 30.).).
1620 2386 1763 2419 Secundo
1779 2390 1934 2429 quantum
1951 2386 1989 2419 ad
2007 2396 2188 2429 personam

1226 2436 1420 2480 inferiorem
1444 2438 1567 2472 subdit:
1594 2439 1753 2472 Similiter
1787 2443 1818 2472 et
1844 2439 1961 2478 levita,
1996 2449 2074 2473 cum
2108 2444 2187 2473 esset

1224 2501 1319 2524 secus
1342 2491 1450 2525 locum.
1467 2497 1496 2525 et
1511 2493 1635 2526 videret
1657 2503 1749 2533 eum,
1762 2493 1980 2536 pertransiit,-
2004 2497 2035 2526 et
2058 2493 2109 2526 hic
2125 2503 2188 2527 non

1225 2545 1405 2579 attendebat
1433 2545 1511 2579 illud
1535 2546 1740 2580 Ecclesiastici
1765 2547 1898 2589 septimo
1912 2547 1956 2579 ¹³:
1985 2560 2002 2576 «
2017 2547 2082 2580 Non
2106 2547 2188 2581 desis

1296 2679 1307 2695 ⁶
1327 2682 1403 2708 Vers.
1423 2682 1471 2713 313
1491 2681 1595 2707 tertium
1616 2685 1655 2708 est
1673 2689 1699 2707 v.
1719 2682 1763 2707 33.
1781 2685 1807 2708 et
1825 2685 1949 2715 quartum
1968 2689 1995 2708 v.
2014 2682 2057 2708 36.

1296 2724 1308 2740 ⁶
1327 2727 1403 2752 Vers.
1424 2727 1466 2752 ⁴0.
1485 2741 1519 2745 —
1538 2726 1657 2753 Subinde
1675 2727 1820 2759 allegantur
1840 2727 1884 2752 Iob
1905 2727 1952 2759 ⁴9,
1973 2727 1997 2753 9.
2017 2731 2042 2753 et
2064 2728 2104 2753 ⁴2.

1297 2768 1307 2784 '¹
1327 2771 1401 2796 Vers.
1422 2772 1447 2796 2.
1469 2785 1503 2790 —
1523 2771 1637 2801 Hieron„
1657 2771 1737 2803 Epist.
1764 2771 1823 2797 408.
1849 2771 1924 2803 (alias
1952 2771 1994 2797 27.
2022 2771 2078 2797 sive
2105 2771 2189 2804 Epita-

1226 2814 1320 2847 phium
1339 2814 1444 2848 Paulae)
1470 2822 1497 2840 n.
1529 2815 1574 2840 12:
1602 2815 1737 2848 Rectoque
1761 2815 1852 2841 itinere
1876 2815 2055 2841 descendebat
2084 2814 2185 2848 [Paula]

1226 2859 1322 2891 terico,
1340 2859 1489 2891 recogitans
1517 2859 1589 2885 illum
1613 2859 1647 2885 de
1674 2860 1815 2892 Evangelio
1834 2860 2028 2885 vulneratum...
2048 2860 2077 2885 Et
2100 2860 2188 2885 locum

1225 2903 1366 2937 Adomim,
1385 2904 1460 2938 quod
1482 2904 1667 2937 Interpretatur
1694 2903 1876 2938 sanguinum,
1901 2905 1962 2937 quia
1989 2905 2087 2930 multus
2105 2905 2132 2930 in
2156 2912 2189 2931 eo

1226 2949 1335 2981 sanguis
1362 2948 1463 2975 crebris
1486 2947 1622 2975 latronum
1651 2947 1810 2974 fundebatur
1839 2948 1996 2974 incursibus.
2021 2948 2072 2975 Cfr.
2097 2949 2134 2975 III.
2163 2949 2188 2974 in

1226 2993 1315 3019 Mattb.
1334 2993 1381 3026 20,
1402 2993 1444 3019 ⁴9.

1298 3037 1309 3055 ⁸
1327 3037 1403 3063 Vers.
1423 3038 1470 3069 ⁴6,
1490 3042 1549 3070 post
1567 3044 1647 3070 quem
1667 3037 1708 3063 Ps.
1729 3037 1777 3068 ⁴3,
1797 3037 1822 3062 3.

1297 3080 1309 3096 ⁹
1329 3082 1404 3108 Vers.
1423 3082 1449 3108 7.
1468 3081 1520 3108 Ct'r.
1540 3082 1658 3113 Gregor.,
1681 3082 1696 3107 Ι.
1711 3082 1799 3107 Moral.
1818 3088 1842 3107 c.
1864 3081 1908 3107 36.
1927 3088 1951 3107 n.
1972 3082 2015 3108 52.

1299 3124 1321 3140 ¹⁰
1340 3127 1415 3152 Vers.
1434 3126 1460 3152 7.
1480 3139 1513 3145 ——
1527 3125 1644 3152 Subinde
1663 3125 1789 3157 allegatur
1801 3126 1864 3151 Lev.
1885 3126 1932 3157 2¹0,
1951 3126 1977 3151 3.

1298 3169 1319 3184 ¹¹
1340 3170 1414 3197 Vera.
1435 3170 1460 3196 4.
1477 3185 1514 3189 —
1533 3170 1659 3202 Superius
1679 3169 1736 3195 Vat.
1761 3170 1856 3195 omittit
1870 3171 1986 3204 propter
2004 3169 2144 3202 dutitiam,
2163 3173 2189 3196 et

1227 3215 1334 3241 inferius
1357 3215 1415 3247 ipsa
1439 3221 1488 3247 pro
1513 3213 1596 3241 istum
1621 3213 1737 3248 fratrem
1761 3213 1894 3240 substituit
1912 3214 2030 3247 fratrem
2047 3220 2145 3246 suum,
2165 3214 2188 3239 Η

1225 3259 1343 3294 tratrem
1361 3266 1443 3286 suum
1461 3257 1579 3285 eiusdem
1597 3257 1693 3292 centis.

1298 3302 1321 3318 ¹¹
1342 3304 1414 3329 vers.
1435 3303 1482 3334 ⁴3,
1501 3302 1543 3329 cui
1562 3302 1732 3335 subiungitur
1750 3303 1808 3329 lsai.
1828 3303 1857 3335 i,
1877 3303 1929 3329 23.»

1300 3345 1322 3362 ¹¹
1340 3348 1415 3374 Veis.
1436 3348 1479 3373 38.
1498 3350 1523 3373 et
1541 3347 1584 3373 39.

2231 1301 2311 1328 perior.

2206 2391 2301 2413 Persona
2314 2391 2348 2412 iu-

2238 2419 2311 2439 ferior.
