2476 3921
757 230 953 264 COMMENT.
979 231 1017 264 ΙΝ
1041 230 1283 267 EVANGELlUM
1306 232 1425 266 LUCAE
1450 233 1482 266 C.
1507 234 1582 267 xxi.

174 319 319 362 prim01:
357 319 438 352 «Oh
473 319 555 353 hanc
585 328 713 353 causam
749 319 913 353 offerimus
947 320 979 353 in
1003 320 1143 353 donariis

173 373 287 406 domus
311 372 453 412 Domini,
485 376 523 406 ut
550 372 730 416 depreceris
762 382 820 416 pro
852 373 942 406 nobis
973 373 1012 406 ad
1036 373 1142 407 Domi-

173 435 251 460 num
265 439 295 459 ».
311 444 357 449 —
372 426 447 459 Item
463 435 524 469 pro
546 427 744 470 qratiarum
768 427 915 466 aetione;
938 427 1024 461 unde
1047 427 1142 470 primi

173 480 430 523 Paralipomenon
454 480 585 514 ultimo:
614 493 630 510 α
647 481 794 515 Laetatus
817 481 1020 524 estpopulus
1036 482 1142 522 Israel,

174 542 246 567 cum
271 537 344 567 vota
367 537 478 577 sponte
501 534 734 576 promitteret»
762 538 822 568 etc.

264 587 294 621 3.
319 588 421 631 (Vers.
447 589 502 629 2.).
528 588 672 621 Secundo
702 591 858 631 quantum
882 588 921 621 ad
945 588 1143 622 oblationem

18 639 108 673 ὀωειίο
125 648 155 670 vi·
172 641 295 675 viduae
316 641 546 684 pauperculae
567 641 693 675 subdit:
725 641 812 675 Vidit
843 646 955 675 autem
978 646 1008 675 et
1034 652 1142 687 quan-

21 678 67 726 1Μῖ
90 681 254 728 21³3.¹'⁰¹'dam
284 694 426 728 viduam
457 695 707 738 pauperculam
742 695 921 729 mittentem
954 695 1021 728 duo
1056 706 1141 729 aera

18 754 20 803 f
172 748 317 786 minuta.
347 747 450 786 Vidit,
474 748 621 790 inquam,
646 748 738 782 oculo
766 748 984 791 benignitatis,
1009 758 1074 791 quo
1101 749 1140 782 ad

18 841 19 845 Ἰ
171 810 329 844 pauperes
351 801 494 844 respicit,
518 802 694 835 secundum
719 802 798 835 illud
822 802 917 836 Isaiae
941 802 1140 845 sexagesimo

17 856 18 893 1
172 854 304 887 sext02:
334 867 351 883 «
366 854 409 887 Ad
433 863 529 897 quem
554 855 720 897 respiciam
745 855 805 889 nisi
837 855 876 888 ad
906 856 1139 898 pauperculum

171 910 204 941 et
225 907 397 940 contritum
421 908 536 950 spiritu
558 912 590 942 et
614 911 802 942 trementem
819 917 982 942 sermones
1005 912 1139 944 meosu‘?

171 960 295 994 Talium
319 961 408 994 audit
431 961 584 995 Dominus
612 971 741 1005 preces;
767 962 926 996 Psalmus:
955 975 971 991 «
989 963 1139 1006 Respexit

170 1014 203 1047 in
234 1014 408 1048 orationem
425 1015 611 1049 ‚humilium
642 1019 674 1049 et
705 1025 768 1049 non
800 1016 921 1058 sprevit
951 1026 1063 1059 preces
1078 1026 1139 1056 =eo-

170 1077 244 1101 rum
261 1080 292 1108 ¹²3
316 1071 349 1102 et
373 1068 580 1103 Ecclesiastici
603 1069 766 1112 trigesimo
788 1069 918 1112 quinto:
941 1070 1078 1104 «Nonne
1094 1071 1138 1104 la-

170 1130 298 1164 crymae
321 1122 435 1155 viduae
470 1122 509 1156 ad
540 1123 704 1156 maxillam
735 1122 931 1156 descendunt
962 1126 993 1156 et
1021 1133 1040 1156 a
1071 1133 1138 1157 ma-

171 1175 248 1209 xilla
270 1176 445 1210 ascendunt
468 1185 572 1219 usque
595 1176 634 1209 ad
658 1176 781 1210 caelum
796 1179 835 1210 n?
858 1177 985 1210 Talium
1006 1178 1138 1220 suscipit

169 1232 469 1273 quantumcumque
492 1239 607 1273 parvas
630 1230 822 1271 oblationes,
847 1231 940 1273 quia,
965 1231 1048 1265 sicut
1063 1231 1138 1265 dicit

169 1282 277 1317 Glossa
289 1283 313 1323 ³,
335 1296 352 1313 α
364 1293 428 1316 11011
452 1283 619 1326 perpendit
634 1283 734 1323 Deus,
759 1288 915 1326 quantum
933 1284 965 1317 in
982 1285 1138 1319 sacrificio

169 1336 321 1376 offertur,
345 1336 400 1370 sed
423 1345 465 1369 ex
493 1339 613 1379 quanto
643 1336 781 1369 detur».
807 1337 895 1370 Unde
926 1341 958 1371 et
989 1338 1136 1372 Matthaei

168 1389 307 1423 decimo:
337 1402 354 1418 «
369 1389 430 1431 Qui
453 1389 576 1423 dederit
599 1389 655 1423 uni
686 1398 728 1423 ex
763 1390 903 1424 minimis
934 1391 985 1424 his
1008 1391 1136 1425 calicem

169 1452 271 1486 aquae
293 1443 443 1486 frigidae,
467 1452 530 1476 non
562 1443 674 1486 perdet
698 1444 877 1478 mercedem
903 1454 993 1478 suam
1010 1458 1041 1477 ι».
1067 1445 1138 1478 ideo

168 1496 244 1530 dicit
266 1496 438 1539 Gregorius
450 1497 478 1529 ⁴:
508 1509 524 1526 α
541 1496 708 1530 Exteriora
723 1500 832 1531 nostra
848 1498 1023 1541 quamlibet
1039 1507 1138 1541 parva

163 1549 234 1583 Deo
257 1549 437 1590 sufficiunt3
462 1558 517 1583 cor
533 1559 672 1593 namque
688 1553 720 1584 et
734 1560 798 1584 non
827 1551 1036 1585 substantiam
1060 1560 1137 1594 pen-

168 1606 257 1644 sat»;
274 1606 306 1637 et
321 1607 410 1647 post:
433 1604 599 1647 «Regnum
614 1604 774 1638 caelorum
790 1608 914 1639 tantum
926 1605 1020 1646 valet,
1036 1615 1137 1648 quan-

168 1661 237 1692 tum
261 1657 368 1691 habes.
393 1657 500 1691 Valuit
522 1667 661 1701 namque
686 1659 827 1692 Zachaeo
849 1659 1014 1692 dimidium
1039 1659 1136 1693 bono-

168 1720 261 1751 rum,
296 1710 397 1744 valuit
431 1710 573 1745 Andreae
601 1714 633 1745 et
663 1712 755 1745 Petro
786 1711 924 1745 dimissis
955 1712 1078 1746 retibus
1106 1716 1138 1746 et

167 1765 259 1805 navi,
283 1764 384 1798 valuit
407 1764 521 1798 viduae
544 1765 672 1799 duobus
693 1765 842 1805 minutis,
867 1765 967 1799 valuit
990 1769 1023 1799 et
1045 1766 1136 1800 alteri

168 1818 300 1852 calicem
313 1827 415 1861 aquae
438 1818 580 1861 frigidae.
598 1819 740 1862 Regnum
765 1818 873 1861 itaque
890 1819 1051 1853 caelorum
1068 1824 1136 1854 tan-

10 1875 149 1900 *Notandum-
168 1874 238 1905 tum
261 1871 362 1912 valet,
386 1875 542 1915 quantum
578 1872 676 1905 habes
693 1885 723 1904 n.
748 1890 793 1896 —
818 1872 853 1906 Et
876 1876 970 1913 nota,
994 1873 1080 1916 quod
1104 1874 1135 1907 in

167 1925 234 1966 hoc,
252 1924 338 1968 quod
360 1924 451 1965 dicit,
475 1925 560 1968 quod
583 1925 669 1959 misit
691 1925 755 1959 duo
778 1935 853 1960 aera
876 1926 1016 1967 minuta,
1041 1927 1136 1961 simul

163 1982 399 2022 paupertatem
413 1978 556 2012 insinuat
571 1982 603 2012 et
617 1978 869 2013 liberalitatem:
884 1984 1134 2023 paupertatem,

168 2032 243 2075 quia
266 2041 329 2065 non
353 2031 491 2065 habebat
520 2031 581 2065 nisi
612 2031 694 2065 duos
724 2032 851 2073 obolos;
882 2033 1134 2073 liberalitatem,

167 2084 260 2128 quia,
284 2093 358 2118 cum
374 2089 479 2127 posset
502 2085 640 2119 alterum
664 2085 798 2126 offerre,
815 2086 930 2120 obtulit
946 2090 1134 2129 utrumque,

166 2142 204 2172 ut
228 2138 374 2183 impleret
397 2138 476 2172 illud
500 2139 616 2173 Tobiae
639 2139 798 2182 quarto⁶:
829 2140 888 2173 «Si
904 2140 1059 2183 exiguum
1077 2140 1133 2173 tibi

166 2191 281 2232 fuerit,
305 2191 400 2225 etiam
425 2191 505 2224 illud
527 2191 664 2225 libenter
687 2192 844 2235 impartiri
869 2192 1004 2225 stude».

256 2244 287 2277 4.
313 2243 416 2287 (Vers.
441 2243 497 2286 3.).
523 2244 629 2278 Tertio
652 2247 808 2287 quantum
831 2245 870 2278 ad
888 2245 1021 2278 laudem
1045 2244 1133 2278 obla-

4 2295 58 2335 taus
67 2306 155 2328 oblatio·
167 2297 267 2332 tionis
291 2307 314 2331 a
337 2297 444 2331 vidua
466 2296 579 2342 factae
601 2298 806 2341 adiungitur:
831 2299 871 2331 Et
894 2298 1023 2331 diaeitss:
1057 2299 1134 2332 Vere

3 2350 5 2357 v

7 2333 49 2355 unis
62 2338 76 2354 a
88 2333 154 2355 vidua

7 2359 91 2382 linetae.
166 2351 240 2385 dieo
273 2351 385 2391 vobis,
421 2351 505 2396 quia
534 2351 641 2385 vidua
665 2350 753 2385 haee*
772 2361 907 2395 pauper
927 2351 1006 2394 plus
1029 2361 1134 2396 quam

166 2414 278 2438 omnes
300 2404 407 2445 misit,
431 2404 463 2438 id
479 2408 540 2446 est,
558 2405 715 2448 copiosius
738 2405 832 2439 dedit.
857 2405 1020 2448 Copiosius
1043 2415 1133 2440 nam-

165 2467 229 2501 que
251 2458 347 2492 donat
370 2458 426 2502 qui
450 2467 492 2492 ex
515 2458 628 2492 maiori
652 2458 747 2492 corde
775 2459 880 2492 donat.
905 2458 992 2492 Unde
1015 2459 1132 2502 Grego-

165 2512 278 2546 rius⁷:
308 2525 325 2542 «
340 2512 406 2546 Non
430 2516 478 2546 est
502 2521 602 2546 vacua
625 2521 739 2546 manus
755 2521 774 2546 a
788 2521 939 2553 munere,
965 2521 1038 2546 cum
1059 2522 1133 2552 arca

165 2564 269 2598 cordis
292 2565 413 2608 repleta
435 2564 532 2598 fuerit
567 2565 649 2599 bona
684 2565 846 2599 voluntate
863 2578 893 2598 n.
918 2565 963 2598 De
997 2574 1133 2599 numero

237 2783 246 2799 ¹
266 2785 343 2812 Vers.
362 2786 404 2812 50.
424 2800 458 2804 —
479 2785 597 2812 Subinde
625 2787 752 2819 allegatur
780 2788 798 2813 i.
823 2787 934 2820 Paralip.
958 2788 1006 2819 29,
1031 2789 1062 2819 9,
1082 2788 1129 2814 ubi

164 2835 214 2861 pro
229 2828 402 2863 promitteret
419 2830 478 2856 Vat.
497 2837 559 2857 cum
579 2831 692 2863 Vulgata
708 2832 907 2866 promitterent.

236 2872 247 2888 ²
266 2873 343 2900 Vera.
362 2875 388 2900 2.
405 2888 442 2894 -
460 2875 518 2901 Duo
537 2882 613 2909 seqq.
635 2876 685 2901 loci
713 2879 774 2902 sunt
799 2877 840 2903 Ps.
861 2877 926 2909 401,
946 2878 990 2903 48.
1008 2879 1034 2903 et
1052 2878 1128 2904 Eccli.

165 2917 216 2950 35,
233 2918 275 2945 48.
295 2925 352 2952 seq.

236 2961 247 2977 ⁸
267 2963 369 2990 Scilicet
387 2962 570 2991 interlinearis
600 2964 641 2997 (ex
665 2964 750 2997 Beda,
769 2965 815 2999 qui
834 2966 954 2999 sequitur
972 2966 1091 2999 Gregor.,
1111 2967 1128 2993 Ι.

165 3006 260 3033 liomil.
280 3007 307 3033 in
335 3006 436 3040 Evang.
464 3008 610 3035 homil.·5.
631 3016 656 3035 n.
675 3009 728 3042 2.);
748 3010 795 3035 cir.
823 3012 887 3036 tom.
912 3010 941 3036 ΙΙ.
970 3017 1033 3043 pag.
1060 3011 1128 3043 906,

164 3054 226 3078 nota
246 3052 271 3078 6.
290 3054 316 3078 et
334 3059 396 3085 pag.
416 3053 483 3086 929,
503 3051 564 3079 nota
584 3053 610 3080 5.
628 3053 655 3079 in
675 3053 732 3086 ipsa
751 3056 812 3086 post
829 3061 866 3081 esc
884 3056 987 3089 quanto
1007 3055 1067 3082 Vat.
1086 3055 1129 3081 ad-

165 3095 204 3122 dit
221 3095 329 3131 affectu.
347 3110 383 3116 —
402 3097 527 3130 Sequitur
546 3098 634 3124 Matth.
653 3098 702 3130 40,
722 3098 765 3125 42.

235 3139 247 3154 ⁴
265 3139 336 3166 Libr.
355 3141 374 3167 i.
392 3140 489 3167 Homil.
508 3141 533 3168 in
552 3142 652 3175 Evang.
672 3142 762 3169 homil.
782 3140 810 3169 δί
833 3150 860 3170 n.
879 3144 904 3170 2.
926 3144 975 3170 Pro
994 3150 1050 3171 non
1068 3143 1129 3180 sub·

163 3183 293 3211 ttantiam
311 3184 333 3210 D
351 3190 407 3212 non
426 3183 534 3212 libram.
553 3184 617 3212 ibid.
637 3185 749 3213 habetur
766 3187 846 3213 etiam
865 3194 920 3221 seq.
940 3188 1066 3214 sententia
1076 3181 1127 3221 ,²in

164 3233 217 3259 qua
235 3226 412 3259 respiciuntur
431 3228 493 3255 Luc.
514 3229 561 3262 49,
581 3229 607 3256 8.
627 3228 673 3263 (de
691 3230 832 3265 Zachaeo),
851 3231 940 3258 Matth.
958 3231 988 3263 4,
1014 3232 1058 3258 20.
1084 3231 1128 3264 (de

163 3270 240 3297 Petro
258 3273 285 3297 et
302 3271 429 3305 Andrea),
447 3272 510 3299 Luc.
529 3273 576 3306 24,
590 3274 614 3299 2.
630 3273 674 3307 (de
693 3274 784 3309 vidua)
805 3278 831 3301 et
849 3276 937 3302 Matth.
959 3276 1007 3307 40,
1027 3275 1068 3301 42.
1083 3275 1128 3309 (de

164 3314 245 3342 calice
262 3322 348 3349 aquae
366 3315 496 3351 trigidae).
515 3315 568 3344 Cir.
586 3324 668 3350 supra
687 3325 750 3351 pag.
770 3318 836 3352 463,
855 3323 918 3347 nota
939 3319 964 3346 4.

234 3357 247 3373 ⁵
266 3359 340 3386 Vei-s.
361 3360 391 3392 9;
403 3360 450 3387 cir.
470 3367 549 3393 supra
568 3368 631 3394 pag.
651 3362 717 3395 304,
736 3366 798 3390 11οω
818 3364 861 3390 42.

235 3401 247 3418 ⁶
265 3401 351 3430 Coddi
369 3402 482 3431 ACDG
501 3404 624 3432 omittunt
641 3404 676 3433 Et
693 3404 772 3434 dia-tt.

272 3455 303 3484 S.
321 3456 427 3484 Bonav.
437 3470 473 3477 —
487 3457 566 3485 Tom.
578 3458 633 3486 vu.

2104 241 2165 273 521

1206 320 1291 354 enim
1316 321 1445 355 illorum
1476 326 1545 356 erat
1576 323 1654 357 haec
1678 324 1790 364 vidua,
1815 325 1854 359 de
1877 326 1995 368 quibus
2018 328 2174 362 secundae

1205 374 1245 407 ad
1269 374 1449 409 Corinthios
1472 380 1600 410 octavo:
1631 391 1646 406 α
1664 378 1842 412 Secundum
1866 380 2017 413 virtutem
2035 382 2173 415 testimo-

1206 427 1296 460 nium
1319 428 1473 470 perhibeo
1496 429 1576 469 illis,
1600 431 1675 473 quia
1698 440 1797 473 supra
1820 433 1971 466 virtutem
2003 435 2173 468 voluntarii

1207 480 1384 514 suerunt».
1408 482 1494 516 Unde
1518 483 1806 526 Chrysostomusssz
1828 499 1843 515 ιι
1857 486 1969 520 Nullus
1992 487 2088 521 dicat:
2106 489 2171 522 Non

1206 543 1337 576 possum
1361 535 1576 577 eleemosynas
1598 536 1711 570 facere.
1744 538 1811 571 Non
1843 548 1877 572 es
1900 540 1995 573 vidua
2018 541 2071 574 illa
2095 550 2172 583 pau-

1207 587 1332 630 perior,
1357 598 1419 622 non
1443 597 1478 623 es
1514 589 1604 623 Petro
1638 594 1670 623 et
1704 591 1817 625 Ioanne
1852 593 2011 626 rusticior.
2044 595 2172 628 Talenta

1206 641 1461 684 uniuscuiusque
1493 646 1567 676 sunt
1596 644 1662 676 sive
1685 645 1932 686 praeeminentia
1956 647 1986 679 in
2010 647 2170 687 doctrina,

1205 694 1272 728 sive
1296 695 1327 728 in
1352 696 1501 738 pecunia,
1526 696 1593 730 sive
1617 697 1649 730 in
1674 698 1816 740 quolibet
1833 699 1958 741 negotio
1974 713 2005 739 »;
2027 704 2058 734 et
2082 705 2170 743 post:

1210 748 1325 781 «Nihil
1356 752 1404 782 est
1434 750 1478 782 ita
1509 750 1574 784 Deo
1605 751 1763 792 amicum,
1788 752 1870 786 sicut
1898 753 1936 786 ad
1972 762 2171 788 communem

1204 802 1372 836 utilitatem
1396 803 1503 837 vivere
1520 817 1550 837 n.
1576 805 1708 847 Propter
1732 806 1817 848 quod
1841 806 1936 840 etiam
1951 807 2072 849 primae
2090 808 2171 842 Petri

1204 857 1364 899 quarto⁹:
1394 857 1669 901 «Unusquisque,
1694 859 1777 893 sicut
1807 860 1927 902 accepit
1958 861 2110 903 gratiam,
2139 862 2170 895 in

1203 909 1395 943 alterutrum
1429 910 1514 944 illam
1546 911 1803 946 administrantes
1816 927 1846 945 ιι.
1872 913 1977 956 Upde,
2009 915 2092 948 sicut
2115 916 2171 958 qui

1203 962 1332 997 dimittit
1355 972 1457 1006 pauca
1480 965 1512 998 in
1544 974 1579 999 re
1610 968 1642 999 et
1665 966 1745 1000 nihil
1768 967 1838 1000 vult
1862 967 1979 1001 hahere
2003 969 2034 1001 in
2059 969 2171 1003 volun-

1204 1020 1267 1050 tate
1291 1018 1406 1051 omnia
1429 1018 1547 1052 dicitur
1571 1019 1748 1060 dimittere,
1773 1021 1856 1055 sicut
1877 1022 2006 1061 Petrus,
2023 1023 2170 1056 Matthaei

1202 1071 1324 1104 decimo
1340 1081 1423 1105 nono
1437 1073 1480 1105 ¹⁰:
1502 1086 1518 1102 «ι
1532 1073 1609 1107 Ecce
1619 1100 1627 1114 ,
1643 1083 1701 1108 nos
1718 1074 1907 1118 reliquimus
1923 1076 2028 1109 omnia
2039 1089 2070 1115 1>;
2088 1076 2170 1110 sicut

1202 1125 1258 1167 qui
1282 1125 1361 1158 nulli
1384 1126 1552 1160 subiicitur
1576 1128 1691 1161 omnia
1714 1128 1857 1162 habetet
1883 1129 2041 1169 abundat„
2059 1139 2169 1172 quem-

1202 1178 1373 1213 admodum
1411 1180 1544 1220 Paulus,
1578 1172 1735 1215 secundae
1770 1182 1809 1215 ad
1844 1182 2024 1216 Corinthios
2058 1187 2167 1217 sexto:

1208 1244 1224 1261 α
1240 1232 1403 1275 Tanquam
1428 1233 1508 1266 nihil
1531 1234 1702 1274 habentes,
1727 1238 1758 1268 et
1789 1236 1894 1268 omnia
1924 1236 2119 1278 possidentes
2135 1250 2167 1277 »3

1202 1288 1234 1319 et
1256 1285 1295 1319 ad
1328 1286 1544 1329 Philippenses
1575 1288 1705 1321 ultimo:
1743 1302 1759 1318 α
1780 1289 1884 1323 Habeo
1915 1290 2021 1323 omnia
2051 1294 2083 1324 et
2114 1291 2168 1324 ab-

1202 1339 1288 1372 undo
1304 1352 1335 1372 n:
1360 1340 1405 1373 sic
1429 1341 1484 1383 qui
1508 1350 1623 1384 magno
1647 1341 1741 1375 corde
1765 1342 1818 1375 dat
1849 1342 1966 1376 dicitur
1991 1343 2168 1376 abundan-

1203 1396 1251 1425 ter
1274 1393 1376 1432 dare,
1409 1394 1585 1427 secundum
1617 1395 1696 1428 illud
1728 1396 1885 1429 secundae
1915 1396 1954 1429 ad
1989 1397 2168 1430 Corinthios

1201 1449 1312 1479 octavo
1325 1448 1370 1479 ¹1:
1400 1460 1416 1476 «τ
1433 1447 1467 1480 111
1483 1448 1584 1480 multo
1601 1448 1822 1490 experimento
1838 1450 2052 1483 tribulationis
2067 1451 2168 1483 abun-

1201 1499 1308 1532 dantia
1337 1500 1444 1543 gaudii
1476 1500 1619 1543 ipsorum
1650 1501 1728 1542 fuit,
1753 1505 1784 1535 et
1814 1502 1966 1536 altissima
1998 1507 2168 1546 paupertas

1201 1561 1314 1586 eorum
1337 1553 1510 1587 abundavit
1534 1554 1566 1586 in
1589 1554 1715 1588 divitias
1739 1555 1948 1597 simplicitatis
1964 1569 1995 1588 n.

1293 1607 1322 1639 5.
1345 1607 1450 1649 (Vers.
1474 1607 1530 1650 4.).
1556 1608 1676 1650 Quarto
1706 1612 1861 1651 quantum
1891 1609 1931 1642 ad
1966 1610 2168 1653 assiynatio-
2189 1614 2322 1663 ffigffigtig‘

1201 1669 1276 1692 nem
1299 1660 1445 1694 rationis
1468 1665 1499 1694 et
1521 1670 1647 1695 causae
1671 1661 1851 1704 subiungit:
1877 1662 1967 1696 Nam
1999 1673 2110 1697 omnes
2134 1663 2170 1697 lii
2210 1673 2295 1690 causae.

1201 1723 1241 1746 ex
1272 1713 1467 1747 abundanti
1493 1713 1560 1747 sibi
1588 1714 1754 1747 miserunt
1784 1715 1821 1748 in
1851 1725 1996 1749 munera
2029 1717 2113 1756 Dei;
2137 1722 2169 1751 et

1201 1766 1415 1809 impleverunt
1450 1771 1668 1810 praeceptum
1699 1767 1779 1801 illud
1811 1777 1910 1811 supra
1940 1770 2108 1803 undecimo
2122 1771 2167 1803 ¹²:

1206 1832 1223 1849 α
1239 1820 1465 1854 Verumtamen
1490 1820 1575 1864 quod
1606 1824 1754 1864 superest
1784 1821 1857 1855 date
1889 1823 2117 1865 eleemosynam
2135 1837 2167 1864 »3

1201 1883 1265 1917 quo
1288 1874 1484 1917 praecipitur
1519 1874 1595 1908 dare
1627 1885 1667 1908 ex
1690 1874 1892 1916 abundanti,
1926 1876 2008 1910 sicut
2039 1877 2168 1911 loannes

1200 1927 1323 1961 dicebat
1347 1936 1445 1970 supra
1469 1928 1582 1961 tertio:
1612 1941 1628 1957 (ι
1644 1928 1705 1970 Qui
1730 1928 1826 1962 hahet
1856 1929 1936 1962 duas
1968 1930 2092 1963 tunicas
2114 1931 2167 1964 det

1199 1990 1297 2015 unam
1320 1990 1382 2014 non
1415 1981 1544 2015 habenti
1561 1995 1592 2014 n.
1619 2000 1660 2006 —
1685 1982 1776 2015 Haec
1800 1986 1913 2016 autem
1943 1993 1983 2016 ex
2011 1993 2047 2016 eo
2078 1984 2168 2027 quod

1200 2033 1287 2067 deest
1308 2034 1376 2073 illi,
1401 2044 1530 2067 omnem
1553 2035 1678 2068 vietum
1700 2045 1821 2074 suum,
1847 2045 1942 2079 quem
1959 2034 2086 2075 habuit,
2104 2037 2166 2070 mi-

1199 2087 1262 2126 sit;
1286 2090 1318 2121 et
1341 2087 1386 2120 sic
1409 2087 1552 2130 implevit
1576 2088 1773 2127 eonsilium,
1798 2089 1874 2131 quia
1889 2089 1969 2122 1111111
1985 2089 2045 2122 sihi
2061 2098 2165 2123 reser-

1198 2141 1302 2180 vavit,
1326 2140 1381 2174 sed
1412 2144 1514 2174 totum
1546 2140 1649 2181 dedit,
1673 2144 1710 2174 ut
1740 2141 1856 2175 mulier
1886 2142 2066 2184 evangelica
2096 2152 2165 2177 esse

1198 2193 1369 2236 inciperet,
1393 2193 1528 2236 implens
1551 2194 1629 2227 illud
1654 2194 1821 2227 consilium
1838 2194 1980 2235 Domini,
1998 2204 2095 2238 supra
2111 2196 2165 2230 de-

1198 2246 1279 2280 cimo
1302 2249 1413 2280 octavo
1426 2247 1471 2279 ¹⁸:
1502 2260 1518 2276 «τ
1534 2247 1564 2280 Si
1582 2247 1629 2281 vis
1645 2247 1805 2290 perfectus
1821 2257 1906 2288 esse,
1924 2248 2001 2282 vade
2018 2252 2049 2282 et
2066 2249 2165 2283 vende

1197 2298 1320 2338 omnia,
1344 2307 1426 2341 quae
1450 2299 1548 2333 habes
1564 2312 1594 2332 ι).
1620 2300 1682 2333 Iam
1706 2309 1769 2333 non
1793 2304 1862 2334 erat
1885 2301 2017 2335 solllcita
2040 2302 2079 2335 de
2095 2311 2164 2335 cra—

1197 2352 1297 2392 stino,
1321 2352 1404 2385 sicut
1419 2352 1535 2386 dicitur
1551 2353 1697 2387 Matthaei
1722 2357 1814 2387 sexto
1829 2355 1871 2387 ¹⁴:
1892 2367 1908 2384 cc
1925 2355 2024 2388 Nolite
2041 2355 2162 2389 solliciti

1197 2414 1266 2439 esse
1289 2405 1322 2439 in
1345 2405 1519 2439 crastinum
1535 2418 1567 2446 »3
1597 2419 1614 2436 α
1630 2406 1748 2440 sufficit
1771 2407 1831 2441 diei
1856 2408 1975 2443 malitia
1999 2417 2100 2442 sua».

1288 2459 1317 2491 6.
1343 2459 1403 2492 Sed
1426 2459 1553 2493 videtur
1576 2460 1654 2494 haec
1678 2460 1773 2494 vidua
1797 2470 1839 2495 ex
1871 2462 1930 2495 hac
1954 2462 2076 2496 ratione
2099 2471 2162 2495 non
2182 2466 2287 2488 Obiectio·

1197 2521 1265 2546 esse
1299 2512 1473 2553 laudanda,
1506 2513 1561 2560 sed
1595 2514 1701 2556 potius
1736 2515 1962 2557 vituperanda,
1992 2516 2067 2558 quia
2097 2526 2162 2549 me-

1197 2565 1292 2598 dium
1305 2565 1332 2586 ¹⁶
1363 2575 1427 2600 non
1460 2567 1616 2607 servavit,
1646 2567 1723 2611 quia
1750 2568 1903 2611 periculo
1934 2578 1968 2602 se
1995 2569 2161 2612 exposuit,

1265 2787 1275 2803 ⁷
1295 2788 1366 2815 Libr.
1385 2789 1402 2815 l.
1421 2789 1515 2815 Homii.
1535 2789 1560 2814 in
1581 2789 1681 2822 Evang.
1700 2789 1790 2816 homil.
1809 2789 1834 2815 ὅ.
1854 2796 1882 2815 n.
1904 2790 1928 2815 3.
1943 2803 1979 2809 ——
1997 2790 2116 2816 Subinde
2129 2790 2161 2816 al-

1192 2834 1295 2865 legatur
1313 2833 1342 2859 ll.
1360 2833 1420 2860 Cor.
1442 2834 1471 2867 8,
1491 2833 1522 2865 3,
1542 2833 1589 2859 ubi
1607 2840 1657 2866 pro
1673 2832 1801 2867 perhibeo
1812 2832 1875 2862 ,illis
1894 2833 1956 2868 [etr.
1975 2833 2028 2861 Col.
2050 2834 2078 2867 4,
2094 2833 2159 2869 43.],

1192 2877 1257 2911 quia
1277 2877 1336 2903 Vat.
1356 2884 1419 2904 cum
1437 2878 1551 2910 Vulgata
1570 2877 1626 2904 illis
1646 2877 1729 2904 reddo
1748 2879 1780 2905 et.

1264 2920 1276 2936 θ
1295 2922 1390 2948 Homil.
1409 2921 1453 2948 78.
1473 2921 1547 2955 (alias
1575 2922 1631 2955 79.)
1660 2922 1688 2948 in
1716 2923 1805 2948 Matth.
1834 2930 1859 2948 n.
1890 2923 1920 2956 3,
1940 2923 1986 2950 ubi
2006 2923 2083 2950 etiam
2104 2931 2159 2957 seq.

1191 2965 1318 2992 sententia
1336 2966 1478 2992 invenitur.
1989 2966 2001 2981 ⁹
2019 2967 2097 2993 Vei-s.
2116 2968 2157 2993 40.

1264 3009 1287 3025 ¹⁰
1306 3010 1381 3036 Vers.
1402 3010 1445 3036 27.
1458 3023 1494 3030 -·
1507 3010 1564 3036 Duo
1583 3010 1728 3043 seqq.›loci
1746 3012 1809 3036 sunt
1828 3008 1856 3037 11.
1875 3010 1935 3037 Cor.
1955 3011 1984 3044 6,
2001 3011 2040 3037 to.
2054 3014 2080 3037 et
2094 3011 2157 3037 Phil.

1194 3054 1225 3088 4,
1246 3055 1289 3080 13.

1263 3098 1285 3113 ¹¹
1306 3099 1382 3125 vers.
1402 3099 1426 3125 2.
1446 3097 1499 3125 (211.
1518 3099 1637 3130 Gregor„
1656 3099 1705 3125 loc.
1723 3098 1767 3125 cit.
1786 3106 1811 3125 n.
1831 3099 1856 3124 3.

1265 3142 1287 3158 ¹²
1309 3143 1383 3169 Vers.
1403 3142 1445 3168 44.
1465 3145 1491 3169 et
1508 3142 1607 3169 deinde
1626 3142 1657 3175 3,
1678 3143 1720 3169 44.

1264 3183 1287 3202 ¹⁸
1307 3187 1382 3213 Vers.
1403 3188 1451 3218 22,
1464 3186 1509 3213 ubi
1522 3186 1632 3220 quidem
1645 3187 1739 3213 eadem
1754 3187 1869 3214 occurrit
1882 3188 2024 3220 sententia,
2044 3187 2091 3213 sed
2104 3194 2156 3214 non

1192 3231 1289 3265 verba,
1309 3238 1378 3265 quae
1398 3234 1484 3258 sumta
1504 3233 1565 3257 sunt
1584 3237 1614 3257 ox
1634 3231 1721 3257 Matth.
1744 3231 1792 3263 49,
1812 3231 1856 3257 21.

1264 3275 1287 3290 ¹⁴
1306 3275 1383 3301 Vers.
1403 3275 1446 3301 34.
1464 3274 1548 3302 Codd.
1567 3274 1696 3301 ACDG:
1715 3274 1749 3302 Et
1767 3274 1800 3302 ‘de
1819 3275 1939 3303 crastino
1965 3274 2031 3309 quid
2048 3274 2158 3314 solliciti

1192 3319 1275 3347 esti-5?
1294 3318 1345 3346 Cir.
1364 3319 1430 3346 ibid.
1448 3326 1475 3345 v.
1495 3319 1544 3345 28:
1564 3319 1595 3345 Et
1611 3318 1645 3345 de
1664 3318 1821 3346 vestimento
1840 3319 1905 3353 quid
1925 3319 2027 3346 solliciti
2046 3319 2125 3345 estis?

1264 3362 1287 3378 ¹⁶
1306 3362 1357 3390 Cir.
1377 3370 1458 3396 supra
1485 3369 1548 3396 pag.
1571 3362 1638 3394 379,
1657 3366 1717 3389 nota
1738 3362 1762 3389 4.
1781 3376 1817 3383 -
1836 3363 1954 3390 Subinde
1981 3363 2109 3395 allegatur
2128 3363 2155 3389 li.

1192 3407 1252 3434 Cor.
1272 3407 1302 3439 8,
1322 3406 1364 3433 43.
1384 3414 1440 3441 seq.

2014 3461 2047 3486 66
