2476 3921
28 530 29 540 l

28 553 82 576 item,
97 551 164 580 reti-af

26 578 72 606 ,itur
96 581 164 607 cons!-

32 603 123 627 entione
134 608 165 624 vi-

29 631 41 663 u
60 630 166 653 detestan-

7 1670 72 1695 ΙΙιοῑιι,
92 1669 162 1691 conui-

3 1702 4 1718 ι
34 1696 144 1719 dei-atione

2 1723 162 1772 Ἰιωωῖιέξξίἰίῗιιιί·

19 2861 49 2883 De
64 2860 158 2883 secundo

32 2889 145 2936 ‘ang-22:1²⁰*

777 238 971 271 COMMENT.
998 238 1034 271 IN
1058 238 1298 271 EVANGELIUM
1322 238 1440 271 LUCAE
1464 239 1496 271 C.
1522 239 1569 272 Vl.
2113 244 2167 275 161

177 330 310 368 foveam,
322 329 496 362 secundum
511 328 589 361 illud
603 328 697 361 lsaiae
711 328 834 361 decimo
849 331 964 370 quarto
978 328 1006 359 ¹:
1029 340 1044 355 α
1061 327 1145 368 Quo—

178 383 271 416 modo
301 382 457 421 cecidisti,
490 381 619 421 lucifer,
651 381 706 423 qui
739 390 830 413 mane
857 380 1036 413 oriebaris?
1070 379 1145 412 Cor-

178 436 269 470 ruisti
294 436 326 469 in
350 440 487 475 terram,
511 435 566 478 qui
592 435 781 468 vulnerabas
804 437 914 476 gentes
931 437 966 466 u?

268 490 320 522 94.
345 489 446 531 (Vers.
471 489 550 527 40.).
583 488 815 521 Detestandum
839 487 933 520 etiam
957 490 1005 520 est
1027 496 1145 529 supcr-

178 542 252 576 biae
274 542 413 582 vitium,
430 542 515 585 quod
531 542 652 575 adiacet
667 541 781 574 volenti
799 541 997 583 praesidere;
1014 544 1145 582 propter

178 596 263 640 quod
280 596 404 629 subdit:
421 596 495 629 Non
510 599 558 628 est
572 595 760 637 discipulas
775 604 885 637 supra
898 595 911 613 ⁹
928 594 1144 637 melyas-trum,

178 650 296 684 scilicet
319 649 493 683 secundum
518 652 641 682 rectum
664 648 817 681 ordinem.
842 647 902 689 Qui
927 656 1020 690 ergo,
1045 647 1144 689 magi-

177 707 244 737 stro
275 703 474 742 subiacente,
507 702 595 744 cupit
626 703 789 744 praeesse,
822 701 1011 743 magistrum
1046 710 1141 734 suum

176 756 336 790 contendit
360 756 559 798 praecedere.
584 755 672 788 Unde
688 754 885 788 Bernardus:
907 767 923 783 α
940 754 1070 796 Quoties
1087 755 1143 787 ho-

176 809 316 843 minibus
332 808 655 851 praeessedesidero,
674 808 765 841 toties
780 808 881 840 Deum
898 816 1005 841 meum
1019 808 1143 850 praeire

175 863 346 902 contendo,
378 866 410 895 et
441 866 518 895 tunc
549 871 611 895 non
645 861 731 904 sapio
763 870 845 904 quae
872 861 927 894 Dei
952 865 1073 894 sunt».
1108 862 1144 894 Et

175 918 235 951 hoc
258 920 307 950 est
330 916 414 959 quod
438 916 513 949 dicit
537 916 689 948 Dominus
704 915 866 957 discipulis
884 915 1005 948 loannis
1020 915 1143 948 decimo

176 970 316 1005 tertio⁸:
346 983 362 999 «
379 972 475 1003 Amen
508 969 578 1003 dico
610 969 714 1008 vobis,
741 978 802 1002 non
827 973 875 1002 est
898 969 999 1002 maior
1031 978 1144 1002 servus

174 1024 301 1058 domino
331 1033 407 1063 suo,
440 1032 543 1066 neque
573 1023 735 1065 apostolus
766 1023 866 1056 maior
898 1032 935 1056 eo
967 1023 1022 1066 qui
1058 1023 1143 1056 misit

175 1071 248 1112 eum
266 1092 295 1110 ».
327 1078 387 1120 Qui
419 1086 495 1120 ergo
519 1077 588 1110 vult
611 1076 680 1109 aliis
703 1076 907 1119 superefferri
933 1077 1057 1119 ignorat
1087 1076 1143 1109 do-

175 1131 309 1165 ctrinam
332 1131 467 1169 Christi;
492 1130 637 1163 Matthaei
663 1130 848 1163 undecimo:
875 1143 891 1158 «
908 1130 1024 1163 Discite
1040 1139 1058 1162 a
1074 1139 1142 1169 me,

175 1184 251 1227 quia
274 1184 359 1218 mitis
383 1193 453 1217 sum
478 1187 510 1220 et
534 1183 665 1216 humilis
689 1183 783 1216 corde
800 1196 831 1223 »ς
855 1187 910 1216 aut
932 1183 957 1216 si
974 1184 1143 1226 aliquando

175 1237 280 1276 novit,
313 1238 344 1270 in
377 1237 565 1279 apostasiam
598 1237 698 1276 cadit,
731 1237 822 1270 iuxta
850 1237 928 1270 illud
952 1237 1036 1279 quod
1068 1237 1142 1270 dicit

174 1290 392 1333 Gregorius⁴z
423 1304 438 1319 «ι
454 1290 583 1332 Quoties
614 1294 722 1332 pastor
747 1299 892 1332 praeesse
915 1290 985 1323 aliis
1007 1290 1143 1324 delecta-

176 1347 246 1383 tur,
278 1343 369 1376 toties
400 1343 431 1375 in
456 1342 630 1385 apostasiae
654 1343 774 1375 crimen
798 1343 949 1376 dilabitur
967 1357 996 1376 n.
1022 1343 1143 1376 Desinit

174 1401 281 1431 autem
305 1406 373 1430 esse
396 1396 589 1439 discipulus,
621 1396 698 1429 dum
721 1397 790 1429 vult
812 1396 967 1429 dominari
992 1400 1024 1430 et
1048 1397 1142 1439 magi-

175 1454 240 1492 ster
263 1451 399 1484 aliorum
423 1451 546 1490 vocari,
571 1453 681 1483 contra
704 1450 782 1483 illud
813 1451 959 1484 Matthaei
992 1450 1142 1493 vigesimo

175 1505 291 1539 tertio:
321 1518 336 1534 ιι
353 1505 414 1538 Nec
439 1504 591 1537 vocemini
625 1504 784 1546 magistri,
815 1504 891 1546 quia
915 1504 1065 1547 magister
1089 1513 1143 1537 ve-

176 1562 242 1593 ster
266 1567 350 1592 unus
374 1562 439 1597 est,
463 1558 610 1591 Christus
627 1571 656 1589 n.

267 1612 318 1644 95.
344 1611 553 1644 [mita-ndum
576 1615 624 1644 est
647 1611 735 1644 vitae
747 1610 915 1654 perfectae
937 1611 1141 1654 ememptum,

176 1666 261 1709 quod
287 1666 429 1699 consistit
452 1666 483 1698 in
515 1665 648 1699 volendo
679 1665 864 1705 subiacere;
896 1669 1026 1708 propter
1057 1665 1142 1708 quod

176 1719 268 1753 dicit:
296 1718 469 1762 Perfectus
492 1723 603 1752 autem
627 1719 735 1752 omnis
758 1719 839 1759 erit,
863 1719 896 1752 si
909 1719 952 1752 sit
967 1719 1055 1752 sicut
1070 1729 1143 1752 ma-

174 1773 278 1816 yister
302 1773 393 1812 eius,
418 1773 564 1806 Christus
587 1773 722 1812 scilicet,
747 1773 802 1815 qui
824 1786 840 1802 «
857 1783 919 1806 non
945 1773 1030 1807 venit
1053 1773 1144 1806 mini-

176 1827 296 1866 strari,
314 1827 368 1860 sed
391 1827 573 1863 ministrare
596 1830 627 1859 et
650 1826 726 1859 dare
750 1827 887 1859 animam
912 1836 1002 1860 suam
1019 1827 1144 1860 redem-

174 1881 313 1923 ptionem
329 1890 388 1923 pro
404 1880 512 1913 multis
528 1893 559 1919 »‚
584 1879 730 1912 Matthaei
748 1880 901 1922 vigesimo
914 1880 936 1912 ⁵.
955 1880 992 1914 Et
1008 1880 1077 1913 ideo
1093 1881 1140 1913 di-

175 1934 259 1967 citur
289 1934 370 1967 infra
402 1933 553 1976 vigesimo
585 1932 745 1966 secundo:
783 1933 873 1975 «Qui
907 1934 1007 1966 maior
1030 1937 1078 1966 est
1110 1934 1142 1967 in

174 1988 264 2021 vobis
287 1987 342 2020 fiat
365 1975 448 2020 sicdt
470 1986 592 2026 minor,
617 1989 649 2019 et
671 1986 726 2028 qui
747 1995 949 2028 praecessor,
975 1987 1057 2020 sicut
1083 1987 1142 2020 mi-

174 2041 325 2074 nistrator
342 2054 371 2072 ».
397 2040 433 2073 Et
457 2040 538 2073 ratio
563 2039 728 2073 redditur:
750 2053 765 2068 α
784 2040 846 2082 Ego
876 2044 982 2073 autem
1015 2040 1047 2072 in
1080 2049 1142 2073 me-

174 2094 225 2127 dio
248 2096 390 2127 vestrum
414 2102 504 2132 sum,
529 2093 611 2126 sicut
635 2093 689 2135 qui
715 2093 920 2126 ministrat».
947 2093 982 2126 Et
998 2093 1059 2126 hoc
1074 2093 1142 2135 ipse

174 2147 309 2182 ostendit
332 2148 377 2181 eis
401 2156 458 2189 per
481 2147 683 2189 exemplum,
708 2146 830 2179 loannis
853 2146 975 2179 decimo
1004 2146 1140 2179 tertio⁶2

180 2215 196 2232 «
211 2203 379 2244 Postquam
412 2201 487 2234 lavit
515 2200 610 2243 pedes
626 2213 658 2239 ι»,
683 2200 852 2233 subditur:
884 2213 899 2229 ει
923 2200 1032 2239 Scitis,
1064 2200 1141 2242 quid

173 2255 302 2289 fecerim
327 2255 440 2288 vobis?
463 2255 525 2287 Vos
551 2253 667 2287 vocatis
691 2262 742 2286 me
766 2253 927 2296 mayz'ster
943 2257 975 2286 et
990 2254 1141 2291 domme,-

174 2313 205 2343 et
228 2309 308 2342 bene
331 2308 452 2348 dicitis,
477 2317 549 2341 sum
573 2307 699 2340 etenim.
725 2307 755 2340 Si
780 2316 856 2349 ergo
879 2316 937 2349 ego
961 2307 1021 2340 lavi
1047 2307 1142 2349 pedes

174 2367 297 2397 vestros
313 2376 329 2392 »
357 2365 416 2395 etc.
436 2362 486 2394 'Et
514 2364 585 2404 post
608 2360 777 2394 subditur:
809 2374 824 2390 α
842 2361 1031 2403 Exemplum
1055 2361 1140 2395 enim

174 2416 244 2450 dedi
268 2416 374 2455 vobis,
399 2419 435 2450 ut
458 2414 723 2458 quemadmodum
748 2423 806 2457 ego
829 2415 885 2448 feci
911 2415 1019 2455 vobis,
1043 2415 1087 2448 ita
1110 2420 1141 2449 et

174 2479 230 2503 vos
253 2469 373 2503 faciatis
390 2483 419 2501 n.
445 2469 482 2501 Et
505 2468 543 2501 ad
560 2469 620 2501 hoc
637 2468 810 2510 perfectum
829 2469 1012 2511 exemplum
1029 2469 1141 2502 invitat

173 2523 339 2566 Apostolus
362 2522 401 2555 ad
433 2520 649 2564 PhilippenSes
671 2521 830 2554 secundo:
860 2535 876 2551 «
893 2522 994 2562 Nihil,
1019 2522 1140 2565 inquit,

174 2586 231 2620 per
255 2576 487 2610 contentionem
512 2584 615 2618 neque
638 2584 695 2617 per
720 2575 844 2609 inanem
861 2576 993 2619 gloriam
1010 2585 1141 2618 operan-

174 2636 239 2671 tes,
264 2630 372 2664 sedin
397 2629 575 2663 humilitate
607 2629 788 2671 superiores
817 2629 874 2662 sibi
900 2629 1034 2663 invicem
1059 2630 1141 2663 arbi-

174 2687 294 2718 trantes
310 2698 340 2716 ».
371 2696 387 2712 «ε
404 2683 466 2716 Hoc
489 2683 573 2716 enim
604 2682 717 2716 sentite
749 2683 780 2715 in
806 2683 912 2722 vobis,
937 2683 1023 2726 quod
1046 2686 1078 2716 et
1108 2683 1139 2717 in

162 2738 298 2778 ,Christo
314 2738 383 2771 lesu
399 2751 431 2777 n,
448 2737 487 2771 de
508 2747 572 2780 quo
588 2736 712 2776 subdit,
729 2736 832 2779 quod,
855 2751 870 2766 a
888 2737 1068 2771 humiliavit
1092 2747 1141 2772 se-

166 2792 345 2834 metipsum
362 2805 377 2821 »
407 2794 465 2825 etc.

266 2846 317 2878 96.
343 2845 444 2885 (Vers.
463 2845 541 2887 lit).
561 2844 649 2886 Quid
664 2847 776 2877 autem
792 2844 883 2877 vides
898 2843 1064 2887 festucam
1080 2849 1139 2879 etc.

174 2901 228 2939 Hic
251 2903 384 2932 revocat
407 2909 426 2932 a
458 2898 637 2932 temeritate
667 2898 863 2937 iudicandi,
895 2899 981 2941 quod
1012 2900 1141 2942 quidem

1210 326 1283 359 facit
1306 327 1499 359 ostendendo
1529 336 1601 360 eum
1634 329 1688 369 qui
1719 333 1837 362 temere
1861 329 1996 369 iudicat,
2020 331 2175 374 iniquum

1210 378 1240 411 in
1266 379 1471 421 cogitatione,
1497 380 1716 413 indiscretum
1740 381 1771 413 in
1798 382 1971 421 locutione,
2001 383 2175 416 inordina-

1211 436 1281 464 tum
1306 432 1336 464 in
1361 432 1553 474 operatione.

1299 485 1442 519 Ostendit
1477 486 1574 528 igitur
1606 487 1708 528 primo
1740 491 1858 521 temere
1890 489 2078 523 iudicantem
2112 491 2176 524 ini-

1208 549 1313 583 quum
1337 540 1372 572 z'u
1396 540 1611 581 coyz‘tatz'mw,
1636 541 1711 582 quia
1737 550 1797 573 non
1828 542 1945 575 iudicat
1973 544 2175 587 aequaliter,-

1208 596 1340 635 propter
1363 593 1448 635 quod
1473 593 1570 625 dicit:
1596 594 1687 634 Quid
1709 599 1821 627 autem
1838 595 1928 628 vides
1951 596 2116 638 festucam
2140 599 2175 631 in

1208 645 1303 678 oculo
1325 644 1453 688 fratris
1477 646 1555 678 tui?
1580 649 1615 679 tu
1639 647 1776 686 scilicet,
1808 649 1862 690 qui
1897 649 2026 682 iudicas.
2062 652 2175 683 Festu—

1207 709 1284 732 cam
1313 703 1404 732 vocat
1437 700 1504 732 leve
1536 704 1719 741 peccatum,
1751 702 1837 743 quod
1869 703 1942 744 quis
1972 705 2176 745 reprehendit

1207 753 1239 785 in
1263 753 1341 792 alio,
1367 762 1517 795 magnum
1549 754 1711 796 negligens
1735 755 1766 786 in
1791 764 1824 787 se
1848 755 1933 797 ipso;
1959 761 2113 799 quantum
2137 760 2174 791 ad

1207 807 1292 849 quod
1309 806 1413 839 addit:
1439 806 1580 839 Trabem
1596 811 1727 847 autem,
1752 809 1890 851 quaein
1911 810 2005 842 oculo
2029 815 2086 843 tuo
2109 816 2174 851 est,

1207 870 1275 893 uon
1305 861 1524 899 eonsideras;
1557 861 1703 901 trabem,
1740 862 1769 894 id
1802 867 1850 895 est
1882 873 2030 905 magnum
2069 874 2176 907 pecca—

1207 917 1293 954 tum;
1318 924 1360 948 ex
1385 925 1449 958 quo
1472 915 1650 957 colligitur,
1675 916 1759 958 quod
1784 917 1829 949 sic
1846 917 2014 951 iudicantis
2030 919 2174 961 iniquum

1206 972 1255 1001 est
1270 968 1438 1007 iudicium,
1456 968 1549 1010 quia,
1566 969 1650 1001 sicut
1665 969 1784 1002 dicitur
1801 970 2046 1004 Proverbiorum
2064 973 2176 1015 vigesi—

1207 1022 1302 1062 mo⁷,
1333 1035 1348 1050 α
1369 1022 1562 1055 abominatio
1584 1026 1632 1055 est
1655 1023 1738 1065 apud
1765 1023 1864 1056 Deum
1892 1025 2014 1066 pondus
2045 1030 2077 1059 et
2101 1036 2177 1069 pon-

1207 1075 1268 1109 dus
1284 1089 1315 1108 ».
1341 1076 1407 1109 Non
1432 1076 1527 1109 habet
1551 1077 1689 1120 aequale
1708 1078 1843 1119 paudus
1867 1079 1920 1121 qui
1945 1080 2044 1121 magis
2061 1080 2177 1122 ponde-

1208 1133 1258 1162 rat
1280 1130 1406 1172 culpam
1431 1130 1461 1162 in
1486 1130 1547 1163 alio
1570 1140 1666 1173 quam
1692 1131 1722 1163 in
1748 1140 1799 1171 se;
1824 1136 1855 1164 et
1880 1133 1950 1165 talis
1966 1133 2083 1166 dicitur
2100 1134 2176 1167 abo-

1206 1182 1398 1222 minabilis,
1424 1183 1499 1226 quia
1521 1183 1691 1226 dupliciter
1707 1189 1835 1226 peccat:
1861 1189 1893 1218 et
1916 1195 1949 1219 se
1975 1187 2096 1228 ipsum,
2121 1189 2174 1230 qui

1207 1240 1255 1269 est
1293 1236 1453 1278 superbus
1490 1240 1522 1269 et
1561 1237 1695 1279 impius,
1735 1238 1970 1280 iustificanff,
2011 1244 2042 1273 et
2081 1250 2174 1274 suum

1207 1290 1391 1332 proximum
1425 1290 1699 1329 condemnandQ
1730 1292 1814 1325 unde
1847 1293 2090 1326 Proverbiorum
2122 1294 2175 1327 de—

1207 1343 1289 1376 cimo
1312 1343 1493 1385 septimossx
1524 1357 1540 1372 «
1557 1344 1592 1376 Et
1622 1345 1677 1387 qui
1711 1345 1860 1378 iustificat
1892 1346 2041 1388 impium,
2064 1351 2095 1380 et
2119 1349 2172 1390 qui

1207 1397 1395 1429 condemnat
1427 1397 1564 1437 iustum,
1596 1401 1733 1440 uterque
1765 1402 1813 1431 est
1842 1399 2061 1433 abominabilis
2091 1402 2173 1443 apud

1207 1449 1308 1482 Deum
1325 1464 1356 1482 ι».
1383 1450 1418 1482 Et
1441 1460 1553 1483 sanum
1581 1455 1629 1484 est
1653 1452 1838 1491 consilium,
1863 1453 1932 1486 aliis
1956 1453 2120 1496 indulgere
2144 1459 2175 1487 et

1208 1503 1412 1545 semetipsum
1447 1504 1648 1537 considerare
1670 1508 1702 1537 et
1724 1505 1915 1545 diiudicare,
1941 1508 2114 1540 secundum
2139 1508 2176 1541 il-

1208 1556 1262 1589 lud
1286 1557 1326 1590 ad
1349 1557 1473 1591 Galatas
1490 1563 1600 1591 sexto:
1622 1572 1638 1587 «
1656 1559 1685 1591 Si
1701 1564 1952 1602 praeoccupatus
1969 1561 2065 1594 suerit
2081 1563 2175 1595 homo

1207 1611 1239 1643 in
1263 1611 1370 1654 aliquo
1393 1611 1525 1651 delicto,
1543 1622 1612 1653 vos,
1630 1613 1683 1655 qui
1709 1614 1890 1656 spirituales
1914 1616 2005 1655 estis,
2031 1616 2177 1650 instruite

1208 1664 1391 1698 huiusmodi
1417 1666 1447 1698 in
1472 1666 1587 1708 spiritu
1612 1667 1765 1706 lenitatis,
1791 1668 1994 1702 considerans
2011 1673 2041 1702 te
2057 1670 2176 1712 ipsum,

1208 1727 1247 1751 ne
1271 1722 1302 1751 et
1326 1721 1361 1751 tu
1386 1720 1545 1753 tenteris»
1567 1724 1626 1753 etc.
1654 1734 1670 1749 «
1686 1721 1762 1754 Nam
1788 1722 1843 1764 qui
1868 1725 1975 1764 putat,
2002 1732 2035 1756 se
2059 1724 2177 1766 aliquid

1207 1781 1294 1812 esse,
1326 1783 1398 1806 cum
1424 1774 1503 1806 nihil
1527 1774 1585 1814 sit,
1609 1774 1677 1817 ipse
1701 1784 1735 1808 se
1759 1775 1927 1809 seducit».
1955 1777 1990 1810 Et
2015 1777 2083 1810 ideo
2108 1778 2178 1811 talis

1208 1826 1337 1859 trabem
1360 1826 1456 1860 habet
1479 1828 1515 1860 in
1538 1828 1651 1867 oculo,
1677 1829 1708 1862 id
1732 1833 1780 1862 est
1804 1830 1986 1872 superbiam
2004 1840 2176 1864 excaecan—

1208 1883 1289 1919 tem,
1325 1880 1408 1913 sicut
1432 1881 1574 1920 Balaam,
1598 1882 1812 1915 Numerorum
1838 1884 1989 1926 vigesimo
2018 1885 2176 1927 quarto⁹:

1213 1946 1229 1962 «ι
1245 1933 1333 1966 Dixit
1350 1934 1461 1973 homo,
1479 1934 1571 1967 cuius
1587 1935 1756 1969 obturatus
1773 1940 1820 1969 est
1837 1937 1949 1970 oculus
1965 1950 1996 1977 »;
2014 1938 2107 1971 cuius
2123 1939 2177 1971 ob-

1207 1986 1325 2019 turatio
1349 1991 1396 2020 est
1420 1987 1510 2021 valde
1526 1988 1632 2030 gravis
1649 1989 1680 2021 in
1696 1989 1864 2023 iudicando
1880 1991 2048 2033 iniquum;
2074 1992 2176 2025 Eccle—

1207 2040 1322 2073 siastici
1348 2040 1511 2082 trigesimo
1534 2042 1660 2083 primo:
1690 2055 1706 2071 α
1723 2043 1863 2085 Nequius
1887 2045 1980 2077 oculo
1995 2045 2072 2087 quid
2089 2054 2175 2078 crea-

1206 2096 1274 2126 tum
1298 2097 1346 2126 est
1362 2097 1401 2126 »2²
1426 2095 1461 2126 Et
1486 2095 1617 2134 merito,
1642 2096 1735 2138 quia,
1761 2097 1844 2129 sicut
1866 2097 1983 2130 dicitur
2007 2098 2090 2130 infra
2113 2108 2175 2131 un-

1205 2146 1346 2186 decimo,
1377 2160 1393 2176 «
1409 2148 1434 2180 si
1459 2148 1572 2181 oculus
1596 2152 1672 2182 tuus
1695 2158 1832 2191 nequam
1856 2150 1967 2190 fuerit,
1986 2155 2087 2185 totum
2105 2161 2174 2185 cor-

1206 2209 1267 2242 pus
1292 2203 1382 2233 tuum
1409 2201 1612 2234 tenebrosum
1637 2202 1699 2234 erit
1716 2216 1745 2234 ι».

1296 2254 1347 2286 97.
1374 2254 1476 2295 (Vers.
1501 2255 1579 2296 42).
1613 2256 1757 2289 Secundo
1780 2257 1930 2296 ostendit,
1957 2259 2173 2292 indiscretum
2186 2260 2268 2308 2325&
2278 2261 2340 2309 1¹3¹?ss

1205 2316 1275 2340 esse
1298 2307 1335 2343 ,in
1358 2307 1538 2348 locutione,
1555 2308 1630 2351 quia
1654 2318 1715 2342 non
1741 2309 1883 2352 loquitur
1907 2312 2278 2351 ratz'onabittter;0ut¹·⁰ne·

1206 2364 1339 2403 propter
1372 2362 1457 2404 quod
1489 2362 1616 2395 subdit:
1652 2364 1719 2395 Aut
1749 2364 1911 2407 quomodo
1940 2369 2031 2408 potes
2066 2366 2173 2400 dicere

1205 2413 1315 2458 fratri
1344 2419 1419 2455 tuo,
1452 2415 1596 2450 exterius
1633 2417 1751 2451 scilicet
1786 2418 1997 2461 alloquendo:
2031 2421 2172 2460 Frater,

1204 2469 1294 2508 sine,
1319 2469 1453 2502 eiiciam
1476 2469 1640 2512 festucam
1665 2471 1704 2504 de
1727 2471 1820 2504 oculo
1846 2476 1920 2511 tuo,
1946 2473 1977 2505 in
2002 2474 2173 2516 reprehen-

1204 2523 1306 2556 dendo
1322 2526 1353 2556 et
1370 2524 1573 2566 corrigendo;
1599 2524 1667 2567 ipse
1691 2530 1802 2558 autem
1817 2526 1842 2545 ¹⁰
1864 2526 1898 2559 in
1921 2527 2013 2559 oculo
2031 2532 2086 2560 tuo
2104 2532 2174 2560 tra-

1205 2576 1274 2609 bem
1298 2587 1364 2609 non
1388 2577 1527 2610 videns?
1555 2582 1719 2620 peccatum
1753 2580 1975 2621 gravissimum
2000 2580 2031 2612 in
2057 2584 2087 2613 te
2112 2590 2174 2614 non

1204 2630 1411 2670 attendendo,
1436 2632 1526 2674 quasi
1550 2632 1649 2665 dicat:
1675 2642 1736 2665 non
1760 2637 1848 2675 potes
1865 2634 1924 2667 hoc
1947 2634 2174 2668 rationabiliter

1204 2683 1318 2717 dicere.
1344 2685 1461 2719 Poterit
1485 2685 1568 2718 enim
1594 2685 1649 2718 tibi
1667 2685 1748 2719 dici:
1774 2686 1854 2729 Quid
1871 2687 1967 2720 alium
1985 2687 2119 2727 iudicas,
2145 2692 2174 2721 te

1206 2738 1309 2780 ipsum
1348 2748 1409 2771 non
1443 2739 1595 2773 iudicas?
1631 2753 1646 2769 «
1671 2740 1731 2782 Qui
1763 2741 1860 2774 alium
1892 2741 1985 2774 doces
2016 2745 2046 2775 te
2071 2742 2175 2784 ipsum

1205 2801 1268 2827 non
1299 2792 1393 2826 doces
1409 2796 1444 2825 »?
1477 2793 1516 2826 ad
1548 2794 1703 2827 Romanos
1734 2795 1894 2834 secundo;
1920 2799 1951 2828 et
1975 2795 2053 2828 illud
2078 2805 2175 2838 supra

1206 2850 1339 2888 quarto:
1369 2860 1385 2875 «
1402 2847 1535 2886 Medice‚
1567 2857 1646 2880 cura
1674 2851 1704 2881 te
1729 2848 1833 2890 ipsum
1851 2863 1880 2881 u.
1909 2849 1996 2882 Unde
2022 2849 2091 2882 talis
2122 2849 2176 2882 ad-

1206 2900 1338 2932 monitio
1374 2901 1478 2942 potius
1513 2901 1625 2933 merito
1660 2901 1851 2944 despicitur,
1891 2912 1987 2944 quam
2028 2902 2174 2942 auditur,

248 3068 257 3083 ¹
279 3069 355 3095 Vers.
378 3069 421 3095 42.

247 3112 258 3127 ²
279 3114 391 3146 Vulgata
410 3117 437 3140 et
456 3115 477 3140 H
496 3122 588 3149 super.
607 3129 642 3134 —
662 3114 794 3140 Sententia
813 3114 948 3147 Bernardi,
962 3115 988 3141 in
1001 3117 1077 3142 cuius
1091 3117 1144 3143 flne

176 3158 315 3191 respicitur
335 3158 423 3185 Matth.
443 3159 491 3192 ⁴6,
512 3160 561 3191 23,
581 3159 693 3186 habetur
712 3159 807 3185 Homil.
831 3160 851 3185 t.
872 3167 953 3192 super
971 3160 1072 3188 Missus
1090 3163 1143 3194 est,

177 3210 203 3229 n.
222 3203 247 3228 8.
266 3202 318 3229 Cl'r.
338 3210 420 3235 supra
440 3204 570 3236 pag.·68,
590 3207 653 3230 nota
673 3205 698 3230 9.

248 3245 259 3260 ²³
278 3248 355 3273 Vers.
374 3248 417 3274 46.
435 3263 471 3266 -
491 3249 614 3282 Sequitur
634 3249 721 3275 Matth.
742 3250 769 3274 Μ
782 3270 788 3282 ‚
805 3249 847 3275 29.

249 3290 260 3306 ⁴
279 3292 350 3318 Libr.
370 3292 465 3319 XXlV.
485 3293 573 3319 Moral.
586 3300 610 3319 c.
632 3294 674 3320 25.
693 3301 719 3320 n.
739 3294 782 3320 52.
802 3293 854 3320 Cl'r.
870 3297 935 3320 tom.
950 3294 991 3320 Vl.
1005 3302 1069 3327 pag.
1083 3295 1143 3328 445,

177 3338 237 3361 nota
257 3336 281 3361 3.
303 3350 336 3354 —-
356 3335 474 3362 Subinde
493 3337 620 3369 allegatur
645 3338 731 3364 Matth.
752 3339 801 3370 23,
823 3338 865 3364 110.
884 3353 919 3356 —
939 3339 1067 3371 Superius
1094 3347 1143 3372 pro

177 3379 325 3413 aliquando
344 3380 419 3407 novit
437 3381 495 3407 Vat.
514 3380 592 3408 aliud
609 3382 692 3409 novit.

249 3422 260 3438 ⁵
279 3425 355 3451 Vei-s.
376 3426 424 3458 28,
445 3429 505 3458 post
523 3434 603 3460 quem
623 3427 685 3453 Luc.
706 3429 756 3461 22,
775 3428 818 3454 26.
838 3432 864 3454 et
883 3428 927 3454 27.

285 3478 316 3504 S.
335 3475 438 3505 Bonae.
451 3493 487 3499 —
501 3480 581 3506 Tom.
593 3481 647 3506 Vll.

1280 3070 1291 3085 ⁰
1311 3072 1385 3098 Vers.
1411 3073 1449 3097 12.
1469 3079 1545 3105 seqq.
1564 3075 1589 3098 et
1610 3072 1650 3098 15.
1671 3085 1706 3091 —
1726 3073 1849 3106 Sequitur
1868 3073 1932 3099 Phil.
1953 3068 1984 3106 2,
2003 3074 2028 3099 3.
2048 3074 2071 3099 5.
2093 3078 2117 3100 et
2139 3075 2163 3100 8.

1280 3115 1289 3130 ⁷
1311 3117 1386 3142 Vers.
1406 3117 1447 3142 23.
1470 3117 1666 3148 Theopnylact„
1686 3117 1712 3142 in
1732 3117 1794 3149 Luc.
1815 3118 1846 3149 6,
1868 3117 1915 3143 4⁴:
1938 3117 2009 3150 Quid
2027 3120 2119 3145 utitem
2141 3118 2175 3145 ω’-

1208 3160 1269 3193 des,
1289 3162 1387 3195 inquit,
1405 3161 1550 3195 festucam,
1574 3162 1625 3187 hoe
1649 3165 1688 3187 est
1713 3168 1827 3193 parvum
1852 3165 1991 3194 peccatum
2011 3164 2097 3189 fratris
2123 3164 2174 3194 tui,

1208 3204 1312 3232 trabem
1331 3208 1435 3237 antem,
1456 3213 1584 3237 magnum
1603 3209 1741 3238 peccatum
1763 3209 1852 3237 tuum,
1872 3213 1927 3233 non
1946 3206 2090 3234 advertis?

1279 3248 1290 3263 ⁸
1312 3251 1384 3276 Vers.
1406 3250 1447 3275 1¹5.
1467 3264 1502 3269 —
1523 3249 1640 3276 Subinde
1658 3250 1786 3282 allegatur
1805 3251 1859 3276 Gal.
1882 3251 1913 3283 6,
1938 3252 1986 3277 1-3.

1279 3293 1291 3309 ⁹
1310 3295 1385 3321 Vers.
1400 3294 1547 3320 t5.—Duo
1557 3302 1631 3329 seqq.
1642 3295 1691 3321 loci
1702 3295 1847 3321 suntEccli.
1860 3296 1902 3328 31,
1918 3296 1957 3322 15.
1967 3300 1993 3322 et
2002 3297 2064 3322 Luc.
2081 3297 2119 3327 ll,
2130 3296 2174 3322 34.

1280 3338 1302 3354 ¹⁰
1321 3340 1439 3371 Vulgata
1454 3340 1549 3366 omittit
1561 3341 1666 3372 autem,
1691 3340 1769 3366 codd.
1789 3347 1853 3366 vero
1873 3340 1996 3368 omittunt
2015 3342 2060 3367 tuo
2080 3344 2106 3367 et
2124 3348 2173 3373 pro

1208 3383 1298 3410 videns
1327 3383 1491 3410 substituunt
1518 3383 1598 3411 vides.
1618 3398 1654 3405 —
1675 3385 1826 3418 Sequuntur
1855 3385 1930 3411 Rom.
1952 3386 1982 3418 2,
2008 3385 2051 3411 2⁴.
2079 3384 2172 3419 (Codd.

1208 3428 1273 3462 quid
1290 3428 1390 3461 alium)
1408 3432 1434 3455 et
1453 3430 1516 3455 Luc.
1538 3429 1568 3460 4,
1588 3430 1631 3455 23.

2029 3483 2057 3506 ⁰l

2195 496 2284 516 Temere
2303 496 2333 516 ju.

2208 522 2282 543 dicans
2302 525 2335 543 ent

2209 549 2295 575 iniquus
2311 555 2332 569 in

2218 575 2329 601 cognatio-
