2476 3921
160 630 255 655 Sextum,
270 630 296 650 ad

164 657 297 677 imitandum.

153 840 250 866 Largitur
265 840 301 861 vil-

152 867 206 887 licus
221 867 299 887 multia.

169 1470 228 1494 item.
243 1470 296 1491 mul-

203 1499 256 1518 tum.

168 1996 292 2022 Recognitio

190 2022 264 2043 debiti.

212 2258 291 2280 Cadus.

320 268 384 300 [106

318 356 409 398 quia,
435 354 639 388 Ecclesiastici
664 357 772 392 sexto,
801 366 816 382 α
833 354 953 386 amicus
975 353 1092 391 fidelis,
1116 352 1269 395 protectio

315 408 421 447 fortis3
445 407 499 449 qui
525 407 642 439 invenit
674 406 761 438 illum
795 406 912 439 invenit
944 406 1139 438 thesaurum.
1164 404 1268 437 Amico

315 460 398 493 fideli
421 460 507 492 nulla
530 463 577 492 est
599 460 803 501 comparatio,
828 463 859 492 et
882 469 943 491 non
967 462 1014 491 est
1037 459 1129 500 digna
1152 458 1268 500 ponde-

315 514 394 546 ratio
417 514 485 546 auri
510 516 541 545 et
564 512 682 554 argenti
708 516 817 545 contra
840 513 1009 545 bonitatem
1041 512 1111 544 fidei
1136 511 1220 543 illius
1235 524 1265 542 n.

404 567 433 598 8.
459 566 559 607 (Vers.
590 566 643 606 5.).
668 566 764 599 Sexto
786 568 939 607 quantum
969 565 1007 597 ad
1038 563 1266 596 exhibitionem

316 619 460 651 liberalis
482 618 730 650 misericordiae
744 617 945 650 imitandam
961 617 1125 650 subditur:
1145 617 1266 649 Convo-

316 672 399 704 catis
423 672 532 715 itaque
562 671 705 713 sinqulis·
735 670 934 703 debitoribus
957 670 1085 702 domini
1113 670 1169 701 sui
1176 681 1188 707 ,·
1211 670 1265 702 ubi

315 725 360 756 acl
384 724 525 756 litteram
559 724 734 756 ostenditur
770 723 938 756 liberalitas
970 723 1201 755 munificentiae
1235 726 1266 755 et

314 776 544 809 misericordiae
568 776 599 808 in
633 776 751 814 villico,
776 779 843 808 tum
867 776 941 817 quia
972 776 1105 817 largitur
1133 775 1265 814 multis,

316 832 382 861 tum
406 829 480 870 quia
499 829 654 867 mullum,
673 832 739 861 tum
756 829 830 870 quia
845 829 1028 860 moderate.-
1045 828 1175 866 multis,
1192 828 1267 870 quia

315 882 445 923 singulis
467 882 661 914 debitoribus
676 882 790 914 domini
808 882 872 920 sui,
888 881 1060 914 secundum
1084 881 1161 913 illud
1182 881 1265 923 quod

314 934 465 966 Dominus
496 935 605 967 suadet
636 943 733 976 supra
763 936 891 968 sexto¹z
931 934 1050 966 «Omni
1083 934 1199 975 petenti
1236 937 1266 966 te

315 987 419 1019 tribue
436 999 465 1025 »;
490 991 520 1019 et
552 986 645 1019 Isaiae
677 987 838 1028 trigesimo
869 986 1022 1019 secundo:
1053 999 1068 1015 α
1086 986 1187 1025 Beati,
1211 985 1265 1027 qui

314 1039 471 1073 seminatis
502 1047 597 1080 super
633 1047 741 1071 omnes
771 1047 886 1080 aquas,
919 1038 1120 1071 immittentes
1156 1038 1265 1080 pedem

314 1090 402 1123 bovis
425 1094 455 1123 et
478 1091 555 1123 asini
572 1104 602 1122 ».
628 1090 664 1123 Et
687 1091 761 1132 quia
781 1090 995 1123 misericordia
1016 1090 1151 1132 impendi
1175 1090 1267 1122 debet

313 1143 540 1185 indigentibus,
564 1143 632 1175 ideo
657 1152 718 1175 non
734 1143 862 1176 cuilibet
885 1143 952 1182 dat,
977 1143 1030 1176 sed
1046 1142 1266 1179 debitoribus;

313 1195 485 1228 secundum
509 1195 586 1228 illud
610 1196 704 1228 Isaiae
727 1196 986 1238 quinquagesimo
1009 1199 1118 1228 octavo
1134 1196 1164 1228 ²:
1187 1196 1267 1227 «Di-

312 1249 400 1281 mitte
424 1258 476 1281 eos
499 1249 553 1290 qui
578 1249 725 1281 confracti
755 1252 830 1282 sunt
860 1249 989 1288 liberos,
1014 1252 1045 1282 et
1068 1258 1159 1281 omne
1187 1258 1267 1282 onus

312 1301 467 1343 dirumpe.
500 1302 617 1343 Frange
645 1302 795 1334 esurienti
828 1311 938 1343 panem
973 1306 1063 1334 tuum
1095 1305 1127 1334 et
1154 1311 1267 1344 egenos

313 1363 470 1396 vagosque
494 1354 588 1387 induc
613 1355 644 1387 in
668 1354 796 1387 domum
832 1359 928 1387 tuam.
959 1354 1037 1387 Cum
1069 1355 1185 1387 videris
1208 1365 1267 1387 nu-

311 1407 404 1445 dum,
428 1407 514 1448 operi
539 1416 611 1439 eum
643 1411 674 1440 et
705 1416 831 1440 carnem
855 1411 940 1439 tuam
967 1417 1005 1440 ne
1037 1408 1219 1449 despexeris
1235 1422 1265 1440 ».

314 1478 355 1483 —
372 1459 512 1492 Multum
524 1459 549 1498 ³,
573 1460 648 1501 quia
670 1468 814 1501 magnam
840 1469 993 1492 summam
1015 1460 1105 1501 pretii
1122 1460 1266 1500 dimittit3

312 1516 441 1555 propter
465 1512 549 1554 quod
573 1512 694 1545 subdit:
720 1512 852 1544 Dicebat
871 1513 1002 1554 primo:
1022 1514 1190 1554 Quantum
1215 1515 1267 1546 de-

313 1566 365 1598 bes
392 1566 531 1598 'domino
562 1565 655 1597 meo?
688 1565 839 1604 Dicebat,
872 1567 1017 1608 inquam,
1047 1576 1102 1608 per
1137 1567 1267 1600 familia-

312 1619 379 1651 rem
411 1618 652 1656 allocutionem
681 1618 884 1651 Ecclesiastici
915 1620 1071 1660 quart04:
1101 1620 1267 1663 «Congre-

312 1671 426 1713 gationi
452 1679 627 1712 pauperum
651 1671 805 1703 affabilem
822 1674 853 1703 te
876 1671 975 1704 facito.
994 1672 1119 1705 Declina
1136 1674 1266 1715 pauperi

312 1724 379 1756 sine
412 1723 536 1755 tristitia
564 1732 673 1755 aurem
703 1726 787 1755 tuam
812 1727 843 1756 et
874 1724 969 1756 redde
999 1724 1139 1757 debitum
1163 1729 1194 1758 et
1217 1735 1266 1758 re-

312 1776 429 1818 sponde
460 1776 503 1808 illi
534 1776 661 1817 pacifice
678 1790 693 1804 ι)
730 1780 804 1815 etc.;
841 1780 872 1809 et
908 1777 1111 1810 Ecclesiastici
1147 1778 1267 1810 decimo

311 1832 437 1861 octavo:
459 1841 482 1863 ,α
499 1828 604 1860 Nonne
636 1828 781 1860 ardorem
813 1828 1011 1870 refrigerabit
1046 1833 1121 1862 ros?
1153 1830 1201 1862 Sic
1236 1834 1267 1863 et

312 1882 445 1914 verbum
471 1881 583 1913 melius
607 1890 701 1922 quam
725 1881 833 1913 datum
850 1894 881 1912 ».

402 1935 430 1965 9.
457 1933 557 1975 (Vers.
584 1934 638 1973 6.).
665 1935 707 1965 At
730 1934 782 1966 ille
805 1934 891 1966 dimit
913 1934 986 1967 ei⁵.·
1014 1935 1148 1967 Centum
1165 1936 1267 1968 cados

312 1987 387 2026 olei,
404 1996 461 2028 per
476 1987 600 2028 fidelem
617 1987 872 2029 recognitionem
888 1987 994 2020 debiti.
1021 1988 1166 2021 Debitum
1183 1990 1266 2022 enirn

312 2048 406 2071 suum
430 2039 522 2072 debet
545 2039 679 2081 quisque
704 2039 838 2071 fideliter
862 2047 1099 2080 recognoscere,
1124 2049 1163 2073 ne
1187 2040 1266 2073 sorte

310 2092 432 2125 dicatur
464 2092 521 2125 sibi
554 2092 632 2124 illud
663 2091 860 2133 Apocalypsis
891 2091 998 2124 tertio:
1027 2105 1043 2120 α
1061 2093 1157 2132 Dicis,
1192 2093 1267 2135 quia

309 2144 396 2177 dives
420 2153 489 2177 sum
513 2148 545 2177 et
568 2144 776 2186 locupletatus
799 2147 830 2176 et
853 2144 972 2177 nullius
987 2153 1080 2186 ege0;
1097 2149 1128 2177 et
1150 2146 1265 2185 nescis,

310 2197 385 2238 quia
407 2200 443 2229 tu
466 2206 499 2233 es
523 2197 618 2230 miser
641 2201 673 2230 et
695 2196 881 2229 miserabilis
904 2200 935 2229 et
958 2206 1078 2238 pauper
1100 2202 1131 2230 et
1155 2207 1266 2232 caecus

310 2253 342 2282 et
364 2249 469 2282 nudus
484 2263 515 2281 n.
540 2250 592 2282 Est
615 2253 719 2282 autem
737 2249 843 2282 cadus
859 2257 1007 2281 mensura
1023 2250 1185 2283 continens
1202 2254 1266 2284 tres

310 2311 423 2341 urnas;
452 2302 536 2334 unde
570 2302 719 2335 Glossa⁶:
758 2314 773 2330 «
791 2301 904 2334 Cadus
933 2301 1064 2342 Graece,
1100 2302 1266 2345 ampliora

310 2354 434 2393 Latine,
458 2354 620 2387 continens
650 2363 748 2386 urnas
779 2358 844 2386 tres
860 2367 890 2385 n.
915 2354 947 2386 ln
972 2355 1030 2387 hoc
1061 2359 1166 2388 autem
1191 2356 1265 2389 insi-

309 2410 427 2439 nuatur
449 2407 545 2439 debiti
569 2406 752 2448 magnitudo
767 2406 948 2448 opprimens
963 2407 1146 2447 debitorem,
1172 2410 1263 2452 quia,

311 2460 551 2492 Proverbiorum
576 2459 725 2501 vigesimo
759 2460 912 2499 secundo,
941 2461 1028 2502 «qui
1059 2462 1170 2504 accipit
1195 2472 1264 2496 mu-

309 2516 400 2544 tuum
433 2520 544 2544 servus
574 2515 621 2544 est
655 2511 844 2545 foenerantis
867 2526 897 2544 ».
935 2531 976 2536 -
1012 2514 1164 2558 Diaeitque
1195 2515 1262 2548 illi:

310 2565 430 2606 Accipe
453 2564 637 2597 cautionem
655 2569 749 2597 tuam
766 2569 795 2597 et
809 2565 882 2597 sede
897 2566 958 2598 cilo
975 2571 1002 2598 et
1016 2567 1027 2586 ⁷
1043 2567 1149 2600 scribe
1165 2569 1263 2611 quin-

310 2617 491 2660 quaqinta,
522 2626 579 2659 per
614 2616 780 2650 liberalem
815 2619 1092 2652 condonationem.
1129 2622 1262 2654 Multum

381 2833 388 2847 ¹
411 2834 484 2859 Vers.
505 2835 552 2865 30,
572 2835 614 2860 cui
632 2834 793 2861 subnectitur
813 2837 869 2862 lsai.
891 2837 939 2868 32,
954 2838 996 2863 20.
1009 2851 1043 2857 —
1058 2840 1184 2871 Superius
1203 2843 1263 2872 post

308 2877 401 2904 mullis
422 2878 446 2903 in
467 2878 487 2903 D
505 2885 518 2903 a
539 2879 653 2903 secunda
674 2886 752 2904 manu
773 2880 891 2905 additum
911 2884 949 2906 est
969 2881 1096 2915 larqitur.

380 2920 391 2936 ²
411 2922 483 2947 Vers.
499 2923 523 2947 6.
544 2925 568 2947 et
587 2922 618 2953 7,
638 2926 697 2954 post
714 2930 782 2956 quos
802 2924 820 2948 B
839 2924 911 2949 addit
929 2925 962 2951 El
980 2925 1018 2951 sic
1038 2926 1156 2959 larqimr
1170 2927 1262 2954 mulli-3

310 2967 335 2991 et
354 2965 540 2999 ineliqentibus.

380 3008 391 3022 ³
410 3010 472 3035 Cod.
492 3010 511 3034 B
532 3011 596 3036 ltcm
616 3010 734 3043 larqitur
754 3011 885 3044 mullum,
906 3013 926 3037 D
945 3019 959 3038 a
973 3014 1087 3039 secunda
1103 3021 1180 3040 manu
1195 3015 1262 3041 Mul-

310 3054 368 3078 tum
389 3052 507 3086 taz-,qino-
526 3054 614 3081 etiam.
1093 3067 1096 3070 ·

380 3095 391 3110 ⁴
412 3098 483 3123 vers.
504 3098 530 3123 7.
551 3105 606 3131 seq.
627 3098 686 3130 (pro
709 3099 820 3133 pacifice
845 3100 955 3131 Vulgata
980 3101 1104 3135 pacifica)
1124 3105 1149 3127 et
1168 3102 1263 3129 deinde

310 3140 386 3165 Eccli.
407 3141 453 3171 18,
476 3142 516 3167 16.
1192 3156 1195 3159 ·

379 3182 390 3197 ⁶
410 3185 468 3210 Vat.
489 3193 549 3211 cum
579 3187 688 3218 Vulgata
717 3191 743 3213 et
771 3188 791 3213 ll
817 3188 910 3213 omittit
929 3188 959 3214 ei.
979 3203 1013 3208 —
1034 3189 1155 3222 Sequitur
1180 3191 1260 3222 Apoc.

309 3228 340 3258 3,
363 3228 402 3253 47.

379 3270 390 3285 ⁶
410 3272 509 3298 Scilicet
527 3272 668 3301 ordinaria
687 3275 728 3307 (ex
754 3276 850 3308 Beda);
870 3276 919 3303 AC
931 3277 951 3302 D
971 3277 1050 3303 verba
1070 3279 1176 3304 Glossae
1189 3279 1262 3304 omit-

309 3318 373 3340 tunt.
390 3329 426 3334 —
445 3316 560 3343 Subinde
573 3318 697 3350 allegatur
716 3320 791 3345 ProV.
811 3321 860 3351 22,
880 3320 906 3346 7.

379 3357 388 3372 ⁷
408 3360 442 3385 lta
462 3360 539 3386 etiam
559 3362 585 3386 S.
610 3362 704 3387 Thom.
731 3362 796 3396 (Cat.
823 3370 902 3390 aurea
931 3364 956 3390 in
981 3365 1043 3391 Luc.
1071 3366 1111 3391 16.
1130 3373 1157 3392 n.
1181 3366 1216 3400 1,)
1236 3370 1261 3392 et

308 3403 456 3434 Gorranus;
477 3404 532 3430 Vat.
552 3412 613 3431 cum
633 3406 743 3438 Vulgata
762 3411 788 3432 et
806 3407 827 3433 fl
843 3408 936 3434 omittit
960 3410 993 3435 et.
1012 3423 1044 3428 -
1066 3409 1188 3442 Sequitur
1207 3411 1261 3437 Gal.

901 265 1093 298 COMMENT.
1118 265 1155 297 ΙΝ
1179 263 1415 297 EVANGELIUM
1439 262 1554 295 LUCAE
1579 261 1610 293 C.
1635 261 1710 293 XVl.

1333 359 1468 392 namque
1491 352 1644 382 exonerat
1668 349 1722 390 qui
1751 348 1949 381 medietatem
1984 348 2089 380 oneris
2119 347 2288 380 auferendo

1331 406 1512 445 supportat;
1537 405 1568 435 et
1592 402 1624 434 in
1648 402 1707 434 hoc
1732 401 1784 434 lex
1815 401 1954 433 caritatis
1984 400 2152 442 impletur,
2177 409 2288 433 secun-

1330 456 1406 489 dum
1430 455 1506 488 illud
1530 455 1569 487 ad
1592 455 1714 499 Galatas
1738 454 1863 487 ultimo:
1893 466 1909 482 α
1927 454 2010 486 Alter
2033 454 2164 487 alterius
2190 462 2287 487 onera

1331 512 1470 551 portate,
1495 512 1525 541 et
1550 508 1593 540 sic
1616 507 1826 549 adimplebitis
1850 507 1949 549 legem
1973 507 2136 539 Christi».
2167 514 2169 517 ’

1423 563 1470 594 10.
1497 561 1597 602 (Vers.
1623 562 1676 601 7.).
1710 561 1874 593 Moderate
1905 560 1997 593 etiam
2029 560 2180 602 largitur,
2213 560 2287 602 quia

1330 614 1503 648 secundum
1535 614 1723 656 exigentiam
1758 613 1869 652 debiti;
1905 616 2035 655 propter
2069 613 2153 655 quod
2184 613 2285 646 addit:

1333 667 1453 700 Deinde
1476 667 1538 700 alii
1560 659 1663 699 dixit:
1696 667 1745 699 Tu
1775 676 1852 699 vero
1883 670 2047 709 quantum
2079 665 2195 698 debes?
2212 666 2288 707 ,ldeo

1332 729 1511 754 mensuram
1539 720 1678 762 quaerit,
1703 724 1739 752 ut
1769 722 1950 752 mensurate
1981 719 2167 757 distribuat,
2195 719 2286 761 quia,

1332 773 1533 806 Ecclesiastici
1570 772 1808 815 quadragesimo
1839 771 2017 810 secundo³‚
2058 784 2074 800 (ι
2091 771 2144 804 ubi
2175 780 2288 805 manus

1329 826 1447 858 multae
1464 828 1548 863 sunt,
1564 825 1692 863 claude;
1705 829 1736 857 et
1748 824 1970 866 quodcumque
1987 823 2094 863 tradis,
2112 832 2246 856 numera
2257 827 2289 857 et

1329 878 1469 920 appende
1480 904 1488 917 ‚
1511 878 1619 910 datum
1644 881 1748 910 autem
1765 880 1797 909 et
1811 880 1975 918 acceptum
1992 885 2084 909 omne
2099 876 2242 909 describe
2254 889 2285 907 n.

1331 949 1372 954 —
1391 931 1456 972 Qui
1471 931 1538 963 ait:
1566 931 1701 964 Centum
1717 940 1812 963 coros
1828 930 1940 962 tritici.
1966 930 2021 962 Ubi
2039 938 2182 971 magnam
2199 938 2287 962 men-

1330 993 1438 1016 suram
1462 984 1631 1025 exprimit,
1649 987 1684 1016 ut
1709 983 1826 1025 largam
1854 983 2113 1016 condonationem
2137 982 2285 1015 obtineat.

1335 1050 1350 1065 «
1369 1037 1474 1070 Corus
1496 1040 1619 1075 autem,
1637 1040 1673 1069 ut
1687 1036 1763 1069 dicit
1785 1036 1892 1068 Glossa
1904 1036 1927 1074 ⁹,
1952 1035 2063 1068 modiis
2080 1035 2206 1077 triginta
2229 1036 2287 1068 im-

1331 1090 1435 1132 pletur
1452 1103 1482 1128 n,
1506 1090 1590 1122 unde
1619 1089 1720 1122 maior
1752 1097 1900 1122 mensura
1922 1092 1970 1121 est
1997 1098 2093 1130 quam
2110 1089 2225 1121 cadus.
2251 1089 2287 1121 Et

1329 1142 1404 1184 quia
1420 1142 1451 1174 in
1468 1142 1639 1174 maioribus
1655 1141 1744 1174 donis
1760 1141 1863 1173 minor
1879 1141 1971 1173 debet
1987 1150 2054 1173 esse
2071 1151 2234 1181 numerus,
2251 1146 2288 1175 ut

1329 1195 1433 1228 debita
1464 1204 1613 1227 mensura
1647 1199 1806 1233 servetur;
1839 1194 1908 1227 ideo
1940 1194 2104 1227 subditur:
2133 1195 2286 1239 Dixitque

1330 1248 1379 1280 illi
1392 1249 1432 1280 ¹⁰.-
1447 1248 1566 1290 Accipe
1579 1248 1706 1280 litteras
1719 1251 1795 1279 tuas
1807 1252 1836 1280 et
1847 1247 1953 1279 scribe
1965 1247 2129 1289 octoyinta
2140 1259 2151 1286 ;
2163 1247 2285 1281 Glossa:

1335 1314 1350 1329 «
1367 1301 1514 1342 Quintam
1538 1304 1659 1342 partem
1681 1300 1855 1333 dimittit».
1881 1300 1964 1333 Licet
1984 1304 2090 1333 autem
2113 1301 2218 1334 minus
2241 1301 2287 1334 vi-

1330 1354 1441 1386 deatur
1464 1353 1621 1386 dimittere
1645 1353 1819 1386 secundum
1850 1353 2086 1395 proportionem
2110 1354 2287 1387 arithmeti-

1332 1416 1417 1446 cam,
1442 1407 1516 1449 quia
1540 1407 1614 1439 huic
1643 1416 1705 1439 non
1737 1406 1796 1439 nisi
1830 1406 1972 1448 quintam
1996 1410 2118 1448 partem
2141 1406 2286 1445 dimittit,

1331 1460 1484 1502 superiori
1517 1463 1623 1492 autem
1655 1459 1832 1498 dimidiam;
1866 1459 1937 1501 plus
1961 1462 2065 1492 tamen
2088 1459 2216 1492 dimittit
2238 1469 2287 1493 se*

1331 1514 1468 1546 cundum
1492 1513 1730 1555 geometricam,
1754 1513 1829 1555 quia
1852 1513 1923 1555 plus
1954 1517 2029 1546 sunt
2056 1513 2087 1545 in
2112 1513 2287 1555 quantitate

1330 1567 1437 1609 viginti
1455 1566 1518 1599 cori
1539 1566 1630 1599 tritici
1648 1575 1742 1608 quarn
1760 1565 1989 1608 quinquaginta
2004 1566 2071 1598 cadi
2089 1566 2158 1599 olei.
2176 1566 2287 1599 Osten-

1330 1620 1417 1652 ditur
1441 1629 1516 1661 ergo
1539 1620 1570 1652 in
1588 1620 1664 1658 hoc,
1682 1619 1765 1661 quod
1789 1619 1913 1651 villicus
1937 1619 1994 1651 iste
2018 1619 2189 1652 liberaliter
2213 1628 2286 1652 con-

1330 1673 1473 1711 donavit,
1497 1673 1571 1714 quia
1602 1681 1664 1704 non
1695 1673 1796 1705 solum
1828 1672 1941 1704 multis
1969 1676 2000 1705 et
2022 1672 2148 1711 multa,
2173 1682 2286 1705 verum

1331 1726 1423 1758 etiam
1447 1725 1631 1763 moderate,
1664 1724 1836 1757 secundum
1872 1724 1949 1757 illud
1974 1724 2088 1757 Tobiae
2110 1728 2225 1766 quarto
2238 1726 2281 1758 ¹²:

1336 1791 1351 1806 «ι
1367 1777 1528 1819 Quomodo
1551 1777 1691 1818 potueris
1702 1802 1709 1815 ,
1726 1780 1792 1809 esto
1807 1777 1995 1809 misericors.
2021 1777 2051 1809 Si
2076 1778 2212 1818 multum
2229 1779 2284 1812 tibi

1329 1830 1443 1868 fuerit,
1466 1829 1663 1862 abundanter
1686 1829 1809 1867 tribue;
1827 1829 1852 1861 si
1875 1832 1980 1861 autem
2004 1829 2168 1871 exiguum,
2192 1831 2285 1864 etiam

1331 1882 1407 1915 illud
1431 1882 1564 1915 libenter
1595 1882 1750 1923 impartiri
1782 1881 1873 1914 stude
1889 1894 1920 1913 υ.
1945 1882 1977 1914 In
2002 1882 2060 1915 hac
2083 1887 2189 1916 autem
2212 1893 2286 1917 con-

1329 1935 1494 1968 donatione
1517 1935 1763 1978 quinquaqinta
1787 1935 1924 1976 partium
1948 1938 1980 1968 et
2002 1934 2123 1978 viqinli
2137 1941 2222 1971 recte
2238 1938 2285 1971 in-

1330 1988 1481 2029 telligitur
1504 1988 1596 2028 plena
1619 1987 1763 2020 remissio
1786 1987 2020 2021 liberalissimae
2051 1989 2184 2031 pietatis.
2208 1991 2284 2023 Nam

1329 2040 1658 2083 quinquaqenarius,
1675 2040 1730 2082 qui
1754 2041 1916 2083 consurgit
1938 2050 1979 2074 ex
1996 2043 2172 2084 septenario
2188 2052 2285 2086 super

1330 2102 1363 2126 se
1386 2093 1488 2135 ipsum
1512 2092 1676 2134 replicato,
1700 2092 1803 2125 addita
1834 2093 1951 2127 scilicet
1982 2095 2119 2135 unitate,
2143 2096 2285 2139 designat

1329 2145 1544 2178 remissionem
1568 2145 1758 2187 septiformis
1775 2145 2015 2180 misericordiae.
2034 2148 2066 2181 ln
2090 2149 2182 2182 cuius
2203 2150 2284 2183 desi-

1329 2198 1506 2240 gnationem
1521 2198 1553 2230 in
1570 2198 1704 2230 iubilaeo
1720 2198 1814 2231 fiebat
1829 2199 1920 2241 plena
1935 2201 2092 2241 remissio,
2109 2202 2282 2235 secundum

1328 2251 1405 2284 illud
1422 2251 1547 2284 Levitici
1560 2251 1709 2293 vigesimo
1721 2251 1831 2293 quinto
1842 2251 1885 2284 12;
1909 2266 1924 2282 α
1937 2254 2149 2288 sanctificabis
2166 2264 2283 2288 annum

1328 2304 1621 2346 quinquagesimum
1639 2306 1671 2336 et
1686 2304 1810 2337 vocabis
1828 2306 2041 2340 remissionem
2058 2308 2179 2341 cunctis
2195 2308 2284 2341 habi-

1329 2357 1483 2390 tatoribus
1507 2360 1619 2390 terrae.
1637 2356 1704 2398 lpse
1720 2357 1804 2389 enim
1826 2361 1873 2390 est
1890 2358 2044 2393 iubilaeus
2059 2374 2091 2400 n,
2109 2374 2124 2389 «ε
2138 2361 2212 2403 quia
2234 2361 2283 2394 iu-

1327 2410 1447 2443 bilaeus
1462 2413 1509 2443 est
1531 2419 1633 2443 annus
1657 2410 1937 2452 quinquagesimus
1953 2426 1983 2444 ».
2010 2413 2067 2446 lste
2090 2418 2196 2447 autem
2224 2424 2283 2448 nu-

1328 2472 1445 2502 merus,
1462 2463 1574 2496 additis
1597 2463 1724 2506 viginti,
1749 2465 1910 2506 consurgit
1934 2465 1965 2498 in
1989 2467 2281 2509 septuagesimum,

1327 2517 1381 2549 ubi
1406 2516 1591 2558 intelligitur
1616 2516 1757 2549 remissio
1781 2517 1880 2558 plena.
1908 2518 1938 2550 ln
1963 2519 2054 2552 cuius
2077 2520 2123 2553 rei
2147 2520 2281 2563 figuram

1327 2569 1463 2610 populus
1476 2569 1596 2601 Domini
1611 2568 1642 2600 in
1656 2569 1866 2610 captivitatem
1881 2569 1995 2604 ductus
2008 2576 2077 2613 post
2086 2573 2283 2615 septuaginta

1326 2631 1423 2654 annos
1446 2624 1493 2654 est
1517 2622 1685 2660 liberatus,
1710 2621 1791 2654 sicut
1821 2622 1936 2655 dicitur
1961 2624 2108 2658 Ieremiae
2131 2626 2281 2668 vigesimo

1328 2841 1356 2872 6,
1377 2842 1399 2866 2.
1419 2854 1455 2860 --
1473 2842 1562 2866 Glossa
1582 2840 1780 2867 interlinearis:
1800 2840 1892 2867 Scribe
1911 2841 2121 2876 quinquaqinta,
2143 2845 2280 2870 dimidiam

1327 2888 1427 2916 partem
1446 2885 1559 2910 dimittit.
1573 2898 1608 2904 —
1622 2886 1658 2910 De
1671 2892 1726 2917 seq.
1739 2892 1805 2910 voce
1817 2887 1960 2918 supportat
1973 2888 2019 2912 cl‘r.
2033 2894 2094 2918 pag.
2109 2888 2168 2920 271,
2182 2892 2242 2915 nota
2257 2890 2281 2915 3.

1397 2927 1407 2942 ὃ
1427 2930 1501 2954 Vers.
1520 2929 1551 2960 7,
1571 2929 1614 2954 ubi
1636 2929 1751 2954 nonnulli
1770 2929 1848 2954 codd.
1867 2931 1892 2956 el
1919 2937 2101 2965 quaecumque
2120 2933 2206 2959 tradis
2225 2941 2281 2960 mu-

1326 2979 1393 2998 nera
1411 2972 1538 3006 appende.
1557 2987 1592 2992 —
1612 2974 1736 3005 Superius
1755 2980 1802 3005 pro
1822 2973 1959 3000 Moderati*
1984 2974 2063 3001 etiam
2083 2976 2202 3010 larqitur
2223 2978 2280 3003 Vat.

1327 3016 1462 3043 Moderate
1481 3019 1506 3043 et
1523 3016 1646 3050 lai-qiler.

1397 3058 1408 3073 ⁹
1428 3061 1527 3086 Scilicet
1546 3060 1687 3087 ordinaria
1707 3061 1748 3093 (ex
1768 3061 1858 3093 Beda).

1402 3103 1423 3117 ¹⁰
1443 3105 1475 3129 lta
1496 3104 1573 3129 etiam
1593 3105 1697 3130 Hieron.
1717 3109 1742 3130 et
1761 3106 1864 3136 noym„
1885 3106 1932 3131 loe.
1947 3106 2003 3137 cit.;
2018 3107 2076 3133 Vat.
2095 3115 2155 3134 cum
2172 3109 2281 3140 Vulgata

1326 3150 1352 3172 et
1370 3148 1498 3173 nonnullis
1526 3149 1602 3174 codd.
1618 3148 1677 3179 „Ait
1700 3148 1748 3174 illi.
1767 3163 1803 3168 -
1822 3150 1943 3182 Sequitur
1972 3151 2060 3177 (ilossa
2090 3151 2279 3179 interlinearis.

1326 3191 1414 3216 Glossa
1435 3191 1576 3217 ordinaria
1596 3192 1636 3224 (ox
1655 3193 1748 3225 Beda):
1770 3193 1926 3225 Simpliciter
1945 3195 1982 3219 sie
2002 3199 2086 3226 potest
2099 3197 2197 3228 accipi:
2209 3197 2282 3229 quis-

1326 3235 1385 3267 quis
1404 3235 1574 3267 indigentiam
1593 3238 1717 3268 pauperis
1735 3238 1777 3263 vcl
1796 3245 1826 3263 ex
1845 3237 1969 3268 dimidia,
1988 3240 2029 3264 vel
2048 3247 2078 3265 ex
2097 3240 2187 3273 quinta
2207 3243 2282 3272 parte

1325 3278 1440 3309 alleviat,
1461 3279 1655 3306 misericordiae
1674 3288 1736 3307 suae
1756 3282 1878 3307 mercede
1896 3282 2036 3308 donandus
2055 3287 2101 3309 est.

1397 3322 1417 3337 ¹¹
1440 3323 1514 3349 Vers.
1532 3325 1557 3349 8.
1579 3329 1604 3350 et
1623 3325 1648 3350 9.

1397 3366 1418 3381 ¹¹
1440 3367 1513 3393 Vers.
1534 3369 1576 3394 10.
1595 3372 1620 3395 et
1640 3370 1681 3394 11.
1695 3369 1746 3395 Cir.
1761 3371 1926 3402 Gregor.,·ll.
1941 3372 2034 3397 Homil.
2048 3372 2073 3397 iu
2087 3373 2178 3398 Ezecli.
2191 3372 2280 3398 homil.

1326 3412 1351 3437 5.
1372 3418 1398 3437 n.
1418 3412 1460 3437 15.

2305 567 2365 592 item,
2380 567 2450 591 mode·

2344 596 2398 615 rate.

2305 937 2380 958 Corus.

2307 1571 2437 1594 Notandum.

2302 2524 2388 2551 Figura.
