2476 3921
358 228 420 261 xvi

356 324 403 349 per
429 316 538 342 modum
563 314 701 340 cuiusdam
727 312 836 338 tabellae
864 312 920 337 slvc
944 311 1084 337 schematis
1112 311 1222 343 scripta,
1248 318 1318 344 quae

357 371 458 402 incipit:

695 444 833 477 privilegio
853 443 1022 476 conditionis,

695 498 822 524 sacrificio
842 496 1023 527 recreationis,

356 530 429 555 '‘⁰¹⁰¹—
448 531 535 554 nosoer
696 551 821 583 mysterio
841 550 959 583 pietatis,

694 605 860 637 reparatione
879 610 1009 636 supernae
1029 603 1206 629 beatitudinis.

695 665 743 690 per
762 658 952 684 illuminantem
971 657 1099 690 gratiam,

355 741 404 773 Qui
423 747 452 766 es
471 740 495 766 m
515 739 593 765 caelis
666 660 677 843 ἓ
695 719 742 744 per
762 710 956 744 gubernantem
976 710 1134 743 potentiam,

695 772 742 799 per
760 765 915 797 dignantem
934 767 1069 797 naturam,

695 826 743 852 per
762 818 949 845 sublimantem
970 817 1081 850 gloriam
1102 819 1152 843 etc.

426 908 449 934 o,
469 900 498 932 11)
518 901 591 927 Aliae
610 900 787 933 expositiones
806 899 931 925 orationis
950 898 1099 924 dominicae
1113 897 1264 924 tribuuntur
1276 905 1321 924 no-

356 960 409 981 stro
429 954 534 980 Ductori
555 954 578 979 in
598 954 657 980 cod.
682 953 800 987 quodam
821 952 996 978 bibliothecae
1015 950 1136 983 publicae
1155 949 1276 977 Dresdae
1294 950 1321 976 in

357 1008 481 1040 Saxonia,
500 1007 568 1039 sign.
589 1007 619 1032 A.
641 1006 702 1032 191.
721 1006 792 1032 Haec
812 1005 920 1037 incipit:
943 1015 956 1028 α
969 1004 1051 1031 Pater
1070 1005 1176 1035 noster,
1190 1003 1278 1037 quies
1291 1003 1320 1030 in

356 1061 428 1088 celis.
456 1062 577 1087 Formam
597 1060 689 1086 orandi
719 1059 830 1085 brevem
849 1062 875 1085 et
894 1058 983 1084 utilem
1007 1057 1114 1084 tradidit
1138 1057 1256 1083 Christus
1281 1056 1321 1083 di-

355 1115 463 1148 scipulis
481 1115 552 1147 suis;
581 1117 607 1139 et
629 1115 679 1139 hoc
698 1115 808 1145 propter
827 1112 962 1145 quinque:
982 1111 1083 1143 primo,
1103 1113 1132 1136 ut
1151 1110 1222 1136 Deus
1241 1110 1322 1136 hono-

355 1172 426 1195 retur
439 1178 451 1192 »
468 1171 518 1194 etc.
531 1167 608 1193 Plura
622 1167 648 1192 in
662 1166 756 1192 eadem
777 1166 961 1197 inveniuntur,
973 1171 1042 1197 quae
1055 1162 1214 1190 verbotenus
1234 1165 1321 1189 sumta

355 1226 416 1249 sunt
438 1229 469 1247 ex
497 1221 546 1247 illis
573 1220 679 1247 duabus
707 1218 916 1252 expositionibus
942 1218 1081 1251 utriusque
1106 1218 1248 1249 formulae,
1266 1217 1322 1244 scil.

354 1276 424 1308 apud
446 1276 543 1301 Lucam
562 1277 588 1300 et
606 1265 779 1305 Matthaeum‚
799 1273 847 1299 sed
865 1273 992 1306 pleraque
1010 1274 1096 1298 sumta
1115 1274 1176 1297 sunt
1193 1278 1225 1297 ex
1243 1270 1323 1297 Card.

354 1314 466 1361 ll'ugone
485 1329 512 1354 in
531 1328 618 1353 Matth.
639 1328 667 1360 6,
686 1327 712 1352 9.
732 1333 852 1360 seqq.—
865 1325 964 1351 lbidem
978 1325 1026 1351 alia
1041 1324 1210 1350 huiusmodie
1223 1313 1323 1356 exposi-

356 1383 390 1408 tio
404 1382 602 1408 Bonaventurae
615 1379 738 1411 inscripta
752 1378 864 1404 habetur
881 1385 991 1410 prorsus
1004 1377 1108 1403 diversa
1117 1397 1124 1410 ‚
1143 1377 1170 1402 in
1184 1383 1237 1410 qua
1257 1375 1322 1402 nihil

356 1435 472 1461 invenire
491 1434 640 1466 potuimus,
659 1432 733 1466 qnod
752 1435 873 1458 nostrum
892 1431 1033 1457 Doctorem
1052 1431 1160 1457 indicet.

426 1490 452 1521 e)
466 1488 586 1521 Denique
596 1486 743 1518 longiorem
757 1485 947 1518 expositionem
961 1484 1034 1517 apud
1046 1491 1094 1510 nos
1107 1483 1237 1510 habemus
1247 1486 1314 1509 tran·

356 1543 479 1575 scriptam
493 1548 524 1567 ex
542 1541 602 1567 cod.
615 1540 634 1567 C
647 1547 728 1573 supra
741 1539 758 1572 S
776 1539 801 1565 7.
816 1547 842 1566 n.
856 1539 881 1565 3.
903 1542 1004 1572 notato,
1023 1545 1094 1572 quae
1111 1537 1221 1572 quidem
1241 1537 1322 1563 multa

357 1596 436 1623 habet
454 1598 540 1622 sumta
554 1602 585 1621 ex
599 1594 639 1620 illa
648 1593 824 1626 expositione,
843 1599 912 1626 quae
924 1593 1125 1618 Bonaventurae
1144 1590 1323 1621 tribuebatur,

356 1651 403 1677 sed
428 1650 511 1676 multo
530 1650 606 1682 plura
626 1647 660 1674 ab
679 1648 728 1674 alia
748 1654 828 1673 manu
853 1646 942 1673 addita
968 1648 994 1672 et
1019 1646 1044 1672 in
1069 1647 1181 1671 sormam
1207 1644 1323 1677 plurium

358 1709 511 1730 sermonum
529 1702 645 1728 redacta.

427 1757 451 1789 g.
471 1755 498 1782 9.
516 1754 551 1781 De
569 1753 671 1781 inedita.
689 1753 800 1789 quadam
823 1751 931 1787 postilla.
959 1751 987 1778 in
1015 1751 1127 1779 Cantica.
1155 1750 1325 1778 Canticorum

357 1808 425 1836 falso
443 1808 470 1835 S.
490 1807 689 1835 Beneventano
707 1806 821 1833 tributa.

428 1864 455 1889 ln
467 1862 626 1888 bibliotheca
643 1859 831 1895 Wotfenbiittet
843 1859 903 1886 cod.
918 1859 978 1885 401.
992 1859 1098 1885 Helmst.
1112 1860 1196 1885 chart.
1209 1858 1323 1885 habetur

356 1916 458 1949 postilla
478 1915 503 1941 in
521 1914 659 1941 Canticum
672 1913 855 1944 Canticorum,
874 1920 944 1946 quae
957 1913 1000 1938 tol.
1014 1912 1065 1938 480
1078 1919 1099 1938 r.
1113 1912 1218 1944 incipit:
1240 1911 1324 1939 Oscu-

356 1969 428 1996 letur
439 1975 483 1995 me
495 1967 587 1995 osculo
601 1967 685 1994 oris...
698 1968 725 1993 ln
738 1973 851 1999 persona
865 1965 978 1998 virginis
990 1966 1104 1998 gloriose
1118 1966 1167 1992 hoc
1179 1965 1323 1992 verbum...

356 2022 454 2049 Desinit
468 2023 509 2048 l'ol.
523 2021 575 2048 2⁴6
588 2028 626 2047 r.:
649 2030 663 2044 α
678 2021 756 2047 Solite
772 2020 876 2053 pietatis
894 2019 1064 2052 ponderetur.
1077 2020 1107 2045 Et
1118 2019 1145 2045 in
1165 2020 1215 2045 hoc
1234 2018 1324 2045 termi-

356 2080 433 2103 natur
451 2075 554 2109 postilla
572 2081 653 2107 super
672 2073 778 2101 Cantica
798 2074 866 2100 inter
884 2074 987 2106 prolem
1007 2073 1124 2105 Virginis
1142 2075 1167 2099 et
1186 2080 1262 2099 suam
1276 2071 1322 2098 be-

356 2130 487 2156 nedictam
506 2130 614 2155 Matrem
633 2131 658 2154 et
676 2135 692 2154 e
710 2134 849 2154 converso.
864 2128 899 2154 Ex
918 2127 1046 2159 tripartita
1066 2127 1158 2153 Glossa
1176 2126 1263 2152 fratris
1276 2127 1323 2152 Bo-

356 2186 502 2211 naventure
519 2185 657 2215 excerpta,
675 2182 772 2214 scripta
795 2188 865 2207 anno
892 2180 997 2208 Domini
1027 2180 1111 2212 ⁴402,
1139 2181 1270 2213 completa
1296 2180 1322 2206 in

357 2238 400 2265 die
420 2238 456 2264 St.
475 2236 606 2263 Elisabeth
626 2243 674 2269 per
694 2242 804 2261 manum
824 2235 910 2261 fratris
930 2234 1081 2268 Marquardi
1108 2234 1142 2260 de
1170 2234 1273 2266 Tessyn
1295 2233 1323 2259 in

357 2291 465 2324 antiqua
483 2289 662 2323 Hilgendis(?)
682 2289 758 2322 quasi
778 2289 804 2314 in
824 2288 909 2315 insula
930 2287 989 2322 (sic)
1010 2288 1115 2314 Patmos
1133 2287 1242 2320 relegati
1260 2297 1286 2313 n.

428 2346 526 2371 Auctor
544 2343 627 2370 verba
656 2342 734 2369 huius
761 2341 861 2369 Cantici
880 2342 1005 2368 continuo
1032 2341 1148 2374 applicat
1172 2341 1207 2367 ad
1226 2343 1323 2373 myste-

356 2398 426 2424 rium
446 2394 631 2424 incarnationis
649 2404 697 2430 per
715 2397 826 2423 modum
845 2396 970 2430 colloquii
989 2395 1084 2422 Christi
1102 2402 1163 2422 cum
1183 2394 1322 2422 benedicta

358 2459 405 2478 sua
418 2452 506 2477 Matre.
520 2451 624 2477 Praeter
638 2450 664 2476 S.
676 2450 842 2476 Bernardum
856 2448 1066 2483 trequentissime
1079 2449 1174 2481 allegat
1186 2448 1324 2481 expositio-

357 2512 418 2531 nem
438 2504 604 2537 Aleoeandri‚
622 2504 704 2530 citans
717 2503 799 2530 libros
811 2506 838 2530 et
849 2503 972 2535 capitula.
992 2502 1058 2529 Cum
1076 2505 1164 2529 autem
1177 2502 1324 2529 Alexander

358 2559 489 2590 Halensis,
509 2561 574 2585 teste
593 2557 716 2584 Sbaralea
737 2557 884 2591 (supplem.
905 2557 939 2584 ad
958 2557 1052 2589 script.
1072 2557 1134 2583 Ord.
1154 2556 1235 2591 Min),
1254 2563 1324 2582 com-

359 2611 517 2638 mentarium
537 2612 562 2637 in
581 2611 718 2638 Canticum
737 2610 905 2638 Canticorum
924 2610 1059 2643 scripserit
1075 2609 1245 2636 distributum
1259 2610 1284 2636 in
1298 2610 1324 2636 li-

1178 222 1456 256 PROLEGOMENA
1480 223 1512 255 C.
1538 224 1571 255 ll.

1381 311 1444 337 bros
1454 314 1480 337 et
1488 312 1609 344 capitula,
1623 313 1782 338 censendum
1794 315 1841 344 est,
1854 313 1991 339 llalensem
2002 320 2060 339 esse
2070 313 2141 339 illum
2157 312 2345 340 Alexandrum

1382 364 1417 390 ibi
1449 365 1566 390 citatum.
1596 365 1700 391 Praeter
1729 367 1777 391 hos
1803 367 1902 398 passim
1926 367 1987 393 citat
2013 367 2146 400 quendam
2171 367 2345 400 expositorem

1389 417 1585 451 Willhelmum,
1615 425 1695 450 porro
1720 418 1884 453 Remigium,
1913 419 2105 447 Ver-cellensem
2133 424 2158 447 et
2187 419 2346 448 Gitbertum.

1383 472 1435 498 Sed
1453 479 1467 497 a
1488 478 1562 497 more
1580 472 1709 504 seraphici
1729 472 1848 498 Doctoris
1866 472 1980 498 alienum
1998 476 2049 504 est,
2069 481 2118 505 pro
2137 475 2251 508 antiquis
2270 474 2346 501 Patri·
2384 480 2387 483 ⁴

1383 525 1434 551 bus
1453 525 1588 558 potissime
1606 525 1764 551 recentiores
1784 525 1924 557 magistros
1944 525 1969 551 in
1989 526 2107 552 medium
2127 528 2255 559 proferre.

1455 578 1663 610 Peremptorium
1693 580 1781 604 autem
1807 580 1846 604 est
1867 578 1939 611 quod
1965 578 1990 603 in
2015 578 2088 604 initio
2111 585 2169 611 cap.
2190 580 2215 605 2.
2234 580 2347 612 legitur:

1387 630 1482 657 «Vide
1500 631 1619 656 Glossam
1646 630 1800 662 Tttomae»,
1828 633 1854 656 et
1882 630 1909 655 in
1937 630 1994 656 aliis
2021 634 2135 663 quatuor
2162 631 2225 657 locis
2252 633 2364 664 allegat.

1384 684 1565 718 expositorem
1584 683 1822 716 Gantmrimtsem,
1843 683 1898 710 scil.
1912 684 1952 709 Fr.
1967 685 2089 709 loannem
2103 684 2294 718 Pecchamum‚
2308 686 2344 712 di·

1384 737 1516 769 scipulum
1537 737 1563 762 S.
1582 737 1796 767 Bonaventurae,
1816 743 1857 762 an.
1878 736 1946 762 ⁴279
1966 736 2000 762 ad
2019 736 2110 762 sedem
2135 736 2347 764 cantuariensem

1384 793 1551 823 promotum,
1570 789 1616 823 qui
1635 796 1664 815 re
1684 796 1746 815 vera
1771 789 1895 815 ineditam
1915 789 2045 822 postillam
2064 789 2090 815 in
2109 789 2245 816 Canticum
2264 790 2348 817 Canti-

1384 851 1476 870 corum
1495 843 1608 876 scripsit.
1628 843 1732 869 Nullum
1752 846 1840 869 autem
1860 842 1973 869 dubium
1992 846 2085 876 restat,
2100 844 2244 877 quominus
2256 847 2348 871 auctor

1384 897 1515 930 postillam
1534 897 1603 922 illam
1623 897 1760 922 Pecchami
1780 903 1844 929 prae
1863 896 1986 923 manibus
2005 897 2135 923 habuerit.
2149 898 2213 923 Nam
2228 898 2254 923 in
2271 904 2348 931 expo-

1384 950 1478 976 sitione
1497 949 1642 975 verborum
1661 949 1765 976 Fulcite
1783 956 1826 976 me
1843 949 1957 984 floribus
1977 950 2011 983 (c.
2031 952 2061 982 2,
2082 950 2117 983 5.)
2135 951 2231 983 allegat
2243 957 2273 977 ex
2286 951 2349 978 Can-

1385 1002 1509 1028 tuariensi
1528 1003 1642 1029 eundem
1662 1003 1750 1029 locum
1762 1023 1769 1034 ,
1788 1010 1869 1036 quem
1889 1003 1968 1029 etiam
1997 1006 2088 1030 auctor
2108 1003 2167 1030 libri
2186 1004 2225 1030 De
2248 1006 2348 1038 septem

1385 1055 1529 1084 Itineribus
1557 1056 1739 1089 aeternitatis,
1767 1057 1826 1090 (iter
1847 1057 1890 1083 lV.
1913 1057 1974 1084 dist.
1996 1057 2021 1084 ⁴.
2040 1065 2065 1084 a.
2088 1059 2118 1090 l,
2138 1065 2201 1091 pag.
2221 1058 2281 1092 176,
2305 1059 2349 1085 ed.

1385 1109 1481 1143 Vatic.)
1501 1109 1535 1135 ita
1554 1111 1650 1135 refert:
1674 1109 1788 1136 «Primo
1813 1110 1922 1143 quidem
1951 1111 2111 1142 notandum,
2139 1112 2213 1144 quod
2239 1112 2349 1145 quidam

1385 1163 1490 1194 doctor,
1503 1163 1558 1189 scil.
1570 1163 1765 1190 cantuariensis
1783 1170 1863 1196 super
1882 1163 2001 1195 Cantica,
2014 1164 2103 1196 incipit
2116 1164 2302 1191 rationabiliter
2315 1164 2349 1191 ab

1385 1217 1476 1243 infimo
1495 1217 1582 1250 gradu
1601 1217 1715 1243 caritatis
1733 1217 1789 1243 sive
1808 1218 1907 1243 amoris
1925 1218 2032 1250 gratuiti
2051 1218 2219 1244 ascendendo
2238 1225 2286 1251 per
2304 1225 2349 1245 sex

1386 1271 1486 1304 gradus
1505 1278 1590 1304 usque
1609 1271 1643 1297 ad
1663 1271 1762 1303 gradus
1784 1271 1883 1297 amoris
1910 1271 2017 1297 violenti
2045 1272 2103 1297 sive
2131 1272 2295 1298 vehementis
2313 1272 2349 1298 di-

1386 1332 1465 1351 cens:
1490 1325 1546 1350 Non
1569 1324 1656 1350 omnis
1684 1331 1760 1350 amor
1788 1324 1888 1350 inducit
1915 1324 2097 1356 languorem»
2121 1326 2171 1350 etc.
2199 1325 2229 1350 Et
2256 1325 2282 1350 in
2307 1325 2350 1350 cit.

1386 1378 1548 1411 expositione
1567 1378 1680 1409 legitur:
1701 1386 1713 1402 α
1734 1377 1774 1403 Ad
1802 1377 2060 1403 commendationem
2089 1377 2117 1402 B.
2145 1377 2264 1409 Virginis
2288 1377 2352 1403 dicit

1386 1432 1495 1465 quidem
1515 1431 1660 1464 expositor,
1680 1431 1803 1457 videlicet
1822 1429 2047 1457 Cantuariensis:
2076 1430 2133 1456 Non
2161 1430 2248 1456 omnis
2274 1437 2351 1457 amor

1386 1488 1439 1517 est,
1458 1485 1506 1511 sed
1534 1486 1693 1517 vehemens,
1721 1484 1767 1518 qui
1795 1484 1963 1517 potissimum
1983 1483 2031 1510 suit
2049 1483 2076 1509 in
2094 1483 2171 1509 beata
2191 1483 2301 1516 Virgine
2325 1486 2352 1509 et

1387 1539 1467 1566 habet
1485 1546 1529 1565 sex
1549 1538 1673 1571 gradus»
1694 1541 1744 1564 etc.
1763 1538 1835 1564 Sicut
1854 1537 1977 1564 Sbaralea
1995 1540 2067 1563 recte
2086 1537 2148 1563 inde
2167 1537 2269 1569 arguit,
2288 1537 2352 1564 illud

1387 1601 1455 1627 opus
1473 1592 1505 1620 de
1523 1592 1630 1627 Septem
1649 1591 1793 1619 Itineribus
1812 1591 1983 1619 aeternitatis·
2004 1598 2059 1617 non
2088 1598 2146 1618 esse
2172 1591 2198 1618 S.
2217 1592 2351 1618 Bonaven-

1387 1649 1474 1678 turae,
1495 1646 1529 1672 ita
1547 1646 1626 1672 etiam
1646 1652 1695 1672 nos
1714 1645 1897 1671 concludimus
1915 1648 2037 1678 respectu
2065 1645 2151 1671 dictae
2170 1645 2298 1678 postillae.
2317 1659 2352 1665 —

1388 1701 1437 1726 Pro
1455 1699 1655 1727 confirmatione
1672 1698 1858 1730 adiungimus,
1876 1698 1949 1732 quod
1968 1698 1995 1724 in
2014 1698 2066 1724 flne
2084 1698 2152 1724 illius
2171 1698 2270 1725 codicis
2288 1699 2353 1725 dici-

1386 1757 1446 1780 tur:
1471 1763 1483 1777 ι
1495 1754 1532 1780 Ex
1545 1752 1673 1785 tripartita
1686 1753 1777 1778 Glossa
1797 1752 1883 1778 fratris
1902 1752 2089 1778 Bonaventure
2107 1754 2236 1787 eoecerpta
2249 1762 2274 1786 ι,
2297 1760 2351 1786 quo

1386 1807 1548 1838 insinuatur,
1567 1805 1736 1840 tripartitam
1755 1805 1827 1832 hanc
1846 1804 1972 1832 Glossam
1990 1805 2125 1832 diversam
2144 1812 2203 1832 esse
2221 1813 2236 1832 a
2248 1806 2351 1839 postilla

1387 1861 1456 1887 illius
1474 1859 1581 1887 codicis.

1459 1914 1551 1940 Utrum
1571 1915 1660 1939 autem
1680 1913 1707 1938 S.
1724 1913 1909 1938 Bonaventura
1928 1911 2063 1944 scripserit
2086 1913 2165 1938 talem
2184 1911 2353 1947 tripartitam

1388 1966 1535 2000 Gtossam;
1555 1966 1632 1998 item,
1651 1968 1740 1991 utrum
1760 1971 1809 1997 per
1827 1963 1886 1990 eam
1906 1965 2016 1991 sortasse
2034 1965 2195 1997 intelligatur
2207 1965 2298 1998 spuria
2311 1966 2352 1992 illa

1387 2020 1504 2053 postilla,
1523 2019 1600 2046 cuius
1619 2025 1700 2045 verus
1718 2021 1810 2044 auctor
1829 2020 1868 2044 est
1880 2018 1979 2044 Petrus
1997 2018 2100 2044 loannis
2119 2017 2189 2044 Olivi
2211 2019 2268 2052 (cfr.
2288 2022 2352 2045 tom.

1387 2074 1432 2100 Vl.
1449 2073 1597 2106 prolegom.
1612 2079 1635 2099 c.
1650 2073 1675 2099 l.
1688 2072 1704 2105 S
1715 2072 1753 2106 7.)
1762 2091 1769 2104 ‚
1787 2072 1830 2098 vel
1843 2071 1893 2098 alia
1906 2074 1932 2097 et
1944 2072 2051 2098 diversa
2065 2072 2130 2098 inter
2144 2074 2180 2098 tot
2192 2079 2351 2106 anonymas;
2379 2108 2381 2110 ι

1387 2128 1511 2161 denique,
1525 2130 1614 2153 utrum
1627 2127 1811 2153 Bonaventura
1824 2126 1916 2152 saltem
1929 2128 2054 2152 oretenus
2066 2126 2203 2158 discipulis
2216 2127 2353 2154 tradiderit

1388 2182 1490 2213 glossas
1501 2180 1528 2206 in
1541 2180 1679 2207 Canticum
1693 2179 1861 2207 Canticorum
1875 2182 1900 2205 et
1911 2179 1977 2205 alios
1988 2179 2078 2211 plures
2091 2178 2173 2206 libros
2184 2180 2350 2214 Scripturae,

1387 2241 1458 2268 quae
1469 2233 1504 2260 ab
1524 2234 1588 2266 ipsis
1606 2236 1731 2266 exceptae
1749 2235 1775 2259 et
1788 2235 1879 2265 postea
1898 2232 2052 2258 immutatae
2064 2232 2128 2265 sint;
2148 2234 2212 2259 haec
2231 2233 2352 2260 determi-

1388 2295 1451 2314 nare
1470 2288 1578 2314 minime
1596 2294 1748 2320 possumus.
1767 2286 1877 2313 lndiculi
1895 2286 2005 2320 quidem
2025 2286 2175 2319 complures
2188 2286 2215 2312 in
2228 2287 2352 2320 prolego-

1388 2341 1472 2368 menis
1483 2340 1549 2367 tom.
1562 2341 1604 2366 Vl.
1619 2340 1745 2373 publicati
1763 2340 1812 2372 ipsi
1832 2338 1977 2366 attribuunt
1995 2339 2125 2372 postillam
2139 2346 2191 2365 non
2205 2342 2305 2366 tantum
2326 2340 2351 2366 in

1387 2394 1523 2421 Canticum
1542 2393 1710 2420 Canticorum
1719 2414 1725 2426 ,
1738 2393 1785 2419 sed
1797 2393 1878 2419 etiam
1895 2393 1923 2418 in
1935 2392 2000 2418 alios
2012 2398 2102 2418 sacros
2121 2391 2216 2423 libros,
2236 2398 2352 2425 quorum

1387 2448 1487 2474 nullum
1506 2446 1717 2479 manuscriptum
1736 2453 1798 2472 cum
1816 2446 1923 2472 nomine
1938 2446 2140 2472 Bonaventurae
2159 2447 2298 2479 hucusque
2318 2446 2353 2472 in-

1388 2503 1497 2527 ventum
1515 2503 1569 2532 est,
1587 2507 1636 2526 nec
1655 2500 1722 2526 inter
1749 2503 1787 2526 tot
1814 2490 1930 2532 postillas
1957 2506 2105 2532 anonymas
2132 2498 2351 2526 bibliothecarum

1388 2556 1527 2587 hucusque
1545 2554 1632 2587 aliqua
1657 2556 1761 2586 reperta
1787 2556 1838 2586 est,
1864 2559 1933 2586 quae
1957 2553 2049 2579 saltem
2074 2552 2246 2585 probabiliter
2269 2553 2352 2585 possit

1388 2608 1462 2634 libris
1480 2608 1599 2634 eiusdem
1621 2610 1693 2634 certe
1711 2607 1834 2640 genuinis
1852 2606 2032 2633 adnumerari.

493 2770 555 2803 Hoc
579 2770 676 2812 igitur
698 2769 832 2812 septimo
853 2772 940 2802 tomo
961 2769 1106 2802 absoluta
1129 2771 1177 2802 est
1200 2768 1338 2802 secunda
1359 2777 1493 2811 operum
1517 2767 1865 2801 Bonaventurianorum
1889 2767 2006 2807 classis,
2035 2766 2153 2800 scilicet
2175 2774 2271 2808 opera
2294 2774 2350 2799 ex-

360 2828 488 2871 egetica.
517 2828 670 2861 Volumen
698 2831 845 2861 octavum
869 2827 1033 2861 exhibebit
1055 2826 1193 2869 pretiosa
1217 2827 1371 2869 opuscula
1393 2826 1525 2869 mystica
1555 2829 1587 2859 et
1610 2825 1744 2859 ascetica
1771 2828 1867 2868 atque
1898 2834 1934 2858 ea
1957 2833 2039 2867 quae
2062 2824 2100 2857 ad
2135 2826 2253 2857 statum
2276 2823 2351 2857 reli-

362 2886 485 2928 giosum
509 2890 541 2919 et
563 2886 713 2919 Ordinem
736 2885 893 2918 Minorum
916 2888 1066 2928 spectant.
1091 2885 1161 2918 Duo
1184 2885 1284 2918 altera
1318 2888 1349 2918 et
1372 2884 1484 2918 ultima
1507 2884 1667 2917 volumina
1701 2883 1900 2917 exhibebunt
1933 2882 2051 2916 multos
2074 2882 2172 2916 sancti
2207 2881 2350 2915 Doctoris

362 2953 534 2978 sermones.
