2476 3921
149 667 180 688 De
195 666 269 692 pslmo.

130 1405 160 1427 De
172 1404 271 1429 secundo.

191 2514 279 2536 Divisio.

293 254 302 283 l
312 252 352 283 88

289 336 543 380 approbationem
568 333 723 376 diligentis
739 333 942 375 subiungitur
967 332 1017 365 hic
1041 333 1133 365 tertio
1158 332 1243 364 beni-

287 389 451 432 gnissima
482 386 643 419 absolutio
674 385 865 427 confitentis.
897 385 987 418 Circa
1018 394 1114 427 quam
1142 385 1244 427 primo

290 441 499 474 introducitur
523 439 655 472 divinae
678 438 849 481 laryitatis
877 439 1000 470 donum
1028 438 1244 480 plenarium;

289 494 439 532 secundo,
460 492 628 525 humanae
651 492 831 534 impietatis
847 491 1012 524 iudicium
1032 501 1244 533 perversum,-

290 548 395 585 tertio‚
420 547 550 578 dcvotac
574 545 782 577 credulitatis
805 546 960 577 meritum
982 543 1175 587 perfectum.

378 600 479 631 Primo
503 598 599 640 igitur
615 601 769 640 quantum
792 597 831 630 ad
848 597 982 629 divinae
1005 596 1173 639 laryitatis
1189 596 1246 628 do-

289 663 370 685 num
398 652 590 694 plenarium
625 651 762 683 dicitur:
802 650 891 683 Dixit
923 654 1033 682 autem
1065 650 1110 681 ad
1142 649 1244 681 illam.

289 707 352 738 Non
378 708 424 737 est
447 705 597 743 dubium,
622 704 697 746 quin
722 704 839 736 dixerit
862 703 1007 735 Christus
1033 702 1072 734 ad
1096 701 1246 744 peccatri-

289 768 373 792 cem:
400 758 624 791 Remittuntur
655 757 714 790 tibi
736 761 891 799 peccata,
923 766 984 789 non
1017 756 1118 789 solum
1143 755 1246 797 quoad

289 812 439 854 culpam,
463 811 517 844 sed
541 811 633 843 etiam
659 810 762 852 quoad
782 820 940 852 poenam,
965 809 1138 842 secundum
1162 809 1247 851 quod

290 865 413 907 petebat
444 864 642 896 Manasses¹:
672 875 687 891 (ι
706 863 777 895 Peto
802 871 915 904 rogans
945 865 993 901 te,
1018 862 1165 900 Domine,
1198 870 1247 894 re-

291 919 376 950 mitte
401 917 495 954 mihi,
520 916 644 949 remitte
669 915 764 953 mihi,
788 924 827 947 ne
851 915 944 948 simul
968 915 1080 956 perdas
1109 923 1158 947 me
1175 924 1247 947 cum

290 970 513 1012 iniquitatibus.
531 970 608 1002 meis
632 978 734 1011 neque
758 969 788 1000 in
813 972 976 1001 aeternum
1001 977 1144 1000 reserves
1168 968 1249 1000 mala

292 1033 359 1056 inea
373 1037 401 1055 ».
428 1024 510 1055 Hanc
534 1022 749 1055 remissionem
772 1021 917 1054 Christus
939 1021 1012 1054 fecit
1035 1030 1093 1054 sua
1116 1021 1247 1060 virtute;

290 1076 434 1109 Matthaei
452 1085 534 1107 nono
549 1088 555 1107 :
578 1089 593 1104 «
610 1075 648 1108 Ut
664 1075 785 1113 sciatis,
802 1075 877 1116 quia
892 1075 987 1107 Filius
1004 1075 1139 1107 hominis
1155 1075 1249 1107 habet

291 1133 474 1171 potestatem
498 1129 528 1161 in
546 1132 632 1162 terra
655 1128 828 1160 dimittendi
849 1131 1002 1170 peccata»
1024 1131 1098 1167 etc.;
1116 1128 1247 1161 Actuum

290 1183 427 1215 decimo:
458 1182 562 1214 «Huic
586 1190 694 1214 omnes
718 1181 890 1222 Prophetae
906 1181 1119 1214 testimonium
1143 1181 1249 1223 perhi-

291 1236 382 1273 bent,
407 1235 621 1267 remissionem
652 1238 852 1276 peccatorum
877 1234 1018 1276 accipere
1049 1243 1105 1276 per
1136 1244 1248 1268 nomen

292 1289 359 1321 eius
383 1297 506 1326 omnes,
531 1288 583 1330 qui
610 1288 743 1320 credunt
766 1288 797 1320 in
822 1296 894 1320 eum
913 1301 943 1319 n.

380 1342 432 1374 83.
458 1341 558 1382 (Vers.
577 1341 654 1375 ΔΕΜ.
677 1341 819 1373 Secundo
842 1344 996 1383 quantum
1020 1341 1058 1373 ad
1083 1340 1251 1374 humanae

292 1395 470 1437 impietatis
494 1394 658 1427 iudicium
678 1404 875 1436 perversum
899 1394 1063 1427 subditur:
1090 1395 1130 1427 Et
1145 1404 1251 1437 coepe-

292 1452 373 1480 runt
396 1448 455 1491 qui
476 1448 578 1480 simul
602 1447 848 1485 accumbebant,
873 1447 980 1480 dicere
1003 1447 1096 1480 intra
1118 1457 1167 1486 sc,
1192 1447 1250 1480 sci-

292 1502 364 1534 licet
387 1501 467 1533 male
491 1500 655 1533 iudicando
679 1504 710 1533 et
734 1501 838 1542 ipsum
861 1500 1076 1542 despiciendo:
1103 1501 1185 1541 Quis
1205 1505 1252 1533 est

294 1554 360 1594 liic,
385 1555 444 1598 qui
458 1554 557 1586 etiam
575 1558 713 1595 peccata
736 1553 898 1586 dimittit?
919 1553 1009 1595 qnasi
1032 1553 1152 1586 dicant:
1177 1563 1250 1586 cum

294 1608 333 1641 sit
357 1617 474 1650 parvus
505 1611 535 1640 et
559 1608 683 1645 nullus,
715 1607 872 1649 quomodo
902 1607 960 1640 sibi
992 1607 1137 1639 attribuit
1168 1607 1252 1649 quod

296 1664 396 1702 potest
419 1661 504 1693 solus
535 1660 640 1692 Deus?
664 1660 755 1692 iuxta
779 1659 856 1692 illud
887 1659 981 1692 Isaiae
1013 1659 1254 1701 quadragesimo

295 1713 426 1746 terti02:
457 1726 472 1741 «
490 1713 550 1754 Ego
574 1721 659 1750 sum,
677 1721 734 1754 ego
758 1722 828 1745 sum
848 1712 930 1754 ipse,
953 1712 1007 1754 qui
1027 1711 1115 1744 deleo
1139 1712 1253 1753 iniqui-

872 244 1065 277 COMMENT.
1091 244 1127 277 IN
1152 243 1390 276 EVANGELIUM
1414 243 1530 276 LUCAE
1555 243 1586 275 C.
1612 243 1685 275 Vlll.

1308 335 1387 365 tates
1411 335 1481 364 tuas
1512 336 1641 373 propter
1665 340 1714 364 me
1731 345 1761 363 ».
1796 332 1831 364 Et
1854 332 1898 364 sic
1922 332 2118 365 verificatum
2150 335 2197 365 est
2228 332 2264 364 il-

1309 385 1362 417 lud
1386 384 1588 417 Ecclesiastici
1606 384 1727 417 decimo
1743 385 1853 417 tertio:
1883 398 1899 413 «
1917 385 2038 427 Pauper
2062 385 2187 418 locutus
2202 389 2264 424 est,

1308 440 1339 470 et
1368 437 1493 470 dicunt:
1526 436 1602 478 Quis
1633 440 1680 469 est
1710 436 1762 469 hic
1786 440 1829 469 n?
1857 437 1906 470 Sic
1929 437 2022 470 etiam
2055 437 2086 469 in
2118 437 2266 470 cordibus

1309 491 1375 524 suis
1405 490 1458 532 qui
1491 490 1586 523 simul
1614 490 1844 523 manducabant
1874 491 1981 523 dolum
2005 490 2198 532 cogitabant,
2230 493 2267 523 ut

1309 544 1495 586 impleretur
1518 544 1595 576 illud
1618 544 1748 576 Psalmi:
1777 557 1792 572 α
1810 544 1839 576 Si
1864 544 1891 576 is
1913 544 1966 586 qui
1992 543 2101 577 oderat
2124 553 2190 583 me,
2213 553 2267 577 su-

1310 607 1366 639 per
1390 606 1440 629 me
1463 606 1577 639 magna
1601 597 1725 630 locutus
1740 597 1864 636 fuisset,
1884 597 2114 630 abscondissem
2138 606 2188 630 me
2203 596 2268 629 for-

1310 650 1389 682 sitan
1414 650 1453 681 ab
1476 658 1523 682 eo.
1541 650 1588 681 Tu
1611 659 1687 682 vero
1703 650 1798 682 homo
1821 650 1979 682 unanimis
1995 663 2011 678 2»
2032 652 2090 682 etc.
2115 649 2201 682 Unde
2217 649 2268 682 isti

1311 702 1391 734 male
1414 701 1579 734 iudicando
1599 701 1638 734 de
1662 702 1793 735 sanitate
1809 702 1893 735 illius
1918 702 2170 741 infirmabantur,
2187 702 2269 735 sicut

1310 755 1385 787 dicit
1409 754 1524 787 Beda³:
1552 755 1692 787 «Sanata
1714 758 1856 797 aegrota,
1880 755 1918 788 de
1934 755 2003 788 eius
2026 755 2127 788 salute
2143 755 2195 787 alii
2218 764 2269 788 ae-

1311 811 1436 850 grotant
1453 821 1482 839 ».
1509 808 1544 840 Et
1568 808 1611 840 sic
1632 808 1828 840 verificatum
1851 811 1899 841 est
1922 808 1999 840 illud
2015 807 2094 841 Osee
2118 808 2268 850 septimo:

1317 873 1333 889 «
1349 860 1426 892 Cum
1456 869 1567 893 sanare
1598 860 1708 893 vellem
1742 860 1851 899 lsrael,
1884 861 2022 893 revelata
2051 864 2099 894 est
2121 861 2270 903 iniquitas

1312 913 1458 955 Ephraim
1483 917 1514 946 et
1537 913 1655 945 malitia
1678 913 1850 952 Samariae,
1874 914 1949 955 quia
1972 914 2168 947 mendacium
2197 923 2270 956 ope-

1313 967 1371 999 rati
1397 970 1470 999 sunt
1486 980 1516 998 ».

1402 1020 1454 1051 84.
1491 1019 1592 1059 (Vers.
1626 1020 1702 1059 50).
1735 1020 1840 1052 Tertio
1875 1024 2029 1062 quantum
2064 1020 2103 1053 ad
2138 1021 2271 1053 devotae

1313 1072 1521 1105 credulitatis
1536 1072 1694 1104 meritum
1707 1071 1890 1114 perfectum
1908 1073 2073 1106 subditur:
2100 1074 2194 1106 Dixit
2208 1082 2272 1106 au-

1314 1130 1375 1158 tem
1393 1126 1439 1158 ad
1454 1125 1644 1158 mulierem:
1663 1126 1761 1158 Fidcs
1778 1131 1837 1158 tua
1854 1130 1882 1159 te
1896 1126 2028 1159 salvam
2043 1125 2131 1169 fecit,
2154 1127 2273 1160 scilicet

1313 1189 1332 1212 a
1356 1179 1504 1221 peccatis;
1529 1178 1626 1221 fides,
1650 1179 1797 1221 inquam„
1821 1179 1955 1218 Christi,
1979 1180 2018 1213 de
2041 1189 2104 1222 qua
2126 1180 2272 1213 Matthaei

1314 1233 1455 1275 prim0⁴:
1478 1245 1493 1261 «
1511 1233 1578 1274 Ipse
1598 1233 1720 1265 salvum
1740 1233 1831 1265 saciet
1850 1233 2001 1275 populum
2024 1242 2118 1266 suum
2134 1243 2153 1266 a
2168 1242 2273 1276 pecca-

1314 1287 1354 1320 tis
1376 1295 1487 1319 eorum
1505 1299 1540 1325 »;
1565 1291 1596 1319 et
1620 1286 1679 1319 hoc
1704 1295 1759 1328 per
1782 1286 1893 1325 fidem3
1917 1286 1956 1319 ad
1980 1287 2133 1320 Romanos
2161 1287 2271 1320 tertio:

1319 1353 1334 1368 a
1351 1340 1436 1372 Deus
1458 1339 1607 1372 iustificat
1629 1348 1701 1372 eum
1726 1340 1780 1382 qui
1805 1348 1846 1372 ex
1870 1339 1931 1372 tide
1954 1343 2002 1373 est
2024 1340 2093 1373 Iesu
2109 1341 2271 1373 Christi».

1314 1393 1350 1426 Et
1374 1393 1449 1435 quia
1472 1393 1591 1425 iustitia
1625 1392 1697 1426 facit
1721 1401 1827 1435 pacem
1860 1402 1933 1425 cum
1956 1393 2020 1426 Deo
2043 1396 2074 1426 et
2097 1402 2169 1426 cnm
2201 1403 2274 1426 con-

1314 1447 1461 1485 scientia,
1492 1446 1561 1479 ideo
1592 1446 1715 1479 subdit:
1747 1447 1833 1479 Vade
1864 1446 1901 1478 in
1920 1456 2023 1488 pace;
2054 1446 2092 1479 ad
2120 1447 2274 1480 Romanos

1315 1499 1468 1542 quinto⁵:
1499 1512 1514 1527 a
1531 1499 1689 1532 [ustificati
1707 1508 1783 1541 ergo
1806 1508 1847 1532 ex
1867 1499 1945 1536 fide,
1970 1508 2077 1541 pacem
2102 1500 2274 1533 habeamus

1315 1553 1354 1585 ad
1377 1553 1478 1585 Deum
1493 1565 1527 1591 »;
1552 1557 1584 1585 et
1607 1553 1701 1585 Isaiae
1724 1552 1985 1595 quinquagesimo
2005 1552 2153 1594 septimo:
2183 1566 2199 1582 α
2215 1553 2274 1586 Ve-

1316 1605 1381 1638 niat
1405 1614 1467 1647 pax
1485 1609 1516 1638 et
1532 1606 1708 1647 requiescat
1724 1606 1755 1638 in
1772 1606 1866 1638 cubili
1884 1615 1942 1638 sno
1955 1618 1985 1645 »ς
2003 1609 2039 1638 ut
2054 1606 2093 1639 de
2108 1606 2162 1639 illa
2177 1607 2275 1649 possit

1316 1659 1376 1691 dici
1395 1658 1472 1691 illud
1488 1659 1655 1692 Malachiae
1672 1659 1826 1692 secundo:
1849 1672 1865 1688 ε(
1881 1659 1913 1692 ln
1931 1668 2006 1701 pace
2021 1663 2053 1692 et
2068 1659 2099 1692 in
2116 1660 2274 1702 aequitate

1318 1711 1493 1744 ambulavit
1515 1721 1640 1744 mecum
1666 1716 1697 1744 et
1720 1713 1836 1745 multos
1859 1713 1973 1745 avertit
1999 1712 2039 1745 ab
2062 1712 2226 1755 iniquitate
2241 1726 2272 1745 ».

2289 1028 2320 1050 De
2336 1029 2404 1052 tenio.

1147 1872 1331 1905 CAPrrULUM
1356 1872 1429 1904 VIII.

309 2025 339 2051 In
358 2024 469 2051 secunda
486 2024 561 2059 parto
579 2023 696 2059 Apostoli
715 2024 885 2051 instruuntur
903 2023 1052 2059 specialiter
1071 2023 1099 2050 in
1117 2023 1236 2051 deotrina

606 2068 718 2104 mystica
738 2068 942 2103 Scriptus-arum.

390 2186 417 2217 1.
443 2185 482 2217 Et
497 2183 626 2226 factum
643 2188 690 2216 est
705 2185 854 2227 deinceps
869 2188 927 2218 etc.
945 2185 1047 2226 Supra
1059 2184 1071 2204 ⁶
1089 2184 1189 2226 posita
1208 2186 1256 2217 est

299 2237 464 2270 instructio
483 2237 660 2270 communis
674 2237 900 2279 discipulorum
925 2238 957 2270 in
980 2237 1123 2270 doctrina
1144 2246 1254 2270 eorum

299 2299 387 2333 quae.
404 2290 612 2332 requiruntur
629 2290 667 2322 ad
690 2291 823 2323 salutem
840 2290 990 2323 omnium.
1012 2290 1045 2323 ln
1069 2294 1157 2332 parte
1181 2299 1257 2323 vero

301 2344 359 2376 ista
375 2343 520 2376 subditur
537 2343 702 2376 instructio
724 2343 878 2385 specialis
893 2343 930 2376 in
945 2343 1100 2376 doctrina
1115 2344 1257 2387 mystica

302 2393 568 2439 Scripturarum.
586 2397 623 2428 Et
646 2396 794 2439 quoniam
812 2397 888 2429 haec
903 2396 1046 2429 doctrina
1062 2396 1165 2429 turbis
1184 2406 1257 2438 pro-

302 2451 428 2492 ponitur
453 2450 483 2482 in
508 2450 664 2492 parabolis
686 2453 717 2482 et
740 2450 882 2491 aperitur
905 2449 1067 2491 discipulis
1089 2452 1121 2482 et
1144 2449 1258 2482 confir-

303 2506 406 2535 matur
430 2502 608 2541 miraculis,
632 2502 701 2535 ideo
725 2511 798 2544 pars
821 2502 881 2535 ista
904 2501 999 2535 habet
1021 2505 1104 2534 tres:
1129 2501 1160 2534 in
1184 2510 1259 2543 qua—

302 2564 375 2588 rum
399 2555 500 2597 prima
519 2555 646 2597 ponitur
666 2555 839 2588 instructio
859 2554 1059 2597 parabolica
1075 2555 1107 2587 in
1127 2554 1258 2588 occultis

304 2608 478 2650 mysteriis;
511 2606 647 2640 secundo
678 2617 771 2647 vero,
803 2607 999 2651 informatio
1022 2608 1203 2650 apostolica
1226 2607 1257 2640 in

303 2661 420 2704 apertis
442 2661 592 2703 eloquiis,
624 2661 710 2693 ibi⁷:
737 2662 792 2693 Est
823 2665 933 2693 autem
965 2660 1044 2694 haec
1071 2660 1258 2703 parabola,-

306 2714 397 2747 tertio
420 2723 513 2753 vero,
537 2714 605 2747 eius
628 2713 838 2756 confirmatio
861 2713 1051 2747 authentica
1075 2714 1106 2747 in
1130 2714 1259 2747 manife-

305 2767 361 2800 stis
384 2767 561 2805 miraculis,
585 2766 644 2799 ibi:
670 2767 811 2799 Factum
836 2770 880 2798 cst
905 2770 1015 2799 autem
1038 2767 1074 2799 in
1097 2776 1168 2800 una
1192 2767 1258 2800 die-

307 2829 384 2851 rum
407 2823 465 2852 etc.

378 3005 386 3019 ¹
414 3007 439 3031 ln
464 3013 511 3031 sua
540 3006 656 3031 orat10ne
682 3006 762 3038 (Orat.
791 3007 950 3039 Manassae);
979 3007 1057 3033 codd.
1084 3009 1197 3040 allegant
1224 3009 1258 3035 Il.

308 3049 426 3084 Paralip.
446 3049 550 3077 ultimo.
571 3065 604 3069 —
623 3051 679 3076 Duo
699 3058 772 3084 seqq.
797 3052 845 3077 loci
864 3055 925 3077 sunt
948 3052 1035 3078 Matth.
1054 3052 1083 3085 9,
1107 3053 1133 3083 6.
1152 3056 1178 3078 et
1202 3053 1258 3079 Act.

310 3095 354 3125 10,
375 3095 417 3120 43.

378 3137 388 3152 ²
410 3139 483 3164 Vers.
506 3139 552 3170 25,
572 3143 631 3171 post
649 3147 729 3172 quem
750 3140 823 3166 Eccli.
846 3141 893 3173 ⁴3,
912 3141 954 3166 29.
974 3144 1000 3166 et
1018 3142 1059 3167 ΡΒ.
1076 3141 1122 3174 54,
1143 3142 1184 3167 43.
1205 3148 1260 3175 seq.

378 3181 389 3196 ¹
408 3182 476 3208 Libr.
502 3184 539 3208 ΙΙΙ.
566 3183 594 3208 in
622 3184 683 3209 Luc.
708 3184 737 3216 7,
767 3183 808 3209 47.
834 3184 921 3210 Verba
944 3185 1087 3217 allegantur
1112 3186 1259 3212 secundum

308 3226 425 3251 Glossam
445 3225 614 3252 ordinarium
635 3226 658 3251 in
672 3228 734 3252 Luc.
750 3226 778 3257 7,
796 3226 836 3252 49.
851 3241 885 3247 —
899 3228 1021 3260 Sequitur
1040 3228 1106 3254 Osee
1118 3228 1143 3261 7,
1165 3229 1189 3254 l.
1203 3229 1262 3254 Vnt.

309 3269 429 3301 adiungit
448 3277 471 3295 v.
496 3271 534 3295 ¹3.

379 3312 390 3328 ⁴
412 3314 483 3339 Vers.
510 3315 552 3339 2⁴.
572 3329 605 3333 —-
626 3314 743 3340 Subinde
765 3315 890 3347 allegatur
915 3317 991 3342 Rom.
1010 3317 1041 3347 3,
1064 3318 1106 3342 26.
1126 3331 1161 3336 —
1180 3318 1262 3349 Supe-

310 3358 364 3383 rius
383 3361 442 3389 post
466 3358 578 3390 scilicet,
597 3360 670 3391 quod
690 3360 711 3384 Η
736 3360 843 3392 omittit,
868 3361 1024 3387 retinuimus
1042 3368 1103 3387 cuin
1122 3362 1181 3396 Vnt.
1199 3365 1226 3387 et
1244 3362 1261 3387 F

310 3409 327 3427 a
343 3402 474 3435 peccatis,
493 3403 565 3435 quod
585 3403 627 3428 alii
647 3404 724 3429 codd.
743 3404 872 3430 omittunt.

1365 2022 1450 2050 Primo
1467 2022 1573 2058 ponitur
1591 2022 1732 2051 instructio
1750 2024 1898 2059 parabolica
1916 2025 1944 2053 in
1963 2024 2072 2052 occultis
2090 2012 2225 2061 mysteriis

1733 2076 1778 2103 por
1796 2069 1860 2096 trin.

1408 2184 1497 2216 Circa
1512 2184 1701 2217 doctrinam
1712 2184 1956 2226 parabolicam,
1972 2196 2054 2229 quae
2069 2186 2278 2220 communiter

1319 2238 1405 2270 omni
1429 2237 1535 2280 generi
1561 2237 1724 2270 hominum
1748 2238 1936 2279 proponitur
1959 2240 2113 2273 audienda
2140 2243 2171 2273 et
2200 2240 2278 2282 Apo-

1320 2291 1408 2324 stolis
1438 2290 1652 2333 intelligenda,
1684 2290 1931 2325 introducuntur
1962 2293 2032 2326 tria.
2061 2293 2199 2327 Primum
2230 2296 2279 2326 est

1321 2345 1523 2378 coadunatio
1545 2344 1771 2377 multitudinis
1801 2344 1840 2376 ad
1862 2345 2071 2386 audiendum
2104 2346 2278 2380 secundum

1320 2401 1368 2430 est
1388 2397 1574 2439 propositio
1603 2396 1834 2430 similitudinis
1856 2397 1896 2430 ad
1926 2395 2216 2438 manuducendum‚
2247 2402 2279 2433 et

1322 2451 1382 2483 hoc
1404 2450 1447 2483 ibi
1460 2450 1491 2482 ⁸:
1517 2450 1608 2483 Exiit
1630 2450 1690 2494 qui
1710 2450 1853 2483 seminat
1875 2454 1952 2489 etc.;
1970 2451 2099 2485 tertium
2122 2456 2169 2486 est
2192 2452 2279 2485 exei-

1322 2503 1404 2535 tatio
1429 2503 1663 2536 sollicitudinis
1686 2503 1725 2536 ad
1741 2503 1994 2545 intelligendum,
2018 2505 2103 2546 quod
2129 2505 2280 2539 describi-

1323 2559 1376 2588 tur
1399 2556 1458 2588 ibi:
1484 2556 1573 2589 Haec
1597 2557 1723 2595 dicens,
1747 2556 1916 2590 clamabat
1937 2560 1996 2589 etc.

1411 2608 1571 2649 Quantum
1590 2609 1629 2642 ad
1645 2610 1784 2651 primum
1808 2610 1994 2649 notandum,
2011 2610 2095 2652 quod
2114 2610 2153 2643 ad
2168 2610 2281 2644 doctri·
2289 2621 2441 2650 prima-1020

1322 2670 1394 2694 nam
1419 2661 1534 2694 Christi
1570 2665 1638 2695 erat
1660 2672 1844 2696 concursus
1867 2663 2091 2696 multitudinis
2113 2672 2155 2696 ex
2186 2673 2281 2697 causa
2307 2648 2441 2697 ffl'ffi‘iff

1323 2713 1540 2756 quadruplici,
1564 2714 1736 2747 secundum
1762 2715 1846 2758 quod
1881 2724 1922 2749 ex
1947 2715 2052 2749 littera
2074 2719 2177 2758 potest
2206 2726 2280 2750 con-
2307 2702 2442 2756 ‘ffldrui'

1322 2767 1395 2800 iici:
1427 2767 1502 2809 quia
1535 2767 1661 2808 quidam
1699 2769 1929 2802 comitabantur
1963 2769 2123 2802 Christum
2160 2770 2280 2804 ratione
2335 2762 2419 2779 ΝΜ·

1322 2820 1466 2862 suscepti
1487 2819 1602 2863 officii,
1625 2824 1662 2853 ut
1684 2822 1833 2863 Apostoli3
1854 2823 1995 2865 quidam,
2021 2823 2140 2856 ratione
2157 2824 2281 2867 accepti

1395 3008 1406 3023 ⁶
1427 3011 1499 3036 Vers.
1527 3011 1551 3035 4.
1570 3023 1605 3029 —
1627 3010 1682 3035 Duo
1710 3016 1784 3042 seqq.
1811 3010 1860 3036 loci
1885 3014 1946 3036 sunt
1971 3010 2026 3036 lsai.
2051 3010 2100 3041 57,
2127 3012 2152 3036 2.
2178 3014 2204 3036 et
2228 3011 2280 3036 Ma-

1324 3054 1391 3080 lacn.
1409 3055 1440 3085 2,
1460 3055 1484 3079 6.

1395 3097 1406 3112 ⁶
1425 3099 1476 3136 Clr.
1489 3106 1511 3124 c.
1526 3099 1549 3123 6.
1564 3106 1590 3124 n.
1603 3098 1645 3123 24.
1666 3112 1697 3116 —
1718 3098 1825 3124 Interius
1844 3103 1902 3130 post
1914 3098 1943 3125 in
1956 3098 2080 3125 doctrina
2098 3102 2188 3125 contra
2201 3099 2280 3125 codd.

1324 3145 1349 3167 et
1370 3143 1425 3168 vat.
1445 3143 1465 3168 Α
1485 3143 1580 3168 omittit
1597 3142 1710 3176 mystica
1731 3142 1764 3174 (c.
1784 3143 1808 3168 6.
1828 3150 1854 3168 n.
1873 3142 1915 3168 24.
1935 3142 2077 3176 mysterii).

1395 3184 1405 3199 '¹
1426 3188 1499 3213 Vers.
1521 3188 1566 3218 ι1ν1;
1587 3187 1690 3213 tertium
1711 3186 1820 3212 nabetur
1836 3194 1862 3212 v.
1882 3188 1925 3212 22.

1395 3229 1406 3244 ⁸
1426 3231 1499 3256 Vers.
1519 3230 1549 3263 5;
1569 3230 1673 3256 tertium
1693 3230 1848 3262 proponitur
1867 3238 1891 3256 v.
1913 3231 1937 3256 8.
1950 3244 1985 3250 —-
2011 3231 2068 3256 vat.
2087 3231 2161 3262 legit:
2181 3230 2281 3258 Secun-

1325 3273 1391 3300 dum
1404 3276 1442 3301 est
1457 3274 1599 3308 proportio
1611 3273 1795 3301 similitudinis
1808 3274 1845 3300 ad
1860 3274 2105 3308 niardfestandum‘,
2119 3283 2189 3308 quae
2201 3276 2279 3301 etiam

1325 3318 1438 3344 subinde
1458 3319 1517 3345 voci
1535 3318 1722 3345 sollicitudinis
1743 3318 1777 3352 [C
1791 3319 1811 3343 H
1831 3318 2021 3353 multitudinis]
2038 3319 2159 3351 praefigit
2177 3321 2280 3353 aposto-

1326 3362 1400 3389 licae.
