<?xml version="1.0" encoding="UTF-8"?>
<!DOCTYPE html PUBLIC "-//W3C//DTD XHTML 1.0 Transitional//EN"
    "http://www.w3.org/TR/xhtml1/DTD/xhtml1-transitional.dtd">
<html xmlns="http://www.w3.org/1999/xhtml" xml:lang="en" lang="en">
 <head>
  <title>
</title>
<meta http-equiv="Content-Type" content="text/html;charset=utf-8" />
  <meta name='ocr-system' content='tesseract 3.04.00' />
  <meta name='ocr-capabilities' content='ocr_page ocr_carea ocr_par ocr_line ocrx_word'/>
</head>
<body>
  <div class='ocr_page' id='page_1' title='image "./doctorisseraphic07bona/doctorisseraphic07bona_0490.png"; bbox 0 0 2476 3921; ppageno 0'>
   <div class='ocr_carea' id='block_1_1' title="bbox 172 634 301 688">
    <p class='ocr_par' dir='ltr' id='par_1_1' title="bbox 172 634 301 688">
     <span class='ocr_line' id='line_1_1' title="bbox 172 634 301 655; baseline -0.008 0"><span class='ocrx_word' id='word_1_1' title='bbox 172 634 301 655; x_wconf 70' lang='lat' dir='ltr'>Tenacitaiis</span> 
     </span>
     <span class='ocr_line' id='line_1_2' title="bbox 174 661 300 688; baseline -0.008 -6"><span class='ocrx_word' id='word_1_2' title='bbox 174 661 300 688; x_wconf 79' lang='lat' dir='ltr'>periculum.</span> 
     </span>
    </p>
   </div>
   <div class='ocr_carea' id='block_1_2' title="bbox 205 1161 301 1182">
    <p class='ocr_par' dir='ltr' id='par_1_2' title="bbox 205 1161 301 1182">
     <span class='ocr_line' id='line_1_3' title="bbox 205 1161 301 1182; baseline 0 0"><span class='ocrx_word' id='word_1_3' title='bbox 205 1161 267 1182; x_wconf 81' lang='lat' dir='ltr'>Ratio</span> <span class='ocrx_word' id='word_1_4' title='bbox 281 1161 301 1182; x_wconf 77' lang='lat'>1.</span> 
     </span>
    </p>
   </div>
   <div class='ocr_carea' id='block_1_3' title="bbox 204 1319 301 1341">
    <p class='ocr_par' dir='ltr' id='par_1_3' title="bbox 204 1319 301 1341">
     <span class='ocr_line' id='line_1_4' title="bbox 204 1319 301 1341; baseline -0.01 -1"><span class='ocrx_word' id='word_1_5' title='bbox 204 1319 266 1341; x_wconf 76' lang='lat' dir='ltr'>natio</span> <span class='ocrx_word' id='word_1_6' title='bbox 280 1319 301 1340; x_wconf 72' lang='grc' dir='ltr'>Ξ.</span> 
     </span>
    </p>
   </div>
   <div class='ocr_carea' id='block_1_4' title="bbox 203 1583 300 1605">
    <p class='ocr_par' dir='ltr' id='par_1_4' title="bbox 203 1583 300 1605">
     <span class='ocr_line' id='line_1_5' title="bbox 203 1583 300 1605; baseline -0.01 0"><span class='ocrx_word' id='word_1_7' title='bbox 203 1583 266 1605; x_wconf 77' lang='lat' dir='ltr'>Ratio</span> <span class='ocrx_word' id='word_1_8' title='bbox 280 1583 300 1604; x_wconf 80' lang='lat'>3.</span> 
     </span>
    </p>
   </div>
   <div class='ocr_carea' id='block_1_5' title="bbox 170 2270 300 2292">
    <p class='ocr_par' dir='ltr' id='par_1_5' title="bbox 170 2270 300 2292">
     <span class='ocr_line' id='line_1_6' title="bbox 170 2270 300 2292; baseline -0.008 0"><span class='ocrx_word' id='word_1_9' title='bbox 170 2270 186 2292; x_wconf 75' lang='lat' dir='ltr'>N</span> <span class='ocrx_word' id='word_1_10' title='bbox 191 2270 300 2292; x_wconf 85' lang='lat' dir='ltr'>otandum.</span> 
     </span>
    </p>
   </div>
   <div class='ocr_carea' id='block_1_6' title="bbox 319 273 384 306">
    <p class='ocr_par' dir='ltr' id='par_1_6' title="bbox 319 273 384 306">
     <span class='ocr_line' id='line_1_7' title="bbox 319 273 384 306; baseline -0.015 0"><span class='ocrx_word' id='word_1_11' title='bbox 319 273 384 306; x_wconf 74' lang='lat'>464</span> 
     </span>
    </p>
   </div>
   <div class='ocr_carea' id='block_1_7' title="bbox 319 357 1277 880">
    <p class='ocr_par' dir='ltr' id='par_1_7' title="bbox 319 357 1276 554">
     <span class='ocr_line' id='line_1_8' title="bbox 319 357 1276 403; baseline -0.005 -9"><span class='ocrx_word' id='word_1_12' title='bbox 319 361 392 394; x_wconf 85' lang='lat' dir='ltr'>iusti</span> <span class='ocrx_word' id='word_1_13' title='bbox 416 364 447 394; x_wconf 92' lang='lat' dir='ltr'>et</span> <span class='ocrx_word' id='word_1_14' title='bbox 470 360 599 403; x_wconf 78' lang='lat' dir='ltr'>perfecti</span> <span class='ocrx_word' id='word_1_15' title='bbox 628 359 813 398; x_wconf 80' lang='lat' dir='ltr'><strong>Christiani,</strong></span> <span class='ocrx_word' id='word_1_16' title='bbox 837 358 876 391; x_wconf 86' lang='lat' dir='ltr'>ad</span> <span class='ocrx_word' id='word_1_17' title='bbox 907 367 987 401; x_wconf 92' lang='lat' dir='ltr'>quos</span> <span class='ocrx_word' id='word_1_18' title='bbox 1017 357 1133 390; x_wconf 79' lang='lat' dir='ltr'>dicitur</span> <span class='ocrx_word' id='word_1_19' title='bbox 1156 357 1195 389; x_wconf 90' lang='lat' dir='ltr'>ad</span> <span class='ocrx_word' id='word_1_20' title='bbox 1218 357 1276 389; x_wconf 89' lang='lat' dir='ltr'>He-</span> 
     </span>
     <span class='ocr_line' id='line_1_9' title="bbox 319 412 1275 455; baseline -0.006 -7"><span class='ocrx_word' id='word_1_21' title='bbox 319 415 430 448; x_wconf 87' lang='lat' dir='ltr'>braeos</span> <span class='ocrx_word' id='word_1_22' title='bbox 453 415 572 447; x_wconf 89' lang='lat' dir='ltr'>decimo</span> <span class='ocrx_word' id='word_1_23' title='bbox 585 416 615 446; x_wconf 88' lang='lat'>¹:</span> <span class='ocrx_word' id='word_1_24' title='bbox 645 426 660 442; x_wconf 72' lang='grc' dir='ltr'>«ι</span> <span class='ocrx_word' id='word_1_25' title='bbox 679 413 811 455; x_wconf 83' lang='lat' dir='ltr'>Rapinas</span> <span class='ocrx_word' id='word_1_26' title='bbox 834 412 988 445; x_wconf 87' lang='lat' dir='ltr'>bonorum</span> <span class='ocrx_word' id='word_1_27' title='bbox 1006 414 1185 444; x_wconf 87' lang='lat' dir='ltr'>vestrorum</span> <span class='ocrx_word' id='word_1_28' title='bbox 1203 419 1275 443; x_wconf 91' lang='lat' dir='ltr'>cum</span> 
     </span>
     <span class='ocr_line' id='line_1_10' title="bbox 320 464 1276 510; baseline -0.005 -9"><span class='ocrx_word' id='word_1_29' title='bbox 320 468 433 510; x_wconf 85' lang='lat' dir='ltr'>gaudio</span> <span class='ocrx_word' id='word_1_30' title='bbox 456 467 646 509; x_wconf 80' lang='lat' dir='ltr'>suscepistis,</span> <span class='ocrx_word' id='word_1_31' title='bbox 667 469 898 508; x_wconf 79' lang='lat' dir='ltr'>cognoscentes,</span> <span class='ocrx_word' id='word_1_32' title='bbox 914 474 970 498; x_wconf 91' lang='lat' dir='ltr'>vos</span> <span class='ocrx_word' id='word_1_33' title='bbox 986 464 1147 498; x_wconf 91' lang='lat' dir='ltr'>meliorem</span> <span class='ocrx_word' id='word_1_34' title='bbox 1164 467 1195 497; x_wconf 90' lang='lat' dir='ltr'>et</span> <span class='ocrx_word' id='word_1_35' title='bbox 1211 472 1276 496; x_wconf 88' lang='lat' dir='ltr'>ma-</span> 
     </span>
     <span class='ocr_line' id='line_1_11' title="bbox 321 519 863 554; baseline -0.006 0"><span class='ocrx_word' id='word_1_36' title='bbox 321 524 444 554; x_wconf 85' lang='lat' dir='ltr'>nentem</span> <span class='ocrx_word' id='word_1_37' title='bbox 470 520 586 553; x_wconf 86' lang='lat' dir='ltr'>habere</span> <span class='ocrx_word' id='word_1_38' title='bbox 609 519 816 552; x_wconf 75' lang='lat' dir='ltr'>substantiam</span> <span class='ocrx_word' id='word_1_39' title='bbox 834 532 863 551; x_wconf 80' lang='grc'>».</span> 
     </span>
    </p>

    <p class='ocr_par' dir='ltr' id='par_1_8' title="bbox 320 569 1277 880">
     <span class='ocr_line' id='line_1_12' title="bbox 388 569 1277 615; baseline -0.006 -9"><span class='ocrx_word' id='word_1_40' title='bbox 388 573 463 606; x_wconf 16' lang='lat'>⁷43.</span> <span class='ocrx_word' id='word_1_41' title='bbox 488 574 589 615; x_wconf 87' lang='lat' dir='ltr'>(Vers.</span> <span class='ocrx_word' id='word_1_42' title='bbox 613 572 691 613; x_wconf 59' lang='lat'>24).</span> <span class='ocrx_word' id='word_1_43' title='bbox 716 572 858 605; x_wconf 90' lang='lat' dir='ltr'>Secundo</span> <span class='ocrx_word' id='word_1_44' title='bbox 881 574 1034 614; x_wconf 90' lang='lat' dir='ltr'>quantum</span> <span class='ocrx_word' id='word_1_45' title='bbox 1052 570 1090 603; x_wconf 89' lang='lat' dir='ltr'>ad</span> <span class='ocrx_word' id='word_1_46' title='bbox 1107 569 1277 602; x_wconf 75' lang='lat' dir='ltr'>humanae</span> 
     </span>
     <span class='ocr_line' id='line_1_13' title="bbox 321 622 1275 668; baseline -0.005 -9"><span class='ocrx_word' id='word_1_47' title='bbox 321 625 506 660; x_wconf 72' lang='lat' dir='ltr'>tenacitatis</span> <span class='ocrx_word' id='word_1_48' title='bbox 526 625 715 668; x_wconf 79' lang='lat' dir='ltr'>periculum</span> <span class='ocrx_word' id='word_1_49' title='bbox 731 624 896 658; x_wconf 85' lang='lat' dir='ltr'>subditur:</span> <span class='ocrx_word' id='word_1_50' title='bbox 921 623 1037 656; x_wconf 78' lang='lat' dir='ltr'>Videns</span> <span class='ocrx_word' id='word_1_51' title='bbox 1054 627 1164 656; x_wconf 86' lang='lat' dir='ltr'>autem</span> <span class='ocrx_word' id='word_1_52' title='bbox 1181 622 1275 655; x_wconf 89' lang='lat' dir='ltr'>illum</span> 
     </span>
     <span class='ocr_line' id='line_1_14' title="bbox 320 675 1276 721; baseline -0.005 -9"><span class='ocrx_word' id='word_1_53' title='bbox 320 680 413 712; x_wconf 78' lang='lat' dir='ltr'>Iesus</span> <span class='ocrx_word' id='word_1_54' title='bbox 437 679 563 712; x_wconf 75' lang='lat' dir='ltr'>tristem</span> <span class='ocrx_word' id='word_1_55' title='bbox 593 677 741 721; x_wconf 79' lang='lat' dir='ltr'>factum,</span> <span class='ocrx_word' id='word_1_56' title='bbox 774 681 904 719; x_wconf 86' lang='lat' dir='ltr'>propter</span> <span class='ocrx_word' id='word_1_57' title='bbox 939 677 1085 710; x_wconf 85' lang='lat' dir='ltr'>affectum</span> <span class='ocrx_word' id='word_1_58' title='bbox 1114 675 1276 718; x_wconf 89' lang='lat' dir='ltr'>pusillani-</span> 
     </span>
     <span class='ocr_line' id='line_1_15' title="bbox 320 728 1276 774; baseline -0.005 -9"><span class='ocrx_word' id='word_1_59' title='bbox 320 733 453 772; x_wconf 81' lang='lat' dir='ltr'>mitatis3</span> <span class='ocrx_word' id='word_1_60' title='bbox 478 735 651 774; x_wconf 78' lang='lat' dir='ltr'>quocontra</span> <span class='ocrx_word' id='word_1_61' title='bbox 676 730 878 764; x_wconf 83' lang='lat' dir='ltr'>Ecclesiastici</span> <span class='ocrx_word' id='word_1_62' title='bbox 896 730 1028 772; x_wconf 86' lang='lat' dir='ltr'>septimo</span> <span class='ocrx_word' id='word_1_63' title='bbox 1041 730 1071 761; x_wconf 84' lang='lat'>2:</span> <span class='ocrx_word' id='word_1_64' title='bbox 1094 742 1109 757; x_wconf 89' lang='lat'>«</span> <span class='ocrx_word' id='word_1_65' title='bbox 1126 728 1192 761; x_wconf 89' lang='lat' dir='ltr'>Noli</span> <span class='ocrx_word' id='word_1_66' title='bbox 1209 736 1276 761; x_wconf 89' lang='lat' dir='ltr'>esse</span> 
     </span>
     <span class='ocr_line' id='line_1_16' title="bbox 320 782 1276 827; baseline -0.005 -9"><span class='ocrx_word' id='word_1_67' title='bbox 320 785 528 827; x_wconf 79' lang='lat' dir='ltr'>pusillanimis</span> <span class='ocrx_word' id='word_1_68' title='bbox 544 785 575 817; x_wconf 91' lang='lat' dir='ltr'>in</span> <span class='ocrx_word' id='word_1_69' title='bbox 592 785 695 817; x_wconf 90' lang='lat' dir='ltr'>animo</span> <span class='ocrx_word' id='word_1_70' title='bbox 715 788 780 817; x_wconf 90' lang='lat' dir='ltr'>tuo.</span> <span class='ocrx_word' id='word_1_71' title='bbox 798 784 937 816; x_wconf 81' lang='lat' dir='ltr'>Exorare</span> <span class='ocrx_word' id='word_1_72' title='bbox 961 786 992 815; x_wconf 89' lang='lat' dir='ltr'>et</span> <span class='ocrx_word' id='word_1_73' title='bbox 1014 782 1117 815; x_wconf 78' lang='lat' dir='ltr'>lacere</span> <span class='ocrx_word' id='word_1_74' title='bbox 1141 782 1276 814; x_wconf 90' lang='lat' dir='ltr'>eleemo-</span> 
     </span>
     <span class='ocr_line' id='line_1_17' title="bbox 322 834 1277 880; baseline -0.005 -10"><span class='ocrx_word' id='word_1_75' title='bbox 322 847 430 880; x_wconf 84' lang='lat' dir='ltr'>synam</span> <span class='ocrx_word' id='word_1_76' title='bbox 455 846 494 870; x_wconf 92' lang='lat' dir='ltr'>ne</span> <span class='ocrx_word' id='word_1_77' title='bbox 517 837 669 879; x_wconf 82' lang='lat' dir='ltr'>despicias</span> <span class='ocrx_word' id='word_1_78' title='bbox 686 851 716 869; x_wconf 72' lang='lat' dir='ltr'>n.</span> <span class='ocrx_word' id='word_1_79' title='bbox 740 856 784 860; x_wconf 91' lang='lat'>—</span> <span class='ocrx_word' id='word_1_80' title='bbox 810 836 920 868; x_wconf 76' lang='lat' dir='ltr'>Dixit:</span> <span class='ocrx_word' id='word_1_81' title='bbox 946 836 1056 877; x_wconf 83' lang='lat' dir='ltr'>Quam</span> <span class='ocrx_word' id='word_1_82' title='bbox 1071 834 1203 878; x_wconf 78' lang='lat' dir='ltr'>difficile</span> <span class='ocrx_word' id='word_1_83' title='bbox 1218 834 1277 877; x_wconf 86' lang='lat' dir='ltr'>qui</span> 
     </span>
    </p>
   </div>
   <div class='ocr_carea' id='block_1_8' title="bbox 307 888 1276 934">
    <p class='ocr_par' dir='ltr' id='par_1_9' title="bbox 307 888 1276 934">
     <span class='ocr_line' id='line_1_18' title="bbox 307 888 1276 934; baseline -0.005 -10"><span class='ocrx_word' id='word_1_84' title='bbox 307 890 309 892; x_wconf 64' lang='grc'><strong><em>’</em></strong></span> <span class='ocrx_word' id='word_1_85' title='bbox 317 891 480 934; x_wconf 78' lang='lat' dir='ltr'>pecunias</span> <span class='ocrx_word' id='word_1_86' title='bbox 504 890 622 923; x_wconf 77' lang='lat' dir='ltr'>liabent</span> <span class='ocrx_word' id='word_1_87' title='bbox 638 891 673 923; x_wconf 85' lang='lat' dir='ltr'>in</span> <span class='ocrx_word' id='word_1_88' title='bbox 690 900 830 933; x_wconf 69' lang='lat' dir='ltr'>reynum</span> <span class='ocrx_word' id='word_1_89' title='bbox 849 889 907 922; x_wconf 86' lang='lat' dir='ltr'>Dei</span> <span class='ocrx_word' id='word_1_90' title='bbox 929 888 1123 922; x_wconf 83' lang='lat' dir='ltr'>intrabunt!</span> <span class='ocrx_word' id='word_1_91' title='bbox 1147 891 1276 930; x_wconf 87' lang='lat' dir='ltr'>propter</span> 
     </span>
    </p>
   </div>
   <div class='ocr_carea' id='block_1_9' title="bbox 318 939 1278 2520">
    <p class='ocr_par' dir='ltr' id='par_1_10' title="bbox 318 939 1278 2520">
     <span class='ocr_line' id='line_1_19' title="bbox 320 939 1275 984; baseline -0.004 -8"><span class='ocrx_word' id='word_1_92' title='bbox 320 944 430 976; x_wconf 87' lang='lat' dir='ltr'>vitium</span> <span class='ocrx_word' id='word_1_93' title='bbox 456 943 646 982; x_wconf 82' lang='lat' dir='ltr'>tenacitatis3</span> <span class='ocrx_word' id='word_1_94' title='bbox 663 943 813 976; x_wconf 79' lang='lat' dir='ltr'>Glossa³:</span> <span class='ocrx_word' id='word_1_95' title='bbox 836 956 851 971; x_wconf 91' lang='lat'>«</span> <span class='ocrx_word' id='word_1_96' title='bbox 870 943 935 983; x_wconf 86' lang='lat' dir='ltr'>Qui</span> <span class='ocrx_word' id='word_1_97' title='bbox 954 941 1115 984; x_wconf 80' lang='lat' dir='ltr'>pecunias</span> <span class='ocrx_word' id='word_1_98' title='bbox 1138 939 1275 979; x_wconf 78' lang='lat' dir='ltr'>liabent,</span> 
     </span>
     <span class='ocr_line' id='line_1_20' title="bbox 321 993 1275 1037; baseline -0.003 -9"><span class='ocrx_word' id='word_1_99' title='bbox 321 996 352 1028; x_wconf 90' lang='lat' dir='ltr'>id</span> <span class='ocrx_word' id='word_1_100' title='bbox 376 998 439 1035; x_wconf 86' lang='lat' dir='ltr'>est,</span> <span class='ocrx_word' id='word_1_101' title='bbox 464 1005 535 1028; x_wconf 92' lang='lat' dir='ltr'>cum</span> <span class='ocrx_word' id='word_1_102' title='bbox 559 1004 667 1028; x_wconf 88' lang='lat' dir='ltr'>amore</span> <span class='ocrx_word' id='word_1_103' title='bbox 698 995 855 1037; x_wconf 88' lang='lat' dir='ltr'>possident</span> <span class='ocrx_word' id='word_1_104' title='bbox 879 999 909 1027; x_wconf 89' lang='lat' dir='ltr'>et</span> <span class='ocrx_word' id='word_1_105' title='bbox 932 995 964 1027; x_wconf 92' lang='lat' dir='ltr'>in</span> <span class='ocrx_word' id='word_1_106' title='bbox 992 994 1037 1027; x_wconf 89' lang='lat' dir='ltr'>eis</span> <span class='ocrx_word' id='word_1_107' title='bbox 1068 993 1229 1026; x_wconf 87' lang='lat' dir='ltr'>confidunt</span> <span class='ocrx_word' id='word_1_108' title='bbox 1244 1006 1275 1025; x_wconf 70' lang='lat' dir='ltr'>n.</span> 
     </span>
     <span class='ocr_line' id='line_1_21' title="bbox 322 1046 1277 1090; baseline -0.003 -9"><span class='ocrx_word' id='word_1_109' title='bbox 322 1049 407 1082; x_wconf 88' lang='lat' dir='ltr'>Unde</span> <span class='ocrx_word' id='word_1_110' title='bbox 434 1049 527 1081; x_wconf 89' lang='lat' dir='ltr'>Marci</span> <span class='ocrx_word' id='word_1_111' title='bbox 551 1049 671 1081; x_wconf 90' lang='lat' dir='ltr'>decimo</span> <span class='ocrx_word' id='word_1_112' title='bbox 694 1049 810 1081; x_wconf 89' lang='lat' dir='ltr'>dicitur</span> <span class='ocrx_word' id='word_1_113' title='bbox 833 1048 1034 1090; x_wconf 88' lang='lat' dir='ltr'>expressius:</span> <span class='ocrx_word' id='word_1_114' title='bbox 1064 1061 1078 1075; x_wconf 76' lang='grc' dir='ltr'>α</span> <span class='ocrx_word' id='word_1_115' title='bbox 1096 1048 1195 1088; x_wconf 88' lang='lat' dir='ltr'>Quam</span> <span class='ocrx_word' id='word_1_116' title='bbox 1219 1046 1277 1078; x_wconf 87' lang='lat' dir='ltr'>dif-</span> 
     </span>
     <span class='ocr_line' id='line_1_22' title="bbox 322 1098 1277 1142; baseline -0.003 -8"><span class='ocrx_word' id='word_1_117' title='bbox 322 1102 379 1134; x_wconf 89' lang='lat' dir='ltr'>cile</span> <span class='ocrx_word' id='word_1_118' title='bbox 411 1101 601 1134; x_wconf 86' lang='lat' dir='ltr'>confidentes</span> <span class='ocrx_word' id='word_1_119' title='bbox 635 1101 667 1133; x_wconf 90' lang='lat' dir='ltr'>in</span> <span class='ocrx_word' id='word_1_120' title='bbox 699 1101 815 1134; x_wconf 89' lang='lat' dir='ltr'>divitiis</span> <span class='ocrx_word' id='word_1_121' title='bbox 846 1101 877 1133; x_wconf 91' lang='lat' dir='ltr'>in</span> <span class='ocrx_word' id='word_1_122' title='bbox 910 1109 1041 1142; x_wconf 89' lang='lat' dir='ltr'>regnum</span> <span class='ocrx_word' id='word_1_123' title='bbox 1078 1099 1132 1132; x_wconf 89' lang='lat' dir='ltr'>Dei</span> <span class='ocrx_word' id='word_1_124' title='bbox 1168 1098 1277 1131; x_wconf 90' lang='lat' dir='ltr'>introi-</span> 
     </span>
     <span class='ocr_line' id='line_1_23' title="bbox 322 1152 1277 1196; baseline -0.002 -9"><span class='ocrx_word' id='word_1_125' title='bbox 322 1154 401 1187; x_wconf 91' lang='lat' dir='ltr'>bunt</span> <span class='ocrx_word' id='word_1_126' title='bbox 418 1157 448 1187; x_wconf 88' lang='lat'>»!</span> <span class='ocrx_word' id='word_1_127' title='bbox 474 1155 509 1186; x_wconf 90' lang='lat' dir='ltr'>Et</span> <span class='ocrx_word' id='word_1_128' title='bbox 534 1154 613 1187; x_wconf 88' lang='lat' dir='ltr'>ratio</span> <span class='ocrx_word' id='word_1_129' title='bbox 637 1154 733 1187; x_wconf 90' lang='lat' dir='ltr'>huius</span> <span class='ocrx_word' id='word_1_130' title='bbox 756 1158 818 1193; x_wconf 83' lang='lat' dir='ltr'>est,</span> <span class='ocrx_word' id='word_1_131' title='bbox 842 1154 916 1196; x_wconf 91' lang='lat' dir='ltr'>quia</span> <span class='ocrx_word' id='word_1_132' title='bbox 940 1154 993 1196; x_wconf 87' lang='lat' dir='ltr'>qui</span> <span class='ocrx_word' id='word_1_133' title='bbox 1020 1153 1202 1195; x_wconf 86' lang='lat' dir='ltr'>temporalia</span> <span class='ocrx_word' id='word_1_134' title='bbox 1226 1152 1277 1185; x_wconf 90' lang='lat' dir='ltr'>hic</span> 
     </span>
     <span class='ocr_line' id='line_1_24' title="bbox 320 1206 1277 1249; baseline -0.001 -10"><span class='ocrx_word' id='word_1_135' title='bbox 320 1207 556 1249; x_wconf 87' lang='lat' dir='ltr'>amplectuntur</span> <span class='ocrx_word' id='word_1_136' title='bbox 580 1210 729 1249; x_wconf 81' lang='lat' dir='ltr'>tanquam</span> <span class='ocrx_word' id='word_1_137' title='bbox 762 1216 874 1249; x_wconf 89' lang='lat' dir='ltr'>magna</span> <span class='ocrx_word' id='word_1_138' title='bbox 905 1210 1109 1239; x_wconf 88' lang='lat' dir='ltr'>contemnunt</span> <span class='ocrx_word' id='word_1_139' title='bbox 1143 1206 1195 1238; x_wconf 88' lang='lat' dir='ltr'>illa</span> <span class='ocrx_word' id='word_1_140' title='bbox 1226 1214 1277 1238; x_wconf 90' lang='lat' dir='ltr'>ae-</span> 
     </span>
     <span class='ocr_line' id='line_1_25' title="bbox 321 1259 1276 1300; baseline -0.002 -8"><span class='ocrx_word' id='word_1_141' title='bbox 321 1263 427 1299; x_wconf 86' lang='lat' dir='ltr'>terna;</span> <span class='ocrx_word' id='word_1_142' title='bbox 444 1260 528 1292; x_wconf 87' lang='lat' dir='ltr'>unde</span> <span class='ocrx_word' id='word_1_143' title='bbox 544 1259 693 1292; x_wconf 74' lang='lat' dir='ltr'>Glossa4:</span> <span class='ocrx_word' id='word_1_144' title='bbox 716 1272 731 1288; x_wconf 71' lang='lat' dir='ltr'>&lt;t</span> <span class='ocrx_word' id='word_1_145' title='bbox 748 1260 806 1300; x_wconf 90' lang='lat' dir='ltr'>Qui</span> <span class='ocrx_word' id='word_1_146' title='bbox 831 1259 946 1292; x_wconf 84' lang='lat' dir='ltr'>divitiis</span> <span class='ocrx_word' id='word_1_147' title='bbox 970 1259 1214 1300; x_wconf 84' lang='lat' dir='ltr'>multiplicandis</span> <span class='ocrx_word' id='word_1_148' title='bbox 1230 1259 1276 1290; x_wconf 93' lang='lat' dir='ltr'>in-</span> 
     </span>
     <span class='ocr_line' id='line_1_26' title="bbox 321 1311 1278 1354; baseline -0.001 -10"><span class='ocrx_word' id='word_1_149' title='bbox 321 1312 485 1350; x_wconf 86' lang='lat' dir='ltr'>cumbunt,</span> <span class='ocrx_word' id='word_1_150' title='bbox 501 1312 632 1354; x_wconf 87' lang='lat' dir='ltr'>alterius</span> <span class='ocrx_word' id='word_1_151' title='bbox 645 1311 725 1344; x_wconf 87' lang='lat' dir='ltr'>vitae</span> <span class='ocrx_word' id='word_1_152' title='bbox 738 1312 850 1354; x_wconf 85' lang='lat' dir='ltr'>gaudia</span> <span class='ocrx_word' id='word_1_153' title='bbox 866 1315 1112 1344; x_wconf 89' lang='lat' dir='ltr'>contemnunt».</span> <span class='ocrx_word' id='word_1_154' title='bbox 1131 1329 1172 1335; x_wconf 91' lang='grc'>-</span> <span class='ocrx_word' id='word_1_155' title='bbox 1187 1311 1278 1344; x_wconf 86' lang='lat' dir='ltr'>Prae—</span> 
     </span>
     <span class='ocr_line' id='line_1_27' title="bbox 321 1364 1277 1407; baseline 0 -10"><span class='ocrx_word' id='word_1_156' title='bbox 321 1368 424 1403; x_wconf 87' lang='lat' dir='ltr'>terea,</span> <span class='ocrx_word' id='word_1_157' title='bbox 449 1365 503 1406; x_wconf 91' lang='lat' dir='ltr'>qui</span> <span class='ocrx_word' id='word_1_158' title='bbox 528 1366 604 1397; x_wconf 86' lang='lat' dir='ltr'>haec</span> <span class='ocrx_word' id='word_1_159' title='bbox 628 1365 810 1406; x_wconf 83' lang='lat' dir='ltr'>temporalia</span> <span class='ocrx_word' id='word_1_160' title='bbox 832 1364 965 1407; x_wconf 87' lang='lat' dir='ltr'>diligunt</span> <span class='ocrx_word' id='word_1_161' title='bbox 996 1365 1103 1397; x_wconf 89' lang='lat' dir='ltr'>multis</span> <span class='ocrx_word' id='word_1_162' title='bbox 1133 1365 1277 1397; x_wconf 88' lang='lat' dir='ltr'>tentatio-</span> 
     </span>
     <span class='ocr_line' id='line_1_28' title="bbox 321 1417 1276 1460; baseline 0 -10"><span class='ocrx_word' id='word_1_163' title='bbox 321 1427 397 1450; x_wconf 92' lang='lat' dir='ltr'>num</span> <span class='ocrx_word' id='word_1_164' title='bbox 421 1418 531 1450; x_wconf 82' lang='lat' dir='ltr'>iaculis</span> <span class='ocrx_word' id='word_1_165' title='bbox 553 1421 776 1459; x_wconf 79' lang='lat' dir='ltr'>exponuntur3</span> <span class='ocrx_word' id='word_1_166' title='bbox 801 1418 920 1460; x_wconf 81' lang='lat' dir='ltr'>primae</span> <span class='ocrx_word' id='word_1_167' title='bbox 943 1418 982 1450; x_wconf 88' lang='lat' dir='ltr'>ad</span> <span class='ocrx_word' id='word_1_168' title='bbox 1006 1417 1204 1450; x_wconf 89' lang='lat' dir='ltr'>Timotheum</span> <span class='ocrx_word' id='word_1_169' title='bbox 1228 1418 1276 1450; x_wconf 89' lang='lat' dir='ltr'>ul-</span> 
     </span>
     <span class='ocr_line' id='line_1_29' title="bbox 321 1470 1276 1511; baseline 0.001 -9"><span class='ocrx_word' id='word_1_170' title='bbox 321 1470 436 1502; x_wconf 85' lang='lat' dir='ltr'>timo⁵:</span> <span class='ocrx_word' id='word_1_171' title='bbox 466 1483 481 1498; x_wconf 72' lang='lat' dir='ltr'>a</span> <span class='ocrx_word' id='word_1_172' title='bbox 498 1470 556 1511; x_wconf 85' lang='lat' dir='ltr'>Qui</span> <span class='ocrx_word' id='word_1_173' title='bbox 575 1470 683 1503; x_wconf 89' lang='lat' dir='ltr'>volunt</span> <span class='ocrx_word' id='word_1_174' title='bbox 699 1471 811 1503; x_wconf 73' lang='lat' dir='ltr'>divites</span> <span class='ocrx_word' id='word_1_175' title='bbox 835 1471 901 1504; x_wconf 81' lang='lat' dir='ltr'>sieri</span> <span class='ocrx_word' id='word_1_176' title='bbox 919 1471 1061 1503; x_wconf 88' lang='lat' dir='ltr'>incidunt</span> <span class='ocrx_word' id='word_1_177' title='bbox 1077 1471 1108 1503; x_wconf 92' lang='lat' dir='ltr'>in</span> <span class='ocrx_word' id='word_1_178' title='bbox 1134 1471 1276 1503; x_wconf 87' lang='lat' dir='ltr'>tentatio-</span> 
     </span>
     <span class='ocr_line' id='line_1_30' title="bbox 320 1524 1276 1566; baseline 0 -10"><span class='ocrx_word' id='word_1_179' title='bbox 320 1532 390 1556; x_wconf 89' lang='lat' dir='ltr'>nem</span> <span class='ocrx_word' id='word_1_180' title='bbox 423 1527 454 1556; x_wconf 90' lang='lat' dir='ltr'>et</span> <span class='ocrx_word' id='word_1_181' title='bbox 483 1524 514 1556; x_wconf 90' lang='lat' dir='ltr'>in</span> <span class='ocrx_word' id='word_1_182' title='bbox 547 1524 696 1566; x_wconf 86' lang='lat' dir='ltr'>laqueum</span> <span class='ocrx_word' id='word_1_183' title='bbox 727 1524 841 1556; x_wconf 90' lang='lat' dir='ltr'>diaboli</span> <span class='ocrx_word' id='word_1_184' title='bbox 872 1528 903 1557; x_wconf 88' lang='lat' dir='ltr'>et</span> <span class='ocrx_word' id='word_1_185' title='bbox 933 1525 965 1556; x_wconf 90' lang='lat' dir='ltr'>in</span> <span class='ocrx_word' id='word_1_186' title='bbox 996 1524 1150 1557; x_wconf 87' lang='lat' dir='ltr'>desideria</span> <span class='ocrx_word' id='word_1_187' title='bbox 1178 1524 1276 1557; x_wconf 89' lang='lat' dir='ltr'>multa</span> 
     </span>
     <span class='ocr_line' id='line_1_31' title="bbox 319 1576 1276 1619; baseline 0 -10"><span class='ocrx_word' id='word_1_188' title='bbox 319 1576 441 1609; x_wconf 87' lang='lat' dir='ltr'>inutilia</span> <span class='ocrx_word' id='word_1_189' title='bbox 453 1580 484 1609; x_wconf 90' lang='lat' dir='ltr'>et</span> <span class='ocrx_word' id='word_1_190' title='bbox 495 1577 613 1616; x_wconf 89' lang='lat' dir='ltr'>nociva,</span> <span class='ocrx_word' id='word_1_191' title='bbox 627 1586 707 1619; x_wconf 86' lang='lat' dir='ltr'>quae</span> <span class='ocrx_word' id='word_1_192' title='bbox 719 1581 866 1619; x_wconf 84' lang='lat' dir='ltr'>mergunt</span> <span class='ocrx_word' id='word_1_193' title='bbox 882 1577 1038 1610; x_wconf 89' lang='lat' dir='ltr'>hominem</span> <span class='ocrx_word' id='word_1_194' title='bbox 1052 1591 1067 1606; x_wconf 68' lang='lat' dir='ltr'>n</span> <span class='ocrx_word' id='word_1_195' title='bbox 1085 1581 1143 1610; x_wconf 88' lang='lat' dir='ltr'>etc.</span> <span class='ocrx_word' id='word_1_196' title='bbox 1156 1596 1201 1600; x_wconf 92' lang='lat'>—</span> <span class='ocrx_word' id='word_1_197' title='bbox 1213 1577 1276 1609; x_wconf 85' lang='lat' dir='ltr'>Alia</span> 
     </span>
     <span class='ocr_line' id='line_1_32' title="bbox 321 1630 1276 1672; baseline 0.002 -11"><span class='ocrx_word' id='word_1_198' title='bbox 321 1630 400 1662; x_wconf 84' lang='lat' dir='ltr'>ratio</span> <span class='ocrx_word' id='word_1_199' title='bbox 423 1633 484 1668; x_wconf 89' lang='lat' dir='ltr'>est,</span> <span class='ocrx_word' id='word_1_200' title='bbox 509 1630 583 1672; x_wconf 83' lang='lat' dir='ltr'>quia</span> <span class='ocrx_word' id='word_1_201' title='bbox 606 1630 660 1672; x_wconf 89' lang='lat' dir='ltr'>qui</span> <span class='ocrx_word' id='word_1_202' title='bbox 686 1630 734 1663; x_wconf 88' lang='lat' dir='ltr'>his</span> <span class='ocrx_word' id='word_1_203' title='bbox 757 1631 870 1663; x_wconf 81' lang='lat' dir='ltr'>affectu</span> <span class='ocrx_word' id='word_1_204' title='bbox 894 1631 1069 1672; x_wconf 88' lang='lat' dir='ltr'>iunguntur</span> <span class='ocrx_word' id='word_1_205' title='bbox 1088 1630 1171 1663; x_wconf 90' lang='lat' dir='ltr'>haud</span> <span class='ocrx_word' id='word_1_206' title='bbox 1187 1630 1276 1663; x_wconf 84' lang='lat' dir='ltr'>facile</span> 
     </span>
     <span class='ocr_line' id='line_1_33' title="bbox 320 1682 1275 1724; baseline 0.001 -10"><span class='ocrx_word' id='word_1_207' title='bbox 320 1685 525 1723; x_wconf 80' lang='lat' dir='ltr'>separantur3</span> <span class='ocrx_word' id='word_1_208' title='bbox 550 1682 633 1715; x_wconf 90' lang='lat' dir='ltr'>unde</span> <span class='ocrx_word' id='word_1_209' title='bbox 656 1686 687 1715; x_wconf 90' lang='lat' dir='ltr'>et</span> <span class='ocrx_word' id='word_1_210' title='bbox 709 1682 747 1715; x_wconf 90' lang='lat' dir='ltr'>de</span> <span class='ocrx_word' id='word_1_211' title='bbox 772 1683 886 1715; x_wconf 85' lang='lat' dir='ltr'>talibus</span> <span class='ocrx_word' id='word_1_212' title='bbox 910 1683 941 1715; x_wconf 89' lang='lat' dir='ltr'>in</span> <span class='ocrx_word' id='word_1_213' title='bbox 965 1683 1129 1715; x_wconf 65' lang='lat' dir='ltr'>Psalmoss:</span> <span class='ocrx_word' id='word_1_214' title='bbox 1160 1696 1175 1712; x_wconf 92' lang='lat'>«</span> <span class='ocrx_word' id='word_1_215' title='bbox 1191 1684 1275 1724; x_wconf 85' lang='lat' dir='ltr'>Quo-</span> 
     </span>
     <span class='ocr_line' id='line_1_34' title="bbox 319 1735 1275 1778; baseline 0.002 -12"><span class='ocrx_word' id='word_1_216' title='bbox 319 1735 402 1767; x_wconf 85' lang='lat' dir='ltr'>niam</span> <span class='ocrx_word' id='word_1_217' title='bbox 428 1735 592 1767; x_wconf 91' lang='lat' dir='ltr'>humiliata</span> <span class='ocrx_word' id='word_1_218' title='bbox 615 1739 662 1768; x_wconf 88' lang='lat' dir='ltr'>est</span> <span class='ocrx_word' id='word_1_219' title='bbox 685 1735 716 1768; x_wconf 92' lang='lat' dir='ltr'>in</span> <span class='ocrx_word' id='word_1_220' title='bbox 741 1735 871 1777; x_wconf 88' lang='lat' dir='ltr'>pulvere</span> <span class='ocrx_word' id='word_1_221' title='bbox 894 1736 998 1768; x_wconf 85' lang='lat' dir='ltr'>anima</span> <span class='ocrx_word' id='word_1_222' title='bbox 1013 1739 1130 1775; x_wconf 87' lang='lat' dir='ltr'>nostra,</span> <span class='ocrx_word' id='word_1_223' title='bbox 1147 1736 1275 1778; x_wconf 81' lang='lat' dir='ltr'>conglu-</span> 
     </span>
     <span class='ocr_line' id='line_1_35' title="bbox 320 1788 1274 1822; baseline 0.001 -2"><span class='ocrx_word' id='word_1_224' title='bbox 320 1788 437 1820; x_wconf 89' lang='lat' dir='ltr'>tinatus</span> <span class='ocrx_word' id='word_1_225' title='bbox 460 1791 507 1820; x_wconf 88' lang='lat' dir='ltr'>est</span> <span class='ocrx_word' id='word_1_226' title='bbox 530 1788 561 1821; x_wconf 89' lang='lat' dir='ltr'>in</span> <span class='ocrx_word' id='word_1_227' title='bbox 596 1792 681 1821; x_wconf 89' lang='lat' dir='ltr'>terra</span> <span class='ocrx_word' id='word_1_228' title='bbox 716 1793 825 1821; x_wconf 88' lang='lat' dir='ltr'>venter</span> <span class='ocrx_word' id='word_1_229' title='bbox 850 1792 956 1822; x_wconf 86' lang='lat' dir='ltr'>noster</span> <span class='ocrx_word' id='word_1_230' title='bbox 973 1803 1002 1821; x_wconf 85' lang='lat'>».</span> <span class='ocrx_word' id='word_1_231' title='bbox 1029 1789 1114 1822; x_wconf 89' lang='lat' dir='ltr'>Unde</span> <span class='ocrx_word' id='word_1_232' title='bbox 1142 1789 1274 1822; x_wconf 84' lang='lat' dir='ltr'>Bernar-</span> 
     </span>
     <span class='ocr_line' id='line_1_36' title="bbox 320 1840 1275 1884; baseline 0.002 -11"><span class='ocrx_word' id='word_1_233' title='bbox 320 1840 423 1873; x_wconf 86' lang='lat' dir='ltr'>dus⁷:</span> <span class='ocrx_word' id='word_1_234' title='bbox 452 1854 468 1869; x_wconf 87' lang='lat'>«</span> <span class='ocrx_word' id='word_1_235' title='bbox 485 1841 557 1874; x_wconf 90' lang='lat' dir='ltr'>Plus</span> <span class='ocrx_word' id='word_1_236' title='bbox 580 1842 687 1874; x_wconf 90' lang='lat' dir='ltr'>mundi</span> <span class='ocrx_word' id='word_1_237' title='bbox 713 1841 965 1884; x_wconf 86' lang='lat' dir='ltr'>concupiscentia</span> <span class='ocrx_word' id='word_1_238' title='bbox 988 1851 1082 1884; x_wconf 91' lang='lat' dir='ltr'>quam</span> <span class='ocrx_word' id='word_1_239' title='bbox 1100 1842 1275 1875; x_wconf 88' lang='lat' dir='ltr'>substantia</span> 
     </span>
     <span class='ocr_line' id='line_1_37' title="bbox 320 1894 1275 1938; baseline 0.002 -12"><span class='ocrx_word' id='word_1_240' title='bbox 320 1898 419 1927; x_wconf 88' lang='lat' dir='ltr'>nocet.</span> <span class='ocrx_word' id='word_1_241' title='bbox 446 1894 480 1926; x_wconf 86' lang='lat' dir='ltr'>Et</span> <span class='ocrx_word' id='word_1_242' title='bbox 504 1895 580 1927; x_wconf 90' lang='lat' dir='ltr'>haec</span> <span class='ocrx_word' id='word_1_243' title='bbox 604 1895 822 1937; x_wconf 84' lang='lat' dir='ltr'>fugiendarum</span> <span class='ocrx_word' id='word_1_244' title='bbox 853 1895 1034 1928; x_wconf 83' lang='lat' dir='ltr'>divitiarum</span> <span class='ocrx_word' id='word_1_245' title='bbox 1067 1904 1162 1928; x_wconf 89' lang='lat' dir='ltr'>causa</span> <span class='ocrx_word' id='word_1_246' title='bbox 1185 1905 1275 1938; x_wconf 86' lang='lat' dir='ltr'>prae-</span> 
     </span>
     <span class='ocr_line' id='line_1_38' title="bbox 320 1948 1273 1991; baseline 0.003 -12"><span class='ocrx_word' id='word_1_247' title='bbox 320 1948 412 1989; x_wconf 87' lang='lat' dir='ltr'>cipua</span> <span class='ocrx_word' id='word_1_248' title='bbox 434 1951 498 1986; x_wconf 87' lang='lat' dir='ltr'>est,</span> <span class='ocrx_word' id='word_1_249' title='bbox 523 1948 597 1990; x_wconf 90' lang='lat' dir='ltr'>quia</span> <span class='ocrx_word' id='word_1_250' title='bbox 620 1952 674 1980; x_wconf 91' lang='lat' dir='ltr'>aut</span> <span class='ocrx_word' id='word_1_251' title='bbox 699 1948 753 1981; x_wconf 75' lang='lat' dir='ltr'>vix</span> <span class='ocrx_word' id='word_1_252' title='bbox 778 1952 833 1981; x_wconf 87' lang='lat' dir='ltr'>aut</span> <span class='ocrx_word' id='word_1_253' title='bbox 849 1958 1011 1991; x_wconf 88' lang='lat' dir='ltr'>nunquam</span> <span class='ocrx_word' id='word_1_254' title='bbox 1029 1949 1149 1991; x_wconf 82' lang='lat' dir='ltr'>absque</span> <span class='ocrx_word' id='word_1_255' title='bbox 1165 1958 1273 1982; x_wconf 87' lang='lat' dir='ltr'>amore</span> 
     </span>
     <span class='ocr_line' id='line_1_39' title="bbox 320 2000 1275 2044; baseline 0.003 -12"><span class='ocrx_word' id='word_1_256' title='bbox 320 2001 424 2033; x_wconf 88' lang='lat' dir='ltr'>valent</span> <span class='ocrx_word' id='word_1_257' title='bbox 447 2000 608 2042; x_wconf 87' lang='lat' dir='ltr'>possideri.</span> <span class='ocrx_word' id='word_1_258' title='bbox 634 2001 755 2034; x_wconf 85' lang='lat' dir='ltr'>Limosa</span> <span class='ocrx_word' id='word_1_259' title='bbox 778 2002 859 2034; x_wconf 84' lang='lat' dir='ltr'>enim</span> <span class='ocrx_word' id='word_1_260' title='bbox 884 2005 915 2034; x_wconf 91' lang='lat' dir='ltr'>et</span> <span class='ocrx_word' id='word_1_261' title='bbox 946 2002 1102 2044; x_wconf 83' lang='lat' dir='ltr'>glutinosa</span> <span class='ocrx_word' id='word_1_262' title='bbox 1125 2006 1172 2035; x_wconf 92' lang='lat' dir='ltr'>est</span> <span class='ocrx_word' id='word_1_263' title='bbox 1200 2002 1275 2035; x_wconf 90' lang='lat' dir='ltr'>sub-</span> 
     </span>
     <span class='ocr_line' id='line_1_40' title="bbox 320 2053 1276 2092; baseline 0.002 -6"><span class='ocrx_word' id='word_1_264' title='bbox 320 2054 433 2086; x_wconf 84' lang='lat' dir='ltr'>stantia</span> <span class='ocrx_word' id='word_1_265' title='bbox 455 2053 564 2086; x_wconf 90' lang='lat' dir='ltr'>mundi</span> <span class='ocrx_word' id='word_1_266' title='bbox 588 2053 701 2092; x_wconf 87' lang='lat' dir='ltr'>huius,</span> <span class='ocrx_word' id='word_1_267' title='bbox 725 2057 756 2086; x_wconf 88' lang='lat' dir='ltr'>et</span> <span class='ocrx_word' id='word_1_268' title='bbox 779 2063 833 2086; x_wconf 85' lang='lat' dir='ltr'>cor</span> <span class='ocrx_word' id='word_1_269' title='bbox 860 2054 1034 2086; x_wconf 89' lang='lat' dir='ltr'>humanum</span> <span class='ocrx_word' id='word_1_270' title='bbox 1061 2054 1150 2088; x_wconf 86' lang='lat' dir='ltr'>facile</span> <span class='ocrx_word' id='word_1_271' title='bbox 1176 2055 1276 2088; x_wconf 89' lang='lat' dir='ltr'>omni-</span> 
     </span>
     <span class='ocr_line' id='line_1_41' title="bbox 319 2106 1274 2148; baseline 0.002 -10"><span class='ocrx_word' id='word_1_272' title='bbox 319 2106 397 2144; x_wconf 90' lang='lat' dir='ltr'>bus,</span> <span class='ocrx_word' id='word_1_273' title='bbox 421 2115 502 2148; x_wconf 88' lang='lat' dir='ltr'>quae</span> <span class='ocrx_word' id='word_1_274' title='bbox 525 2106 720 2148; x_wconf 83' lang='lat' dir='ltr'>frequentat,</span> <span class='ocrx_word' id='word_1_275' title='bbox 744 2106 939 2139; x_wconf 74' lang='lat' dir='ltr'>adhaeret».</span> <span class='ocrx_word' id='word_1_276' title='bbox 967 2107 1002 2139; x_wconf 88' lang='lat' dir='ltr'>Et</span> <span class='ocrx_word' id='word_1_277' title='bbox 1025 2107 1094 2140; x_wconf 91' lang='lat' dir='ltr'>ideo</span> <span class='ocrx_word' id='word_1_278' title='bbox 1122 2107 1274 2141; x_wconf 79' lang='lat' dir='ltr'>Glossa⁸:</span> 
     </span>
     <span class='ocr_line' id='line_1_42' title="bbox 326 2158 1275 2202; baseline 0.004 -13"><span class='ocrx_word' id='word_1_279' title='bbox 326 2172 341 2187; x_wconf 85' lang='lat'>«</span> <span class='ocrx_word' id='word_1_280' title='bbox 358 2158 531 2191; x_wconf 85' lang='lat' dir='ltr'>Difficulter</span> <span class='ocrx_word' id='word_1_281' title='bbox 554 2158 680 2191; x_wconf 89' lang='lat' dir='ltr'>divitiae</span> <span class='ocrx_word' id='word_1_282' title='bbox 704 2162 965 2198; x_wconf 80' lang='lat' dir='ltr'>contemnuntur3</span> <span class='ocrx_word' id='word_1_283' title='bbox 983 2160 1022 2192; x_wconf 90' lang='lat' dir='ltr'>de</span> <span class='ocrx_word' id='word_1_284' title='bbox 1037 2160 1184 2193; x_wconf 86' lang='lat' dir='ltr'>omnibus</span> <span class='ocrx_word' id='word_1_285' title='bbox 1200 2169 1275 2202; x_wconf 89' lang='lat' dir='ltr'>ergo</span> 
     </span>
     <span class='ocr_line' id='line_1_43' title="bbox 320 2210 1276 2256; baseline 0.003 -13"><span class='ocrx_word' id='word_1_286' title='bbox 320 2211 420 2243; x_wconf 87' lang='lat' dir='ltr'>tutius</span> <span class='ocrx_word' id='word_1_287' title='bbox 442 2214 490 2243; x_wconf 88' lang='lat' dir='ltr'>est</span> <span class='ocrx_word' id='word_1_288' title='bbox 512 2210 636 2244; x_wconf 88' lang='lat' dir='ltr'>divitias</span> <span class='ocrx_word' id='word_1_289' title='bbox 659 2220 716 2244; x_wconf 86' lang='lat' dir='ltr'>nec</span> <span class='ocrx_word' id='word_1_290' title='bbox 741 2211 858 2245; x_wconf 87' lang='lat' dir='ltr'>habere</span> <span class='ocrx_word' id='word_1_291' title='bbox 882 2221 939 2245; x_wconf 89' lang='lat' dir='ltr'>nec</span> <span class='ocrx_word' id='word_1_292' title='bbox 973 2222 1080 2246; x_wconf 85' lang='lat' dir='ltr'>amare</span> <span class='ocrx_word' id='word_1_293' title='bbox 1098 2227 1127 2245; x_wconf 70' lang='lat' dir='ltr'>n.</span> <span class='ocrx_word' id='word_1_294' title='bbox 1154 2213 1186 2246; x_wconf 87' lang='lat' dir='ltr'>In</span> <span class='ocrx_word' id='word_1_295' title='bbox 1212 2223 1276 2256; x_wconf 90' lang='lat' dir='ltr'>quo</span> 
     </span>
     <span class='ocr_line' id='line_1_44' title="bbox 318 2263 1274 2309; baseline 0.004 -13"><span class='ocrx_word' id='word_1_296' title='bbox 318 2263 371 2296; x_wconf 88' lang='lat' dir='ltr'>dat</span> <span class='ocrx_word' id='word_1_297' title='bbox 394 2263 567 2305; x_wconf 87' lang='lat' dir='ltr'>intelligere</span> <span class='ocrx_word' id='word_1_298' title='bbox 601 2268 738 2307; x_wconf 89' lang='lat' dir='ltr'>quatuor</span> <span class='ocrx_word' id='word_1_299' title='bbox 774 2265 937 2298; x_wconf 89' lang='lat' dir='ltr'>hominum</span> <span class='ocrx_word' id='word_1_300' title='bbox 961 2265 1168 2306; x_wconf 82' lang='lat' dir='ltr'>differentias,</span> <span class='ocrx_word' id='word_1_301' title='bbox 1193 2276 1274 2309; x_wconf 87' lang='lat' dir='ltr'>quas</span> 
     </span>
     <span class='ocr_line' id='line_1_45' title="bbox 320 2317 1274 2362; baseline 0.005 -14"><span class='ocrx_word' id='word_1_302' title='bbox 320 2317 450 2358; x_wconf 84' lang='lat' dir='ltr'>exponit</span> <span class='ocrx_word' id='word_1_303' title='bbox 481 2317 603 2356; x_wconf 75' lang='lat' dir='ltr'>Beda0,</span> <span class='ocrx_word' id='word_1_304' title='bbox 627 2321 658 2350; x_wconf 89' lang='lat' dir='ltr'>et</span> <span class='ocrx_word' id='word_1_305' title='bbox 682 2318 838 2350; x_wconf 83' lang='lat' dir='ltr'>habentur</span> <span class='ocrx_word' id='word_1_306' title='bbox 863 2318 893 2350; x_wconf 91' lang='lat' dir='ltr'>in</span> <span class='ocrx_word' id='word_1_307' title='bbox 922 2319 1030 2352; x_wconf 83' lang='lat' dir='ltr'>Glossa</span> <span class='ocrx_word' id='word_1_308' title='bbox 1061 2329 1157 2362; x_wconf 87' lang='lat' dir='ltr'>super</span> <span class='ocrx_word' id='word_1_309' title='bbox 1192 2320 1274 2353; x_wconf 86' lang='lat' dir='ltr'>deci-</span> 
     </span>
     <span class='ocr_line' id='line_1_46' title="bbox 320 2369 1273 2413; baseline 0.005 -12"><span class='ocrx_word' id='word_1_310' title='bbox 320 2378 406 2402; x_wconf 89' lang='lat' dir='ltr'>mum</span> <span class='ocrx_word' id='word_1_311' title='bbox 431 2369 540 2402; x_wconf 87' lang='lat' dir='ltr'>Marci:</span> <span class='ocrx_word' id='word_1_312' title='bbox 570 2382 586 2398; x_wconf 89' lang='lat'>«</span> <span class='ocrx_word' id='word_1_313' title='bbox 602 2370 688 2403; x_wconf 91' lang='lat' dir='ltr'>Multi</span> <span class='ocrx_word' id='word_1_314' title='bbox 712 2370 829 2403; x_wconf 89' lang='lat' dir='ltr'>habent</span> <span class='ocrx_word' id='word_1_315' title='bbox 863 2375 895 2404; x_wconf 92' lang='lat' dir='ltr'>et</span> <span class='ocrx_word' id='word_1_316' title='bbox 928 2381 990 2405; x_wconf 90' lang='lat' dir='ltr'>non</span> <span class='ocrx_word' id='word_1_317' title='bbox 1025 2376 1148 2413; x_wconf 85' lang='lat' dir='ltr'>amant;</span> <span class='ocrx_word' id='word_1_318' title='bbox 1182 2374 1273 2406; x_wconf 89' lang='lat' dir='ltr'>multi</span> 
     </span>
     <span class='ocr_line' id='line_1_47' title="bbox 320 2422 1274 2465; baseline 0.006 -12"><span class='ocrx_word' id='word_1_319' title='bbox 320 2431 381 2454; x_wconf 90' lang='lat' dir='ltr'>non</span> <span class='ocrx_word' id='word_1_320' title='bbox 407 2422 523 2454; x_wconf 87' lang='lat' dir='ltr'>habent</span> <span class='ocrx_word' id='word_1_321' title='bbox 546 2426 577 2454; x_wconf 89' lang='lat' dir='ltr'>et</span> <span class='ocrx_word' id='word_1_322' title='bbox 599 2426 721 2461; x_wconf 88' lang='lat' dir='ltr'>amant;</span> <span class='ocrx_word' id='word_1_323' title='bbox 746 2423 796 2455; x_wconf 90' lang='lat' dir='ltr'>alii</span> <span class='ocrx_word' id='word_1_324' title='bbox 815 2424 931 2457; x_wconf 88' lang='lat' dir='ltr'>habent</span> <span class='ocrx_word' id='word_1_325' title='bbox 947 2428 977 2457; x_wconf 89' lang='lat' dir='ltr'>et</span> <span class='ocrx_word' id='word_1_326' title='bbox 992 2429 1113 2465; x_wconf 85' lang='lat' dir='ltr'>amant;</span> <span class='ocrx_word' id='word_1_327' title='bbox 1130 2426 1182 2458; x_wconf 91' lang='lat' dir='ltr'>alii</span> <span class='ocrx_word' id='word_1_328' title='bbox 1199 2435 1274 2459; x_wconf 91' lang='lat' dir='ltr'>vero</span> 
     </span>
     <span class='ocr_line' id='line_1_48' title="bbox 320 2474 1273 2520; baseline 0.005 -14"><span class='ocrx_word' id='word_1_329' title='bbox 320 2483 376 2507; x_wconf 89' lang='lat' dir='ltr'>nec</span> <span class='ocrx_word' id='word_1_330' title='bbox 400 2474 517 2507; x_wconf 87' lang='lat' dir='ltr'>habere</span> <span class='ocrx_word' id='word_1_331' title='bbox 540 2483 597 2508; x_wconf 90' lang='lat' dir='ltr'>nec</span> <span class='ocrx_word' id='word_1_332' title='bbox 620 2484 725 2508; x_wconf 90' lang='lat' dir='ltr'>amare</span> <span class='ocrx_word' id='word_1_333' title='bbox 748 2485 782 2509; x_wconf 92' lang='lat' dir='ltr'>se</span> <span class='ocrx_word' id='word_1_334' title='bbox 805 2476 951 2518; x_wconf 82' lang='lat' dir='ltr'>gaudent,</span> <span class='ocrx_word' id='word_1_335' title='bbox 967 2478 1020 2520; x_wconf 92' lang='lat' dir='ltr'>qui</span> <span class='ocrx_word' id='word_1_336' title='bbox 1038 2478 1171 2511; x_wconf 89' lang='lat' dir='ltr'>tutiores</span> <span class='ocrx_word' id='word_1_337' title='bbox 1187 2483 1273 2519; x_wconf 82' lang='lat' dir='ltr'>sunt,</span> 
     </span>
    </p>
   </div>
   <div class='ocr_carea' id='block_1_10' title="bbox 863 265 1707 302">
    <p class='ocr_par' dir='ltr' id='par_1_11' title="bbox 863 265 1707 302">
     <span class='ocr_line' id='line_1_49' title="bbox 863 265 1707 302; baseline -0.006 0"><span class='ocrx_word' id='word_1_338' title='bbox 863 269 1057 302; x_wconf 81' lang='lat' dir='ltr'>COMMENT.</span> <span class='ocrx_word' id='word_1_339' title='bbox 1082 269 1120 302; x_wconf 94' lang='lat' dir='ltr'>IN</span> <span class='ocrx_word' id='word_1_340' title='bbox 1144 267 1383 301; x_wconf 75' lang='lat' dir='ltr'>EVANGELIUM</span> <span class='ocrx_word' id='word_1_341' title='bbox 1407 266 1525 300; x_wconf 78' lang='lat' dir='ltr'>LUCAE</span> <span class='ocrx_word' id='word_1_342' title='bbox 1549 266 1581 299; x_wconf 93' lang='lat' dir='ltr'>C.</span> <span class='ocrx_word' id='word_1_343' title='bbox 1606 265 1707 298; x_wconf 86' lang='lat' dir='ltr'>XVIII.</span> 
     </span>
    </p>
   </div>
   <div class='ocr_carea' id='block_1_11' title="bbox 1339 352 2302 1194">
    <p class='ocr_par' dir='ltr' id='par_1_12' title="bbox 1339 352 2302 1194">
     <span class='ocr_line' id='line_1_50' title="bbox 1340 352 2301 398; baseline -0.001 -10"><span class='ocrx_word' id='word_1_344' title='bbox 1340 356 1414 398; x_wconf 87' lang='lat' dir='ltr'>quia</span> <span class='ocrx_word' id='word_1_345' title='bbox 1436 364 1509 388; x_wconf 89' lang='lat' dir='ltr'>cum</span> <span class='ocrx_word' id='word_1_346' title='bbox 1544 354 1688 396; x_wconf 83' lang='lat' dir='ltr'>Apostolo</span> <span class='ocrx_word' id='word_1_347' title='bbox 1722 353 1827 386; x_wconf 88' lang='lat' dir='ltr'>dicere</span> <span class='ocrx_word' id='word_1_348' title='bbox 1862 357 2011 395; x_wconf 89' lang='lat' dir='ltr'>possunt:</span> <span class='ocrx_word' id='word_1_349' title='bbox 2036 352 2119 386; x_wconf 73' lang='lat' dir='ltr'>Mihi</span> <span class='ocrx_word' id='word_1_350' title='bbox 2152 354 2301 387; x_wconf 76' lang='lat' dir='ltr'>mundus</span> 
     </span>
     <span class='ocr_line' id='line_1_51' title="bbox 1340 406 2277 450; baseline -0.002 -8"><span class='ocrx_word' id='word_1_351' title='bbox 1340 408 1525 450; x_wconf 70' lang='lat' dir='ltr'>crucifixus</span> <span class='ocrx_word' id='word_1_352' title='bbox 1547 412 1611 446; x_wconf 74' lang='lat' dir='ltr'>est,</span> <span class='ocrx_word' id='word_1_353' title='bbox 1636 410 1664 439; x_wconf 84' lang='lat' dir='ltr'>et</span> <span class='ocrx_word' id='word_1_354' title='bbox 1687 416 1744 449; x_wconf 70' lang='lat' dir='ltr'>eqo</span> <span class='ocrx_word' id='word_1_355' title='bbox 1767 407 1893 439; x_wconf 78' lang='lat' dir='ltr'>mundo</span> <span class='ocrx_word' id='word_1_356' title='bbox 1911 419 1943 444; x_wconf 69' lang='lat' dir='ltr'>n,</span> <span class='ocrx_word' id='word_1_357' title='bbox 1967 406 2007 439; x_wconf 88' lang='lat' dir='ltr'>ad</span> <span class='ocrx_word' id='word_1_358' title='bbox 2028 406 2152 440; x_wconf 85' lang='lat' dir='ltr'>Galatas</span> <span class='ocrx_word' id='word_1_359' title='bbox 2175 410 2277 440; x_wconf 88' lang='lat' dir='ltr'>sexto.</span> 
     </span>
     <span class='ocr_line' id='line_1_52' title="bbox 1429 451 2302 503; baseline -0.002 -9"><span class='ocrx_word' id='word_1_360' title='bbox 1429 462 1481 494; x_wconf 74' lang='grc' dir='ltr'>ἰιίι.</span> <span class='ocrx_word' id='word_1_361' title='bbox 1507 461 1608 503; x_wconf 85' lang='lat' dir='ltr'>(Vers.</span> <span class='ocrx_word' id='word_1_362' title='bbox 1633 451 1710 501; x_wconf 51' lang='grc'>25).</span> <span class='ocrx_word' id='word_1_363' title='bbox 1735 459 1841 493; x_wconf 87' lang='lat' dir='ltr'>Tertio</span> <span class='ocrx_word' id='word_1_364' title='bbox 1873 462 2028 501; x_wconf 88' lang='lat' dir='ltr'>quantum</span> <span class='ocrx_word' id='word_1_365' title='bbox 2052 459 2091 492; x_wconf 85' lang='lat' dir='ltr'>ad</span> <span class='ocrx_word' id='word_1_366' title='bbox 2126 460 2235 503; x_wconf 80' lang='lat' dir='ltr'>ipsius</span> <span class='ocrx_word' id='word_1_367' title='bbox 2259 464 2302 493; x_wconf 87' lang='lat' dir='ltr'>te-</span> 
     </span>
     <span class='ocr_line' id='line_1_53' title="bbox 1339 512 2301 555; baseline -0.003 -7"><span class='ocrx_word' id='word_1_368' title='bbox 1339 515 1497 548; x_wconf 81' lang='lat' dir='ltr'>nacitatis</span> <span class='ocrx_word' id='word_1_369' title='bbox 1520 513 1728 547; x_wconf 75' lang='lat' dir='ltr'>obstaculum</span> <span class='ocrx_word' id='word_1_370' title='bbox 1751 512 1932 555; x_wconf 89' lang='lat' dir='ltr'>subiungit:</span> <span class='ocrx_word' id='word_1_371' title='bbox 1957 512 2109 545; x_wconf 81' lang='lat' dir='ltr'>Facilius</span> <span class='ocrx_word' id='word_1_372' title='bbox 2132 517 2180 546; x_wconf 80' lang='lat' dir='ltr'>cst</span> <span class='ocrx_word' id='word_1_373' title='bbox 2202 513 2301 552; x_wconf 82' lang='lat' dir='ltr'>enim,</span> 
     </span>
     <span class='ocr_line' id='line_1_54' title="bbox 1340 565 2302 610; baseline -0.003 -8"><span class='ocrx_word' id='word_1_374' title='bbox 1340 568 1503 602; x_wconf 84' lang='lat' dir='ltr'>camelum</span> <span class='ocrx_word' id='word_1_375' title='bbox 1523 577 1584 610; x_wconf 80' lang='lat' dir='ltr'>per</span> <span class='ocrx_word' id='word_1_376' title='bbox 1606 565 1762 609; x_wconf 81' lang='lat' dir='ltr'>foramen</span> <span class='ocrx_word' id='word_1_377' title='bbox 1785 575 1869 599; x_wconf 82' lang='lat' dir='ltr'>acus</span> <span class='ocrx_word' id='word_1_378' title='bbox 1893 566 2060 605; x_wconf 81' lang='lat' dir='ltr'>transire,</span> <span class='ocrx_word' id='word_1_379' title='bbox 2083 566 2156 599; x_wconf 92' lang='lat' dir='ltr'>licet</span> <span class='ocrx_word' id='word_1_380' title='bbox 2172 566 2212 599; x_wconf 93' lang='lat' dir='ltr'>sit</span> <span class='ocrx_word' id='word_1_381' title='bbox 2228 575 2302 600; x_wconf 87' lang='lat' dir='ltr'>con-</span> 
     </span>
     <span class='ocr_line' id='line_1_55' title="bbox 1341 619 2300 664; baseline -0.003 -10"><span class='ocrx_word' id='word_1_382' title='bbox 1341 626 1390 655; x_wconf 89' lang='lat' dir='ltr'>tra</span> <span class='ocrx_word' id='word_1_383' title='bbox 1413 625 1557 654; x_wconf 87' lang='lat' dir='ltr'>naturam</span> <span class='ocrx_word' id='word_1_384' title='bbox 1568 646 1576 659; x_wconf 95' lang='lat'>,</span> <span class='ocrx_word' id='word_1_385' title='bbox 1593 629 1695 664; x_wconf 84' lang='lat' dir='ltr'>quam</span> <span class='ocrx_word' id='word_1_386' title='bbox 1712 619 1847 652; x_wconf 83' lang='lat' dir='ltr'>divitem</span> <span class='ocrx_word' id='word_1_387' title='bbox 1870 619 2001 651; x_wconf 81' lang='lat' dir='ltr'>intrare</span> <span class='ocrx_word' id='word_1_388' title='bbox 2017 619 2053 652; x_wconf 85' lang='lat' dir='ltr'>in</span> <span class='ocrx_word' id='word_1_389' title='bbox 2070 629 2212 662; x_wconf 71' lang='lat' dir='ltr'>reynum</span> <span class='ocrx_word' id='word_1_390' title='bbox 2229 619 2300 659; x_wconf 86' lang='lat' dir='ltr'>Dei,</span> 
     </span>
     <span class='ocr_line' id='line_1_56' title="bbox 1340 672 2301 718; baseline -0.003 -10"><span class='ocrx_word' id='word_1_391' title='bbox 1340 676 1414 718; x_wconf 87' lang='lat' dir='ltr'>quia</span> <span class='ocrx_word' id='word_1_392' title='bbox 1437 675 1496 707; x_wconf 90' lang='lat' dir='ltr'>hoc</span> <span class='ocrx_word' id='word_1_393' title='bbox 1520 677 1567 707; x_wconf 91' lang='lat' dir='ltr'>est</span> <span class='ocrx_word' id='word_1_394' title='bbox 1590 677 1700 706; x_wconf 90' lang='lat' dir='ltr'>contra</span> <span class='ocrx_word' id='word_1_395' title='bbox 1723 672 1860 705; x_wconf 87' lang='lat' dir='ltr'>divinam</span> <span class='ocrx_word' id='word_1_396' title='bbox 1884 672 2046 705; x_wconf 91' lang='lat' dir='ltr'>iustitiam.</span> <span class='ocrx_word' id='word_1_397' title='bbox 2064 673 2126 705; x_wconf 90' lang='lat' dir='ltr'>Hoc</span> <span class='ocrx_word' id='word_1_398' title='bbox 2142 672 2226 705; x_wconf 89' lang='lat' dir='ltr'>enim</span> <span class='ocrx_word' id='word_1_399' title='bbox 2242 673 2301 705; x_wconf 90' lang='lat' dir='ltr'>mi-</span> 
     </span>
     <span class='ocr_line' id='line_1_57' title="bbox 1340 726 2302 770; baseline -0.002 -9"><span class='ocrx_word' id='word_1_400' title='bbox 1340 738 1400 761; x_wconf 90' lang='lat' dir='ltr'>nus</span> <span class='ocrx_word' id='word_1_401' title='bbox 1424 727 1614 770; x_wconf 89' lang='lat' dir='ltr'>impossibile</span> <span class='ocrx_word' id='word_1_402' title='bbox 1637 730 1702 766; x_wconf 90' lang='lat' dir='ltr'>est,</span> <span class='ocrx_word' id='word_1_403' title='bbox 1726 726 1812 769; x_wconf 90' lang='lat' dir='ltr'>quod</span> <span class='ocrx_word' id='word_1_404' title='bbox 1835 735 1887 759; x_wconf 90' lang='lat' dir='ltr'>res</span> <span class='ocrx_word' id='word_1_405' title='bbox 1903 735 2017 768; x_wconf 87' lang='lat' dir='ltr'>magna</span> <span class='ocrx_word' id='word_1_406' title='bbox 2032 729 2230 768; x_wconf 85' lang='lat' dir='ltr'>pertranseat</span> <span class='ocrx_word' id='word_1_407' title='bbox 2245 735 2302 769; x_wconf 91' lang='lat' dir='ltr'>per</span> 
     </span>
     <span class='ocr_line' id='line_1_58' title="bbox 1340 778 2302 823; baseline -0.002 -10"><span class='ocrx_word' id='word_1_408' title='bbox 1340 789 1470 823; x_wconf 90' lang='lat' dir='ltr'>parvam</span> <span class='ocrx_word' id='word_1_409' title='bbox 1494 789 1600 818; x_wconf 88' lang='lat' dir='ltr'>acum,</span> <span class='ocrx_word' id='word_1_410' title='bbox 1625 788 1720 822; x_wconf 89' lang='lat' dir='ltr'>quam</span> <span class='ocrx_word' id='word_1_411' title='bbox 1757 778 1841 821; x_wconf 91' lang='lat' dir='ltr'>quod</span> <span class='ocrx_word' id='word_1_412' title='bbox 1876 779 1981 811; x_wconf 88' lang='lat' dir='ltr'>anima</span> <span class='ocrx_word' id='word_1_413' title='bbox 2015 778 2129 820; x_wconf 85' lang='lat' dir='ltr'>cupida</span> <span class='ocrx_word' id='word_1_414' title='bbox 2152 781 2184 811; x_wconf 89' lang='lat' dir='ltr'>et</span> <span class='ocrx_word' id='word_1_415' title='bbox 2206 788 2302 811; x_wconf 86' lang='lat' dir='ltr'>avara</span> 
     </span>
     <span class='ocr_line' id='line_1_59' title="bbox 1340 831 2301 873; baseline -0.003 -7"><span class='ocrx_word' id='word_1_416' title='bbox 1340 834 1436 866; x_wconf 89' lang='lat' dir='ltr'>intret</span> <span class='ocrx_word' id='word_1_417' title='bbox 1460 833 1490 865; x_wconf 91' lang='lat' dir='ltr'>in</span> <span class='ocrx_word' id='word_1_418' title='bbox 1515 832 1655 871; x_wconf 88' lang='lat' dir='ltr'>caelum,</span> <span class='ocrx_word' id='word_1_419' title='bbox 1680 831 1735 864; x_wconf 90' lang='lat' dir='ltr'>ubi</span> <span class='ocrx_word' id='word_1_420' title='bbox 1750 834 1800 864; x_wconf 87' lang='lat' dir='ltr'>est</span> <span class='ocrx_word' id='word_1_421' title='bbox 1815 831 2003 864; x_wconf 87' lang='lat' dir='ltr'>sufficientia</span> <span class='ocrx_word' id='word_1_422' title='bbox 2026 831 2198 870; x_wconf 88' lang='lat' dir='ltr'>bonorum;</span> <span class='ocrx_word' id='word_1_423' title='bbox 2215 831 2301 873; x_wconf 87' lang='lat' dir='ltr'>quia,</span> 
     </span>
     <span class='ocr_line' id='line_1_60' title="bbox 1340 884 2302 927; baseline -0.002 -8"><span class='ocrx_word' id='word_1_424' title='bbox 1340 887 1422 919; x_wconf 90' lang='lat' dir='ltr'>sicut</span> <span class='ocrx_word' id='word_1_425' title='bbox 1437 886 1512 919; x_wconf 91' lang='lat' dir='ltr'>dicit</span> <span class='ocrx_word' id='word_1_426' title='bbox 1528 885 1727 918; x_wconf 89' lang='lat' dir='ltr'>Ecclesiastes</span> <span class='ocrx_word' id='word_1_427' title='bbox 1750 884 1861 927; x_wconf 90' lang='lat' dir='ltr'>quinto</span> <span class='ocrx_word' id='word_1_428' title='bbox 1875 885 1912 923; x_wconf 85' lang='lat'>¹⁰,</span> <span class='ocrx_word' id='word_1_429' title='bbox 1934 897 1950 913; x_wconf 88' lang='lat'><strong><em>«</em></strong></span> <span class='ocrx_word' id='word_1_430' title='bbox 1966 893 2083 917; x_wconf 87' lang='lat' dir='ltr'>avarus</span> <span class='ocrx_word' id='word_1_431' title='bbox 2106 894 2169 917; x_wconf 91' lang='lat' dir='ltr'>non</span> <span class='ocrx_word' id='word_1_432' title='bbox 2193 884 2302 927; x_wconf 80' lang='lat' dir='ltr'>imple-</span> 
     </span>
     <span class='ocr_line' id='line_1_61' title="bbox 1340 938 2302 981; baseline -0.002 -9"><span class='ocrx_word' id='word_1_433' title='bbox 1340 940 1427 973; x_wconf 86' lang='lat' dir='ltr'>bitur</span> <span class='ocrx_word' id='word_1_434' title='bbox 1450 939 1597 981; x_wconf 88' lang='lat' dir='ltr'>pecunia,</span> <span class='ocrx_word' id='word_1_435' title='bbox 1622 941 1653 971; x_wconf 87' lang='lat' dir='ltr'>et</span> <span class='ocrx_word' id='word_1_436' title='bbox 1676 938 1730 980; x_wconf 92' lang='lat' dir='ltr'>qui</span> <span class='ocrx_word' id='word_1_437' title='bbox 1754 942 1838 971; x_wconf 92' lang='lat' dir='ltr'>amat</span> <span class='ocrx_word' id='word_1_438' title='bbox 1861 938 1985 971; x_wconf 89' lang='lat' dir='ltr'>divitias</span> <span class='ocrx_word' id='word_1_439' title='bbox 2009 938 2149 971; x_wconf 77' lang='lat' dir='ltr'>fructum</span> <span class='ocrx_word' id='word_1_440' title='bbox 2172 947 2235 971; x_wconf 91' lang='lat' dir='ltr'>non</span> <span class='ocrx_word' id='word_1_441' title='bbox 2251 947 2302 971; x_wconf 86' lang='lat' dir='ltr'>ca-</span> 
     </span>
     <span class='ocr_line' id='line_1_62' title="bbox 1340 985 2300 1035; baseline -0.001 -10"><span class='ocrx_word' id='word_1_442' title='bbox 1340 993 1404 1035; x_wconf 87' lang='lat' dir='ltr'>piet</span> <span class='ocrx_word' id='word_1_443' title='bbox 1427 1002 1469 1026; x_wconf 79' lang='lat' dir='ltr'>ex</span> <span class='ocrx_word' id='word_1_444' title='bbox 1493 992 1538 1025; x_wconf 90' lang='lat' dir='ltr'>eis</span> <span class='ocrx_word' id='word_1_445' title='bbox 1555 1005 1585 1031; x_wconf 74' lang='lat' dir='ltr'>n,</span> <span class='ocrx_word' id='word_1_446' title='bbox 1610 992 1707 1024; x_wconf 88' lang='lat' dir='ltr'>immo</span> <span class='ocrx_word' id='word_1_447' title='bbox 1737 995 1823 1024; x_wconf 88' lang='lat' dir='ltr'>certe</span> <span class='ocrx_word' id='word_1_448' title='bbox 1858 991 2022 1024; x_wconf 88' lang='lat' dir='ltr'>interitum</span> <span class='ocrx_word' id='word_1_449' title='bbox 2054 985 2300 1033; x_wconf 85' lang='lat' dir='ltr'>sempiternum,</span> 
     </span>
     <span class='ocr_line' id='line_1_63' title="bbox 1341 1044 2302 1088; baseline -0.001 -9"><span class='ocrx_word' id='word_1_450' title='bbox 1341 1046 1415 1088; x_wconf 87' lang='lat' dir='ltr'>quia</span> <span class='ocrx_word' id='word_1_451' title='bbox 1438 1046 1561 1088; x_wconf 87' lang='lat' dir='ltr'>pondus</span> <span class='ocrx_word' id='word_1_452' title='bbox 1583 1045 1765 1078; x_wconf 87' lang='lat' dir='ltr'>divitiarum</span> <span class='ocrx_word' id='word_1_453' title='bbox 1790 1044 1888 1077; x_wconf 88' lang='lat' dir='ltr'>trahit</span> <span class='ocrx_word' id='word_1_454' title='bbox 1910 1044 2074 1083; x_wconf 90' lang='lat' dir='ltr'>deorsum;</span> <span class='ocrx_word' id='word_1_455' title='bbox 2100 1044 2302 1078; x_wconf 81' lang='lat' dir='ltr'>Ecclesiastae</span> 
     </span>
     <span class='ocr_line' id='line_1_64' title="bbox 1341 1097 2300 1141; baseline -0.001 -10"><span class='ocrx_word' id='word_1_456' title='bbox 1341 1099 1469 1141; x_wconf 84' lang='lat' dir='ltr'>quinto:</span> <span class='ocrx_word' id='word_1_457' title='bbox 1498 1112 1514 1127; x_wconf 90' lang='lat'>«</span> <span class='ocrx_word' id='word_1_458' title='bbox 1531 1098 1662 1131; x_wconf 87' lang='lat' dir='ltr'>Divitiae</span> <span class='ocrx_word' id='word_1_459' title='bbox 1685 1101 1888 1131; x_wconf 89' lang='lat' dir='ltr'>conservatae</span> <span class='ocrx_word' id='word_1_460' title='bbox 1912 1098 1943 1130; x_wconf 93' lang='lat' dir='ltr'>in</span> <span class='ocrx_word' id='word_1_461' title='bbox 1961 1097 2080 1130; x_wconf 88' lang='lat' dir='ltr'>malum</span> <span class='ocrx_word' id='word_1_462' title='bbox 2102 1097 2217 1130; x_wconf 89' lang='lat' dir='ltr'>domini</span> <span class='ocrx_word' id='word_1_463' title='bbox 2240 1097 2300 1131; x_wconf 91' lang='lat' dir='ltr'>sui.</span> 
     </span>
     <span class='ocr_line' id='line_1_65' title="bbox 1342 1150 2302 1194; baseline -0.001 -9"><span class='ocrx_word' id='word_1_464' title='bbox 1342 1153 1477 1186; x_wconf 85' lang='lat' dir='ltr'>Pereunt</span> <span class='ocrx_word' id='word_1_465' title='bbox 1501 1153 1533 1185; x_wconf 91' lang='lat' dir='ltr'>in</span> <span class='ocrx_word' id='word_1_466' title='bbox 1560 1152 1728 1185; x_wconf 86' lang='lat' dir='ltr'>afflictione</span> <span class='ocrx_word' id='word_1_467' title='bbox 1758 1151 1894 1194; x_wconf 88' lang='lat' dir='ltr'>pessima</span> <span class='ocrx_word' id='word_1_468' title='bbox 1910 1165 1940 1183; x_wconf 65' lang='lat' dir='ltr'>n.</span> <span class='ocrx_word' id='word_1_469' title='bbox 1966 1151 2052 1184; x_wconf 90' lang='lat' dir='ltr'>Unde</span> <span class='ocrx_word' id='word_1_470' title='bbox 2076 1150 2230 1193; x_wconf 83' lang='lat' dir='ltr'>quantum</span> <span class='ocrx_word' id='word_1_471' title='bbox 2254 1151 2302 1184; x_wconf 89' lang='lat' dir='ltr'>di-</span> 
     </span>
    </p>
   </div>
   <div class='ocr_carea' id='block_1_12' title="bbox 2317 465 2452 520">
    <p class='ocr_par' dir='ltr' id='par_1_13' title="bbox 2317 450 2452 520">
     <span class='ocr_line' id='line_1_66' title="bbox 2320 465 2452 492; baseline 0.015 -5"><span class='ocrx_word' id='word_1_472' title='bbox 2320 467 2441 492; x_wconf 76' lang='lat' dir='ltr'>Tenacitatis</span> <span class='ocrx_word' id='word_1_473' title='bbox 2448 465 2452 489; x_wconf 66' lang='grc' dir='ltr'><em>ἐ</em></span> 
     </span>
     <span class='ocr_line' id='line_1_67' title="bbox 2317 493 2452 520; baseline 0.03 -4"><span class='ocrx_word' id='word_1_474' title='bbox 2317 493 2452 520; x_wconf 59' lang='lat' dir='ltr'>obst-antuliumy</span> 
     </span>
    </p>
   </div>
   <div class='ocr_carea' id='block_1_13' title="bbox 2321 1155 2445 1179">
    <p class='ocr_par' dir='ltr' id='par_1_14' title="bbox 2321 1155 2445 1179">
     <span class='ocr_line' id='line_1_68' title="bbox 2321 1155 2445 1179; baseline 0.016 -2"><span class='ocrx_word' id='word_1_475' title='bbox 2321 1155 2445 1179; x_wconf 78' lang='lat' dir='ltr'>Notandum.</span> 
     </span>
    </p>
   </div>
   <div class='ocr_carea' id='block_1_14' title="bbox 1341 1204 2323 1247">
    <p class='ocr_par' dir='ltr' id='par_1_15' title="bbox 1341 1204 2323 1247">
     <span class='ocr_line' id='line_1_69' title="bbox 1341 1204 2323 1247; baseline -0.002 -8"><span class='ocrx_word' id='word_1_476' title='bbox 1341 1209 1402 1239; x_wconf 88' lang='lat' dir='ltr'>stat</span> <span class='ocrx_word' id='word_1_477' title='bbox 1425 1206 1546 1239; x_wconf 88' lang='lat' dir='ltr'>caelum</span> <span class='ocrx_word' id='word_1_478' title='bbox 1570 1215 1588 1238; x_wconf 83' lang='lat' dir='ltr'>a</span> <span class='ocrx_word' id='word_1_479' title='bbox 1614 1208 1715 1244; x_wconf 89' lang='lat' dir='ltr'>terra,</span> <span class='ocrx_word' id='word_1_480' title='bbox 1740 1208 1863 1238; x_wconf 82' lang='lat' dir='ltr'>tantum</span> <span class='ocrx_word' id='word_1_481' title='bbox 1886 1205 1981 1238; x_wconf 88' lang='lat' dir='ltr'>distat</span> <span class='ocrx_word' id='word_1_482' title='bbox 2004 1214 2059 1238; x_wconf 89' lang='lat' dir='ltr'>cor</span> <span class='ocrx_word' id='word_1_483' title='bbox 2086 1205 2191 1244; x_wconf 86' lang='lat' dir='ltr'>avari,</span> <span class='ocrx_word' id='word_1_484' title='bbox 2216 1204 2301 1247; x_wconf 90' lang='lat' dir='ltr'>quod</span> <span class='ocrx_word' id='word_1_485' title='bbox 2322 1212 2323 1215; x_wconf 74' lang='grc'>’</span> 
     </span>
    </p>
   </div>
   <div class='ocr_carea' id='block_1_15' title="bbox 1339 1257 2302 1889">
    <p class='ocr_par' dir='ltr' id='par_1_16' title="bbox 1339 1257 2302 1889">
     <span class='ocr_line' id='line_1_70' title="bbox 1341 1257 2302 1300; baseline -0.001 -9"><span class='ocrx_word' id='word_1_486' title='bbox 1341 1259 1424 1291; x_wconf 87' lang='lat' dir='ltr'>circa</span> <span class='ocrx_word' id='word_1_487' title='bbox 1448 1263 1574 1291; x_wconf 85' lang='lat' dir='ltr'>terrena</span> <span class='ocrx_word' id='word_1_488' title='bbox 1597 1267 1786 1291; x_wconf 91' lang='lat' dir='ltr'>conversum</span> <span class='ocrx_word' id='word_1_489' title='bbox 1810 1260 1867 1297; x_wconf 90' lang='lat' dir='ltr'>est,</span> <span class='ocrx_word' id='word_1_490' title='bbox 1892 1267 1910 1290; x_wconf 85' lang='lat' dir='ltr'>a</span> <span class='ocrx_word' id='word_1_491' title='bbox 1927 1266 2024 1300; x_wconf 86' lang='lat' dir='ltr'>regno</span> <span class='ocrx_word' id='word_1_492' title='bbox 2048 1257 2120 1296; x_wconf 91' lang='lat' dir='ltr'>Dei,</span> <span class='ocrx_word' id='word_1_493' title='bbox 2145 1257 2231 1299; x_wconf 92' lang='lat' dir='ltr'>quod</span> <span class='ocrx_word' id='word_1_494' title='bbox 2254 1261 2302 1290; x_wconf 87' lang='lat' dir='ltr'>est</span> 
     </span>
     <span class='ocr_line' id='line_1_71' title="bbox 1341 1310 2300 1353; baseline -0.001 -9"><span class='ocrx_word' id='word_1_495' title='bbox 1341 1312 1372 1344; x_wconf 91' lang='lat' dir='ltr'>in</span> <span class='ocrx_word' id='word_1_496' title='bbox 1389 1311 1483 1344; x_wconf 88' lang='lat' dir='ltr'>caelo.</span> <span class='ocrx_word' id='word_1_497' title='bbox 1501 1312 1631 1353; x_wconf 85' lang='lat' dir='ltr'>Propter</span> <span class='ocrx_word' id='word_1_498' title='bbox 1647 1311 1731 1353; x_wconf 90' lang='lat' dir='ltr'>quod</span> <span class='ocrx_word' id='word_1_499' title='bbox 1748 1310 1843 1344; x_wconf 87' lang='lat' dir='ltr'>Isaiae</span> <span class='ocrx_word' id='word_1_500' title='bbox 1859 1310 2122 1353; x_wconf 87' lang='lat' dir='ltr'>quinquagesimo</span> <span class='ocrx_word' id='word_1_501' title='bbox 2138 1310 2249 1353; x_wconf 89' lang='lat' dir='ltr'>quinto</span> <span class='ocrx_word' id='word_1_502' title='bbox 2260 1311 2300 1343; x_wconf 80' lang='lat'>11:</span> 
     </span>
     <span class='ocr_line' id='line_1_72' title="bbox 1346 1364 2298 1408; baseline 0 -11"><span class='ocrx_word' id='word_1_503' title='bbox 1346 1378 1362 1393; x_wconf 89' lang='lat'>«</span> <span class='ocrx_word' id='word_1_504' title='bbox 1378 1365 1464 1397; x_wconf 86' lang='lat' dir='ltr'>Sicut</span> <span class='ocrx_word' id='word_1_505' title='bbox 1487 1365 1669 1397; x_wconf 87' lang='lat' dir='ltr'>exaltantur</span> <span class='ocrx_word' id='word_1_506' title='bbox 1693 1364 1768 1397; x_wconf 86' lang='lat' dir='ltr'>caeli</span> <span class='ocrx_word' id='word_1_507' title='bbox 1792 1373 1811 1396; x_wconf 90' lang='lat' dir='ltr'>a</span> <span class='ocrx_word' id='word_1_508' title='bbox 1837 1368 1939 1403; x_wconf 89' lang='lat' dir='ltr'>terra,</span> <span class='ocrx_word' id='word_1_509' title='bbox 1963 1364 2008 1397; x_wconf 90' lang='lat' dir='ltr'>sic</span> <span class='ocrx_word' id='word_1_510' title='bbox 2042 1364 2298 1408; x_wconf 41' lang='lat' dir='ltr'>exaltatae-sunt</span> 
     </span>
     <span class='ocr_line' id='line_1_73' title="bbox 1340 1417 2301 1459; baseline -0.001 -9"><span class='ocrx_word' id='word_1_511' title='bbox 1340 1418 1408 1450; x_wconf 86' lang='lat' dir='ltr'>viae</span> <span class='ocrx_word' id='word_1_512' title='bbox 1431 1426 1519 1450; x_wconf 87' lang='lat' dir='ltr'>meae</span> <span class='ocrx_word' id='word_1_513' title='bbox 1542 1427 1560 1450; x_wconf 86' lang='lat' dir='ltr'>a</span> <span class='ocrx_word' id='word_1_514' title='bbox 1584 1417 1642 1450; x_wconf 87' lang='lat' dir='ltr'>viis</span> <span class='ocrx_word' id='word_1_515' title='bbox 1666 1417 1794 1454; x_wconf 88' lang='lat' dir='ltr'>vestris,</span> <span class='ocrx_word' id='word_1_516' title='bbox 1818 1421 1850 1450; x_wconf 89' lang='lat' dir='ltr'>et</span> <span class='ocrx_word' id='word_1_517' title='bbox 1873 1417 2076 1459; x_wconf 73' lang='lat' dir='ltr'>cogitationes</span> <span class='ocrx_word' id='word_1_518' title='bbox 2102 1426 2190 1450; x_wconf 89' lang='lat' dir='ltr'>meae</span> <span class='ocrx_word' id='word_1_519' title='bbox 2213 1426 2233 1449; x_wconf 88' lang='lat' dir='ltr'>a</span> <span class='ocrx_word' id='word_1_520' title='bbox 2249 1426 2301 1450; x_wconf 93' lang='lat' dir='ltr'>co-</span> 
     </span>
     <span class='ocr_line' id='line_1_74' title="bbox 1340 1470 2300 1513; baseline 0 -10"><span class='ocrx_word' id='word_1_521' title='bbox 1340 1471 1542 1513; x_wconf 89' lang='lat' dir='ltr'>gitationibus</span> <span class='ocrx_word' id='word_1_522' title='bbox 1566 1470 1680 1503; x_wconf 89' lang='lat' dir='ltr'>vestris</span> <span class='ocrx_word' id='word_1_523' title='bbox 1696 1484 1726 1503; x_wconf 74' lang='lat' dir='ltr'>o.</span> <span class='ocrx_word' id='word_1_524' title='bbox 1763 1471 1800 1503; x_wconf 89' lang='lat' dir='ltr'>Et</span> <span class='ocrx_word' id='word_1_525' title='bbox 1831 1470 2075 1509; x_wconf 83' lang='lat' dir='ltr'>attendendum,</span> <span class='ocrx_word' id='word_1_526' title='bbox 2104 1470 2189 1513; x_wconf 90' lang='lat' dir='ltr'>quod</span> <span class='ocrx_word' id='word_1_527' title='bbox 2213 1473 2300 1504; x_wconf 88' lang='lat' dir='ltr'>recta</span> 
     </span>
     <span class='ocr_line' id='line_1_75' title="bbox 1340 1523 2302 1566; baseline -0.001 -9"><span class='ocrx_word' id='word_1_528' title='bbox 1340 1527 1387 1557; x_wconf 89' lang='lat' dir='ltr'>est</span> <span class='ocrx_word' id='word_1_529' title='bbox 1410 1524 1601 1566; x_wconf 88' lang='lat' dir='ltr'>comparatio</span> <span class='ocrx_word' id='word_1_530' title='bbox 1624 1524 1709 1557; x_wconf 88' lang='lat' dir='ltr'>avari</span> <span class='ocrx_word' id='word_1_531' title='bbox 1735 1524 1781 1556; x_wconf 74' lang='lat' dir='ltr'>acl</span> <span class='ocrx_word' id='word_1_532' title='bbox 1804 1524 1986 1562; x_wconf 84' lang='lat' dir='ltr'>camelum,</span> <span class='ocrx_word' id='word_1_533' title='bbox 2004 1524 2079 1566; x_wconf 88' lang='lat' dir='ltr'>quia</span> <span class='ocrx_word' id='word_1_534' title='bbox 2100 1524 2239 1557; x_wconf 87' lang='lat' dir='ltr'>camelus</span> <span class='ocrx_word' id='word_1_535' title='bbox 2254 1523 2302 1556; x_wconf 89' lang='lat' dir='ltr'>in-</span> 
     </span>
     <span class='ocr_line' id='line_1_76' title="bbox 1340 1577 2300 1619; baseline 0.001 -10"><span class='ocrx_word' id='word_1_536' title='bbox 1340 1577 1486 1619; x_wconf 84' lang='lat' dir='ltr'>gentibus</span> <span class='ocrx_word' id='word_1_537' title='bbox 1502 1577 1653 1610; x_wconf 91' lang='lat' dir='ltr'>membris</span> <span class='ocrx_word' id='word_1_538' title='bbox 1669 1581 1717 1610; x_wconf 87' lang='lat' dir='ltr'>est</span> <span class='ocrx_word' id='word_1_539' title='bbox 1732 1577 1849 1610; x_wconf 87' lang='lat' dir='ltr'>animal</span> <span class='ocrx_word' id='word_1_540' title='bbox 1865 1586 1994 1610; x_wconf 87' lang='lat' dir='ltr'>enorme</span> <span class='ocrx_word' id='word_1_541' title='bbox 2008 1578 2045 1617; x_wconf 82' lang='lat'>1²,</span> <span class='ocrx_word' id='word_1_542' title='bbox 2061 1581 2300 1611; x_wconf 88' lang='lat' dir='ltr'>monstruosum</span> 
     </span>
     <span class='ocr_line' id='line_1_77' title="bbox 1339 1631 2301 1676; baseline 0.001 -13"><span class='ocrx_word' id='word_1_543' title='bbox 1339 1633 1370 1663; x_wconf 89' lang='lat' dir='ltr'>et</span> <span class='ocrx_word' id='word_1_544' title='bbox 1394 1631 1576 1672; x_wconf 78' lang='lat' dir='ltr'>gibbosum3</span> <span class='ocrx_word' id='word_1_545' title='bbox 1602 1631 1646 1676; x_wconf 88' lang='lat' dir='ltr'>sic</span> <span class='ocrx_word' id='word_1_546' title='bbox 1669 1640 1803 1670; x_wconf 84' lang='lat' dir='ltr'>avarus,</span> <span class='ocrx_word' id='word_1_547' title='bbox 1820 1640 1877 1673; x_wconf 89' lang='lat' dir='ltr'>per</span> <span class='ocrx_word' id='word_1_548' title='bbox 1893 1640 2033 1664; x_wconf 89' lang='lat' dir='ltr'>amorem</span> <span class='ocrx_word' id='word_1_549' title='bbox 2051 1631 2218 1673; x_wconf 87' lang='lat' dir='ltr'>copulatus</span> <span class='ocrx_word' id='word_1_550' title='bbox 2234 1631 2301 1664; x_wconf 89' lang='lat' dir='ltr'>suis</span> 
     </span>
     <span class='ocr_line' id='line_1_78' title="bbox 1339 1683 2302 1726; baseline 0.001 -10"><span class='ocrx_word' id='word_1_551' title='bbox 1339 1683 1601 1725; x_wconf 89' lang='lat' dir='ltr'>possessionibus,</span> <span class='ocrx_word' id='word_1_552' title='bbox 1619 1687 1666 1716; x_wconf 89' lang='lat' dir='ltr'>est</span> <span class='ocrx_word' id='word_1_553' title='bbox 1681 1684 1769 1726; x_wconf 88' lang='lat' dir='ltr'>quasi</span> <span class='ocrx_word' id='word_1_554' title='bbox 1795 1684 1910 1717; x_wconf 87' lang='lat' dir='ltr'>animal</span> <span class='ocrx_word' id='word_1_555' title='bbox 1928 1688 2175 1717; x_wconf 90' lang='lat' dir='ltr'>monstruosum.</span> <span class='ocrx_word' id='word_1_556' title='bbox 2193 1684 2302 1717; x_wconf 90' lang='lat' dir='ltr'>Aditus</span> 
     </span>
     <span class='ocr_line' id='line_1_79' title="bbox 1339 1736 2300 1780; baseline 0.001 -11"><span class='ocrx_word' id='word_1_557' title='bbox 1339 1740 1444 1770; x_wconf 89' lang='lat' dir='ltr'>autem</span> <span class='ocrx_word' id='word_1_558' title='bbox 1476 1737 1563 1779; x_wconf 89' lang='lat' dir='ltr'>regni</span> <span class='ocrx_word' id='word_1_559' title='bbox 1600 1736 1741 1770; x_wconf 78' lang='lat' dir='ltr'>caelestis</span> <span class='ocrx_word' id='word_1_560' title='bbox 1776 1741 1978 1779; x_wconf 87' lang='lat' dir='ltr'>comparatur</span> <span class='ocrx_word' id='word_1_561' title='bbox 2014 1737 2182 1780; x_wconf 75' lang='lat' dir='ltr'>foramini</span> <span class='ocrx_word' id='word_1_562' title='bbox 2216 1747 2300 1770; x_wconf 85' lang='lat' dir='ltr'>acus</span> 
     </span>
     <span class='ocr_line' id='line_1_80' title="bbox 1339 1790 2301 1833; baseline 0.002 -11"><span class='ocrx_word' id='word_1_563' title='bbox 1339 1793 1468 1831; x_wconf 90' lang='lat' dir='ltr'>propter</span> <span class='ocrx_word' id='word_1_564' title='bbox 1492 1790 1714 1822; x_wconf 84' lang='lat' dir='ltr'>arctitudinem</span> <span class='ocrx_word' id='word_1_565' title='bbox 1749 1793 1780 1823; x_wconf 89' lang='lat' dir='ltr'>et</span> <span class='ocrx_word' id='word_1_566' title='bbox 1811 1790 2084 1833; x_wconf 82' lang='lat' dir='ltr'>spiritualitatem;</span> <span class='ocrx_word' id='word_1_567' title='bbox 2109 1790 2193 1824; x_wconf 89' lang='lat' dir='ltr'>unde</span> <span class='ocrx_word' id='word_1_568' title='bbox 2224 1791 2301 1824; x_wconf 85' lang='lat' dir='ltr'>Mat-</span> 
     </span>
     <span class='ocr_line' id='line_1_81' title="bbox 1340 1841 2299 1889; baseline 0.001 -13"><span class='ocrx_word' id='word_1_569' title='bbox 1340 1843 1422 1876; x_wconf 87' lang='lat' dir='ltr'>thaei</span> <span class='ocrx_word' id='word_1_570' title='bbox 1447 1844 1579 1885; x_wconf 88' lang='lat' dir='ltr'>septimo</span> <span class='ocrx_word' id='word_1_571' title='bbox 1593 1841 1647 1876; x_wconf 56' lang='lat'>1³1⁴</span> <span class='ocrx_word' id='word_1_572' title='bbox 1663 1856 1679 1889; x_wconf 58' lang='lat' dir='ltr'>f&lt;</span> <span class='ocrx_word' id='word_1_573' title='bbox 1695 1844 1833 1886; x_wconf 79' lang='lat' dir='ltr'>Angusta</span> <span class='ocrx_word' id='word_1_574' title='bbox 1863 1847 1911 1877; x_wconf 90' lang='lat' dir='ltr'>est</span> <span class='ocrx_word' id='word_1_575' title='bbox 1941 1847 2033 1886; x_wconf 89' lang='lat' dir='ltr'>porta</span> <span class='ocrx_word' id='word_1_576' title='bbox 2056 1847 2088 1877; x_wconf 92' lang='lat' dir='ltr'>et</span> <span class='ocrx_word' id='word_1_577' title='bbox 2118 1847 2206 1877; x_wconf 84' lang='lat' dir='ltr'>arcta</span> <span class='ocrx_word' id='word_1_578' title='bbox 2229 1844 2299 1883; x_wconf 89' lang='lat' dir='ltr'>via,</span> 
     </span>
    </p>
   </div>
   <div class='ocr_carea' id='block_1_16' title="bbox 2321 1476 2455 1525">
    <p class='ocr_par' dir='ltr' id='par_1_17' title="bbox 2321 1476 2455 1525">
     <span class='ocr_line' id='line_1_82' title="bbox 2321 1476 2455 1503; baseline 0.007 -6"><span class='ocrx_word' id='word_1_579' title='bbox 2321 1476 2446 1503; x_wconf 80' lang='lat' dir='ltr'>Comparatio</span> <span class='ocrx_word' id='word_1_580' title='bbox 2454 1491 2455 1494; x_wconf 67' lang='lat'>,</span> 
     </span>
     <span class='ocr_line' id='line_1_83' title="bbox 2352 1504 2417 1525; baseline 0.015 -1"><span class='ocrx_word' id='word_1_581' title='bbox 2352 1504 2417 1525; x_wconf 81' lang='lat' dir='ltr'>recta.</span> 
     </span>
    </p>
   </div>
   <div class='ocr_carea' id='block_1_17' title="bbox 1339 1896 2339 1939">
    <p class='ocr_par' dir='ltr' id='par_1_18' title="bbox 1339 1896 2339 1939">
     <span class='ocr_line' id='line_1_84' title="bbox 1339 1896 2339 1939; baseline 0.001 -10"><span class='ocrx_word' id='word_1_582' title='bbox 1339 1905 1420 1938; x_wconf 89' lang='lat' dir='ltr'>quae</span> <span class='ocrx_word' id='word_1_583' title='bbox 1442 1896 1530 1929; x_wconf 89' lang='lat' dir='ltr'>ducit</span> <span class='ocrx_word' id='word_1_584' title='bbox 1552 1896 1591 1929; x_wconf 89' lang='lat' dir='ltr'>ad</span> <span class='ocrx_word' id='word_1_585' title='bbox 1615 1896 1729 1936; x_wconf 83' lang='lat' dir='ltr'>vitam,</span> <span class='ocrx_word' id='word_1_586' title='bbox 1754 1900 1785 1930; x_wconf 86' lang='lat' dir='ltr'>et</span> <span class='ocrx_word' id='word_1_587' title='bbox 1809 1897 1900 1939; x_wconf 80' lang='lat' dir='ltr'>pauci</span> <span class='ocrx_word' id='word_1_588' title='bbox 1932 1897 2052 1930; x_wconf 88' lang='lat' dir='ltr'>intrant</span> <span class='ocrx_word' id='word_1_589' title='bbox 2076 1906 2133 1939; x_wconf 90' lang='lat' dir='ltr'>per</span> <span class='ocrx_word' id='word_1_590' title='bbox 2164 1897 2248 1930; x_wconf 89' lang='lat' dir='ltr'>illam</span> <span class='ocrx_word' id='word_1_591' title='bbox 2265 1911 2297 1930; x_wconf 79' lang='grc'>».</span> <span class='ocrx_word' id='word_1_592' title='bbox 2335 1901 2339 1903; x_wconf 91' lang='grc'><strong>’</strong></span> 
     </span>
    </p>
   </div>
   <div class='ocr_carea' id='block_1_18' title="bbox 1339 1949 2302 2310">
    <p class='ocr_par' dir='ltr' id='par_1_19' title="bbox 1339 1949 2302 2310">
     <span class='ocr_line' id='line_1_85' title="bbox 1339 1949 2301 1993; baseline 0.002 -12"><span class='ocrx_word' id='word_1_593' title='bbox 1339 1949 1425 1982; x_wconf 91' lang='lat' dir='ltr'>Unde</span> <span class='ocrx_word' id='word_1_594' title='bbox 1448 1949 1547 1982; x_wconf 85' lang='lat' dir='ltr'>maior</span> <span class='ocrx_word' id='word_1_595' title='bbox 1571 1952 1618 1982; x_wconf 87' lang='lat' dir='ltr'>est</span> <span class='ocrx_word' id='word_1_596' title='bbox 1641 1950 1874 1992; x_wconf 83' lang='lat' dir='ltr'>impossibilitas</span> <span class='ocrx_word' id='word_1_597' title='bbox 1898 1951 1997 1993; x_wconf 90' lang='lat' dir='ltr'>ipsius</span> <span class='ocrx_word' id='word_1_598' title='bbox 2013 1951 2101 1983; x_wconf 87' lang='lat' dir='ltr'>avari</span> <span class='ocrx_word' id='word_1_599' title='bbox 2117 1950 2156 1983; x_wconf 90' lang='lat' dir='ltr'>ad</span> <span class='ocrx_word' id='word_1_600' title='bbox 2179 1951 2301 1984; x_wconf 81' lang='lat' dir='ltr'>aditum</span> 
     </span>
     <span class='ocr_line' id='line_1_86' title="bbox 1340 2002 2301 2046; baseline 0.003 -12"><span class='ocrx_word' id='word_1_601' title='bbox 1340 2002 1371 2034; x_wconf 92' lang='lat' dir='ltr'>in</span> <span class='ocrx_word' id='word_1_602' title='bbox 1396 2011 1527 2044; x_wconf 85' lang='lat' dir='ltr'>regnum</span> <span class='ocrx_word' id='word_1_603' title='bbox 1553 2003 1713 2036; x_wconf 86' lang='lat' dir='ltr'>caelorum</span> <span class='ocrx_word' id='word_1_604' title='bbox 1741 2012 1838 2046; x_wconf 88' lang='lat' dir='ltr'>quam</span> <span class='ocrx_word' id='word_1_605' title='bbox 1873 2004 1983 2038; x_wconf 87' lang='lat' dir='ltr'>cameli</span> <span class='ocrx_word' id='word_1_606' title='bbox 2007 2004 2046 2037; x_wconf 92' lang='lat' dir='ltr'>ad</span> <span class='ocrx_word' id='word_1_607' title='bbox 2070 2004 2301 2038; x_wconf 89' lang='lat' dir='ltr'>transeundum</span> 
     </span>
     <span class='ocr_line' id='line_1_87' title="bbox 1339 2055 2298 2100; baseline 0.003 -12"><span class='ocrx_word' id='word_1_608' title='bbox 1339 2055 1479 2089; x_wconf 80' lang='lat' dir='ltr'>foramen</span> <span class='ocrx_word' id='word_1_609' title='bbox 1502 2065 1586 2089; x_wconf 89' lang='lat' dir='ltr'>acus.</span> <span class='ocrx_word' id='word_1_610' title='bbox 1612 2056 1742 2099; x_wconf 90' lang='lat' dir='ltr'>Propter</span> <span class='ocrx_word' id='word_1_611' title='bbox 1759 2057 1844 2100; x_wconf 88' lang='lat' dir='ltr'>quod</span> <span class='ocrx_word' id='word_1_612' title='bbox 1860 2058 2039 2091; x_wconf 89' lang='lat' dir='ltr'>Bernardus</span> <span class='ocrx_word' id='word_1_613' title='bbox 2053 2058 2098 2090; x_wconf 82' lang='lat' dir='ltr'>l⁴:</span> <span class='ocrx_word' id='word_1_614' title='bbox 2129 2071 2145 2087; x_wconf 71' lang='grc' dir='ltr'>α</span> <span class='ocrx_word' id='word_1_615' title='bbox 2162 2058 2219 2092; x_wconf 89' lang='lat' dir='ltr'>Per</span> <span class='ocrx_word' id='word_1_616' title='bbox 2242 2067 2298 2091; x_wconf 88' lang='lat' dir='ltr'>an-</span> 
     </span>
     <span class='ocr_line' id='line_1_88' title="bbox 1339 2109 2299 2153; baseline 0.005 -13"><span class='ocrx_word' id='word_1_617' title='bbox 1339 2111 1460 2150; x_wconf 87' lang='lat' dir='ltr'>gustam</span> <span class='ocrx_word' id='word_1_618' title='bbox 1497 2109 1722 2143; x_wconf 86' lang='lat' dir='ltr'>contendamus</span> <span class='ocrx_word' id='word_1_619' title='bbox 1756 2111 1877 2153; x_wconf 87' lang='lat' dir='ltr'>ingredi</span> <span class='ocrx_word' id='word_1_620' title='bbox 1911 2115 2053 2153; x_wconf 87' lang='lat' dir='ltr'>portam,</span> <span class='ocrx_word' id='word_1_621' title='bbox 2076 2120 2204 2145; x_wconf 88' lang='lat' dir='ltr'>necesse</span> <span class='ocrx_word' id='word_1_622' title='bbox 2241 2114 2299 2145; x_wconf 90' lang='lat' dir='ltr'>est.</span> 
     </span>
     <span class='ocr_line' id='line_1_89' title="bbox 1340 2160 2302 2206; baseline 0.005 -14"><span class='ocrx_word' id='word_1_623' title='bbox 1340 2160 1436 2202; x_wconf 89' lang='lat' dir='ltr'>Quid,</span> <span class='ocrx_word' id='word_1_624' title='bbox 1462 2164 1496 2194; x_wconf 90' lang='lat' dir='ltr'>tu</span> <span class='ocrx_word' id='word_1_625' title='bbox 1520 2162 1656 2201; x_wconf 87' lang='lat' dir='ltr'>camele,</span> <span class='ocrx_word' id='word_1_626' title='bbox 1680 2163 1828 2204; x_wconf 89' lang='lat' dir='ltr'>gibbum,</span> <span class='ocrx_word' id='word_1_627' title='bbox 1853 2164 1947 2206; x_wconf 89' lang='lat' dir='ltr'>quid,</span> <span class='ocrx_word' id='word_1_628' title='bbox 1971 2167 2008 2197; x_wconf 81' lang='lat' dir='ltr'>tu</span> <span class='ocrx_word' id='word_1_629' title='bbox 2032 2164 2219 2206; x_wconf 77' lang='lat' dir='ltr'>pecuniose,</span> <span class='ocrx_word' id='word_1_630' title='bbox 2251 2164 2302 2197; x_wconf 91' lang='lat' dir='ltr'>Iu-</span> 
     </span>
     <span class='ocr_line' id='line_1_90' title="bbox 1340 2214 2302 2259; baseline 0.004 -13"><span class='ocrx_word' id='word_1_631' title='bbox 1340 2214 1397 2247; x_wconf 91' lang='lat' dir='ltr'>dae</span> <span class='ocrx_word' id='word_1_632' title='bbox 1421 2214 1590 2256; x_wconf 90' lang='lat' dir='ltr'>proditoris</span> <span class='ocrx_word' id='word_1_633' title='bbox 1612 2215 1732 2249; x_wconf 89' lang='lat' dir='ltr'>loculos</span> <span class='ocrx_word' id='word_1_634' title='bbox 1756 2216 1862 2249; x_wconf 84' lang='lat' dir='ltr'>tollis?</span> <span class='ocrx_word' id='word_1_635' title='bbox 1884 2217 1951 2249; x_wconf 93' lang='lat' dir='ltr'>Non</span> <span class='ocrx_word' id='word_1_636' title='bbox 1968 2217 2031 2256; x_wconf 85' lang='lat' dir='ltr'>sic,</span> <span class='ocrx_word' id='word_1_637' title='bbox 2048 2217 2161 2259; x_wconf 87' lang='lat' dir='ltr'>impie,</span> <span class='ocrx_word' id='word_1_638' title='bbox 2177 2227 2241 2250; x_wconf 91' lang='lat' dir='ltr'>non</span> <span class='ocrx_word' id='word_1_639' title='bbox 2257 2217 2302 2250; x_wconf 88' lang='lat' dir='ltr'>sic</span> 
     </span>
     <span class='ocr_line' id='line_1_91' title="bbox 1339 2267 2302 2310; baseline 0.005 -11"><span class='ocrx_word' id='word_1_640' title='bbox 1339 2267 1541 2310; x_wconf 82' lang='lat' dir='ltr'>ingredieris3</span> <span class='ocrx_word' id='word_1_641' title='bbox 1559 2268 1700 2302; x_wconf 87' lang='lat' dir='ltr'>foramen</span> <span class='ocrx_word' id='word_1_642' title='bbox 1716 2278 1793 2303; x_wconf 87' lang='lat' dir='ltr'>acus</span> <span class='ocrx_word' id='word_1_643' title='bbox 1809 2270 1990 2303; x_wconf 90' lang='lat' dir='ltr'>huiusmodi</span> <span class='ocrx_word' id='word_1_644' title='bbox 2012 2270 2152 2304; x_wconf 88' lang='lat' dir='ltr'>sarcinas</span> <span class='ocrx_word' id='word_1_645' title='bbox 2169 2280 2231 2304; x_wconf 93' lang='lat' dir='ltr'>non</span> <span class='ocrx_word' id='word_1_646' title='bbox 2247 2270 2302 2304; x_wconf 88' lang='lat' dir='ltr'>ad-</span> 
     </span>
    </p>
   </div>
   <div class='ocr_carea' id='block_1_19' title="bbox 1338 2321 2453 2365">
    <p class='ocr_par' dir='ltr' id='par_1_20' title="bbox 1338 2321 2453 2365">
     <span class='ocr_line' id='line_1_92' title="bbox 1338 2321 2453 2365; baseline 0.004 -12"><span class='ocrx_word' id='word_1_647' title='bbox 1338 2321 1442 2353; x_wconf 89' lang='lat' dir='ltr'>mittit.</span> <span class='ocrx_word' id='word_1_648' title='bbox 1458 2321 1516 2354; x_wconf 90' lang='lat' dir='ltr'>Sed</span> <span class='ocrx_word' id='word_1_649' title='bbox 1528 2327 1684 2355; x_wconf 84' lang='lat' dir='ltr'>excusant</span> <span class='ocrx_word' id='word_1_650' title='bbox 1697 2332 1730 2356; x_wconf 88' lang='lat' dir='ltr'>se</span> <span class='ocrx_word' id='word_1_651' title='bbox 1741 2323 1837 2365; x_wconf 91' lang='lat' dir='ltr'>aliqui</span> <span class='ocrx_word' id='word_1_652' title='bbox 1855 2323 2013 2356; x_wconf 86' lang='lat' dir='ltr'>dicentes:</span> <span class='ocrx_word' id='word_1_653' title='bbox 2030 2323 2186 2356; x_wconf 80' lang='lat' dir='ltr'>Abraham</span> <span class='ocrx_word' id='word_1_654' title='bbox 2198 2350 2205 2363; x_wconf 91' lang='lat'>,</span> <span class='ocrx_word' id='word_1_655' title='bbox 2219 2324 2302 2358; x_wconf 80' lang='lat' dir='ltr'>Isaac</span> <span class='ocrx_word' id='word_1_656' title='bbox 2312 2326 2453 2349; x_wconf 65' lang='lat'>3¹⁰⁰·211010</span> 
     </span>
    </p>
   </div>
   <div class='ocr_carea' id='block_1_20' title="bbox 1338 2374 2303 2527">
    <p class='ocr_par' dir='ltr' id='par_1_21' title="bbox 1338 2374 2303 2527">
     <span class='ocr_line' id='line_1_93' title="bbox 1338 2374 2302 2418; baseline 0.004 -12"><span class='ocrx_word' id='word_1_657' title='bbox 1338 2377 1369 2406; x_wconf 91' lang='lat' dir='ltr'>et</span> <span class='ocrx_word' id='word_1_658' title='bbox 1392 2374 1481 2407; x_wconf 89' lang='lat' dir='ltr'>Iacob</span> <span class='ocrx_word' id='word_1_659' title='bbox 1498 2375 1659 2417; x_wconf 87' lang='lat' dir='ltr'>ceterique</span> <span class='ocrx_word' id='word_1_660' title='bbox 1675 2376 1779 2409; x_wconf 84' lang='lat' dir='ltr'>Sancti</span> <span class='ocrx_word' id='word_1_661' title='bbox 1803 2376 1948 2418; x_wconf 90' lang='lat' dir='ltr'>nunquid</span> <span class='ocrx_word' id='word_1_662' title='bbox 1969 2386 2032 2409; x_wconf 92' lang='lat' dir='ltr'>non</span> <span class='ocrx_word' id='word_1_663' title='bbox 2057 2381 2201 2410; x_wconf 89' lang='lat' dir='ltr'>terrenas</span> <span class='ocrx_word' id='word_1_664' title='bbox 2223 2377 2302 2410; x_wconf 90' lang='lat' dir='ltr'>divi-</span> 
     </span>
     <span class='ocr_line' id='line_1_94' title="bbox 1339 2426 2300 2473; baseline 0.005 -14"><span class='ocrx_word' id='word_1_665' title='bbox 1339 2426 1397 2460; x_wconf 88' lang='lat' dir='ltr'>tias</span> <span class='ocrx_word' id='word_1_666' title='bbox 1421 2427 1570 2461; x_wconf 87' lang='lat' dir='ltr'>habuisse</span> <span class='ocrx_word' id='word_1_667' title='bbox 1594 2429 1744 2471; x_wconf 87' lang='lat' dir='ltr'>leguntur</span> <span class='ocrx_word' id='word_1_668' title='bbox 1759 2429 1811 2462; x_wconf 86' lang='lat'>¹⁵?</span> <span class='ocrx_word' id='word_1_669' title='bbox 1835 2429 1958 2462; x_wconf 87' lang='lat' dir='ltr'>Sufficit</span> <span class='ocrx_word' id='word_1_670' title='bbox 1974 2430 2081 2469; x_wconf 92' lang='lat' dir='ltr'>nobis;</span> <span class='ocrx_word' id='word_1_671' title='bbox 2098 2439 2202 2473; x_wconf 88' lang='lat' dir='ltr'>neque</span> <span class='ocrx_word' id='word_1_672' title='bbox 2217 2431 2300 2464; x_wconf 90' lang='lat' dir='ltr'>enim</span> 
     </span>
     <span class='ocr_line' id='line_1_95' title="bbox 1339 2481 2303 2527; baseline 0.005 -15"><span class='ocrx_word' id='word_1_673' title='bbox 1339 2489 1450 2513; x_wconf 91' lang='lat' dir='ltr'>sumus</span> <span class='ocrx_word' id='word_1_674' title='bbox 1465 2481 1610 2523; x_wconf 89' lang='lat' dir='ltr'>patribus</span> <span class='ocrx_word' id='word_1_675' title='bbox 1627 2482 1774 2515; x_wconf 87' lang='lat' dir='ltr'>meliores</span> <span class='ocrx_word' id='word_1_676' title='bbox 1789 2496 1821 2515; x_wconf 83' lang='lat'>».</span> <span class='ocrx_word' id='word_1_677' title='bbox 1840 2501 1881 2507; x_wconf 89' lang='lat'>—</span> <span class='ocrx_word' id='word_1_678' title='bbox 1904 2497 1920 2513; x_wconf 86' lang='lat'>«</span> <span class='ocrx_word' id='word_1_679' title='bbox 1937 2483 2019 2525; x_wconf 84' lang='lat' dir='ltr'>Quid</span> <span class='ocrx_word' id='word_1_680' title='bbox 2043 2484 2303 2527; x_wconf 85' lang='lat' dir='ltr'>respondebimus</span> 
     </span>
    </p>
   </div>
   <div class='ocr_carea' id='block_1_21' title="bbox 1027 2619 1603 2625">
    <p class='ocr_par' dir='ltr' id='par_1_22' title="bbox 1027 2619 1603 2625">
     <span class='ocr_line' id='line_1_96' title="bbox 1027 2619 1603 2625; baseline 0 0"><span class='ocrx_word' id='word_1_681' title='bbox 1027 2619 1603 2625; x_wconf 95' lang='lat' dir='ltr'> </span> 
     </span>
    </p>
   </div>
   <div class='ocr_carea' id='block_1_22' title="bbox 320 2715 1276 3237">
    <p class='ocr_par' dir='ltr' id='par_1_23' title="bbox 393 2715 849 2751">
     <span class='ocr_line' id='line_1_97' title="bbox 393 2715 849 2751; baseline 0.007 -11"><span class='ocrx_word' id='word_1_682' title='bbox 393 2715 400 2729; x_wconf 93' lang='lat'>¹</span> <span class='ocrx_word' id='word_1_683' title='bbox 423 2716 495 2741; x_wconf 77' lang='lat' dir='ltr'>Vers.</span> <span class='ocrx_word' id='word_1_684' title='bbox 515 2716 557 2741; x_wconf 71' lang='lat'>34.</span> <span class='ocrx_word' id='word_1_685' title='bbox 578 2717 688 2748; x_wconf 82' lang='lat' dir='ltr'>Vulgata</span> <span class='ocrx_word' id='word_1_686' title='bbox 709 2717 849 2751; x_wconf 80' lang='lat' dir='ltr'>Rapinam.</span> 
     </span>
    </p>

    <p class='ocr_par' dir='ltr' id='par_1_24' title="bbox 391 2758 646 2786">
     <span class='ocr_line' id='line_1_98' title="bbox 391 2758 646 2786; baseline 0.008 -2"><span class='ocrx_word' id='word_1_687' title='bbox 391 2758 402 2773; x_wconf 76' lang='lat'>²</span> <span class='ocrx_word' id='word_1_688' title='bbox 423 2760 495 2785; x_wconf 89' lang='lat' dir='ltr'>Vers.</span> <span class='ocrx_word' id='word_1_689' title='bbox 516 2760 540 2785; x_wconf 88' lang='grc'>9.</span> <span class='ocrx_word' id='word_1_690' title='bbox 559 2763 584 2786; x_wconf 86' lang='lat' dir='ltr'>et</span> <span class='ocrx_word' id='word_1_691' title='bbox 604 2761 646 2786; x_wconf 75' lang='lat' dir='ltr'>to.</span> 
     </span>
    </p>

    <p class='ocr_par' dir='ltr' id='par_1_25' title="bbox 322 2803 1276 2880">
     <span class='ocr_line' id='line_1_99' title="bbox 392 2803 1276 2842; baseline 0.008 -14"><span class='ocrx_word' id='word_1_692' title='bbox 392 2803 402 2818; x_wconf 76' lang='lat'>³</span> <span class='ocrx_word' id='word_1_693' title='bbox 422 2804 524 2829; x_wconf 86' lang='lat' dir='ltr'>Scilicet</span> <span class='ocrx_word' id='word_1_694' title='bbox 548 2804 729 2831; x_wconf 71' lang='lat' dir='ltr'>interlinearis</span> <span class='ocrx_word' id='word_1_695' title='bbox 755 2806 911 2834; x_wconf 85' lang='lat' dir='ltr'>(secundum</span> <span class='ocrx_word' id='word_1_696' title='bbox 941 2808 1059 2841; x_wconf 82' lang='lat' dir='ltr'>Bedam).</span> <span class='ocrx_word' id='word_1_697' title='bbox 1088 2823 1123 2828; x_wconf 89' lang='lat'>—</span> <span class='ocrx_word' id='word_1_698' title='bbox 1153 2810 1276 2842; x_wconf 87' lang='lat' dir='ltr'>Sequitur</span> 
     </span>
     <span class='ocr_line' id='line_1_100' title="bbox 322 2848 526 2880; baseline 0 -7"><span class='ocrx_word' id='word_1_699' title='bbox 322 2849 397 2874; x_wconf 77' lang='lat' dir='ltr'>Marc.</span> <span class='ocrx_word' id='word_1_700' title='bbox 419 2848 465 2880; x_wconf 72' lang='grc'>10,</span> <span class='ocrx_word' id='word_1_701' title='bbox 485 2848 526 2874; x_wconf 74' lang='grc' dir='ltr'>2ί.</span> 
     </span>
    </p>

    <p class='ocr_par' dir='ltr' id='par_1_26' title="bbox 392 2891 1140 2929">
     <span class='ocr_line' id='line_1_101' title="bbox 392 2891 1140 2929; baseline 0.008 -12"><span class='ocrx_word' id='word_1_702' title='bbox 392 2891 403 2906; x_wconf 72' lang='lat'><strong>⁴</strong></span> <span class='ocrx_word' id='word_1_703' title='bbox 422 2893 520 2924; x_wconf 80' lang='lat' dir='ltr'>Nempe</span> <span class='ocrx_word' id='word_1_704' title='bbox 539 2892 720 2920; x_wconf 80' lang='lat' dir='ltr'>interlinearis</span> <span class='ocrx_word' id='word_1_705' title='bbox 741 2895 782 2927; x_wconf 84' lang='lat' dir='ltr'>(ex</span> <span class='ocrx_word' id='word_1_706' title='bbox 801 2896 881 2929; x_wconf 82' lang='lat' dir='ltr'>Beda)</span> <span class='ocrx_word' id='word_1_707' title='bbox 901 2897 926 2921; x_wconf 90' lang='lat' dir='ltr'>in</span> <span class='ocrx_word' id='word_1_708' title='bbox 946 2897 1006 2922; x_wconf 92' lang='lat' dir='ltr'>Luc.</span> <span class='ocrx_word' id='word_1_709' title='bbox 1029 2898 1075 2929; x_wconf 72' lang='lat'>⁴8,</span> <span class='ocrx_word' id='word_1_710' title='bbox 1097 2897 1140 2923; x_wconf 76' lang='grc'>24.</span> 
     </span>
    </p>

    <p class='ocr_par' dir='ltr' id='par_1_27' title="bbox 391 2935 1201 2973">
     <span class='ocr_line' id='line_1_102' title="bbox 391 2935 1201 2973; baseline 0.009 -12"><span class='ocrx_word' id='word_1_711' title='bbox 391 2935 403 2950; x_wconf 85' lang='lat'><em>⁶</em></span> <span class='ocrx_word' id='word_1_712' title='bbox 423 2937 497 2963; x_wconf 76' lang='lat' dir='ltr'>vers.</span> <span class='ocrx_word' id='word_1_713' title='bbox 516 2938 540 2962; x_wconf 83' lang='lat'>9.</span> <span class='ocrx_word' id='word_1_714' title='bbox 561 2938 609 2963; x_wconf 88' lang='lat' dir='ltr'>Pro</span> <span class='ocrx_word' id='word_1_715' title='bbox 628 2937 762 2965; x_wconf 82' lang='lat' dir='ltr'>hominem</span> <span class='ocrx_word' id='word_1_716' title='bbox 782 2939 840 2965; x_wconf 86' lang='lat' dir='ltr'>Vat.</span> <span class='ocrx_word' id='word_1_717' title='bbox 859 2947 919 2965; x_wconf 89' lang='lat' dir='ltr'>cum</span> <span class='ocrx_word' id='word_1_718' title='bbox 939 2941 1052 2973; x_wconf 80' lang='lat' dir='ltr'>Vulgata</span> <span class='ocrx_word' id='word_1_719' title='bbox 1072 2941 1201 2968; x_wconf 83' lang='lat' dir='ltr'>homines.</span> 
     </span>
    </p>

    <p class='ocr_par' dir='ltr' id='par_1_28' title="bbox 320 2979 1276 3102">
     <span class='ocr_line' id='line_1_103' title="bbox 391 2979 1276 3017; baseline 0.008 -12"><span class='ocrx_word' id='word_1_720' title='bbox 391 2979 402 2993; x_wconf 60' lang='grc' dir='ltr'><strong>Β</strong></span> <span class='ocrx_word' id='word_1_721' title='bbox 421 2981 512 3006; x_wconf 83' lang='lat' dir='ltr'>Psalm.</span> <span class='ocrx_word' id='word_1_722' title='bbox 535 2981 579 3013; x_wconf 72' lang='lat'>43,</span> <span class='ocrx_word' id='word_1_723' title='bbox 600 2982 642 3007; x_wconf 84' lang='grc'>25.</span> <span class='ocrx_word' id='word_1_724' title='bbox 662 2982 849 3014; x_wconf 81' lang='lat' dir='ltr'>Theophylact.</span> <span class='ocrx_word' id='word_1_725' title='bbox 870 2984 894 3009; x_wconf 93' lang='lat' dir='ltr'>in</span> <span class='ocrx_word' id='word_1_726' title='bbox 916 2984 977 3010; x_wconf 89' lang='lat' dir='ltr'>Luc.</span> <span class='ocrx_word' id='word_1_727' title='bbox 999 2985 1046 3017; x_wconf 77' lang='lat' dir='ltr'>ts,</span> <span class='ocrx_word' id='word_1_728' title='bbox 1075 2985 1169 3011; x_wconf 77' lang='lat'><strong>24-302</strong></span> <span class='ocrx_word' id='word_1_729' title='bbox 1194 2987 1276 3012; x_wconf 86' lang='lat' dir='ltr'>Tena-</span> 
     </span>
     <span class='ocr_line' id='line_1_104' title="bbox 324 3023 1276 3059; baseline 0.008 -11"><span class='ocrx_word' id='word_1_730' title='bbox 324 3023 407 3050; x_wconf 85' lang='lat' dir='ltr'>ciores</span> <span class='ocrx_word' id='word_1_731' title='bbox 425 3024 494 3049; x_wconf 88' lang='lat' dir='ltr'>enim</span> <span class='ocrx_word' id='word_1_732' title='bbox 514 3025 587 3050; x_wconf 86' lang='lat' dir='ltr'>visco</span> <span class='ocrx_word' id='word_1_733' title='bbox 614 3025 756 3051; x_wconf 82' lang='lat' dir='ltr'>adhaerent</span> <span class='ocrx_word' id='word_1_734' title='bbox 776 3027 915 3059; x_wconf 83' lang='lat' dir='ltr'>pecuniae,</span> <span class='ocrx_word' id='word_1_735' title='bbox 935 3031 960 3053; x_wconf 89' lang='lat' dir='ltr'>et</span> <span class='ocrx_word' id='word_1_736' title='bbox 987 3029 1091 3055; x_wconf 76' lang='lat' dir='ltr'>difficile</span> <span class='ocrx_word' id='word_1_737' title='bbox 1117 3028 1276 3056; x_wconf 86' lang='lat' dir='ltr'>abstrahitur</span> 
     </span>
     <span class='ocr_line' id='line_1_105' title="bbox 320 3068 803 3102; baseline 0.006 -9"><span class='ocrx_word' id='word_1_738' title='bbox 320 3068 365 3101; x_wconf 84' lang='lat' dir='ltr'>qui</span> <span class='ocrx_word' id='word_1_739' title='bbox 385 3076 399 3094; x_wconf 91' lang='lat' dir='ltr'>a</span> <span class='ocrx_word' id='word_1_740' title='bbox 419 3068 513 3095; x_wconf 79' lang='lat' dir='ltr'>talibus</span> <span class='ocrx_word' id='word_1_741' title='bbox 531 3072 570 3095; x_wconf 80' lang='lat' dir='ltr'>est</span> <span class='ocrx_word' id='word_1_742' title='bbox 588 3072 803 3102; x_wconf 83' lang='lat' dir='ltr'>comprehensus.</span> 
     </span>
    </p>

    <p class='ocr_par' dir='ltr' id='par_1_29' title="bbox 320 3110 1276 3187">
     <span class='ocr_line' id='line_1_106' title="bbox 391 3110 1276 3150; baseline 0.008 -13"><span class='ocrx_word' id='word_1_743' title='bbox 391 3110 401 3125; x_wconf 97' lang='lat'>⁷</span> <span class='ocrx_word' id='word_1_744' title='bbox 421 3113 560 3138; x_wconf 85' lang='lat' dir='ltr'>Declamat.</span> <span class='ocrx_word' id='word_1_745' title='bbox 581 3113 636 3146; x_wconf 77' lang='lat' dir='ltr'>(cfr.</span> <span class='ocrx_word' id='word_1_746' title='bbox 664 3121 743 3146; x_wconf 86' lang='lat' dir='ltr'>supra</span> <span class='ocrx_word' id='word_1_747' title='bbox 772 3122 832 3147; x_wconf 81' lang='lat' dir='ltr'>pag.</span> <span class='ocrx_word' id='word_1_748' title='bbox 862 3116 927 3148; x_wconf 81' lang='lat'>228,</span> <span class='ocrx_word' id='word_1_749' title='bbox 947 3120 1005 3142; x_wconf 89' lang='lat' dir='ltr'>nota</span> <span class='ocrx_word' id='word_1_750' title='bbox 1035 3117 1071 3150; x_wconf 88' lang='lat'>8.)</span> <span class='ocrx_word' id='word_1_751' title='bbox 1097 3117 1123 3142; x_wconf 88' lang='grc' dir='ltr'>ΙΙ.</span> <span class='ocrx_word' id='word_1_752' title='bbox 1152 3125 1176 3143; x_wconf 93' lang='lat' dir='ltr'>n.</span> <span class='ocrx_word' id='word_1_753' title='bbox 1197 3119 1223 3144; x_wconf 88' lang='lat'>2.</span> <span class='ocrx_word' id='word_1_754' title='bbox 1240 3132 1276 3138; x_wconf 86' lang='lat'>-—</span> 
     </span>
     <span class='ocr_line' id='line_1_107' title="bbox 320 3156 947 3187; baseline 0.008 -5"><span class='ocrx_word' id='word_1_755' title='bbox 320 3157 369 3182; x_wconf 81' lang='lat' dir='ltr'>Pro</span> <span class='ocrx_word' id='word_1_756' title='bbox 389 3156 463 3183; x_wconf 76' lang='lat' dir='ltr'>Unde</span> <span class='ocrx_word' id='word_1_757' title='bbox 481 3156 639 3184; x_wconf 68' lang='lat' dir='ltr'>Bernartius</span> <span class='ocrx_word' id='word_1_758' title='bbox 659 3158 717 3184; x_wconf 82' lang='lat' dir='ltr'>Vat.</span> <span class='ocrx_word' id='word_1_759' title='bbox 737 3158 812 3185; x_wconf 78' lang='lat' dir='ltr'>Unde</span> <span class='ocrx_word' id='word_1_760' title='bbox 830 3161 855 3186; x_wconf 88' lang='lat' dir='ltr'>et</span> <span class='ocrx_word' id='word_1_761' title='bbox 873 3159 947 3187; x_wconf 79' lang='lat' dir='ltr'>haec.</span> 
     </span>
    </p>

    <p class='ocr_par' dir='ltr' id='par_1_30' title="bbox 390 3198 1275 3237">
     <span class='ocr_line' id='line_1_108' title="bbox 390 3198 1275 3237; baseline 0.007 -11"><span class='ocrx_word' id='word_1_762' title='bbox 390 3198 402 3214; x_wconf 74' lang='lat'>⁸</span> <span class='ocrx_word' id='word_1_763' title='bbox 421 3201 522 3227; x_wconf 85' lang='lat' dir='ltr'>Scilicet</span> <span class='ocrx_word' id='word_1_764' title='bbox 540 3201 722 3229; x_wconf 80' lang='lat' dir='ltr'>interlinearis</span> <span class='ocrx_word' id='word_1_765' title='bbox 743 3203 899 3235; x_wconf 85' lang='lat' dir='ltr'>(secundum</span> <span class='ocrx_word' id='word_1_766' title='bbox 920 3204 1029 3237; x_wconf 83' lang='lat' dir='ltr'>Bedam)</span> <span class='ocrx_word' id='word_1_767' title='bbox 1049 3204 1075 3230; x_wconf 91' lang='lat' dir='ltr'>in</span> <span class='ocrx_word' id='word_1_768' title='bbox 1089 3206 1150 3231; x_wconf 90' lang='lat' dir='ltr'>Luc.</span> <span class='ocrx_word' id='word_1_769' title='bbox 1167 3206 1213 3237; x_wconf 76' lang='grc'>18,</span> <span class='ocrx_word' id='word_1_770' title='bbox 1227 3206 1275 3232; x_wconf 71' lang='lat'>24:</span> 
     </span>
    </p>
   </div>
   <div class='ocr_carea' id='block_1_23' title="bbox 322 3243 1283 3283">
    <p class='ocr_par' dir='ltr' id='par_1_31' title="bbox 322 3243 1283 3283">
     <span class='ocr_line' id='line_1_109' title="bbox 322 3243 1283 3283; baseline 0.006 -13"><span class='ocrx_word' id='word_1_771' title='bbox 322 3243 411 3277; x_wconf 83' lang='lat' dir='ltr'>Quam</span> <span class='ocrx_word' id='word_1_772' title='bbox 430 3244 533 3279; x_wconf 78' lang='lat' dir='ltr'>difficile</span> <span class='ocrx_word' id='word_1_773' title='bbox 551 3249 609 3277; x_wconf 70' lang='lat' dir='ltr'>etc„</span> <span class='ocrx_word' id='word_1_774' title='bbox 634 3254 682 3273; x_wconf 83' lang='lat' dir='ltr'>nec</span> <span class='ocrx_word' id='word_1_775' title='bbox 708 3247 882 3279; x_wconf 82' lang='lat' dir='ltr'>impossibile,</span> <span class='ocrx_word' id='word_1_776' title='bbox 906 3248 953 3274; x_wconf 86' lang='lat' dir='ltr'>sed</span> <span class='ocrx_word' id='word_1_777' title='bbox 978 3248 1083 3275; x_wconf 80' lang='lat' dir='ltr'>difficile</span> <span class='ocrx_word' id='word_1_778' title='bbox 1107 3249 1185 3281; x_wconf 85' lang='lat' dir='ltr'>dixit,</span> <span class='ocrx_word' id='word_1_779' title='bbox 1213 3245 1283 3283; x_wconf 82' lang='lat' dir='ltr'>quia‘</span> 
     </span>
    </p>
   </div>
   <div class='ocr_carea' id='block_1_24' title="bbox 321 3289 525 3316">
    <p class='ocr_par' dir='ltr' id='par_1_32' title="bbox 321 3289 525 3316">
     <span class='ocr_line' id='line_1_110' title="bbox 321 3289 525 3316; baseline 0.01 -2"><span class='ocrx_word' id='word_1_780' title='bbox 321 3289 458 3315; x_wconf 75' lang='lat' dir='ltr'>difficulter</span> <span class='ocrx_word' id='word_1_781' title='bbox 476 3292 525 3316; x_wconf 85' lang='lat' dir='ltr'>etc.</span> 
     </span>
    </p>
   </div>
   <div class='ocr_carea' id='block_1_25' title="bbox 391 3331 1275 3372">
    <p class='ocr_par' dir='ltr' id='par_1_33' title="bbox 391 3331 1275 3372">
     <span class='ocr_line' id='line_1_111' title="bbox 391 3331 1275 3372; baseline 0.008 -14"><span class='ocrx_word' id='word_1_782' title='bbox 391 3331 403 3347; x_wconf 80' lang='lat'>⁹</span> <span class='ocrx_word' id='word_1_783' title='bbox 421 3333 490 3359; x_wconf 90' lang='lat' dir='ltr'>Libr.</span> <span class='ocrx_word' id='word_1_784' title='bbox 510 3334 542 3360; x_wconf 90' lang='lat' dir='ltr'>V.</span> <span class='ocrx_word' id='word_1_785' title='bbox 562 3334 586 3360; x_wconf 88' lang='lat' dir='ltr'>in</span> <span class='ocrx_word' id='word_1_786' title='bbox 605 3336 667 3361; x_wconf 88' lang='lat' dir='ltr'>Luc.</span> <span class='ocrx_word' id='word_1_787' title='bbox 688 3336 735 3368; x_wconf 73' lang='lat'>48,</span> <span class='ocrx_word' id='word_1_788' title='bbox 754 3336 797 3362; x_wconf 77' lang='grc'>24.</span> <span class='ocrx_word' id='word_1_789' title='bbox 816 3339 842 3363; x_wconf 86' lang='lat' dir='ltr'>et</span> <span class='ocrx_word' id='word_1_790' title='bbox 861 3337 896 3362; x_wconf 91' lang='grc' dir='ltr'>ΙΙΙ.</span> <span class='ocrx_word' id='word_1_791' title='bbox 917 3337 944 3362; x_wconf 90' lang='lat' dir='ltr'>in</span> <span class='ocrx_word' id='word_1_792' title='bbox 963 3338 1039 3364; x_wconf 84' lang='lat' dir='ltr'>Marc.</span> <span class='ocrx_word' id='word_1_793' title='bbox 1055 3338 1102 3369; x_wconf 78' lang='lat' dir='ltr'>lo,</span> <span class='ocrx_word' id='word_1_794' title='bbox 1116 3338 1158 3371; x_wconf 68' lang='lat'>24,</span> <span class='ocrx_word' id='word_1_795' title='bbox 1177 3346 1208 3365; x_wconf 88' lang='lat' dir='ltr'>ex</span> <span class='ocrx_word' id='word_1_796' title='bbox 1220 3346 1275 3372; x_wconf 92' lang='lat' dir='ltr'>quo</span> 
     </span>
    </p>
   </div>
   <div class='ocr_carea' id='block_1_26' title="bbox 321 3377 1276 3453">
    <p class='ocr_par' dir='ltr' id='par_1_34' title="bbox 321 3377 1276 3453">
     <span class='ocr_line' id='line_1_112' title="bbox 321 3377 1276 3414; baseline 0.008 -12"><span class='ocrx_word' id='word_1_797' title='bbox 321 3380 360 3402; x_wconf 83' lang='lat' dir='ltr'>cst</span> <span class='ocrx_word' id='word_1_798' title='bbox 384 3377 462 3404; x_wconf 83' lang='lat' dir='ltr'>etlam</span> <span class='ocrx_word' id='word_1_799' title='bbox 487 3385 543 3412; x_wconf 81' lang='lat' dir='ltr'>seq.</span> <span class='ocrx_word' id='word_1_800' title='bbox 569 3379 659 3405; x_wconf 75' lang='lat' dir='ltr'>Glossa</span> <span class='ocrx_word' id='word_1_801' title='bbox 685 3379 840 3413; x_wconf 80' lang='lat' dir='ltr'>ordinaria,</span> <span class='ocrx_word' id='word_1_802' title='bbox 864 3381 889 3406; x_wconf 91' lang='lat' dir='ltr'>in</span> <span class='ocrx_word' id='word_1_803' title='bbox 908 3381 984 3408; x_wconf 85' lang='lat' dir='ltr'>cuius</span> <span class='ocrx_word' id='word_1_804' title='bbox 1003 3381 1053 3408; x_wconf 80' lang='lat' dir='ltr'>tine</span> <span class='ocrx_word' id='word_1_805' title='bbox 1071 3383 1199 3414; x_wconf 79' lang='lat' dir='ltr'>allegatur</span> <span class='ocrx_word' id='word_1_806' title='bbox 1219 3384 1276 3410; x_wconf 85' lang='lat' dir='ltr'>Gal.</span> 
     </span>
     <span class='ocr_line' id='line_1_113' title="bbox 322 3421 415 3453; baseline 0.011 -7"><span class='ocrx_word' id='word_1_807' title='bbox 322 3421 352 3453; x_wconf 79' lang='lat' dir='ltr'>s,</span> <span class='ocrx_word' id='word_1_808' title='bbox 374 3421 415 3447; x_wconf 66' lang='lat' dir='ltr'>it.</span> 
     </span>
    </p>
   </div>
   <div class='ocr_carea' id='block_1_27' title="bbox 1412 2721 2302 2759">
    <p class='ocr_par' dir='ltr' id='par_1_35' title="bbox 1412 2721 2302 2759">
     <span class='ocr_line' id='line_1_114' title="bbox 1412 2721 2302 2759; baseline 0.008 -12"><span class='ocrx_word' id='word_1_809' title='bbox 1412 2721 1433 2736; x_wconf 88' lang='lat'>¹⁰</span> <span class='ocrx_word' id='word_1_810' title='bbox 1453 2723 1527 2749; x_wconf 86' lang='lat' dir='ltr'>Vers.</span> <span class='ocrx_word' id='word_1_811' title='bbox 1547 2724 1571 2748; x_wconf 79' lang='lat'>9.</span> <span class='ocrx_word' id='word_1_812' title='bbox 1597 2728 1623 2749; x_wconf 85' lang='lat' dir='ltr'>et</span> <span class='ocrx_word' id='word_1_813' title='bbox 1640 2724 1735 2750; x_wconf 87' lang='lat' dir='ltr'>deinde</span> <span class='ocrx_word' id='word_1_814' title='bbox 1765 2732 1792 2751; x_wconf 83' lang='lat' dir='ltr'>v,</span> <span class='ocrx_word' id='word_1_815' title='bbox 1821 2726 1864 2751; x_wconf 72' lang='lat' dir='ltr'>vt2.</span> <span class='ocrx_word' id='word_1_816' title='bbox 1894 2733 1959 2759; x_wconf 66' lang='lat' dir='ltr'>seq„</span> <span class='ocrx_word' id='word_1_817' title='bbox 1979 2726 2023 2752; x_wconf 87' lang='lat' dir='ltr'>ubi</span> <span class='ocrx_word' id='word_1_818' title='bbox 2052 2734 2101 2759; x_wconf 86' lang='lat' dir='ltr'>pro</span> <span class='ocrx_word' id='word_1_819' title='bbox 2126 2729 2302 2754; x_wconf 81' lang='lat' dir='ltr'>conservatae</span> 
     </span>
    </p>
   </div>
   <div class='ocr_carea' id='block_1_28' title="bbox 1340 2765 2301 2881">
    <p class='ocr_par' dir='ltr' id='par_1_36' title="bbox 1340 2765 2301 2881">
     <span class='ocr_line' id='line_1_115' title="bbox 1340 2765 2301 2803; baseline 0.007 -12"><span class='ocrx_word' id='word_1_820' title='bbox 1340 2765 1421 2792; x_wconf 81' lang='lat' dir='ltr'>ACD</span> <span class='ocrx_word' id='word_1_821' title='bbox 1440 2769 1626 2800; x_wconf 57' lang='lat' dir='ltr'>confirmatae.</span> <span class='ocrx_word' id='word_1_822' title='bbox 1645 2781 1681 2787; x_wconf 90' lang='lat'>—</span> <span class='ocrx_word' id='word_1_823' title='bbox 1700 2769 1737 2794; x_wconf 88' lang='lat' dir='ltr'>De</span> <span class='ocrx_word' id='word_1_824' title='bbox 1756 2769 1868 2796; x_wconf 81' lang='lat' dir='ltr'>diversis</span> <span class='ocrx_word' id='word_1_825' title='bbox 1887 2771 1973 2797; x_wconf 88' lang='lat' dir='ltr'>modis</span> <span class='ocrx_word' id='word_1_826' title='bbox 1992 2771 2195 2803; x_wconf 82' lang='lat' dir='ltr'>impossibilium</span> <span class='ocrx_word' id='word_1_827' title='bbox 2215 2773 2264 2798; x_wconf 81' lang='lat' dir='ltr'>cfr.</span> <span class='ocrx_word' id='word_1_828' title='bbox 2283 2773 2301 2799; x_wconf 88' lang='lat' dir='ltr'>l.</span> 
     </span>
     <span class='ocr_line' id='line_1_116' title="bbox 1340 2811 1746 2845; baseline 0.007 -10"><span class='ocrx_word' id='word_1_829' title='bbox 1340 2811 1409 2836; x_wconf 86' lang='lat' dir='ltr'>Sent.</span> <span class='ocrx_word' id='word_1_830' title='bbox 1429 2811 1455 2836; x_wconf 87' lang='lat' dir='ltr'>d.</span> <span class='ocrx_word' id='word_1_831' title='bbox 1475 2811 1518 2836; x_wconf 75' lang='grc'>42.</span> <span class='ocrx_word' id='word_1_832' title='bbox 1536 2819 1562 2844; x_wconf 84' lang='lat' dir='ltr'>q.</span> <span class='ocrx_word' id='word_1_833' title='bbox 1583 2813 1607 2837; x_wconf 89' lang='lat'>3.</span> <span class='ocrx_word' id='word_1_834' title='bbox 1628 2813 1652 2838; x_wconf 90' lang='lat' dir='ltr'>in</span> <span class='ocrx_word' id='word_1_835' title='bbox 1672 2820 1746 2845; x_wconf 87' lang='lat' dir='ltr'>corp.</span> 
     </span>
     <span class='ocr_line' id='line_1_117' title="bbox 1412 2854 1574 2881; baseline 0.006 -1"><span class='ocrx_word' id='word_1_836' title='bbox 1412 2854 1431 2868; x_wconf 91' lang='lat'>¹¹</span> <span class='ocrx_word' id='word_1_837' title='bbox 1453 2855 1528 2881; x_wconf 78' lang='lat' dir='ltr'>Vei-s.</span> <span class='ocrx_word' id='word_1_838' title='bbox 1549 2857 1574 2881; x_wconf 89' lang='grc'>9.</span> 
     </span>
    </p>
   </div>
   <div class='ocr_carea' id='block_1_29' title="bbox 1339 2897 2301 3464">
    <p class='ocr_par' dir='ltr' id='par_1_37' title="bbox 1341 2897 2301 2972">
     <span class='ocr_line' id='line_1_118' title="bbox 1410 2897 2301 2938; baseline 0.01 -15"><span class='ocrx_word' id='word_1_839' title='bbox 1410 2897 1431 2912; x_wconf 80' lang='lat'>¹²</span> <span class='ocrx_word' id='word_1_840' title='bbox 1451 2899 1534 2930; x_wconf 83' lang='lat' dir='ltr'>Beda,</span> <span class='ocrx_word' id='word_1_841' title='bbox 1555 2901 1585 2925; x_wconf 89' lang='lat' dir='ltr'>V.</span> <span class='ocrx_word' id='word_1_842' title='bbox 1606 2901 1631 2926; x_wconf 91' lang='lat' dir='ltr'>in</span> <span class='ocrx_word' id='word_1_843' title='bbox 1650 2902 1711 2927; x_wconf 77' lang='lat' dir='ltr'>Luc.</span> <span class='ocrx_word' id='word_1_844' title='bbox 1739 2903 1785 2933; x_wconf 75' lang='lat' dir='ltr'>is,</span> <span class='ocrx_word' id='word_1_845' title='bbox 1806 2903 1847 2928; x_wconf 77' lang='lat'>25.</span> <span class='ocrx_word' id='word_1_846' title='bbox 1877 2904 1994 2930; x_wconf 86' lang='lat' dir='ltr'>nominat</span> <span class='ocrx_word' id='word_1_847' title='bbox 2015 2906 2170 2931; x_wconf 87' lang='lat' dir='ltr'>«camelum</span> <span class='ocrx_word' id='word_1_848' title='bbox 2190 2905 2301 2938; x_wconf 80' lang='lat' dir='ltr'>ingenti-</span> 
     </span>
     <span class='ocr_line' id='line_1_119' title="bbox 1341 2941 1728 2972; baseline 0.013 -5"><span class='ocrx_word' id='word_1_849' title='bbox 1341 2941 1390 2968; x_wconf 87' lang='lat' dir='ltr'>bus</span> <span class='ocrx_word' id='word_1_850' title='bbox 1409 2943 1536 2970; x_wconf 85' lang='lat' dir='ltr'>membris</span> <span class='ocrx_word' id='word_1_851' title='bbox 1554 2951 1689 2971; x_wconf 89' lang='lat' dir='ltr'>enormem</span> <span class='ocrx_word' id='word_1_852' title='bbox 1703 2956 1728 2972; x_wconf 75' lang='lat'>¹&gt;-</span> 
     </span>
    </p>

    <p class='ocr_par' dir='ltr' id='par_1_38' title="bbox 1340 2985 2300 3146">
     <span class='ocr_line' id='line_1_120' title="bbox 1411 2985 2300 3027; baseline 0.01 -15"><span class='ocrx_word' id='word_1_853' title='bbox 1411 2985 1433 3001; x_wconf 79' lang='lat'>¹⁸</span> <span class='ocrx_word' id='word_1_854' title='bbox 1454 2988 1527 3013; x_wconf 82' lang='lat' dir='ltr'>Vers.</span> <span class='ocrx_word' id='word_1_855' title='bbox 1548 2989 1590 3025; x_wconf 66' lang='lat'>⁴⁴.-</span> <span class='ocrx_word' id='word_1_856' title='bbox 1608 2988 1659 3016; x_wconf 77' lang='lat' dir='ltr'>Ct&#39;r.</span> <span class='ocrx_word' id='word_1_857' title='bbox 1678 2991 1769 3016; x_wconf 86' lang='lat' dir='ltr'>Glossa</span> <span class='ocrx_word' id='word_1_858' title='bbox 1789 2991 1932 3019; x_wconf 80' lang='lat' dir='ltr'>ordinaria</span> <span class='ocrx_word' id='word_1_859' title='bbox 1951 2993 1994 3026; x_wconf 88' lang='lat' dir='ltr'>(ex</span> <span class='ocrx_word' id='word_1_860' title='bbox 2017 2994 2099 3027; x_wconf 84' lang='lat' dir='ltr'>Beda)</span> <span class='ocrx_word' id='word_1_861' title='bbox 2125 2994 2151 3020; x_wconf 93' lang='lat' dir='ltr'>in</span> <span class='ocrx_word' id='word_1_862' title='bbox 2170 2995 2233 3021; x_wconf 91' lang='lat' dir='ltr'>Luc.</span> <span class='ocrx_word' id='word_1_863' title='bbox 2254 2996 2300 3026; x_wconf 72' lang='grc'>18,</span> 
     </span>
     <span class='ocr_line' id='line_1_121' title="bbox 1341 3031 2300 3071; baseline 0.009 -15"><span class='ocrx_word' id='word_1_864' title='bbox 1341 3031 1383 3057; x_wconf 85' lang='grc'>25.</span> <span class='ocrx_word' id='word_1_865' title='bbox 1402 3045 1437 3051; x_wconf 92' lang='grc'>-</span> <span class='ocrx_word' id='word_1_866' title='bbox 1456 3032 1564 3063; x_wconf 81' lang='lat' dir='ltr'>inferius</span> <span class='ocrx_word' id='word_1_867' title='bbox 1582 3040 1630 3065; x_wconf 90' lang='lat' dir='ltr'>pro</span> <span class='ocrx_word' id='word_1_868' title='bbox 1650 3033 1678 3060; x_wconf 87' lang='lat' dir='ltr'>in</span> <span class='ocrx_word' id='word_1_869' title='bbox 1705 3042 1837 3069; x_wconf 67' lang='lat' dir='ltr'>reanum,</span> <span class='ocrx_word' id='word_1_870' title='bbox 1857 3037 1878 3062; x_wconf 84' lang='lat' dir='ltr'>H</span> <span class='ocrx_word' id='word_1_871' title='bbox 1897 3037 1990 3071; x_wconf 73' lang='lat' dir='ltr'>requi,</span> <span class='ocrx_word' id='word_1_872' title='bbox 2010 3038 2055 3071; x_wconf 87' lang='lat' dir='ltr'>qui</span> <span class='ocrx_word' id='word_1_873' title='bbox 2075 3039 2154 3064; x_wconf 87' lang='lat' dir='ltr'>etiam</span> <span class='ocrx_word' id='word_1_874' title='bbox 2173 3046 2235 3065; x_wconf 89' lang='lat' dir='ltr'>cum</span> <span class='ocrx_word' id='word_1_875' title='bbox 2249 3039 2300 3065; x_wconf 77' lang='lat' dir='ltr'>AC</span> 
     </span>
     <span class='ocr_line' id='line_1_122' title="bbox 1340 3075 2300 3115; baseline 0.01 -15"><span class='ocrx_word' id='word_1_876' title='bbox 1340 3075 1391 3100; x_wconf 91' lang='lat' dir='ltr'>DG</span> <span class='ocrx_word' id='word_1_877' title='bbox 1410 3076 1504 3102; x_wconf 88' lang='lat' dir='ltr'>omittit</span> <span class='ocrx_word' id='word_1_878' title='bbox 1522 3077 1670 3110; x_wconf 81' lang='lat' dir='ltr'>caelorum,</span> <span class='ocrx_word' id='word_1_879' title='bbox 1689 3082 1715 3105; x_wconf 84' lang='lat' dir='ltr'>et</span> <span class='ocrx_word' id='word_1_880' title='bbox 1734 3087 1782 3112; x_wconf 85' lang='lat' dir='ltr'>pro</span> <span class='ocrx_word' id='word_1_881' title='bbox 1802 3081 2000 3108; x_wconf 77' lang='lat' dir='ltr'>transeundum</span> <span class='ocrx_word' id='word_1_882' title='bbox 2021 3083 2065 3115; x_wconf 87' lang='lat' dir='ltr'>(ita</span> <span class='ocrx_word' id='word_1_883' title='bbox 2079 3082 2110 3115; x_wconf 91' lang='lat' dir='ltr'>G)</span> <span class='ocrx_word' id='word_1_884' title='bbox 2132 3083 2181 3109; x_wconf 73' lang='lat' dir='ltr'>Ac</span> <span class='ocrx_word' id='word_1_885' title='bbox 2193 3083 2244 3109; x_wconf 83' lang='lat' dir='ltr'>Du</span> <span class='ocrx_word' id='word_1_886' title='bbox 2262 3082 2300 3109; x_wconf 84' lang='lat' dir='ltr'>in-</span> 
     </span>
     <span class='ocr_line' id='line_1_123' title="bbox 1340 3119 1481 3146; baseline 0.007 -1"><span class='ocrx_word' id='word_1_887' title='bbox 1340 3119 1481 3146; x_wconf 85' lang='lat' dir='ltr'>trandum.</span> 
     </span>
    </p>

    <p class='ocr_par' dir='ltr' id='par_1_39' title="bbox 1340 3164 2300 3282">
     <span class='ocr_line' id='line_1_124' title="bbox 1412 3164 2299 3206; baseline 0.009 -16"><span class='ocrx_word' id='word_1_888' title='bbox 1412 3164 1433 3179; x_wconf 87' lang='lat'>¹⁴</span> <span class='ocrx_word' id='word_1_889' title='bbox 1452 3166 1591 3192; x_wconf 84' lang='lat' dir='ltr'>Declamat.</span> <span class='ocrx_word' id='word_1_890' title='bbox 1612 3167 1670 3196; x_wconf 82' lang='lat' dir='ltr'>(cfr.</span> <span class='ocrx_word' id='word_1_891' title='bbox 1689 3175 1768 3200; x_wconf 82' lang='lat' dir='ltr'>supra</span> <span class='ocrx_word' id='word_1_892' title='bbox 1788 3176 1850 3202; x_wconf 81' lang='lat' dir='ltr'>pag.</span> <span class='ocrx_word' id='word_1_893' title='bbox 1872 3171 1936 3202; x_wconf 87' lang='lat'>228,</span> <span class='ocrx_word' id='word_1_894' title='bbox 1952 3174 2011 3197; x_wconf 82' lang='lat' dir='ltr'>nota</span> <span class='ocrx_word' id='word_1_895' title='bbox 2026 3171 2062 3206; x_wconf 90' lang='lat'>8.)</span> <span class='ocrx_word' id='word_1_896' title='bbox 2082 3172 2115 3198; x_wconf 87' lang='lat' dir='ltr'>V.</span> <span class='ocrx_word' id='word_1_897' title='bbox 2134 3180 2159 3198; x_wconf 92' lang='lat' dir='ltr'>n.</span> <span class='ocrx_word' id='word_1_898' title='bbox 2173 3173 2198 3199; x_wconf 81' lang='lat'>5.</span> <span class='ocrx_word' id='word_1_899' title='bbox 2212 3175 2238 3198; x_wconf 85' lang='lat' dir='ltr'>et</span> <span class='ocrx_word' id='word_1_900' title='bbox 2257 3172 2299 3198; x_wconf 91' lang='lat' dir='ltr'>Vl.</span> 
     </span>
     <span class='ocr_line' id='line_1_125' title="bbox 1340 3208 2300 3249; baseline 0.009 -16"><span class='ocrx_word' id='word_1_901' title='bbox 1340 3215 1366 3234; x_wconf 89' lang='lat' dir='ltr'>n.</span> <span class='ocrx_word' id='word_1_902' title='bbox 1385 3208 1409 3233; x_wconf 87' lang='grc'>6.</span> <span class='ocrx_word' id='word_1_903' title='bbox 1428 3222 1463 3228; x_wconf 85' lang='grc'><strong>-</strong></span> <span class='ocrx_word' id='word_1_904' title='bbox 1482 3210 1553 3236; x_wconf 87' lang='lat' dir='ltr'>loan.</span> <span class='ocrx_word' id='word_1_905' title='bbox 1576 3211 1621 3243; x_wconf 65' lang='lat'>⁴2,</span> <span class='ocrx_word' id='word_1_906' title='bbox 1641 3212 1667 3238; x_wconf 84' lang='grc'>6.</span> <span class='ocrx_word' id='word_1_907' title='bbox 1685 3213 1719 3238; x_wconf 86' lang='lat' dir='ltr'>de</span> <span class='ocrx_word' id='word_1_908' title='bbox 1745 3213 1807 3239; x_wconf 84' lang='lat' dir='ltr'>luda</span> <span class='ocrx_word' id='word_1_909' title='bbox 1826 3214 1936 3246; x_wconf 87' lang='lat' dir='ltr'>dicitur,</span> <span class='ocrx_word' id='word_1_910' title='bbox 1958 3225 1972 3239; x_wconf 68' lang='lat' dir='ltr'>e</span> <span class='ocrx_word' id='word_1_911' title='bbox 1985 3216 2048 3249; x_wconf 79' lang='lat' dir='ltr'>quia</span> <span class='ocrx_word' id='word_1_912' title='bbox 2077 3217 2118 3242; x_wconf 89' lang='lat' dir='ltr'>t&#39;ur</span> <span class='ocrx_word' id='word_1_913' title='bbox 2137 3219 2194 3242; x_wconf 84' lang='lat' dir='ltr'>erat</span> <span class='ocrx_word' id='word_1_914' title='bbox 2221 3220 2247 3242; x_wconf 88' lang='lat' dir='ltr'>et</span> <span class='ocrx_word' id='word_1_915' title='bbox 2266 3217 2300 3242; x_wconf 91' lang='lat' dir='ltr'>lo-</span> 
     </span>
     <span class='ocr_line' id='line_1_126' title="bbox 1341 3252 1632 3282; baseline 0.017 -5"><span class='ocrx_word' id='word_1_916' title='bbox 1341 3252 1414 3278; x_wconf 84' lang='lat' dir='ltr'>culos</span> <span class='ocrx_word' id='word_1_917' title='bbox 1432 3253 1534 3280; x_wconf 80' lang='lat' dir='ltr'>haberis</span> <span class='ocrx_word' id='word_1_918' title='bbox 1546 3264 1559 3278; x_wconf 73' lang='lat' dir='ltr'><strong><em>n</em></strong></span> <span class='ocrx_word' id='word_1_919' title='bbox 1582 3258 1632 3282; x_wconf 84' lang='lat' dir='ltr'>etc.</span> 
     </span>
    </p>

    <p class='ocr_par' dir='ltr' id='par_1_40' title="bbox 1339 3294 2301 3464">
     <span class='ocr_line' id='line_1_127' title="bbox 1410 3294 2300 3337; baseline 0.008 -15"><span class='ocrx_word' id='word_1_920' title='bbox 1410 3294 1433 3310; x_wconf 75' lang='lat'>¹⁶</span> <span class='ocrx_word' id='word_1_921' title='bbox 1451 3297 1514 3323; x_wconf 85' lang='lat' dir='ltr'>Gen.</span> <span class='ocrx_word' id='word_1_922' title='bbox 1536 3299 1584 3330; x_wconf 75' lang='lat'>⁴3,</span> <span class='ocrx_word' id='word_1_923' title='bbox 1605 3300 1627 3325; x_wconf 81' lang='lat' dir='ltr'>t.</span> <span class='ocrx_word' id='word_1_924' title='bbox 1646 3307 1721 3334; x_wconf 81' lang='lat' dir='ltr'>seqq.</span> <span class='ocrx_word' id='word_1_925' title='bbox 1739 3305 1765 3327; x_wconf 85' lang='lat' dir='ltr'>et</span> <span class='ocrx_word' id='word_1_926' title='bbox 1785 3302 1832 3335; x_wconf 88' lang='grc'>36,</span> <span class='ocrx_word' id='word_1_927' title='bbox 1852 3302 1878 3329; x_wconf 90' lang='grc'>7.</span> <span class='ocrx_word' id='word_1_928' title='bbox 1896 3302 1947 3330; x_wconf 78' lang='lat' dir='ltr'>cfr.</span> <span class='ocrx_word' id='word_1_929' title='bbox 1960 3304 2081 3337; x_wconf 71' lang='lat' dir='ltr'>merom,</span> <span class='ocrx_word' id='word_1_930' title='bbox 2096 3305 2133 3331; x_wconf 85' lang='grc' dir='ltr'>ΙΙΙ.</span> <span class='ocrx_word' id='word_1_931' title='bbox 2152 3304 2300 3331; x_wconf 82' lang='lat' dir='ltr'>comment.</span> 
     </span>
     <span class='ocr_line' id='line_1_128' title="bbox 1339 3340 2300 3385; baseline 0.008 -18"><span class='ocrx_word' id='word_1_932' title='bbox 1339 3340 1367 3367; x_wconf 85' lang='lat' dir='ltr'>in</span> <span class='ocrx_word' id='word_1_933' title='bbox 1386 3341 1473 3367; x_wconf 86' lang='lat' dir='ltr'>Matth.</span> <span class='ocrx_word' id='word_1_934' title='bbox 1494 3342 1540 3374; x_wconf 62' lang='grc'>19,</span> <span class='ocrx_word' id='word_1_935' title='bbox 1560 3343 1603 3369; x_wconf 90' lang='grc'>23.</span> <span class='ocrx_word' id='word_1_936' title='bbox 1621 3357 1658 3363; x_wconf 94' lang='grc'>-</span> <span class='ocrx_word' id='word_1_937' title='bbox 1678 3345 1737 3371; x_wconf 76' lang='lat' dir='ltr'>Post</span> <span class='ocrx_word' id='word_1_938' title='bbox 1754 3345 1861 3381; x_wconf 76' lang='lat' dir='ltr'>Sufficit</span> <span class='ocrx_word' id='word_1_939' title='bbox 1885 3346 1962 3375; x_wconf 75' lang='lat' dir='ltr'>nobz&#39;s</span> <span class='ocrx_word' id='word_1_940' title='bbox 1991 3351 2082 3385; x_wconf 16' lang='lat' dir='ltr'>textus*</span> <span class='ocrx_word' id='word_1_941' title='bbox 2100 3349 2236 3380; x_wconf 84' lang='lat' dir='ltr'>originalis</span> <span class='ocrx_word' id='word_1_942' title='bbox 2263 3348 2300 3381; x_wconf 87' lang='lat' dir='ltr'>(ot</span> 
     </span>
     <span class='ocr_line' id='line_1_129' title="bbox 1339 3384 2301 3426; baseline 0.01 -16"><span class='ocrx_word' id='word_1_943' title='bbox 1339 3384 1417 3411; x_wconf 85' lang='lat' dir='ltr'>Card.</span> <span class='ocrx_word' id='word_1_944' title='bbox 1435 3386 1523 3420; x_wconf 80' lang='lat' dir='ltr'>Hugo)</span> <span class='ocrx_word' id='word_1_945' title='bbox 1542 3387 1616 3413; x_wconf 87' lang='lat' dir='ltr'>addit</span> <span class='ocrx_word' id='word_1_946' title='bbox 1633 3395 1703 3421; x_wconf 83' lang='lat' dir='ltr'>esse,</span> <span class='ocrx_word' id='word_1_947' title='bbox 1722 3389 1792 3417; x_wconf 78' lang='lat' dir='ltr'>sicut</span> <span class='ocrx_word' id='word_1_948' title='bbox 1811 3389 1852 3416; x_wconf 81' lang='lat' dir='ltr'>illi</span> <span class='ocrx_word' id='word_1_949' title='bbox 1867 3391 1995 3425; x_wconf 82' lang='lat' dir='ltr'>suerunt,</span> <span class='ocrx_word' id='word_1_950' title='bbox 2009 3393 2054 3426; x_wconf 88' lang='lat' dir='ltr'>qui</span> <span class='ocrx_word' id='word_1_951' title='bbox 2074 3393 2152 3419; x_wconf 85' lang='lat' dir='ltr'>etiarn</span> <span class='ocrx_word' id='word_1_952' title='bbox 2171 3396 2231 3425; x_wconf 82' lang='lat' dir='ltr'>post</span> <span class='ocrx_word' id='word_1_953' title='bbox 2249 3399 2301 3419; x_wconf 84' lang='lat' dir='ltr'>me-</span> 
     </span>
     <span class='ocr_line' id='line_1_130' title="bbox 1340 3427 1677 3464; baseline 0.012 -9"><span class='ocrx_word' id='word_1_954' title='bbox 1340 3427 1420 3456; x_wconf 79' lang='lat' dir='ltr'>liores</span> <span class='ocrx_word' id='word_1_955' title='bbox 1439 3430 1513 3462; x_wconf 84' lang='lat' dir='ltr'>plura</span> <span class='ocrx_word' id='word_1_956' title='bbox 1533 3430 1677 3464; x_wconf 82' lang='lat' dir='ltr'>subiungit.</span> 
     </span>
    </p>
   </div>
   <div class='ocr_carea' id='block_1_30' title="bbox 2344 2354 2432 2376">
    <p class='ocr_par' dir='ltr' id='par_1_41' title="bbox 2344 2354 2432 2376">
     <span class='ocr_line' id='line_1_131' title="bbox 2344 2354 2432 2376; baseline 0 -1"><span class='ocrx_word' id='word_1_957' title='bbox 2344 2354 2432 2376; x_wconf 74' lang='lat' dir='ltr'>fallitur.</span> 
     </span>
    </p>
   </div>
  </div>
 </body>
</html>
