2427 3872
291 254 355 286 710

539 295 604 322 cnr.
625 294 680 327 (20)

290 340 420 374 passionis
438 347 466 366 se
493 339 654 369 occultabat,
682 338 743 371 quia
763 340 867 369 tempus
885 343 928 361 ex-

290 384 439 418 spectabat,
466 390 520 417 quo
547 382 703 409 adveniente
726 389 754 407 se
782 380 929 407 manifestat

291 430 324 454 Vl
345 429 396 454 415
416 428 449 453 26
470 427 499 453 1·
516 441 552 447 -
570 429 630 452 ante
655 426 805 458 passionem
824 425 929 456 ignotus

290 480 348 499 esse
366 471 480 503 volebat,
500 475 560 504 post
578 471 728 503 passionem
748 477 812 495 vero
831 468 929 501 glorifi-

291 517 391 543 candus
419 515 479 542 ibid.
499 515 528 541 2·
545 529 582 534 -
608 515 695 541 Gloria
723 513 817 540 Christi
845 512 928 538 occul·

291 561 371 587 tanda
389 559 453 586 ante>
466 560 615 592 passionem
629 559 671 584 Vll
692 559 743 584 238
764 558 806 583 68.
825 557 876 582 239
894 556 927 581 69

291 619 326 623 —
351 607 412 630 ante
439 604 589 636 passionem
618 610 693 629 suam
725 602 872 627 manifestat
900 607 929 625 se

292 648 426 682 gentibus,
445 651 474 674 ut
492 655 539 680 per
558 649 607 673 hoc
626 648 683 673 eius
710 646 812 672 claritas
830 648 856 671 et
874 645 930 677 glo·

291 694 329 718 ria
349 693 526 719 manifestetur
545 692 576 717 Vl
597 691 647 717 4l7
666 692 709 722 32,
729 691 763 716 35

328 738 362 763 20
381 751 416 756 -
435 737 462 762 in
481 737 524 762 die
543 735 648 761 Sabbati
668 735 741 761 venit
768 734 929 764 Bethaniam,

293 781 338 807 ubi
358 783 423 807 sacta
442 783 481 806 est
499 781 523 806 ei
541 787 636 811 coena,
650 783 675 805 et
687 779 731 805 die
749 778 868 812 sequenti
888 784 930 803 ve-

293 826 330 851 nit
356 825 495 851 ierusalem
523 827 646 856 exceptus
674 830 734 849 cum
761 823 858 855 gaudio
886 822 930 848 Vll

294 870 345 895 540
366 871 381 895 2
401 884 434 888 -—
455 869 536 895 voluit
555 869 680 894 accedere
705 868 738 893 ad
767 868 854 893 locum
874 873 931 899 pas-

297 914 386 945 sionis,
400 921 460 939 cum
481 917 586 945 tempus
609 912 737 945 passionis
756 911 862 937 advenit
879 910 930 936 246

293 959 328 984 95
346 973 381 976 —
401 958 447 983 ivit
466 958 489 983 in
510 957 647 983 Ierusalem
661 956 694 983 ad
710 956 859 988 passionem
872 962 932 980 cur-

293 1003 376 1028 rendo
395 1002 447 1027 350
474 1002 505 1027 49
534 1017 569 1020 -
589 1001 711 1031 ostendit,
730 1008 759 1025 se
786 999 931 1025 voluntarie

295 1048 360 1079 pati,
380 1046 466 1072 eundo
485 1046 512 1071 in
531 1046 617 1071 locum
637 1045 766 1077 passionis
787 1045 817 1069 Vl
833 1043 883 1069 445
898 1043 930 1069 45

292 1105 328 1111 —
351 1091 384 1116 ad
412 1091 597 1116 contumeliam
624 1097 674 1115 non
704 1089 750 1115 ivit
768 1088 930 1120 compulsus,

293 1136 340 1161 sed
359 1135 521 1161 voluntarius
550 1135 591 1160 Vll
619 1134 669 1160 486
690 1134 723 1159 42
749 1147 782 1152 --
806 1132 933 1158 animavit

292 1184 393 1206 ceteros
411 1180 444 1205 ad
464 1179 623 1205 tolerantiam
643 1178 796 1211 passionum
816 1176 878 1204 ibid.

346 1238 382 1243 —
399 1228 459 1250 ante
483 1224 632 1256 passionem
660 1223 732 1248 venit
756 1222 790 1248 ad
816 1224 932 1247 montem

294 1269 427 1294 Olivarum
448 1271 556 1300 propter
574 1268 687 1300 figuram
707 1267 750 1293 Vll
770 1266 820 1292 487
842 1266 874 1291 44
898 1280 933 1283 ——

294 1313 488 1346 appropinquat
506 1312 539 1338 ad
559 1314 675 1337 montem
695 1312 787 1338 Oliveti
815 1311 849 1336 ad
868 1311 934 1337 desi-

295 1358 429 1389 gnandum
449 1357 505 1383 eius
525 1356 664 1388 imperium
679 1357 753 1388 pium
775 1356 825 1381 488
846 1355 879 1381 45
898 1370 934 1373 —

294 1401 519 1434 appropinquavit
538 1401 676 1426 lerusalem
696 1407 747 1426 non
761 1403 860 1426 tantum
879 1407 934 1425 cor-

294 1446 366 1478 poris
385 1446 450 1476 situ,
469 1452 563 1471 verum
582 1445 661 1471 etiam
675 1445 762 1470 cordis
775 1445 866 1470 affectu
883 1444 934 1469 495

296 1491 330 1516 63
350 1505 384 1508 -
403 1490 468 1516 vidit
487 1491 625 1515 lerusalem
655 1496 706 1515 non
732 1492 832 1514 tantum
852 1489 934 1514 oeulis

294 1535 426 1567 corporis,
439 1541 533 1560 verum
546 1534 624 1560 etiam
637 1536 744 1565 aspectu
758 1533 859 1566 pietatis
869 1532 931 1559 ibid.

349 1593 384 1597 —-
403 1579 437 1604 ad
455 1578 643 1605 conterendum
663 1578 831 1610 supercilium
845 1584 935 1609 super-

296 1622 391 1649 borum
400 1643 406 1655 ‚
427 1623 452 1648 in
471 1623 514 1649 die
527 1623 661 1654 praecipui
675 1622 781 1648 honoris
793 1622 834 1648 sui
847 1629 934 1647 ascen-

296 1668 335 1693 dit
353 1674 432 1699 super
451 1666 674 1699 contemptibilem
694 1666 794 1698 pullum
816 1667 857 1692 Vll
883 1666 928 1691 491

299 1712 333 1737 52
353 1725 388 1731 -
408 1710 568 1743 procedebat
586 1718 665 1743 super
684 1711 786 1737 asinum
800 1711 894 1736 sedens
907 1713 935 1736 ut

297 1763 377 1782 verus
397 1763 440 1781 rex
461 1756 549 1787 lsrael,
568 1755 614 1781 sed
635 1758 787 1781 mansuetus
805 1758 831 1780 et
850 1754 936 1780 humi-

296 1800 326 1826 lis
345 1800 378 1825 Vl
399 1800 449 1825 414
471 1800 542 1825 19-21
566 1814 600 1818 —-
620 1802 648 1825 υι
667 1807 711 1825 rex
731 1799 802 1825 venit
820 1800 845 1824 in
869 1800 935 1824 leru-

297 1845 392 1875 salem,
412 1844 507 1870 sedens
534 1851 614 1876 super
642 1844 741 1870 asinam
768 1844 808 1868 Vll
830 1843 881 1869 486
902 1843 934 1868 42

297 1902 333 1908 —
352 1889 446 1914 sedens
465 1895 545 1920 super
563 1889 667 1914 asinum
692 1888 836 1914 ostenditur
856 1895 935 1913 verus

297 1940 341 1959 rex
361 1933 462 1959 ludaeis
481 1933 628 1964 promissus
647 1932 692 1958 491
718 1932 746 1957 51
764 1947 799 1950 -
814 1939 875 1957 cum
895 1939 935 1957 es-

298 1980 337 2003 set
364 1984 444 2003 verus
471 1977 554 2008 Deus,
583 1977 725 2002 ascendere
752 1976 835 2002 voluit
854 1983 935 2008 super

295 2022 391 2047 animal
419 2021 573 2053 despectum
600 2024 708 2053 propter
736 2020 889 2052 mysterium
910 2023 935 2046 et

296 2066 445 2098 exemplum
464 2065 497 2092 ib.
517 2066 551 2091 52

348 2125 383 2129 —-
402 2110 476 2142 prius
494 2110 562 2135 sedit
574 2117 654 2142 super
667 2110 767 2135 asinam
782 2114 807 2135 et
821 2112 881 2142 post
893 2117 934 2135 su-

296 2162 343 2187 per
352 2156 462 2188 pullum,
485 2158 544 2187 post
565 2162 729 2187 synagogam
742 2155 862 2180 vocando
874 2162 934 2187 gen-

295 2200 411 2226 tilitatem
425 2200 580 2225 indomitam
592 2200 624 2225 Vl
639 2200 689 2225 416
710 2200 743 2225 27
763 2214 798 2218 ——
816 2200 934 2226 ascendit

294 2244 409 2276 primum
429 2251 509 2276 super
527 2245 628 2276 pullum
642 2247 668 2269 et
679 2244 775 2270 deinde
787 2251 868 2276 super
887 2244 934 2270 asi-

294 2296 371 2319 nam,
390 2289 452 2321 quia
480 2289 566 2320 primo
594 2288 701 2314 vocavit
725 2289 853 2321 populum
873 2296 934 2320 gen·

296 2333 375 2364 tium,
394 2336 420 2358 et
438 2333 463 2358 in
483 2333 535 2358 [lne
563 2332 655 2358 mundi
681 2333 786 2358 vocabit
805 2333 933 2365 populum

293 2377 450 2403 ludaeorum
472 2377 513 2402 Vll
534 2376 579 2402 491
605 2377 638 2402 52
657 2390 693 2396 -
712 2377 815 2409 quaerit
834 2378 933 2409 pullum

297 2421 453 2447 indomitum
472 2424 498 2446 et
516 2421 649 2452 alligatum
670 2424 698 2446 ut
716 2421 828 2453 figuram
843 2422 934 2454 populi

296 2465 400 2497 gentilis
420 2465 470 2490 488
491 2465 523 2490 46

350 2523 386 2528 —
404 2510 492 2535 Honor
505 2509 606 2535 Christo
619 2509 750 2536 exhibitus
764 2510 811 2536 suit
823 2517 875 2536 non
891 2512 935 2537 hu-

298 2561 374 2579 mana
398 2554 584 2579 adinventione
608 2553 811 2586 discipulorum,
830 2555 877 2581 sed
896 2555 935 2581 di-

297 2598 358 2623 vina
377 2598 548 2629 dispositione
567 2598 598 2623 Vl
619 2598 670 2623 414
696 2599 739 2629 21,
759 2600 792 2624 22
812 2613 847 2617 -
866 2606 936 2625 acce-

297 2643 381 2675 ptavit
408 2649 550 2674 puerorum
579 2642 748 2674 praeconium
773 2643 935 2669 laudativum

298 2687 342 2712 Vll
363 2686 413 2712 459
433 2687 465 2712 29
486 2700 521 2705 -—
540 2693 570 2712 ex
590 2687 724 2712 voluntate
752 2687 796 2712 Dei
818 2688 865 2713 suit
885 2688 936 2713 lau—

298 2731 375 2756 datus
393 2737 408 2755 a
427 2730 502 2755 turba
531 2730 564 2755 ad
590 2730 767 2756 confusionem
788 2731 936 2757 Pharisaeo-

298 2781 357 2800 rum
386 2774 435 2799 494
461 2775 490 2799 61
524 2788 560 2793 -
587 2777 646 2805 post
674 2781 796 2806 magnam
826 2776 936 2807 gloriam

299 2819 426 2844 sustinere
453 2818 545 2844 debuit
569 2819 752 2844 contumeliam
778 2819 828 2844 486
849 2820 882 2845 42
901 2835 936 2838 -

299 2863 419 2888 laudatus
438 2862 485 2888 suit
513 2863 665 2888 imminente
689 2863 810 2895 passione
829 2867 937 2896 propter

298 2907 447 2938 exemplum
467 2910 492 2932 et
511 2910 617 2939 propter
636 2908 799 2938 mysterium,
819 2912 846 2933 ut
865 2909 937 2940 igno·

300 2951 378 2977 minia
398 2951 526 2983 passionis
545 2951 652 2982 gravior
670 2955 739 2977 esset
757 2958 786 2977 ex
807 2953 936 2984 magnitu-

299 2996 360 3021 dine
385 2995 482 3027 gloriae
507 2995 687 3027 praecedentis
717 2995 767 3021 494
794 2996 827 3021 62
848 3010 881 3015 —-
901 2998 935 3023 Ex

299 3041 398 3066 honore
416 3039 530 3065 exhibito
549 3040 629 3065 voluit
649 3040 740 3072 augeri
764 3040 935 3072 ignominiam

299 3084 428 3116 passionis
448 3084 480 3109 Vl
502 3083 552 3109 415
572 3084 605 3109 26
625 3085 653 3109 2·
671 3098 706 3102 —-
726 3084 750 3109 in
776 3085 874 3116 templo
892 3085 936 3111 do-

297 3128 351 3154 cuit
370 3127 475 3154 duobus
493 3127 587 3153 diebus
605 3128 776 3160 sequentibus
789 3129 935 3160 ingressum

298 3172 324 3198 in
345 3172 482 3198 lerusalem
504 3173 544 3198 Vll
564 3172 615 3197 540
636 3173 651 3197 2

336 3217 364 3242 21
387 3231 423 3235 -
445 3216 548 3249 quaerit
574 3216 661 3242 locum
686 3216 719 3242 ad
749 3216 935 3243 celebrandum

300 3262 396 3292 pascha
421 3261 539 3294 quietum
559 3264 584 3286 et
602 3264 731 3287 secretum
751 3264 777 3286 et
797 3262 935 3287 honestum

300 3305 342 3330 Vll
363 3304 413 3330 543
434 3305 476 3336 13,
496 3304 529 3330 14
548 3319 583 3323 -
596 3304 764 3330 desiderabat
777 3305 937 3331 manducare

298 3349 396 3380 pascha
416 3349 449 3374 ad
468 3349 644 3374 exclusionem
665 3349 765 3380 ssgurae
784 3353 809 3374 et
821 3349 937 3375 introdu—

299 3393 411 3419 ctionem
431 3393 546 3418 veritatis
565 3393 616 3418 545
636 3393 664 3419 21

1151 245 1264 278 INDEX
1289 243 1416 277 RERUM

1018 350 1052 353 —
1078 342 1130 360 non
1159 333 1296 366 praevenit
1320 332 1433 364 pascha,
1458 333 1487 356 ut
1514 330 1605 356 dicunt

965 379 1055 404 Graeci
1075 379 1107 404 vt
1128 378 1178 403 487
1199 378 1232 403 59
1251 392 1286 395 -
1305 375 1447 402 celebravit
1464 376 1562 407 pascha
1572 381 1604 400 eo

965 424 1016 454 die,
1035 430 1090 456 quo
1110 425 1265 448 consuetum
1278 424 1334 446 erat
1346 413 1492 445 secundum
1506 419 1603 450 Legem

965 474 996 493 ac
1014 474 1061 499 per
1081 468 1131 492 hoc
1156 466 1182 491 in
1211 465 1311 497 azymis
1334 464 1377 489 Vll
1398 463 1449 489 542
1471 463 1495 493 9,
1517 463 1549 487 10
1569 476 1603 481 —-

965 511 1106 537 celebravit
1123 512 1204 542 phase
1223 509 1309 541 primo
1322 508 1365 534 die
1378 513 1540 538 azymorum,
1551 513 1605 531 non

965 559 1025 581 ante
1042 558 1163 588 quartam
1182 553 1312 580 decimam
1332 553 1420 578 lunam
1446 550 1479 577 ib.
1509 551 1541 575 10
1568 564 1605 569 -

966 599 1076 626 confecit
1103 599 1128 624 in
1155 598 1255 629 azymis
1274 604 1333 623 sero
1357 595 1523 628 praecedenti
1552 595 1605 626 pri-

966 650 1040 669 mum
1059 643 1130 669 diem
1149 648 1303 674 azymorum
1323 641 1355 666 Vl
1376 640 1426 666 426
1448 640 1479 665 13

1020 701 1055 707 —-
1078 686 1148 713 lavit
1171 686 1360 718 discipulorum
1390 684 1472 716 pedes
1498 685 1606 715 propter

967 732 1121 764 mysterium
1142 731 1173 756 Vl
1195 730 1246 755 426
1265 730 1290 762 7,
1311 730 1335 755 8.
1349 729 1399 754 428
1415 729 1458 759 22,
1480 729 1559 753 23-
1571 727 1605 753 ad

967 777 1137 802 humilitatem
1156 774 1292 805 invitabat,
1308 773 1421 799 lavando
1440 772 1521 804 pedes
1539 772 1607 803 Apo-

966 821 1093 846 stolorum
1113 820 1156 845 Vll
1176 820 1226 844 363
1247 819 1280 843 19
1300 832 1335 836 -
1353 817 1466 843 lavando
1486 816 1567 848 pedes
1581 815 1607 841 in

968 865 1057 891 ultima
1071 870 1152 889 coena
1167 862 1323 888 ministravit
1335 861 1369 887 ad
1382 861 1500 887 dandum
1520 867 1607 885 exem-

969 910 1040 941 plum
1061 908 1212 933 humilitatis
1231 907 1277 932 551
1302 907 1336 931 38
1355 920 1391 925 -
1410 905 1514 931 videtur
1533 904 1607 936 prius

969 953 1063 979 lavisse
1083 952 1164 984 pedes
1183 951 1264 982 Petri,
1283 958 1335 976 non
1349 950 1427 976 ludae
1448 951 1478 975 Vl
1500 949 1551 975 427
1572 948 1606 974 15

967 1001 1140 1028 -tempore
1168 995 1259 1021 mortis
1286 995 1399 1020 instante
1426 994 1549 1026 specialia
1577 993 1608 1019 si-

968 1049 1019 1074 gna
1039 1041 1185 1067 dilectionis
1203 1039 1317 1065 ostendit
1335 1039 1387 1065 425
1407 1040 1423 1064 2

1021 1100 1056 1104 -
1076 1085 1141 1110 mira
1170 1084 1330 1116 benignitate
1354 1083 1499 1115 pessimum
1518 1082 1609 1115 prodi-

970 1134 1051 1157 torem
1066 1137 1143 1156 suum
1157 1136 1209 1155 non
1224 1132 1323 1155 tantum
1337 1128 1372 1153 ad
1386 1135 1503 1153 mensam
1518 1134 1608 1153 secum

969 1174 1142 1207 suscipiebat,
1162 1174 1243 1199 immo
1272 1173 1305 1199 ad
1334 1173 1445 1198 eandem
1467 1172 1607 1197 scutellam

970 1220 1012 1246 th
1031 1219 1083 1245 548
1103 1219 1136 1244 30
1156 1233 1191 1236 -
1209 1224 1306 1249 corpus
1325 1220 1350 1243 et
1362 1217 1517 1248 sanguinem
1530 1223 1609 1242 suum

970 1265 1048 1290 iudae
1067 1262 1273 1289 communicavit
1292 1262 1403 1287 maxima
1429 1261 1610 1291 familiaritate,

970 1309 1026 1335 eius
1039 1308 1120 1340 pedes
1139 1307 1201 1333 lavit
1214 1306 1327 1332 maxima
1340 1306 1484 1331 humilitate
1500 1304 1563 1331 ibid.
1574 1318 1611 1324 —

970 1361 1024 1379 non
1043 1352 1139 1378 detexit
1167 1351 1257 1377 ludam
1282 1351 1338 1376 aliis
1365 1349 1610 1376 maxima‘caritate

971 1397 1032 1424 ibid.
1051 1412 1086 1415 —
1106 1396 1205 1426 maluit,
1224 1396 1296 1428 quod
1313 1402 1405 1421 omnes
1424 1394 1540 1427 Apostoli
1560 1398 1610 1419 tur-

971 1443 1109 1483 barentur,
1127 1447 1209 1474 quam
1229 1440 1301 1473 quod
1327 1440 1402 1465 ludas
1421 1438 1546 1465 omnibus
1565 1439 1610 1464 de-

972 1489 1103 1519 tegeretur
1122 1486 1173 1511 549
1193 1485 1226 1510 33
1242 1499 1274 1503 -
1289 1491 1339 1510 non
1358 1484 1455 1509 detexit
1466 1483 1609 1516 nequitiam

972 1531 1049 1556 ludae
1068 1531 1100 1555 Vl
1121 1529 1171 1555 430
1191 1529 1234 1561 34,
1258 1528 1301 1554 35.
1327 1528 1373 1554 431
1400 1528 1427 1553 41
1451 1543 1487 1546 -
1506 1527 1611 1554 dicebat

972 1576 1005 1601 de
1023 1574 1171 1607 proditione
1190 1573 1277 1603 ludae,
1296 1580 1348 1598 non
1366 1579 1428 1598 eum
1447 1572 1609 1604 accusando,

971 1619 1018 1646 sed
1038 1618 1180 1650 discipulos
1193 1617 1347 1643 instruendo
1367 1617 1417 1642 428
1437 1618 1470 1642 22
1485 1631 1518 1635 -
1532 1617 1611 1642 ludae

971 1664 1072 1689 occulte
1090 1662 1240 1694 respondit,
1254 1665 1395 1694 antequam
1411 1663 1518 1687 loannes
1530 1668 1611 1694 quac-

971 1711 1038 1734 reret
1058 1708 1092 1733 de
1111 1707 1246 1739 proditore
1266 1706 1316 1732 432
1344 1706 1376 1731 42
1397 1705 1425 1731 2*
1443 1720 1479 1724 -
1498 1706 1611 1738 prodito-

971 1759 1027 1778 rem
1046 1751 1173 1777 revelavit
1185 1750 1325 1784 aliquibus,
1338 1750 1384 1776 sed
1398 1750 1499 1776 occulte
1512 1749 1563 1775 432
1577 1749 1610 1775 42

1024 1811 1059 1814 -
1078 1795 1252 1821 commutavit
1277 1797 1469 1820 sacramentum
1499 1794 1561 1826 agni
1586 1794 1610 1819 in

971 1842 1169 1866 Sacramentum
1184 1840 1269 1872 panis,
1279 1840 1339 1872 quia
1350 1839 1426 1865 cibus
1439 1839 1524 1871 magis
1538 1846 1610 1864 com-

971 1885 1059 1911 munis
1076 1887 1101 1910 et
1119 1885 1244 1913 naturalis
1263 1887 1289 1909 et
1307 1884 1475 1916 expressivus
1494 1890 1542 1915 pro
1561 1885 1611 1908 hoe

971 1930 1138 1955 sacramento
1158 1929 1201 1954 Vll
1227 1928 1279 1953 545
1298 1928 1332 1953 25
1356 1942 1392 1947 -
1419 1927 1551 1953 benedixit
1569 1934 1612 1959 pa-

970 1980 1031 1999 nem
1050 1969 1119 1999 sicut
1136 1973 1324 1998 Melchisedech
1344 1976 1370 1998 et
1388 1973 1469 1998 multo
1488 1972 1611 2004 amplius,

970 2018 1031 2050 quia
1060 2018 1102 2043 hic
1130 2020 1169 2043 est
1194 2017 1318 2043 sacerdos
1344 2020 1467 2042 aeternus
1494 2015 1557 2043 ibid.
1576 2031 1612 2034 —

970 2062 1053 2088 verbo
1063 2062 1118 2088 solo
1131 2062 1260 2088 convertit
1273 2069 1369 2094 panem
1384 2062 1408 2087 in
1422 2068 1519 2094 corpus
1532 2069 1610 2087 suum

970 2106 1031 2133 ibid.
1051 2108 1094 2138 25,
1113 2107 1146 2132 26

1022 2166 1056 2170 --
1076 2151 1177 2184 accepit
1196 2158 1292 2183 panem
1312 2151 1346 2177 ad
1365 2151 1558 2183 designandam
1572 2158 1611 2176 as-

969 2196 1127 2222 sumtionem
1156 2196 1241 2221 carnis
1269 2196 1313 2221 Vll
1334 2196 1385 2221 546
1407 2196 1439 2221 26
1459 2210 1495 2214 -—
1514 2195 1611 2227 gratias

970 2240 1024 2272 egit
1042 2240 1076 2266 ad
1095 2240 1288 2272 designandum
1308 2240 1442 2266 defluxum
1467 2240 1610 2272 gratiarum

970 2291 985 2309 a
1004 2284 1089 2316 capite
1105 2285 1128 2310 in
1143 2287 1227 2310 totum
1241 2291 1339 2316 eorpus
1352 2284 1482 2310 Ecclesiae
1500 2283 1563 2310 ibid.
1576 2299 1611 2302 —

971 2329 1047 2360 fregit
1060 2335 1154 2360 panem
1174 2329 1208 2355 ad
1228 2329 1419 2361 deslgnandam
1439 2329 1608 2354 afflictionem

971 2373 1099 2404 passionis
1118 2372 1181 2399 ibid.
1199 2387 1233 2392 —
1262 2373 1335 2399 dedit
1359 2373 1496 2405 discipulis
1514 2380 1612 2405 corpus

971 2424 1048 2443 suum
1059 2417 1092 2443 ad
1106 2418 1337 2443 demonstrandam
1349 2416 1529 2443 liberalitatem
1542 2425 1612 2443 com-

972 2461 1154 2487 municationis
1172 2460 1233 2487 ibid.
1251 2475 1287 2481 —-
1306 2462 1378 2487 dedit
1400 2462 1536 2494 discipulis
1555 2462 1612 2487 cali-

971 2512 1028 2531 cem
1049 2506 1083 2531 ad
1100 2505 1245 2532 bibendum
1261 2506 1286 2531 in
1301 2506 1470 2532 Sacramento
1485 2507 1515 2532 Vl
1530 2507 1580 2531 613
1597 2506 1612 2532 4

1024 2563 1060 2568 -
1078 2551 1241 2576 consecravit
1260 2553 1285 2576 et
1304 2552 1415 2576 sormam
1441 2551 1611 2577 consecrandi

972 2594 1082 2620 instituit
1101 2595 1142 2619 Vll
1163 2594 1213 2620 546
1234 2595 1268 2620 25
1287 2608 1321 2613 -·
1341 2595 1476 2627 quomodo
1497 2596 1612 2621 consece-

972 2638 1017 2670 rit,
1037 2638 1201 2671 quadruplex
1221 2642 1260 2664 est
1273 2638 1360 2671 opinio
1379 2638 1441 2664 ibid.
1462 2653 1497 2657 -
1520 2646 1612 2665 conse-

973 2682 1056 2707 cravit
1074 2682 1166 2708 vinum
1186 2683 1344 2714 permixtum
1364 2690 1433 2715 aqua
1453 2683 1503 2709 547
1524 2683 1558 2708 28

1026 2741 1061 2744 -
1079 2726 1182 2758 Corpus
1201 2726 1294 2752 Christi
1314 2731 1353 2753 cst
1372 2727 1503 2759 integrum
1517 2730 1542 2753 et
1555 2734 1612 2759 per-

974 2771 1069 2796 fectum
1100 2771 1124 2796 in
1153 2771 1309 2796 eucharistia
1338 2778 1385 2803 per
1412 2772 1610 2798 conversionem

974 2814 1048 2846 panis
1077 2815 1119 2840 Vll
1146 2815 1197 2840 546
1218 2816 1251 2840 26
1277 2829 1312 2833 -
1340 2815 1366 2840 ln
1388 2823 1500 2848 corpore
1518 2816 1611 2842 Christi

973 2866 1025 2884 non
1046 2862 1084 2885 est
1103 2860 1271 2891 quaerendus
1289 2860 1355 2885 ordo
1375 2864 1484 2886 naturae
1502 2860 1563 2887 ibid.

1026 2917 1061 2922 —
1079 2902 1212 2929 Connexio
1232 2904 1350 2935 corporis
1370 2905 1470 2936 mystici
1485 2906 1613 2937 signitica-

973 2950 1015 2973 tur
1034 2947 1060 2973 in
1084 2955 1152 2979 pane
1177 2948 1219 2973 Vll
1245 2948 1295 2973 546
1316 2948 1349 2974 25
1367 2962 1402 2967 -
1421 2952 1460 2975 est
1480 2950 1556 2981 panis
1574 2957 1612 2976 re-

974 2991 1062 3017 ficiens
1081 2991 1228 3017 secundum
1248 2992 1365 3018 divinam
1386 2995 1505 3019 naturam
1526 2997 1551 3019 et
1564 2995 1612 3020 hu-

973 3043 1077 3061 manam
1098 3036 1131 3061 Vl
1159 3036 1211 3061 327
1240 3036 1282 3062 54.
1302 3037 1354 3062 332
1373 3038 1402 3062 81
1428 3052 1461 3056 -
1480 3041 1519 3064 est
1537 3038 1613 3070 panis

972 3080 1038 3105 dans
1058 3080 1138 3105 vitam
1158 3084 1184 3105 et
1209 3080 1304 3106 satians
1329 3082 1451 3107 affectum
1471 3085 1496 3107 et
1515 3082 1613 3108 intelle-

972 3128 1043 3150 ctum
1064 3124 1098 3151 ib.
1117 3125 1150 3150 56
1171 3139 1203 3144 ——
1224 3128 1263 3151 est
1286 3126 1373 3158 panis,
1402 3127 1447 3159 qui
1466 3127 1511 3152 dat
1530 3127 1611 3153 vitam

973 3169 1140 3195 credentibus
1160 3169 1184 3194 in
1203 3177 1264 3195 eum
1286 3170 1336 3196 330
1356 3170 1399 3202 7l,
1417 3170 1452 3196 72
1465 3184 1500 3190 -
1513 3174 1553 3197 est
1566 3178 1612 3203 pa-

973 3213 1025 3246 nis,
1044 3213 1089 3247 qui
1109 3214 1153 3240 dat
1172 3214 1252 3239 vitam
1273 3214 1372 3246 gratiae
1390 3218 1415 3240 et
1434 3215 1532 3247 gloriae
1551 3214 1612 3241 ibid.

972 3257 1007 3283 74
1020 3272 1055 3276 —
1067 3261 1107 3283 est
1126 3258 1213 3290 panis,
1227 3259 1272 3291 qui
1286 3259 1459 3285 manducatur
1472 3267 1519 3291 per
1532 3259 1612 3285 ssdem

973 3305 998 3327 et
1017 3302 1182 3329 dilectionem
1203 3302 1265 3328 ibid.
1278 3317 1312 3321 —
1325 3306 1365 3329 est
1384 3304 1459 3335 panis
1473 3304 1552 3330 vivus
1565 3311 1613 3336 per

973 3347 1112 3372 essentiam
1133 3346 1165 3373 ib.
1186 3347 1220 3372 75
1234 3361 1267 3365 —
1280 3347 1346 3373 Caro
1366 3347 1459 3373 Christi
1479 3350 1518 3373 est
1538 3347 1613 3379 panis

974 3391 1051 3417 datus
1070 3392 1103 3417 ad
1123 3391 1293 3417 reficiendum
1313 3392 1364 3417 332
1385 3392 1413 3417 81
1437 3406 1472 3410 —-
1486 3395 1524 3418 est
1538 3391 1613 3424 panis

1888 284 1952 311 ΕΗΒ
1973 284 2029 317 (21)

1642 330 1676 355 de
1696 330 1776 362 caelo,
1789 329 1834 362 qui
1849 329 1894 355 dat
1912 328 1993 354 vitam
2013 328 2111 354 mundo
2126 328 2176 354 326
2199 328 2230 354 49
2244 343 2279 346 -

1641 373 1708 399 Caro
1727 373 1822 399 Christi
1840 375 1880 399 est
1898 373 1975 405 panis
1994 373 2027 398 de
2046 373 2118 398 caelo
2137 373 2189 398 333
2209 373 2242 397 88

1694 432 1729 435 -
1749 417 1862 449 Sanguis
1879 416 1974 443 Christi
1992 424 2056 442 vere
2068 419 2107 442 est
2118 419 2206 449 potus,
2218 417 2280 449 quia

1641 462 1711 488 sitim
1730 463 1814 487 aufert
1832 461 1942 487 omnino
1957 462 1990 487 Vl
2011 461 2062 487 333
2088 461 2122 486 85
2150 475 2186 480 -—
2213 461 2280 487 Caro

1641 505 1735 531 Christi
1754 505 1843 531 Verbo
1861 506 1999 531 coniuncta
2012 508 2051 531 est
2064 508 2187 538 tanquam
2201 504 2281 531 carbo

1642 549 1740 581 ignitus
1759 550 1810 575 338
1831 550 1882 574 109
1902 564 1937 568 -
1955 550 1990 575 de
2017 556 2085 582 pane
2103 550 2173 575 vitae
2191 550 2283 575 docuit

1643 597 1702 625 post
1720 600 1844 625 magnam
1864 594 2030 619 refectionem
2051 595 2144 619 factam
2164 594 2211 619 331
2229 594 2264 620 77

1697 651 1730 656 -—
1749 641 1789 663 est
1807 637 1883 664 cibus
1901 641 2004 669 noster,
2022 638 2084 672 quia
2103 645 2151 664 nos
2163 645 2226 664 eum
2238 638 2283 664 de-

1642 682 1802 713 sideramus,
1825 685 1850 707 et
1868 682 1931 715 quia
1951 682 2209 709 nutritetreilcitVl
2230 683 2281 708 299

1644 727 1676 751 66
1696 741 1732 745 -
1750 730 1790 752 est
1807 733 1887 752 verus
1906 725 1981 752 cibus
1995 727 2113 753 caelestis
2126 730 2151 753 et
2163 727 2283 758 spiritua-

1643 771 1674 796 lis
1692 771 1744 796 327
1764 771 1797 796 53
1817 785 1852 789 —-
1870 770 1938 797 Caro
1956 770 2049 797 Christi
2068 778 2132 797 vere
2151 775 2190 797 est
2208 770 2284 797 cibus

1644 815 1763 841 reficiens
1781 818 1807 841 et
1825 815 1962 841 vivificans
1981 816 2033 841 333
2054 816 2087 841 85
2106 830 2142 834 -—
2161 818 2232 842 recte
2243 815 2285 841 di·

1644 860 1710 886 citur
1729 863 1816 886 noster
1835 859 1998 893 cibus-„quia
2017 860 2202 886 manducando
2221 867 2283 886 con·

1644 911 1782 930 servamur
1801 911 1849 936 per
1867 904 1956 936 ipsum
1975 904 2027 930 334
2047 904 2081 929 90
2101 903 2130 930 2*

1697 963 1733 967 —-
1753 949 1820 974 Vera
1839 956 1900 974 caro
1919 948 2014 974 Christi
2033 949 2089 974 sine
2108 949 2148 975 sui
2168 949 2284 975 sectione

1644 993 1670 1018 in
1691 994 1859 1019 Sacramento
1887 993 2034 1019 comeditur
2053 993 2086 1018 vt
2107 994 2158 1019 338
2179 994 2230 1019 109
2249 1007 2285 1013 --

1645 1037 1748 1070 Corpus
1765 1037 1858 1063 Christi
1888 1041 1927 1063 est
1953 1044 2017 1063 vere
2036 1037 2112 1063 cibus
2131 1038 2183 1064 557
2211 1037 2226 1063 4
2251 1052 2285 1057 —-

1645 1081 1748 1114 Corpus
1765 1081 1861 1108 Christi
1874 1089 1968 1108 verum
1982 1081 2061 1108 habet
2073 1082 2128 1107 vim
2142 1081 2285 1108 cibativam

1647 1127 1689 1152 Vll
1709 1126 1760 1152 546
1786 1127 1820 1152 25
1839 1140 1874 1145 -
1892 1126 1959 1152 Caro
1987 1126 2082 1152 Christi
2106 1133 2157 1152 non
2185 1130 2285 1152 tantum

1645 1171 1814 1203 spiritualiter
1832 1174 1872 1196 est
1890 1170 1977 1203 cibus,
1991 1170 2038 1196 sed
2052 1171 2107 1203 ipsa
2121 1178 2191 1204 caro,
2204 1178 2286 1204 quam

1646 1215 1722 1241 traxit
1739 1215 1774 1241 de
1793 1215 1902 1247 Virgine
1921 1215 1953 1241 Vl
1974 1216 2025 1241 338
2046 1216 2097 1240 ’109

1699 1273 1734 1279 -
1753 1261 1926 1286 lnhumanum
1946 1259 2059 1292 videtur,
2072 1267 2178 1286 carnem
2191 1260 2287 1287 Christi

1648 1305 1800 1331 manducari
1814 1305 1845 1330 Vl
1861 1304 1912 1330 334
1927 1305 1968 1330 89.
1989 1305 2041 1330 336
2055 1305 2098 1338 96,
2112 1305 2155 1331 97.
2168 1305 2220 1331 337
2236 1305 2285 1331 104

1646 1364 1682 1367 -
1701 1352 1787 1381 potest
1805 1356 1911 1375 carnem
1936 1356 2012 1375 suam
2037 1349 2100 1375 dare
2125 1349 2159 1375 ad
2179 1349 2287 1375 mandu-

1647 1393 1773 1425 candum,
1792 1394 1838 1426 qui
1852 1394 1937 1425 potuit
1951 1401 2031 1425 panes
2044 1393 2218 1426 multiplicare
2231 1394 2283 1419 332

1648 1439 1681 1463 82
1700 1453 1734 1457 -
1753 1438 1819 1464 Caro
1848 1438 1941 1464 Christi
1970 1438 2030 1464 data
2058 1441 2098 1464 est
2125 1445 2174 1470 pro
2193 1438 2288 1464 mundi

1647 1483 1715 1514 vita,
1734 1490 1796 1509 cum
1815 1483 1944 1515 supplicio
1963 1485 2002 1509 est
2020 1482 2138 1514 exposita
2156 1481 2192 1509 ib.
2211 1483 2240 1508 81

1700 1541 1737 1547 -
1755 1527 1800 1553 dat
1818 1526 1908 1553 cibum
1927 1527 2089 1559 spiritualem
2117 1527 2224 1553 dantem
2251 1527 2289 1552 vi-

1648 1574 1701 1598 tam
1720 1574 1852 1597 aeternam
1873 1569 1903 1597 ut'
1920 1571 2006 1597 bonus
2024 1574 2113 1603 pastor
2125 1575 2151 1597 et
2164 1575 2192 1597 ut
2210 1571 2289 1597 Filius

1648 1617 1695 1642 Dei
1715 1617 1746 1643 Vl
1766 1617 1819 1642 325
1840 1616 1871 1642 43
1885 1630 1921 1636 -
1935 1616 2108 1642 manducatur
2120 1615 2289 1648 spiritualiter

1648 1668 1696 1694 per
1726 1661 1806 1686 sidem
1838 1663 1863 1686 et
1894 1661 2043 1691 caritatem,
2070 1660 2291 1686 sacramentaliter

1648 1705 1698 1731 sub
1718 1706 1887 1731 Sacramento
1901 1705 1953 1731 334
1966 1705 2009 1736 91,
2023 1706 2057 1730 92
2072 1720 2105 1724 -
2120 1705 2289 1737 spiritualiter

1649 1749 1858 1776 manducabatur
1883 1756 1897 1775 a
1917 1749 1990 1775 iustis
2019 1749 2115 1775 veteris
2140 1749 2287 1775 testamenti

1649 1794 1701 1820 235
1721 1794 1755 1820 94
1774 1809 1809 1812 —
1828 1795 1907 1820 Potus
1925 1794 2061 1826 sanguinis
2080 1794 2218 1826 exponitur
2237 1794 2291 1826 spi-

1648 1839 1774 1865 ritualiter
1792 1842 1818 1864 et
1836 1839 1874 1864 sic
1893 1839 1977 1864 solum
1997 1843 2036 1864 est
2055 1839 2218 1864 necessarius
2237 1838 2290 1864 335

1649 1884 1683 1909 92
1703 1883 1732 1909 2*
1745 1898 1781 1901 -
1794 1883 1860 1909 Caro
1880 1882 1973 1909 Christi
1987 1890 2041 1909 non
2053 1886 2094 1909 est
2107 1883 2290 1909 manducanda

1648 1928 1801 1958 carnaliter,
1820 1928 1868 1953 sed
1886 1927 2054 1960 spiritualiter
2074 1928 2126 1953 334
2139 1928 2173 1953 90
2190 1927 2224 1953 i'.
2239 1928 2290 1953 336

1651 1972 1694 1998 97.
1715 1973 1766 1998 338
1790 1973 1839 1998 109
1867 1987 1903 1990 -
1930 1972 1997 1999 Caro
2025 1972 2088 1998 nihil
2108 1972 2217 2004 prodest
2235 1972 2291 1998 sine

1649 2017 1742 2049 spiritu
1762 2017 1813 2043 338
1843 2017 1894 2042 109
1912 2031 1949 2035 -
1972 2016 2088 2049 Corpore
2111 2020 2136 2043 et
2161 2017 2291 2049 sanguine

1649 2061 1743 2088 Christi
1762 2061 1930 2094 spiritualiter
1957 2062 2092 2087 relicimur
2117 2065 2142 2087 et
2167 2064 2290 2094 potamur

1651 2106 1692 2131 Vll
1712 2106 1746 2131 90
1766 2106 1782 2132 7
1801 2119 1837 2125 -
1857 2106 1948 2132 invitat
1971 2106 2003 2131 ad
2023 2105 2112 2132 cibum
2126 2106 2289 2138 spiritualem

1650 2151 1681 2177 Vl
1702 2150 1753 2176 523
1774 2152 1807 2176 22

1702 2210 1736 2214 —-
1756 2195 1781 2221 in
1801 2195 1931 2228 praesenti
1950 2195 2000 2221 sub
2020 2196 2189 2221 sacramento
2209 2195 2290 2221 sumi-

1648 2243 1703 2271 tur,
1722 2240 1770 2266 sed
1790 2240 1813 2265 in
1835 2241 1922 2266 futuro
1941 2239 2057 2266 sabbato
2081 2243 2171 2271 aperte
2189 2239 2291 2266 videbi-

1649 2287 1690 2310 tur
1709 2284 1742 2311 Vl
1763 2284 1815 2310 215
1834 2292 1861 2310 ν.
1880 2285 1908 2310 21
1932 2299 1968 2303 —
1986 2284 2087 2310 Fideles
2115 2284 2245 2310 Ecclesiae
2263 2283 2288 2310 in

1649 2329 1752 2355 deserto
1766 2329 1844 2355 huius
1857 2329 1949 2355 mundi
1965 2336 2049 2362 usque
2062 2329 2095 2354 ad
2107 2329 2186 2355 finem
2198 2328 2289 2354 mundi

1648 2373 1798 2399 nutriuntur
1815 2372 1917 2399 Christo
1939 2372 1990 2399 sub
2014 2374 2183 2399 Sacramento
2203 2373 2290 2398 altaris

1649 2417 1711 2444 ibid.
1730 2432 1766 2435 —
1784 2418 1932 2443 comeditur
1951 2418 1977 2443 in
1997 2418 2078 2450 gloria
2098 2421 2123 2443 et
2142 2418 2187 2443 dat
2205 2417 2287 2443 vitam

1649 2466 1781 2488 aeternam
1802 2463 1852 2488 330
1872 2462 1906 2487 76

1705 2521 1738 2525 -
1756 2506 1837 2533 Cibus
1855 2510 1881 2532 et
1900 2510 1978 2539 potus
1996 2507 2126 2539 significat
2152 2506 2289 2532 ecclesiam

1650 2553 1678 2576 ut
1696 2551 1846 2576 societatem
1867 2551 1985 2583 corporis
2004 2554 2030 2577 et
2055 2550 2236 2577 membrorum
2257 2551 2289 2576 Vl

1649 2595 1702 2621 335
1721 2596 1754 2620 92
1775 2595 1803 2620 2*
1827 2609 1862 2615 -
1890 2597 1916 2621 1η
1945 2595 2147 2621 manducatione
2171 2592 2291 2628 corporis

1649 2639 1744 2666 Christi
1762 2642 1802 2665 est
1821 2639 1966 2665 masticatio
1985 2639 2180 2665 sacramentalis
2192 2639 2289 2671 speciei

1649 2687 1675 2709 et
1693 2684 1846 2716 spiritualis,
1865 2691 1935 2716 quae
1953 2686 1993 2709 est
2005 2684 2135 2710 discussio
2148 2690 2196 2716 per
2208 2683 2289 2710 fldem

1649 2728 1701 2754 334
1720 2729 1754 2753 90
1773 2742 1809 2747 -
1837 2729 1884 2754 Per
1913 2728 2141 2755 manducationem
2170 2729 2290 2761 corporis

1649 2772 1742 2799 Christi
1754 2773 1954 2804 incorporamur
1967 2773 2070 2805 corpori
2084 2772 2179 2799 Christi
2191 2776 2217 2798 et
2229 2779 2290 2798 con-

1648 2824 1787 2843 servamur
1806 2824 1853 2849 per
1871 2817 1991 2849 spiritum
2010 2817 2104 2844 Christi
2117 2816 2178 2843 ibid.
2192 2832 2226 2836 —
2241 2824 2289 2843 nos

1649 2861 1742 2888 traiicit
1761 2862 1785 2887 in
1805 2869 1903 2894 corpus
1922 2869 2000 2888 suum
2020 2865 2049 2887 ut
2072 2861 2162 2887 cibum
2182 2862 2232 2887 299
2254 2862 2287 2887 66

1648 2920 1685 2926 -
1704 2906 1752 2939 Qui
1772 2906 1913 2932 manducat
1933 2913 2038 2932 carnem
2052 2905 2147 2932 Christi
2160 2911 2248 2932 manet
2261 2907 2288 2932 in

1649 2957 1680 2977 eo
1699 2957 1747 2983 per
1766 2950 1946 2981 dilectionem,
1966 2954 1991 2976 et
2010 2950 2127 2976 Christus
2141 2950 2167 2975 in
2187 2950 2228 2976 illo
2241 2956 2289 2982 per

1649 2995 1863 3020 inhabitationem
1893 2995 1943 3020 333
1975 2995 2008 3019 86
2036 3008 2072 3014 -
2099 2994 2288 3021 Manducamus

1649 3046 1746 3071 corpus
1764 3039 1872 3070 Christi,
1898 3042 1926 3064 ut
1954 3042 2058 3064 maneat
2085 3039 2110 3065 in
2136 3038 2213 3065 nobis
2236 3039 2289 3065 335

1649 3084 1682 3108 93
1703 3083 1732 3109 2*

1701 3142 1737 3146 —-
1754 3130 1794 3153 est
1811 3126 1895 3158 cibus
1910 3127 1934 3153 in
1947 3134 2002 3160 quo
2020 3130 2059 3153 est
2077 3127 2163 3153 omnis
2180 3127 2290 3153 delecta·

1650 3171 1684 3197 tio
1705 3171 1746 3197 Vll
1767 3171 1813 3196 601
1839 3171 1873 3197 55
1891 3184 1927 3190 -
1945 3171 1996 3197 sub
2015 3172 2183 3197 Sacramento
2203 3171 2289 3196 altaris

1649 3218 1688 3241 est
1707 3215 1783 3247 panis
1806 3215 1983 3247 Angelorum,
2002 3215 2099 3241 scilicet
2121 3215 2288 3241 sacerdotum

1651 3260 1682 3285 Vl
1702 3260 1754 3285 215
1773 3266 1798 3284 ν.
1813 3260 1841 3285 21
1859 3274 1894 3278 -
1907 3258 2081 3285 Comedentes
2093 3259 2225 3285 Christum
2238 3258 2289 3285 sub

1650 3304 1817 3329 sacramento
1837 3303 1923 3329 altaris
1943 3310 1972 3329 ex
1992 3310 2023 3329 eo
2036 3310 2084 3335 pro
2097 3303 2239 3329 devotione
2251 3310 2289 3328 re-

1650 3343 1772 3373 ficiuntur
1791 3346 1853 3373 ibt'd.
1872 3362 1907 3367 —
1925 3347 1992 3374 Cum
2010 3347 2112 3374 Christo
2131 3346 2181 3373 sub
2200 3348 2289 3373 Sacra·

1651 3394 1739 3417 mento
1757 3392 1844 3417 altaris
1871 3399 1914 3418 ros
1942 3391 2042 3424 gratiae
2066 3391 2202 3417 descendit
2225 3390 2288 3417 ibid·
