2476 3921
157 508 260 530 Tertium.

142 1249 256 1270 Humilitas

155 1276 243 1297 Christi.

138 1779 252 1807 Quartum.

287 251 349 283 114

281 340 428 372 omnibus
458 338 647 377 subvenire,
679 338 801 370 etiamsi
827 338 892 371 sine
917 342 984 371 rate
1016 339 1130 381 aliquis
1153 340 1244 372 adeat

282 401 369 424 mare
386 406 415 423 ».

369 448 398 479 5.
424 446 525 487 (Vers.
552 445 606 485 3.).
632 445 738 478 Tertio
754 445 880 477 additur
897 444 1078 478 obedientia
1095 445 1242 478 Simonis

279 499 453 541 separantis
476 508 494 531 a
511 498 623 537 turba,
647 507 719 531 cum
737 498 901 530 subditur:
929 498 1114 530 Aseendens
1130 502 1241 531 autem

279 553 315 585 in
339 562 443 584 unam
465 552 600 589 navim,
625 560 710 594 quae
739 554 813 583 erat
841 550 1000 589 Simonis,
1037 551 1140 592 ipsum
1173 554 1240 583 tan-

278 614 373 648 quam
397 614 568 647 pauperem
592 608 623 637 et
640 604 792 636 humilem
815 604 1047 646 praeeligendo,
1065 604 1239 637 secundum

278 657 355 690 illud
380 657 479 689 iacobi
504 656 642 689 secundo
656 657 681 688 ¹:
712 669 727 685 «
745 656 851 688 Nonne
867 656 951 689 Deus
974 656 1067 698 elegit
1084 665 1240 698 pauperes

277 711 308 743 in
333 711 392 743 hoc
418 710 549 752 mundo,
574 710 685 742 divites
710 710 740 742 in
765 709 841 748 fide,
867 709 999 742 heredes
1024 710 1129 751 regni,
1155 709 1239 752 quod

277 764 457 806 repromisit
481 764 564 796 Deus
595 763 797 805 diligentibus
829 772 861 796 se
883 766 924 795 n?
947 763 1091 796 Ascendit
1114 767 1238 803 autem,
1264 800 1267 803 ,

276 827 337 850 non
356 817 516 859 tyrannice
533 816 754 858 opprimendo,
774 816 829 849 sed
846 816 1007 849 humiliter
1024 816 1238 858 supplicando.

276 871 362 903 Unde
386 871 488 903 addit:
516 870 656 912 Rogavit
679 880 752 902 eum
786 880 808 902 a
832 874 923 902 terra
955 870 1111 902 reducere
1134 869 1238 912 pusit-

277 925 362 963 lum,
386 927 423 956 ut
440 924 557 958 scilicet
577 933 689 965 parum
708 925 923 965 sequestraret
938 932 956 954 a
977 922 1071 955 turba
1087 925 1118 955 et
1134 923 1238 955 suble-

277 981 365 1010 varet
388 987 406 1009 a
430 981 524 1009 terra.
550 976 608 1018 Qui
633 976 716 1008 enim
742 976 809 1008 vult
832 976 909 1008 alios
932 976 1045 1008 docere
1072 976 1165 1008 debet
1189 976 1239 1008 iri-

277 1031 394 1063 teriori
424 1029 542 1073 affectu
576 1034 701 1062 terrena
733 1033 934 1062 contemnere
958 1033 989 1061 et
1019 1029 1239 1061 eaetei‘ioribus

276 1084 425 1116 moribus
461 1083 571 1116 turbas
606 1083 813 1124 praecellere;
849 1082 932 1114 unde
968 1082 1065 1115 Exodi
1090 1082 1239 1124 vigesimo

275 1137 368 1169 tertio
381 1138 393 1156 2
418 1137 551 1169 dicitur:
575 1149 590 1163 «
606 1136 671 1175 Non
689 1135 832 1177 sequeris
857 1134 982 1167 turbam
999 1135 1037 1167 ad
1061 1135 1237 1168 faciendum

275 1190 392 1222 malum
425 1198 482 1222 nec
517 1189 549 1221 in
581 1188 696 1221 iudicio
720 1188 931 1230 plurimorum
964 1188 1144 1230 acquiesces
1168 1197 1238 1220 sen-

275 1243 389 1276 tentiae
405 1257 420 1271 »
450 1246 508 1275 etc.
528 1260 568 1266 —
587 1243 664 1274 Nota
688 1242 739 1274 hic
763 1240 983 1274 humilitatem
1007 1242 1149 1281 Domini,
1174 1252 1238 1284 qua

274 1297 404 1338 rogabat
428 1297 574 1334 Petrum,
599 1304 726 1328 servum
753 1304 865 1334 suum;
891 1305 986 1337 quam
1012 1296 1141 1337 reliquit
1168 1295 1237 1328 imi-

274 1350 398 1382 tandam
420 1349 566 1382 omnibus
583 1349 748 1391 praelatis,
768 1353 802 1381 ut
819 1352 850 1381 et
866 1349 923 1391 ipsi
942 1352 1052 1391 rogent
1075 1349 1235 1388 subditos;

273 1403 356 1436 unde
382 1403 546 1444 Apostolus
562 1402 682 1444 primae
706 1402 743 1434 ad
769 1402 1061 1434 Thessalonicenses
1077 1402 1235 1443 quartoss:

277 1471 292 1484 «ι
311 1456 466 1498 Rogamus
482 1460 513 1487 et
535 1455 739 1487 obsecramus
764 1463 818 1487 vos
835 1454 865 1486 in
883 1454 1015 1486 Domino
1032 1454 1100 1487 lesu
1116 1468 1132 1483 »
1154 1458 1212 1487 etc.
1228 1467 1235 1493 ;

273 1511 340 1540 tum
358 1508 446 1549 quia,
472 1511 507 1540 ut
530 1507 606 1539 dicit
622 1507 803 1539 Ambrosius
816 1507 840 1545 ⁴¹,
869 1520 884 1534 «
899 1510 1004 1539 coacta
1029 1506 1156 1539 servitia
1172 1507 1236 1539 Deo

273 1570 333 1593 non
360 1561 483 1602 placent
500 1573 534 1598 »;
559 1565 627 1593 tum
653 1560 742 1602 quia,
767 1563 803 1592 ut
826 1560 901 1592 dicit
929 1560 1044 1592 Seneca
1057 1560 1081 1598 ⁵,
1110 1572 1125 1588 «
1143 1569 1235 1602 gene-

273 1623 365 1646 rosus
390 1618 437 1646 est
460 1615 585 1646 animus
610 1613 745 1646 hominis
769 1617 799 1646 et
823 1613 946 1646 facilius
969 1613 1114 1652 ducitur,
1139 1622 1234 1655 quam

273 1668 419 1700 trahatur
437 1681 466 1699 ».

363 1721 391 1752 6.
419 1720 579 1753 Postremo
599 1720 746 1752 subditur
763 1719 937 1761 affluentia
957 1720 1120 1752 sermonis
1139 1719 1234 1753 Chri-

271 1774 315 1806 sti
338 1774 478 1807 docentis
493 1773 531 1806 de
548 1773 710 1812 navicula,
735 1782 807 1806 cum
824 1773 967 1806 additur:
993 1774 1032 1806 Et
1050 1774 1164 1806 sedens
1179 1774 1235 1806 do-

270 1828 360 1860 cebat
384 1827 422 1860 cle
445 1826 604 1859 navicula
629 1826 756 1859 turbas.
791 1827 906 1859 Sedere
933 1826 1016 1859 enim
1049 1831 1168 1869 spectat
1196 1827 1235 1860 ad

270 1881 490 1913 auctoritatem
515 1889 667 1922 personae
698 1879 867 1917 docentis;
898 1880 1043 1912 Matthaei
1075 1880 1233 1922 quintoss:

275 1949 289 1963 «
308 1935 385 1967 Cum
410 1934 554 1972 sedisset,
572 1937 773 1966 accesserunt
797 1933 835 1965 ad
852 1942 924 1965 eum
946 1933 1090 1975 discipuli
1116 1934 1233 1973 eius»;

269 1988 307 2021 ad
332 1988 551 2026 excellentiam
567 1987 660 2019 etiam
686 1986 887 2025 iudicantis;
913 1987 1072 2019 Psalinus:
1103 2000 1118 2016 α
1140 1987 1235 2020 Sedes

268 2050 370 2082 super
395 2039 570 2078 thronum,
595 2039 648 2081 qui
674 2039 793 2072 iudicas
817 2039 967 2072 iustitiam
986 2053 1016 2071 n.
1043 2040 1121 2072 Haec
1145 2049 1234 2072 nam-

268 2104 330 2136 que
354 2095 451 2127 sessio
473 2093 691 2126 auctoritatem
715 2092 857 2135 designat
880 2092 1075 2132 iudicialem,
1100 2093 1175 2135 quia
1199 2094 1234 2125 in

276 2148 304 2179 T
302 2146 419 2179 tironis
435 2147 551 2179 residet
573 2147 612 2179 ad
636 2146 838 2179 iudicandum
862 2147 956 2179 Deus.
982 2146 1104 2179 Dicitur
1127 2149 1233 2178 autem

269 2208 383 2232 rursus
408 2200 437 2231 in
463 2200 583 2232 Psalmo
596 2200 608 2219 ⁷
621 2199 742 2232 sedere
757 2209 858 2241 super
881 2198 1077 2237 Cherubim,
1094 2207 1167 2231 cum
1185 2198 1233 2230 di-

269 2253 370 2285 citur:
400 2266 415 2281 «ι
432 2253 491 2294 Qui
516 2253 605 2285 sedes
628 2262 724 2294 super
749 2252 939 2291 Cherubim,
974 2261 1092 2294 appare
1127 2260 1232 2284 coram

341 2449 350 2463 ¹
371 2450 447 2475 Vers.
467 2450 491 2475 5.

340 2493 350 2508 ⁵
371 2494 444 2519 Vers.
465 2495 489 2519 2.
509 2507 545 2513 —
563 2493 691 2525 Superius
710 2496 769 2526 post
787 2495 971 2527 sequestraret
990 2494 1046 2520 Vat.
1066 2493 1140 2520 addit
1157 2501 1198 2526 se,
1212 2494 1233 2519 H

270 2541 330 2571 post
348 2545 365 2564 a
384 2537 464 2564 turba
484 2537 557 2563 addit
575 2544 644 2571 quae
663 2538 722 2575 erat
741 2537 769 2563 in
789 2539 872 2563 terra.

340 2581 351 2596 ¹³
371 2583 444 2608 Vers.
457 2583 481 2607 l.
492 2596 526 2600 —
537 2582 740 2613 Theophylact.‚
759 2582 785 2606 in
800 2581 861 2607 Luc.
881 2581 897 2606 5
909 2602 915 2614 ,
928 2582 952 2607 t.
965 2588 1053 2614 seqq:
1068 2582 1148 2607 Porro
1162 2580 1234 2607 Chri-

269 2628 300 2653 sti
320 2626 549 2652 mansuetudinem
570 2626 645 2657 vide,
664 2626 800 2659 quomodo
820 2625 941 2652 obsecret
961 2626 1080 2658 Petrum,
1096 2629 1150 2652 uta
1165 2629 1233 2651 terra

270 2672 397 2702 abducat:
416 2670 524 2705 rogavit
543 2671 612 2696 enim
633 2670 702 2696 idem
722 2673 761 2696 est
779 2670 851 2703 quod
872 2669 1035 2702 obsecravit;
1054 2670 1100 2696 sed
1121 2673 1146 2696 et
1168 2678 1234 2703 quo-

269 2716 349 2741 modo
369 2716 459 2741 Petrus
479 2715 627 2746 morigerus
648 2714 737 2746 tuerit,
758 2715 792 2740 ita
812 2717 841 2739 ut
864 2714 1013 2745 hominem,
1032 2721 1112 2747 quem
1132 2721 1184 2740 non
1197 2714 1234 2739 vi-

269 2761 357 2791 derat,
377 2760 401 2785 in
422 2759 510 2785 navim
530 2766 605 2784 suam
626 2759 771 2790 susceperit
789 2762 815 2784 et
834 2759 857 2784 ei
876 2759 902 2784 in
916 2758 1040 2784 omnibus
1059 2758 1196 2784 obedierit.

339 2803 350 2818 ⁴
371 2806 454 2830 Serm.
477 2805 518 2830 13.
541 2805 567 2829 in
587 2805 628 2829 Ps.
651 2804 711 2829 ⁴18.
731 2811 755 2829 n.
776 2804 806 2828 3:
828 2813 841 2826 <x
855 2803 983 2829 Dominus
995 2803 1161 2835 operationes
1181 2810 1232 2828 ser-

268 2849 391 2874 vulorum
421 2856 530 2874 suorum
553 2851 716 2880 spontaneas
743 2847 839 2879 probat
862 2847 950 2879 potius
974 2854 1055 2880 quam
1080 2849 1185 2872 coactas
1207 2857 1232 2873 n.

268 2893 333 2919 lbid.
354 2894 438 2919 Serm.
458 2893 500 2918 ⁴4.
521 2900 546 2918 n.
565 2892 617 2918 24:
641 2892 690 2925 Qui
710 2892 859 2917 vivificatur
874 2892 975 2924 Spiritu
999 2891 1046 2917 Dei
1070 2892 1233 2917 voluntarius

268 2941 307 2963 est
325 2938 457 2970 minister;
484 2937 627 2969 plurimum
647 2936 716 2962 enim
742 2936 834 2967 refert,
853 2938 941 2961 utrum
961 2942 992 2960 ex
1012 2935 1145 2961 voluntate
1167 2935 1231 2968 quid

270 2982 360 3013 iacias,
380 2989 412 3007 an
432 2988 462 3007 ex
475 2981 643 3013 necessitate,
662 2980 735 3014 quod
748 2980 849 3012 placeat
868 2980 931 3005 Deo.
944 2979 995 3006 Ctr.
1009 2979 1089 3012 Epist.
1102 2980 1146 3005 77.
1165 2986 1191 3005 n.
1205 2979 1231 3005 7.

268 3026 295 3051 ln
316 3026 399 3051 Serm.
419 3025 461 3051 hl.
481 3025 558 3058 (inter
577 3026 718 3051 Sermones
736 3025 862 3050 hactenus
881 3024 1020 3050 Ambrosio
1039 3024 1178 3057 ascriptos)
1198 3023 1232 3049 de

268 3077 300 3096 eo
318 3070 390 3103 quod
409 3070 472 3096 dicit
485 3070 613 3096 Dominus
632 3070 657 3095 in
671 3069 826 3101 Evangelio:
843 3068 941 3102 Vulpes
954 3068 1046 3102 foveas
1065 3067 1162 3095 habent
1181 3071 1230 3094 etc.

268 3122 293 3140 n.
314 3115 342 3140 l:
363 3116 393 3140 Et
411 3121 472 3140 cum
494 3115 585 3147 utique
603 3114 737 3147 acceptius
750 3113 927 3140 voluntarium
941 3113 1099 3146 obsequium
1119 3119 1177 3138 esse
1189 3119 1232 3138 so-

268 3159 319 3185 leat
342 3166 423 3192 quam
452 3162 588 3192 coactum,
607 3163 632 3185 et
651 3159 789 3185 servitium
809 3159 868 3191 plus
887 3158 989 3190 placeat
1010 3165 1062 3184 non
1087 3157 1160 3190 quod
1186 3157 1232 3183 im-

268 3204 341 3236 perio
360 3204 485 3236 exigitur,
504 3205 551 3230 sed
569 3205 641 3238 quod
661 3207 755 3237 sponte
773 3204 902 3235 defertur,
921 3210 968 3229 cur
982 3209 1046 3235 ergo
1066 3202 1115 3229 iste
1132 3202 1232 3241 respui-

268 3250 317 3279 tur,
331 3256 377 3274 cur
390 3249 461 3274 velut
475 3249 599 3280 indignus
612 3249 690 3274 etiam
704 3249 859 3274 recusatur?
879 3248 946 3274 Vide
966 3251 1029 3273 tom.
1044 3248 1074 3273 V.
1089 3254 1152 3280 pag.
1166 3247 1230 3279 183,

268 3295 357 3317 notam
378 3292 403 3323 4,
422 3295 446 3318 et
465 3293 593 3325 Gratiam,
612 3293 689 3319 caus.
709 3293 751 3319 23.
771 3300 797 3326 q.
818 3293 842 3318 6.
862 3293 931 3319 circa
951 3292 1038 3318 tinem.

338 3335 349 3350 ⁶
368 3336 438 3362 Libr.
458 3337 475 3362 Ι.
494 3337 528 3363 de
546 3337 702 3369 Clementia,
721 3344 745 3363 c.
767 3337 818 3363 24:
846 3338 942 3363 Natura
965 3340 1105 3363 contumax
1124 3339 1163 3363 est
1182 3337 1231 3362 hu-

269 3387 363 3406 manus
381 3382 485 3407 animus
503 3384 529 3407 et
549 3381 573 3407 in
592 3382 752 3407 contrarium
771 3384 850 3415 atque
869 3381 982 3408 arduum
1001 3381 1086 3407 nitens
1103 3381 1230 3414 sequitur-

268 3431 321 3458 que
340 3426 454 3457 tacilius,
473 3432 554 3459 quam
574 3426 686 3452 ducitur.
713 3426 742 3452 Et
762 3429 789 3452 ut
808 3427 930 3458 generosi
949 3430 1030 3460 atque
1048 3424 1150 3452 nobiles
1168 3425 1230 3459 equi

887 250 1080 283 COMMENT.
1106 251 1144 284 IN
1167 252 1407 286 EVANGELIUM
1432 253 1548 286 LUCAE
1572 253 1604 285 C.
1630 254 1664 285 V.

1308 341 1454 382 Ephraim
1476 354 1491 370 »
1520 345 1597 380 etc.;
1630 342 1705 384 quia
1730 341 1905 375 Cherubim
1936 343 2098 385 plenitudo
2120 345 2267 379 scientiae

1306 394 1552 435 interpretatur,
1577 397 1608 427 et
1631 395 1684 436 qui
1717 395 1803 428 sedet
1827 396 1859 428 in
1891 396 1958 428 loco
1987 396 2123 430 doctoris
2154 398 2267 439 plenus

1305 446 1398 479 debet
1422 456 1490 480 esse
1507 448 1675 489 sapientia,
1700 451 1736 480 ut
1751 448 1789 481 de
1813 449 2006 490 plenitudine
2023 450 2091 482 eius
2114 451 2267 492 accipiant

1306 500 1445 533 universi
1470 501 1625 543 discipuli.
1643 520 1687 525 —
1705 502 1740 533 Et
1755 501 1794 534 de
1811 502 1870 534 hac
1886 502 2080 543 plenitudine
2096 504 2268 545 accipiebat

1306 553 1417 592 turba;
1442 553 1526 586 unde
1550 558 1581 586 et
1611 554 1746 587 dicitur:
1772 554 1911 587 Docebat
1936 555 2075 600 turbas;
2100 556 2187 589 Ioelis
2219 566 2267 589 se-

1304 605 1407 638 cundo
1423 606 1453 638 ⁸:
1484 619 1499 634 (ι
1518 607 1609 639 Filiae
1633 607 1723 646 Sion,
1748 608 1906 640 exsultate
1923 611 1953 641 et
1978 608 2133 641 laetamini
2150 610 2183 642 in
2206 611 2267 643 Do-

1303 659 1388 691 mino
1411 659 1475 692 Deo
1506 663 1629 698 vestro,
1661 660 1736 702 quia
1758 660 1844 693 dedit
1875 660 1963 693 vobis
1993 661 2153 695 doctorem
2178 663 2266 696 iusti-

1303 712 1364 745 tiae
1391 715 1423 745 et
1449 712 1639 746 descendere
1662 713 1701 745 ad
1729 722 1784 746 vos
1803 713 1895 746 faciet
1916 714 2050 747 imbrem
2073 716 2265 749 matutinum

1302 769 1333 798 et
1362 765 1556 805 serotinum,
1588 766 1669 799 sicut
1693 766 1724 798 in
1757 766 1911 808 principio
1935 780 1965 798 ».
2001 767 2036 800 Et
2067 767 2136 801 ideo
2165 778 2278 811 super-

1302 828 1397 851 mare
1430 819 1549 857 stabat,
1585 819 1660 861 quia
1694 819 1733 852 de
1764 819 1921 861 profundo
1957 820 2265 862 incomprehensibili

1302 871 1392 913 quasi
1416 881 1520 904 rorem
1545 881 1678 913 parvum
1711 872 1882 914 sapientiae
1906 872 1944 905 ad
1976 882 2032 905 nos
2061 874 2263 914 transmittit;

1302 925 1354 957 Iob
1381 925 1530 966 vigesimo
1554 928 1660 957 sexto:
1690 926 1748 957 «Si
1774 925 1828 957 vix
1853 926 1966 958 stillam
1991 935 2173 959 sermonum
2198 919 2266 961 eius

1301 977 1530 1016 audiverimus,
1555 978 1627 1019 quis
1643 978 1759 1019 poterit
1783 979 1959 1011 tonitruum
1982 979 2208 1021 magnitudinis
2229 981 2266 1013 il-

1302 1030 1364 1063 lius
1394 1031 1511 1063 intueri
1532 1034 1573 1062 n?
1603 1050 1643 1053 ——
1674 1031 1815 1063 Docebat
1846 1036 1958 1064 autem
1995 1032 2131 1071 turbas,
2157 1033 2187 1066 id
2219 1038 2266 1067 est

1302 1083 1458 1124 simplices
1486 1086 1517 1115 et
1548 1083 1702 1122 humiles,
1735 1084 1827 1125 quia,
1859 1085 2100 1117 Proverbiorum
2133 1086 2264 1130 tertio-⁹,

1307 1148 1322 1163 a
1339 1139 1370 1167 et
1394 1144 1465 1168 cum
1496 1135 1691 1177 simplicibus
1723 1137 1942 1169 sermocinatio
1966 1137 2034 1169 eius
2050 1149 2086 1176 »;
2119 1138 2266 1170 Matthaei

1302 1188 1487 1221 undecimo:
1517 1202 1532 1216 «
1550 1189 1742 1221 Abscondisti
1768 1190 1845 1222 haec
1868 1199 1887 1222 a
1911 1190 2105 1232 sapientibus
2128 1195 2159 1224 et
2189 1201 2266 1233 pru-

1300 1242 1465 1281 dentibus,
1490 1246 1521 1274 et
1547 1243 1689 1275 revelasti
1723 1252 1760 1275 ea
1783 1243 1923 1284 parvulis
1944 1257 1974 1275 ».
2001 1244 2036 1276 Et
2065 1244 2145 1277 ratio
2170 1245 2266 1278 huius

1300 1298 1364 1334 est,
1389 1295 1464 1337 quia
1487 1295 1600 1328 turbae
1624 1305 1684 1328 non
1711 1296 1915 1338 requirebant
1946 1297 2089 1336 subtilia,
2119 1298 2173 1330 sed
2204 1299 2265 1331 uti-

1300 1350 1358 1388 lia;
1383 1353 1424 1382 et·
1439 1349 1546 1382 talium
1572 1353 1619 1381 est
1643 1350 1795 1382 Dominus
1818 1350 1944 1389 doctor;
1970 1351 2065 1383 Isaiae
2089 1351 2263 1396 quadrage.-

1301 1403 1381 1435 simo
1408 1406 1539 1435 octavo:
1569 1415 1584 1430 «
1603 1403 1664 1445 Ego
1688 1403 1858 1442 Dominus,
1886 1403 2001 1436 docens
2026 1407 2055 1437 te
2080 1405 2183 1444 utilia,
2207 1415 2263 1448 gu-

1299 1455 1437 1488 bernans
1461 1458 1490 1487 te
1515 1455 1546 1487 in
1570 1455 1638 1494 via,
1663 1464 1719 1497 per
1743 1465 1838 1498 quam
1864 1456 2007 1489 ambulas
2023 1470 2053 1489 2).

1390 1510 1419 1540 7.
1457 1508 1627 1540 Moratiter
1661 1512 1766 1541 autem
1804 1510 1976 1542 notandum
2012 1514 2080 1550 est,
2116 1510 2201 1552 quod
2232 1511 2424 1548 inExpsitiomw

1302 1560 1431 1594 Christo
1456 1561 1586 1593 docente
1614 1562 1707 1594 datur
1739 1562 1841 1594 forma
1861 1563 2095 1605 praedicanti.-
2120 1543 2425 1597 introduffiggssgm‘*

1299 1614 1383 1647 citur
1407 1618 1443 1646 ut
1465 1618 1578 1653 stans,
1603 1619 1639 1647 ut
1666 1615 1799 1654 videns,
1832 1618 1868 1648 ut
1891 1616 2070 1649 ascenderis
2102 1620 2133 1650 et
2156 1621 2193 1650 ut
2215 1627 2264 1649 se-

1299 1668 1387 1700 deris.
1414 1686 1455 1691 —
1481 1667 1552 1700 Veri
1578 1667 1659 1700 enim
1685 1671 1716 1700 et
1747 1668 1819 1700 boni
1845 1668 2069 1710 praedicatoris
2096 1673 2143 1702 est
2173 1674 2264 1703 stare
2282 1676 2340 1703 Quid
2353 1676 2381 1697 sit

1298 1730 1355 1763 per
1387 1720 1614 1753 rectitudinem
1647 1721 1857 1758 intentionis‚·
1889 1722 2058 1755 Ezechielis
2086 1722 2224 1755 secundo
2238 1723 2264 1742 ¹⁰
2300 1705 2365 1725 ⁸¹³¹&

1298 1774 1417 1807 dictum
1443 1777 1490 1806 est
1512 1774 1540 1806 ei
1569 1774 1599 1806 in
1626 1783 1760 1816 persona
1789 1775 2026 1816 praedicatoris:
2057 1788 2071 1803 r«
2089 1776 2142 1808 Sta
2165 1785 2262 1817 super

1299 1826 1393 1869 pedes
1417 1830 1502 1865 tuos,
1527 1830 1559 1859 et
1591 1827 1704 1869 loquar
1728 1831 1832 1860 tecum
1850 1841 1880 1859 ».
1911 1846 1952 1851 —
1977 1828 2030 1860 Est
2061 1827 2171 1860 videre
2203 1835 2324 1869 perQuid
2338 1835 2417 1858 videro.

1298 1880 1504 1923 (tiliyentiam
1533 1880 1763 1919 discreti'om's;
1791 1881 1834 1913 sic
1870 1881 1952 1914 enim
1985 1881 2101 1914 dicitur
2132 1881 2262 1914 Prover-

1298 1933 1424 1966 biorum
1444 1933 1592 1975 vigesimo
1608 1933 1741 1975 septimo
1756 1935 1798 1965 ¹¹:
1822 1933 2020 1976 «Diligenter
2043 1943 2177 1976 agnosce
2194 1934 2262 1966 vul—

1298 1989 1365 2018 tum
1390 1986 1514 2028 pecoris
1538 1986 1583 2018 tui
1608 1989 1744 2027 tuosque
1768 1995 1879 2028 greges
1903 1986 2066 2019 considera
2081 2000 2112 2019 ».
2138 2005 2182 2010 -—
2209 1987 2261 2020 Est
2276 1994 2333 2022 Quid
2347 2000 2419 2016 ascen·

1298 2039 1475 2071 asceudere
1498 2047 1554 2080 per
1578 2039 1773 2071 exercitium
1793 2038 1960 2082 perfectae
1984 2039 2142 2078 actionis‚·
2166 2040 2262 2073 Isaiae
2317 2021 2377 2043 ‘³⁹¹⁰'

1298 2092 1555 2134 quadragesimo:
1578 2104 1593 2120 «
1606 2092 1708 2133 Super
1724 2095 1863 2125 montem
1884 2093 2046 2126 excelsum
2064 2093 2196 2126 ascende
2214 2096 2262 2132 tu,

1298 2145 1353 2188 qui
1370 2145 1565 2187 evangelizas
1582 2144 1654 2177 Sion
1671 2158 1701 2177 ».
1720 2163 1762 2168 —
1780 2145 1832 2178 Est
1855 2145 1966 2178 sedere
1983 2155 2038 2188 per
2062 2146 2167 2178 otium
2188 2155 2263 2178 etm-
2277 2153 2422 2180 Quidsedere.

1299 2198 1540 2240 temptationis;
1564 2198 1765 2230 Threnorum
1798 2198 1890 2231 tertio
1904 2198 1948 2230 ¹²:
1979 2198 2135 2231 «Sedebit
2158 2199 2263 2231 solita-

1298 2251 1366 2284 rius
1389 2254 1420 2284 et
1444 2251 1575 2290 tacebit,
1600 2251 1675 2293 quia
1704 2250 1818 2283 levavit
1852 2260 1949 2293 super
1973 2260 2006 2284 se
2022 2265 2053 2284 ».
2078 2270 2118 2275 —-
2145 2252 2189 2285 De
2214 2252 2263 2285 his

1255 2443 1257 2445 ’
1298 2450 1364 2475 tacili
1384 2451 1456 2475 freno
1476 2452 1617 2481 reguntur,
1637 2449 1672 2474 ita
1691 2449 1854 2475 clementiam
1880 2449 2026 2475 voluntaria
2046 2449 2192 2476 innocentia
2212 2450 2260 2476 im-

1299 2498 1360 2526 petu
1380 2501 1429 2520 suo
1448 2494 1582 2526 sequitur,
1602 2496 1627 2519 et
1645 2494 1753 2526 dignam
1774 2497 1848 2526 putat
1866 2494 1973 2527 civitas,
1993 2502 2074 2528 quam
2094 2498 2182 2521 sesvet
2200 2495 2260 2522 sibi.

1297 2553 1332 2557 -—
1351 2539 1401 2564 Pro
1420 2545 1568 2572 qenerosus
1587 2537 1606 2564 C
1618 2538 1669 2563 ΒΗ
1689 2538 1835 2572 gloriosus.

1369 2581 1381 2596 ⁶
1402 2582 1476 2608 Vers.
1490 2582 1514 2608 i.
1524 2596 1560 2601 —
1571 2582 1688 2608 Subinde
1698 2583 1823 2615 allegatur
1834 2584 1875 2609 Ps.
1884 2584 1913 2616 9,
1925 2583 1949 2609 5.
1961 2584 2037 2616 Quod
2049 2583 2132 2610 iudea:
2142 2584 2167 2610 in
2180 2583 2262 2611 Thro-

1297 2626 1340 2653 πίε
1359 2627 1469 2659 residet,
1483 2627 1561 2653 docet
1574 2627 1697 2659 Gregor.,
1713 2628 1740 2653 lt.
1755 2628 1851 2654 Homil.
1865 2628 1889 2654 in
1904 2629 2002 2661 Evang.
2019 2629 2109 2654 homil.
2123 2629 2139 2654 3
2159 2648 2165 2654 .
2178 2636 2204 2654 n.
2219 2629 2261 2654 40.

1297 2685 1332 2690 -
1352 2672 1460 2697 lnterius
1485 2679 1534 2704 pro
1553 2671 1590 2698 ad
1608 2671 1794 2699 excellentiam
1815 2673 1872 2698 Vat.
1892 2680 1954 2707 cum
1980 2673 2110 2698 nonnullis
2128 2673 2206 2699 codd.
2226 2672 2262 2699 ad

1294 2723 1452 2750 personam.

1368 2758 1378 2773 ⁷
1399 2760 1492 2786 Psalm.
1511 2760 1560 2791 79,
1581 2761 1610 2791 2,
1631 2760 1675 2786 ubi
1696 2768 1744 2793 pro
1763 2767 1866 2794 appare
1881 2760 1927 2794 (ita
1941 2761 2019 2786 etiam
2033 2761 2151 2786 Breviur.
2165 2761 2191 2786 in
2204 2761 2260 2792 Ps.,

1297 2805 1370 2838 quod
1390 2805 1502 2830 liabetur
1523 2805 1588 2831 inter
1607 2813 1686 2837 opera
1701 2806 1816 2836 Hieron.)
1832 2805 1943 2837 Vulgata
1956 2804 2139 2839 manifestare.
2153 2819 2188 2824 —
2201 2807 2261 2831 Gre-

1297 2855 1368 2880 gor.,
1389 2850 1416 2875 ll.
1436 2849 1530 2874 Homil.
1548 2849 1575 2874 in
1595 2850 1684 2875 Ezech.
1706 2849 1796 2875 homil.
1816 2850 1840 2875 9.
1861 2856 1885 2874 n.
1908 2850 1940 2874 ⁴8
1953 2858 1959 2874 :
1973 2848 2116 2875 Cherubim
2130 2856 2195 2875 vei-o
2209 2850 2261 2881 ple-

1296 2893 1388 2919 nitudo
1406 2893 1530 2919 scientiae
1549 2893 1680 2919 dicuntur.
1701 2893 1856 2919 Sacerdotes
1875 2893 1944 2919 enim
1958 2895 2038 2925 atque
2051 2892 2198 2918 doctores...
2212 2900 2260 2925 per

1296 2936 1380 2963 boves
1398 2940 1423 2963 et
1442 2938 1532 2964 leones
1550 2941 1629 2971 atque
1641 2937 1784 2964 Cherubim
1805 2937 1934 2970 designati
1947 2940 2021 2969 sunt,
2038 2936 2099 2970 quia
2113 2937 2139 2962 in
2153 2937 2259 2969 plenitu-

1296 2982 1358 3008 dine
1377 2982 1513 3015 scientiae,
1532 2990 1613 3016 quam
1637 2983 1749 3016 hahent,
1778 2989 1885 3009 necesse
1904 2985 1957 3014 est,
1977 2985 2005 3008 ut
2024 2984 2050 3007 et
2078 2981 2159 3007 boum
2189 2989 2260 3008 man-

1295 3026 1462 3052 suetudinem
1483 3030 1586 3053 teneant
1605 3031 1631 3053 et
1649 3029 1780 3053 servorem
1799 3028 1906 3052 leonum
1925 3029 1974 3052 etc.

1367 3069 1378 3084 ³
1397 3071 1472 3097 Vers.
1492 3072 1543 3097 23:
1564 3071 1598 3098 Et
1615 3071 1667 3106 filii
1684 3071 1751 3098 Sion
1770 3074 1821 3097 etc.
1839 3084 1874 3090 —
1895 3070 2019 3103 Sequitur
2038 3068 2084 3095 lob
2104 3069 2150 3101 26,
2171 3069 2212 3095 ⁴4.

1365 3112 1378 3129 ⁹
1398 3116 1472 3141 vers.
1491 3116 1534 3141 32.
1552 3129 1588 3135 —
1608 3116 1758 3148 Sequuntur
1777 3115 1865 3140 Matth.
1886 3114 1928 3145 Μ,
1948 3113 1992 3139 25.
2010 3116 2035 3139 et
2054 3113 2110 3139 lsai.
2131 3112 2179 3144 48,
2200 3113 2241 3139 17.

1337 3173 1341 3176 «
1367 3157 1389 3173 ¹⁰
1403 3159 1477 3185 Vers.
1493 3159 1517 3185 l.
1530 3173 1566 3179 -
1579 3159 1707 3191 Superius
1719 3165 1769 3191 pro
1782 3157 1891 3185 docente
1902 3158 1927 3183 Ἐ
1949 3156 2070 3189 doctore,
2084 3159 2110 3182 et
2122 3163 2170 3189 pro
2182 3163 2259 3191 prae-

1295 3202 1397 3230 dicanti
1415 3204 1434 3229 E
1450 3202 1642 3237 praedicandi,
1663 3203 1720 3229 Vnt.
1737 3200 1931 3237 praedicatori.

1366 3246 1387 3261 ¹¹
1409 3248 1482 3274 Vers.
1503 3247 1551 3278 23,
1570 3246 1616 3273 ubi
1639 3254 1688 3280 pro
1709 3252 1826 3280 aqnosce
1848 3244 1926 3271 codd.
1947 3250 2076 3278 cognosce
2095 3243 2193 3277 (versio
2212 3245 2258 3271 Se-

1295 3292 1448 3324 ptuaginta:
1467 3291 1630 3325 cognosces).
1649 3304 1685 3310 —
1705 3290 1822 3316 Subinde
1841 3290 1969 3321 allegatur
1987 3288 2044 3315 lsai.
2065 3288 2112 3320 40,
2126 3289 2150 3315 9.
2163 3302 2199 3309 —
2212 3290 2258 3315 Su-

1294 3337 1384 3369 perius
1403 3343 1451 3369 pro
1470 3335 1650 3370 diligentiam,
1670 3335 1744 3369 quod
1763 3334 1861 3361 hubent
1884 3332 1981 3365 ACD,
2009 3333 2028 3359 E
2056 3332 2257 3365 rectitudinem,

1294 3381 1312 3406 F
1331 3387 1393 3407 cum
1414 3381 1472 3407 Vat.
1490 3379 1684 3408 certitudinem.

1366 3424 1388 3440 ¹²
1411 3425 1484 3451 Vers.
1503 3425 1546 3451 28.
1565 3438 1601 3444 —
1620 3424 1745 3457 Sequitur
1764 3423 1811 3449 ler.
1830 3423 1860 3455 6,
1882 3421 1924 3448 46.
