2427 3872
278 294 343 326 852

564 334 627 359 VEB

333 397 367 401 —-
386 384 425 407 est
452 387 531 406 verax
558 379 601 404 Vll
629 378 680 403 314
702 378 733 403 13
753 392 787 395 -
807 375 920 402 excludit

280 426 402 453 umbram
422 426 455 451 Vl
476 425 527 450 295
551 424 584 449 38
605 437 637 441 —
658 421 769 448 excludit
787 420 919 446 fictionem

281 471 314 498 ib.
335 472 367 497 39

334 529 368 535 —
387 514 475 541 divina
495 513 583 539 omnia
601 512 751 544 speculatur
766 510 807 536 Vll
821 509 873 535 395
887 509 921 534 35

280 575 315 580 —
335 560 424 586 divina
445 561 483 583 est
503 556 649 583 indelebilis
669 556 700 581 vt
723 555 772 580 497
793 554 826 580 34

334 619 368 623 -—
393 603 581 635 appropriatur
610 601 678 626 Patri
707 600 738 625 Vl
764 599 813 624 459
835 599 868 624 20
888 613 922 616 -

281 649 468 682 appropriatur
487 647 550 673 Filio
570 647 622 672 362
643 645 675 671 43
697 659 729 663 —
749 644 866 670 Christus
885 645 924 668 est

282 695 379 720 veritas
399 693 450 718 437
470 692 496 717 7.
521 691 572 716 488
602 691 646 716 66.
675 690 717 715 Vll
746 689 798 714 206
827 688 856 713 61
888 702 923 706 --

281 739 400 765 Christus
427 740 467 763 est
492 737 588 762 veritas
613 736 639 761 in
668 734 799 767 promisso
818 733 851 758 Vl
872 731 923 758 217

283 791 309 810 v.
330 784 340 808 1
364 798 399 801 -
418 783 492 814 010113
514 784 553 806 est
573 781 597 806 in
617 779 719 806 Christo
738 778 771 804 ad
791 776 922 810 implenda

284 828 413 861 promissa
434 826 486 853 254
510 826 543 851 35
563 839 595 844 --
615 824 734 851 Christus
762 825 800 848 est
829 821 925 847 veritas

283 873 441 899 intellectum
463 871 563 897 docens
582 872 607 895 et
634 869 731 894 veritas
758 875 811 893 non
836 866 924 892 fallens

283 921 309 943 et
327 917 424 943 veritas
444 916 468 941 in
489 915 619 948 promisso
638 915 689 939 602
709 921 736 939 v.
755 913 771 938 6

334 977 370 983 —
388 962 474 988 omnis
502 963 541 986 est
559 967 573 986 a
603 959 710 985 veritate
741 958 787 983 Dei
816 957 850 982 Vt
872 956 922 981 1ιο8

284 1017 311 1034 v.
330 1008 346 1034 5
367 1022 399 1026 —-
418 1007 528 1033 docetur
548 1012 562 1031 a
582 1005 636 1030 Deo
657 1003 706 1028 113
728 1010 754 1027 ν.
773 1002 798 1027 5.
820 1001 870 1026 459
891 1001 925 1026 20

283 1067 319 1072 -
338 1052 421 1078 Omne
440 1055 549 1080 verum}
573 1057 587 1075 3
611 1054 782 1082 quocumque
807 1046 925 1076 dicatur,

287 1097 384 1130 Spiritu
404 1099 493 1121 sancto
507 1095 620 1120 dictante
636 1093 766 1125 profertur
781 1091 827 1116 141
852 1098 878 1116 v.
894 1089 926 1115 14

284 1157 319 1161 ——
339 1141 450 1173 Spiritus
463 1142 569 1165 sanctus
588 1138 665 1164 docet
677 1137 816 1162 veritatem
835 1135 869 1161 atl
889 1135 927 1160 in-

286 1186 456 1219 telligendum
477 1185 528 1213 603
548 1185 563 1209 6
584 1198 618 1202 —
639 1182 751 1214 Spiritus
764 1183 870 1206 sanctus
883 1179 927 1205 do-

286 1234 327 1257 001
339 1231 474 1256 veritatem
489 1228 659 1261 cognitionis,
674 1225 836 1257 intentionis,
856 1225 928 1250 locu-

286 1276 378 1306 tionis,
395 1274 554 1307 operationis
573 1273 624 1298 607
644 1273 660 1298 3

339 1333 374 1340 --
394 1321 421 1345 111
440 1325 573 1344 summam
599 1317 736 1343 veritatem
761 1318 800 1342 est
818 1315 929 1341 creden-

287 1365 351 1391 dum
372 1365 406 1390 Vl
427 1364 478 1390 247
499 1363 514 1388 4
533 1376 568 1382 -
587 1364 762 1394 cognoscetur
781 1361 806 1385 in
826 1360 929 1385 animae

287 1409 479 1436 beatificatione
493 1408 544 1434 363
565 1407 597 1433 47
617 1420 652 1426 —-
671 1406 756 1439 prima
775 1408 815 1431 est
831 1411 929 1444 sponsa

288 1455 432 1480 intellectus
452 1454 484 1478 18
504 1460 530 1478 v.
552 1453 584 1477 13

341 1513 377 1517 —-
395 1497 542 1524 necessaria
571 1496 604 1522 ad
632 1497 743 1521 salutem
772 1497 811 1520 est
832 1494 930 1520 veritas

288 1544 434 1570 secundum
454 1543 577 1575 pietatem
595 1541 627 1566 Vl
649 1540 699 1566 460
720 1539 753 1565 25
773 1538 802 1564 2·
821 1552 856 1558 -
881 1538 929 1564 Ve-

289 1589 391 1615 ritatem
405 1587 552 1614 secundum
572 1586 695 1618 pietatem
719 1584 796 1610 docet
819 1583 931 1615 Spiritus

290 1636 396 1659 sanctus
415 1631 478 1659 ibid.

344 1692 380 1696 —
398 1680 438 1703 est
456 1676 602 1706 rationalis,
622 1674 760 1705 naturalis,
780 1673 885 1699 moralis
897 1672 930 1697 Vl

290 1724 342 1751 113
362 1730 388 1747 v.
409 1722 425 1747 5
444 1736 478 1740 —
497 1724 536 1746 est
554 1720 697 1749 doctrinae,
715 1718 798 1749 vitae,
817 1720 842 1743 et
863 1716 932 1743 iusti-

290 1768 342 1794 tiae
355 1767 406 1793 460
426 1766 469 1791 25.
483 1765 533 1790 606
554 1765 578 1790 2.
593 1764 635 1790 1711
655 1763 706 1789 426
721 1763 735 1788 3
751 1777 784 1781 ——
797 1761 931 1787 doctrinae

290 1811 436 1838 necessaria
462 1812 501 1836 est
525 1808 746 1840 contemplativis,
772 1807 870 1832 veritas
893 1806 931 1831 vi-

292 1860 333 1882 tae
360 1855 466 1886 activis,
486 1854 582 1879 veritas
611 1852 722 1879 iustitiae
749 1851 872 1884 praelatis
898 1850 931 1875 Vl

292 1901 344 1926 606
364 1901 379 1926 2

344 1958 380 1964 --
404 1944 531 1977 producta
557 1945 596 1968 est
615 1949 630 1967 a
653 1941 756 1967 Christo
780 1947 810 1966 ex
837 1939 931 1966 umbra

291 1990 368 2022 Legis
386 1989 419 2014 Vl
440 1988 491 2014 270
508 1988 539 2013 12
559 2001 594 2006 -
615 1986 792 2011 manifestatur
811 1988 871 2016 post
889 1984 933 2010 ad-

290 2037 398 2060 venturn
424 2032 518 2059 Christi
537 2032 563 2057 in
590 2038 669 2057 carne
700 2030 746 2056 521
772 2030 815 2055 12.
839 2029 885 2054 541
915 2028 931 2053 7

292 2093 322 2100 -.-
344 2078 476 2104 111νο1111111
500 2077 526 2102 111
555 2076 750 2108 scripturarum
779 2074 889 2099 lectione
907 2076 933 2098 et

291 2123 409 2149 oratione
428 2122 470 2147 Vll
495 2120 528 2146 67
550 2120 600 2146 102
618 2134 654 2138 —
673 2119 798 2145 discenda
824 2125 838 2143 a
858 2117 931 2144 cni-i·

292 2170 332 2193 sto
360 2167 412 2192 206
440 2166 469 2191 61
503 2180 538 2183 -
566 2171 581 2190 3
609 2163 712 2190 Christo
739 2162 871 2189 audienda
899 2162 932 2187 Vl

293 2211 345 2237 488
365 2211 398 2236 65

346 2269 382 2275 -—
402 2254 558 2280 Perscrutari
572 2253 702 2279 debemus
718 2251 854 2277 veritatem
869 2257 935 2283 qua-

282 2293 446 2332 drupliciter
466 2300 510 2324 vtt
527 2299 560 2323 96
581 2298 609 2323 31
635 2311 669 2315 -
688 2296 879 2329 aliquantulum
898 2288 934 2320 13-

292 2348 351 2370 tens
365 2344 462 2376 gratior
481 2343 600 2373 efficitur,
615 2342 680 2367 dum
699 2340 816 2373 aperitur
837 2340 869 2365 Vl
883 2339 935 2364 299

295 2389 329 2414 65
348 2403 383 2407 -
402 2387 492 2413 Omnis
511 2387 628 2412 doctrina
648 2385 727 2412 debet
745 2391 803 2410 esse
827 2383 936 2409 veritate

295 2434 372 2466 plena
391 2433 424 2458 98
439 2440 465 2457 v.
486 2432 518 2457 10
537 2445 573 2450 -
585 2437 670 2463 031103
690 2429 819 2455 invenitur
845 2428 871 2453 in
895 2434 937 2453 no-

295 2477 355 2504 stris
373 2476 463 2502 verbis
482 2476 514 2501 53
535 2483 562 2500 v.
582 2475 610 2501 11

349 2534 385 2540 -
404 2520 453 2553 Qui
473 2520 529 2545 vult
541 2520 684 2551 intelligere
702 2518 838 2544 veritatem
858 2515 937 2542 debet

298 2572 403 2591 sursum
423 2564 541 2596 aspicere
560 2562 603 2588 Vll
629 2563 679 2588 269
700 2563 734 2588 52
754 2576 785 2580 -
806 2560 937 2587 audienda

298 2613 338 2635 est
357 2616 417 2634 cum
431 2607 575 2633 reverentia
595 2610 620 2632 et
633 2606 733 2632 silentio
747 2606 798 2631 589
818 2606 834 2630 9
847 2619 882 2623 ——-
895 2611 938 2630 au·

300 2654 370 2680 ditur
383 2660 397 2678 a
411 2651 609 2684 praedestinatis
632 2650 663 2675 171
679 2650 729 2675 489
746 2650 779 2674 68
793 2662 828 2668 -
849 2649 938 2674 audita

300 2696 450 2729 indaganda
470 2699 509 2721 est
528 2695 570 2721 Vll
590 2695 641 2720 206
661 2695 689 2719 61
707 2707 743 2713 —-
761 2693 809 2718 Per
822 2693 938 2718 studium

300 2741 417 2766 veritatis
437 2741 516 2765 homo
530 2738 665 2764 subiicitur
684 2737 784 2763 doctori
805 2736 838 2761 65
858 2736 886 2760 91
905 2748 940 2755 -

303 2785 341 2811 Ad
356 2785 471 2810 notitiam
485 2783 601 2808 veritatis
619 2789 724 2813 semper
748 2780 939 2813 proficiendum

306 2832 346 2855 est
371 2829 420 2854 346
442 2828 489 2860 37,
519 2828 551 2853 38
573 2841 608 2845 -—
631 2826 737 2852 veritati
764 2825 790 2850 in
818 2823 941 2850 omnibus

304 2872 524 2906 acquiescendum
543 2875 582 2897 est
595 2870 646 2896 364
667 2870 699 2896 20
719 2883 754 2889 -
774 2869 822 2902 Qui
842 2875 857 2894 a
877 2868 941 2894 veri-

303 2921 355 2944 tate
373 2917 471 2943 recedit
490 2916 621 2942 evanescit
641 2915 692 2941 365
712 2914 745 2940 24

357 2976 393 2982 -
412 2961 531 2987 Veritatis
544 2960 673 2986 evidentia
694 2959 839 2985 ostenditur
859 2958 883 2984 111
897 2965 941 2990 30-

305 3006 444 3039 probando
462 3012 524 3031 vera
553 3004 699 3030 testimonia
719 3004 762 3030 Vll
795 3003 843 3028 165
874 3004 883 3027 1
907 3016 943 3022 -

305 3051 416 3076 Scientia
434 3049 550 3075 veritatis
566 3048 644 3075 debet
663 3047 806 3081 reprobare
826 3054 941 3073 errorem

306 3096 338 3121 Vt
359 3096 374 3120 8
394 3102 420 3127 q.
441 3095 456 3119 3

359 3153 394 3158 —
413 3141 551 3170 conspecta
570 3137 747 3163 denuntianda
767 3137 871 3162 est=Vll
891 3136 943 3162 205

307 3184 341 3208 60
360 3196 397 3201 --
413 3182 530 3208 salutaris
550 3189 602 3208 non
615 3185 654 3207 est
668 3181 792 3211 tacenda,
811 3181 856 3207 sed
871 3187 943 3213 prae-

308 3227 419 3253 dicanda
445 3227 495 3252 208
525 3227 557 3251 68
578 3239 612 3246 --
632 3225 800 3251 Manifestatio
829 3225 944 3250 veritatiS

306 3270 407 3304 spectat
425 3271 458 3296 ad
479 3272 605 3296 honorem
625 3269 832 3295 Maiestatisaw
853 3269 885 3294 84

362 3329 395 3334 -
415 3314 566 3353 evangelica
584 3313 707 3340 omnibus
732 3313 887 3339 declaranda
907 3316 946 3338 est

312 3360 353 3385 vn
373 3358 419 3384 501
444 3360 458 3384 2
478 3367 519 3379 ----x
532 3358 686 3385 occultanda
705 3360 745 3383 est
759 3356 946 3390 quaerentibus

301 3403 409 3435 ‘duplici
428 3403 462 3428 de
479 3409 555 3428 causa
577 3402 628 3428 503
648 3402 664 3426 9
683 3415 718 3421 -
736 3407 788 3426 11011
809 3400 885 3427 debet
898 3408 946 3433 pro

310 3446 434 3474 scandalo
462 3440 572 3479 relinqui
603 3446 652 3471 426
679 3446 693 3471 3
715 3459 747 3463 -—
766 3445 877 3471 traditur
905 3445 947 3471 vel

1123 335 1125 337 v
1148 284 1262 317 lNDEX
1287 284 1414 317 RERUM

956 382 986 400 ex
1006 374 1150 406 cupiditate
1170 374 1211 399 vel
1231 380 1262 399 ex
1282 374 1371 399 favore
1390 374 1432 399 vel
1452 380 1482 399 ex
1502 372 1600 398 invidia

958 419 991 444 Vl
1012 418 1064 444 6t5
1086 419 1111 443 1.
1130 418 1181 443 616
1202 418 1217 443 5
1470 413 1472 415 ’

1012 476 1047 482 -
1066 469 1118 487 11011
1138 462 1247 495 requirit
1265 461 1439 487 latebrasVll
1461 462 1511 486 310
1532 462 1547 486 2
1567 474 1603 479 -

959 507 1029 532 bona
1049 507 1110 532 fidei
1135 509 1161 531 et
1186 506 1267 532 moris
1293 509 1418 538 tanquam
1439 506 1480 531 lux
1499 505 1603 538 quaerit

960 551 1134 581 manifestari,
1153 557 1206 576 non
1226 550 1351 576 occultari
1372 551 1423 575 196
1443 550 1477 575 25

1012 610 1048 615 —-
1072 596 1122 629 Qui
1151 595 1287 621 veritatem
1317 595 1455 627 impugnat
1483 602 1512 620 ex
1532 596 1603 619 certa

963 641 1059 666 malitia
1085 641 1250 672 blasphemat
1278 640 1303 665 in
1329 639 1455 671 Spiritum
1484 642 1603 664 sanctum

962 686 1005 711 Vll
1035 684 1086 711 314
1116 685 1149 709 15
1168 698 1203 703 -
1227 685 1400 716 impugnator
1428 683 1545 709 veritatis
1573 689 1603 708 ex

962 733 1031 757 certa
1053 730 1149 755 malitia
1169 733 1208 755 est
1226 731 1393 760 contemptor
1412 727 1557 753 Divinitatis
1570 726 1604 753 ib.

964 776 996 801 16
1015 789 1050 794 -
1070 782 1123 800 11011
1154 777 1240 806 potest
1259 772 1411 805 impugnari
1439 772 1495 798 sine
1517 771 1605 798 cordis

962 819 1137 846 obduratione
1156 817 1219 844 ibid.
1241 832 1276 837 —
1296 817 1419 843 Veritatis
1438 819 1605 848 contemptus

962 868 1001 890 est
1020 867 1157 897 peceatum
1184 863 1261 889 valde
1285 862 1469 888 detestandum
1499 861 1550 887 258
1572 861 1604 886 19

962 924 997 930 -
1017 909 1096 935 Maior
1125 909 1202 940 culpa
1231 910 1271 933 est
1298 907 1416 932 veritatis
1444 905 1606 937 contemptio

962 961 1043 988 quam
1063 953 1145 979 libido
1163 952 1321 978 carnalitatis
1348 951 1399 977 259
1420 951 1448 976 21
1473 964 1507 969 -
1534 949 1606 975 Veri-

963 1000 1022 1025 tatis
1041 996 1270 1030 contemptoribus
1298 996 1410 1022 debetur
1438 1002 1521 1027 poena
1543 993 1604 1021 ibid.

962 1059 998 1063 -—
1018 1043 1069 1076 Qui
1087 1042 1224 1068 veritatem
1249 1041 1365 1073 agnitam
1391 1040 1548 1072 impugnant
1567 1046 1607 1064 ex-

964 1091 1104 1115 caecantur
1125 1087 1155 1112 vt
1177 1086 1228 1112 455
1249 1086 1264 1111 5

1018 1147 1053 1153 --
1073 1133 1130 1159 Mali
1145 1132 1248 1165 tugiunt
1268 1131 1352 1156 lucem
1368 1130 1483 1156 veritatis
1504 1129 1535 1155 Vl
1555 1128 1606 1154 284

954 1180 999 1205 ’32
1020 1193 1053 1197 --
1072 1178 1164 1204 odium
1191 1177 1261 1210 parit
1286 1176 1333 1202 341
1364 1177 1378 1201 8
1400 1189 1434 1195 --
1453 1175 1543 1201 odiosa
1569 1176 1608 1199 est

966 1224 1040 1250 malis
1059 1224 1102 1249 vn
1132 1223 1178 1248 501
1210 1223 1225 1247 2
1245 1236 1279 1240 -
1298 1228 1349 1247 11011
1379 1220 1530 1246 conceditur
1558 1225 1606 1244 nec

966 1268 1082 1295 creditur
1101 1268 1148 1293 nisi
1168 1274 1182 1292 3
1207 1266 1348 1292 veracibus
1372 1268 1398 1290 et
1417 1263 1538 1290 fidelibus
1557 1263 1608 1289 409

967 1315 1000 1340 19
1020 1329 1055 1333 —-
1083 1313 1203 1346 proditur
1232 1318 1280 1343 pro
1308 1318 1378 1336 vano
1407 1308 1470 1336 ibid.
1496 1322 1532 1328 —-
1556 1308 1610 1334 ani-

967 1367 1037 1386 mam
1051 1358 1120 1384 bene
1133 1357 1286 1389 dispositam
1308 1354 1460 1381 mirabiliter
1481 1353 1558 1379 allicit
1576 1353 1609 1378 Vl

968 1404 1019 1430 352
1038 1403 1072 1429 73

1020 1463 1055 1467 —
1074 1448 1133 1474 licet
1152 1447 1184 1473 ad
1211 1450 1316 1478 tempus
1336 1447 1529 1478 prosternatur,
1546 1450 1603 1468 non

968 1496 1053 1526 potest
1071 1492 1191 1524 superari
1213 1492 1243 1517 Vl
1266 1490 1316 1517 495
1330 1490 1373 1516 26.
1387 1490 1429 1515 1111
1450 1489 1501 1514 528
1522 1489 1555 1513 23
1577 1501 1609 1506 —

968 1541 1116 1564 constanter
1130 1536 1275 1562 confitenda
1296 1535 1328 1560 Vl
1343 1534 1394 1561 377
1414 1534 1442 1559 21
1462 1548 1495 1552 -
1506 1540 1558 1559 11011
1571 1539 1610 1558 10-

969 1582 1110 1616 linquenda
1127 1584 1234 1613 propter
1248 1580 1382 1605 vitandam
1396 1578 1544 1604 iactantiam
1559 1576 1610 1602 370

967 1628 1001 1653 79
1020 1642 1055 1646 —
1086 1626 1208 1652 Veritatis
1236 1624 1357 1656 discipuli
1385 1623 1412 1648 in
1432 1622 1541 1648 articulo
1570 1627 1611 1646 ne-

968 1672 1096 1699 cessitatis
1115 1670 1213 1697 debent
1231 1677 1260 1695 se
1273 1668 1438 1695 manifestare
1452 1667 1495 1692 Vll
1511 1666 1562 1692 583
1577 1666 1610 1691 62

1021 1732 1056 1736 -
1070 1715 1206 1742 veracitas
1218 1713 1389 1740 consessionis
1402 1715 1441 1738 est
1460 1714 1548 1737 contra
1567 1710 1612 1736 do-

968 1762 1096 1788 lositatem
1117 1758 1291 1786 simulationis
1316 1758 1358 1783 Vll
1378 1757 1429 1782 313
1455 1756 1487 1781 12
1507 1770 1541 1774 -
1562 1754 1610 1787 Qui

968 1806 1120 1836 veritatem,
1140 1811 1221 1837 quam
1241 1803 1359 1829 Christus
1378 1801 1481 1832 docuit,
1506 1800 1612 1826 conflte-

969 1856 1023 1881 tur,
1042 1849 1174 1876 Christum
1194 1848 1346 1879 confltetur;
1365 1846 1412 1879 qui
1425 1848 1520 1877 negat,
1539 1843 1613 1870 Chri-

969 1898 1038 1921 stum
1058 1896 1137 1925 negat
1156 1892 1208 1918 314
1227 1892 1262 1918 14

1023 1953 1057 1958 -
1079 1938 1200 1970 Cognitio
1222 1936 1340 1962 veritatis
1365 1934 1490 1961 rectificat
1514 1933 1613 1959 intelle-

969 1987 1041 2010 ctum
1062 1983 1093 2009 Vl
1116 1982 1167 2007 363
1183 1981 1215 2007 47
1235 1995 1270 2001 -
1284 1980 1413 2013 Splendor
1431 1978 1550 2004 veritatis
1567 1977 1612 2003 du-

970 2030 1004 2055 cit
1023 2029 1049 2053 in
1069 2027 1170 2053 bonum
1192 2026 1234 2051 Vll
1255 2026 1288 2050 90
1309 2025 1324 2051 5
1343 2038 1379 2043 -
1398 2024 1446 2049 Ρο1
1466 2022 1613 2048 manifesta-

970 2074 1068 2100 tionem
1089 2071 1206 2097 veritatis
1225 2070 1368 2096 revincitur
1387 2067 1493 2094 tentatio
1512 2067 1564 2093 510
1579 2066 1612 2091 30

969 2133 1005 2137 ——
1024 2117 1074 2150 Qui
1093 2117 1230 2142 veritatem
1254 2114 1377 2144 audiunt,
1401 2112 1515 2144 diligunt
1533 2114 1560 2136 et
1577 2111 1614 2136 13-

971 2163 1043 2188 ciunt
1061 2161 1094 2187 ad
1111 2160 1239 2193 gaudium
1259 2159 1366 2184 venient
1378 2157 1429 2183 297
1450 2157 1483 2182 62
1502 2169 1538 2175 -
1551 2162 1610 2187 pur-

971 2210 1016 2240 gat
1043 2205 1077 2232 ab
1105 2212 1195 2231 errore
1224 2204 1256 2229 Vl
1284 2203 1335 2229 473
1360 2203 1393 2228 29
1422 2216 1456 2220 ———
1478 2200 1572 2226 liberat
1598 2206 1613 2225 a

971 2251 1047 2284 culpa
1075 2253 1101 2276 et
1129 2248 1250 2276 liberabit
1281 2247 1315 2273 ab
1345 2246 1418 2273 omni
1446 2244 1614 2277 corruptione

974 2296 1025 2321 363
1044 2295 1076 2321 47

1028 2340 1126 2365 vannus
1143 2352 1179 2358 —
1197 2338 1283 2363 Poena
1305 2335 1404 2362 vermis
1429 2335 1614 2361 damnatorum

973 2387 1044 2410 recte
1056 2386 1166 2409 vocatur
1180 2389 1252 2408 mors
1265 2381 1296 2407 Vl
1311 2380 1363 2406 590
1376 2380 1407 2405 10
1419 2394 1453 2398 —-
1465 2379 1548 2404 Poena
1559 2384 1616 2404 ver-

975 2428 1025 2454 mis
1043 2430 1082 2453 est
1100 2434 1190 2452 amara
1210 2426 1261 2451 626
1282 2425 1297 2450 4

1028 2472 1146 2497 1705113111
1164 2484 1199 2490 —·
1218 2470 1313 2496 dicitur
1333 2469 1435 2494 initium
1459 2467 1554 2497 noctis,
1574 2466 1616 2492 vel

974 2517 1031 2549 ipsa
1051 2523 1102 2541 nox
1122 2522 1169 2547 per
1182 2514 1365 2546 synecdochen
1386 2513 1418 2538 Vl
1438 2512 1490 2537 506
1512 2512 1544 2537 12

1029 2560 1120 2585 Vesus
1138 2574 1173 2577 —
1193 2559 1240 2584 Per
1268 2557 1423 2583 vestimenta
1443 2553 1554 2582 candida
1574 2557 1617 2581 ho-

976 2612 1020 2631 mo
1038 2605 1151 2630 decorus
1170 2606 1280 2635 apparet
1300 2602 1332 2628 Vl
1346 2601 1380 2627 74
1398 2609 1424 2627 v.
1444 2602 1459 2626 8
1473 2615 1507 2619 -
1522 2600 1618 2632 pretio-

976 2656 1021 2675 sae
1039 2652 1099 2674 sunt
1119 2647 1255 2673 hominum
1276 2646 1485 2676 mundanorum,
1511 2652 1561 2670 non
1582 2644 1618 2668 vi·

976 2699 1067 2719 rorum
1086 2691 1260 2724 spiritualium
1288 2694 1314 2716 et
1342 2689 1544 2715 christianorum
1574 2688 1617 2713 Vll

979 2737 1028 2762 178
1050 2736 1082 2762 49
1096 2749 1130 2755 -
1144 2736 1169 2761 ln
1189 2734 1307 2760 vestibus
1321 2737 1446 2766 peccatur
1465 2732 1619 2766 quadrupli-

977 2782 1041 2807 citer
1060 2780 1110 2805 416
1131 2780 1164 2805 38
1183 2793 1219 2798 -
1238 2779 1399 2804 Vestimenta
1425 2777 1538 2809 pretiosa
1558 2780 1619 2802 sunt

978 2824 1090 2851 carnalia
1113 2827 1138 2849 et
1162 2823 1284 2849 deliciosa
1312 2822 1361 2847 178
1383 2821 1415 2846 49
1435 2834 1470 2840 -
1489 2821 1619 2852 pretiosae

979 2872 1004 2895 et
1021 2868 1160 2895 deliciosae
1179 2868 1374 2892 consueverunt
1393 2872 1451 2891 esse
1465 2871 1547 2890 vanae
1566 2865 1618 2896 glo-

980 2914 1034 2940 riae
1052 2912 1156 2939 occasio
1175 2910 1237 2937 ibid.

1033 2971 1068 2978 —
1088 2958 1124 2983 De
1142 2956 1237 2982 vestitu
1263 2962 1315 2980 non
1336 2957 1375 2979 est
1401 2953 1566 2985 gloriandum
1588 2952 1619 2979 Vl

979 3003 1013 3029 74
1033 3010 1061 3028 v.
1080 3003 1095 3027 8
1114 3015 1150 3020 —
1162 3000 1285 3026 Gloriatio
1303 2999 1327 3024 in
1342 2998 1437 3024 vestitu
1456 3000 1495 3023 est
1515 3003 1581 3023 vana
1596 3000 1621 3022 et

980 3047 1071 3074 similis
1098 3044 1246 3078 gloriationi
1275 3043 1424 3069 corniculae
1453 3042 1494 3067 Vll
1517 3041 1566 3066 416
1588 3041 1619 3066 38

981 3106 1015 3111 -
1034 3091 1152 3117 Voetium
1172 3089 1257 3115 cultus
1276 3087 1444 3119 redarguitur
1465 3086 1516 3112 518
1537 3085 1570 3111 53
1587 3098 1622 3104 —

980 3135 1070 3162 Cultus
1088 3134 1200 3161 vestium
1221 3133 1395 3165 pretiosarum
1421 3129 1622 3163 reprelienditur

982 3180 1014 3206 47
1036 3180 1063 3205 11
1086 3193 1122 3199 -
1141 3178 1301 3204 Vestimenta
1334 3176 1444 3209 pretiosa
1471 3175 1504 3200 ad
1525 3181 1621 3200 vanam

981 3224 1091 3257 gloriam
1105 3229 1231 3256 quaerere
1245 3225 1284 3247 oet
1301 3219 1507 3252 reprehensibile
1527 3222 1552 3245 et
1566 3225 1622 3251 pec-

981 3272 1069 3295 catum
1091 3267 1141 3293 416
1162 3267 1195 3292 37
1214 3280 1249 3285 -
1269 3264 1360 3292 Cultus
1385 3264 1560 3296 pretiosarum
1581 3270 1623 3289 ve-

981 3314 1061 3340 stium
1080 3312 1156 3344 culpa
1170 3314 1209 3337 est
1227 3309 1261 3337 ib.
1277 3310 1309 3335 38
1323 3323 1359 3329 —
1373 3309 1456 3334 Valde
1476 3308 1622 3334 absurdum

983 3360 1030 3387 est,
1045 3356 1179 3389 putridum
1192 3355 1305 3380 cadaver
1318 3353 1431 3385 pretiosa
1442 3356 1515 3378 veste
1528 3352 1623 3383 ornari,

984 3401 1055 3427 unde
1082 3403 1189 3432 possent
1217 3398 1292 3424 multi
1320 3404 1451 3430 pauperes
1482 3396 1622 3422 sustentari

985 3444 1047 3472 ibid.
1067 3458 1100 3463 -
1121 3445 1262 3470 Excusatur
1278 3442 1312 3468 ab
1327 3449 1375 3468 usu
1395 3440 1562 3474 pretiositatis
1580 3447 1623 3466 ve-

1933 327 1987 352 vtA

1639 372 1718 398 stium
1739 372 1838 398 ratione
1863 372 1997 404 dignitatis
2022 379 2166 405 personae,
2185 372 2281 405 signifi·

1640 416 1741 442 cantiae
1759 419 1786 442 et
1803 417 1921 442 cautelae
1938 416 2001 443 ibid.

1693 476 1728 479 —
1748 461 1865 486 Vestium
1887 462 1972 487 cultus
1991 464 2046 487 erat
2067 461 2161 487 vitium
2180 461 2282 487 Scriba-

1640 512 1699 531 rum
1721 506 1762 531 Vll
1782 505 1833 531 518
1854 506 1887 531 53

1689 565 1728 590 ῥ-
1747 550 1865 582 quotidie
1884 550 2035 576 devastatur
2054 553 2080 576 et
2098 557 2149 576 non
2170 556 2279 576 renova·

1641 597 1696 626 tur,
1716 594 1765 620 nisi
1784 595 1851 620 forte
1864 594 1955 620 divino
1976 594 2102 620 miraculo
2117 594 2148 620 Vl
2163 594 2196 619 30
2215 601 2240 620 v.
2254 594 2282 619 7.

1641 639 1675 664 32
1695 646 1722 664 v.
1742 639 1757 663 8

1693 696 1730 702 -—
1748 683 1873 715 Discipuli
1893 685 2039 715 posuerunt
2065 689 2146 714 super
2174 682 2283 708 asellum

1642 727 1795 753 vestimenta
1814 728 1856 753 Vll
1878 727 1928 753 492
1948 727 1981 752 54
1997 741 2027 745 -
2042 726 2131 753 Turba
2152 726 2283 753 sternebat

1642 772 1796 798 vestimenta
1809 771 1860 798 sub
1873 771 1988 804 pedibus
2000 771 2065 797 asini
2079 771 2112 797 ad
2132 771 2281 797 conculcan-

1642 817 1756 842 candum
1776 815 1838 843 ibid.
1860 831 1892 834 —
1912 817 1960 842 Per
1973 816 2125 841 strationem
2142 816 2281 841 vestimen-

1643 864 1729 887 torum
1750 860 1919 893 intelligimus
1944 860 2169 886 conculcationem
2187 863 2280 886 nostro

1642 913 1702 931 rum
1716 912 1858 937 corporum
1872 903 1934 930 ibid.
1947 918 1983 923 —
1996 904 2157 930 Vestimenta
2171 903 2280 930 subster-

1644 957 1706 976 nere
1724 950 1750 976 in
1771 949 1812 975 via
1832 952 1871 975 est
1884 949 1990 981 signum
2012 955 2124 981 magnae
2136 948 2286 974 devotionis

1644 994 1706 1021 ibid.

1697 1054 1733 1059 —
1752 1040 1839 1066 Primo
1867 1038 1969 1065 Christo
1993 1042 2093 1064 vestem
2122 1044 2285 1070 purpuream

1644 1084 1888 1115 circumdederunt,
1911 1087 1936 1109 et
1967 1083 2138 1115 postmodum
2164 1089 2217 1108 non
2245 1089 2287 1108 so-

1644 1130 1698 1155 lum
1712 1136 1770 1155 eam
1784 1136 1866 1162 quam
1885 1127 2131 1159 circumdederunt,
2150 1127 2197 1153 sed
2210 1133 2286 1152 suam

1645 1172 1781 1207 propriam
1803 1173 1967 1199 abstulerunt
1986 1173 2018 1198 Vl
2045 1171 2095 1197 617
2121 1171 2138 1197 7
2157 1186 2193 1190 -—
2214 1171 2288 1197 Chri-

1646 1220 1678 1245 sti
1704 1225 1837 1251 purpurea
1858 1217 1989 1250 significat
2007 1216 2155 1242 mundanas
2182 1215 2287 1242 divitias

1646 1263 1707 1290 ibid.

1700 1323 1735 1327 —
1755 1308 1896 1334 Prohibino
1909 1307 2069 1340 duplicitatis
2091 1305 2239 1332 vestimenti
2252 1312 2289 1331 se-

1647 1353 1764 1379 cundum
1776 1352 1972 1384 intelligentiam
1986 1351 2149 1383 spiritualem
2161 1349 2290 1382 significat

1648 1397 1853 1430 prohibitionem
1882 1396 2043 1428 duplicitatis
2066 1394 2238 1424 simulationis
2264 1396 2291 1420 et

1648 1442 1796 1475 hypocrisis
1815 1441 1858 1467 Vll
1879 1441 1930 1466 219
1949 1440 1965 1465 7

1701 1501 1736 1506 -
1755 1486 1918 1512 Vestimenta
1942 1485 2128 1517 Apostolorum
2151 1483 2290 1515 designant

1648 1532 1795 1558 doctrinam
1811 1531 1952 1561 virtutum,
1965 1529 2008 1555 vel
2021 1529 2206 1554 discretionem
2226 1527 2291 1553 Scri-

1649 1580 1787 1609 pturarum
1801 1578 1827 1601 et
1839 1575 1953 1607 gratiam
1963 1573 2125 1606 spiritualem
2137 1573 2178 1598 Vll
2191 1571 2236 1597 491
2256 1572 2290 1598 52

1701 1636 1736 1641 —-
1765 1620 1926 1646 Vestimenta
1951 1618 2108 1651 pontificalia
2143 1616 2292 1649 significant

1649 1666 1787 1699 passiones
1799 1664 1894 1691 Christi
1913 1663 1956 1689 Vll
1976 1663 2028 1689 569
2050 1662 2082 1688 14
2096 1677 2131 1680 -
2149 1661 2292 1687 Vestimen-
2309 1664 2310 1667 ’

1649 1711 1681 1736 tis
1713 1708 1907 1742 pontificalibus
1935 1710 2044 1733 utuntur
2064 1706 2173 1739 praelati
2201 1712 2289 1732 conse-

1649 1757 1751 1781 crantes
1779 1754 1805 1779 in
1833 1752 1990 1779 memoriam
2019 1751 2170 1777 dominicae
2194 1749 2292 1782 passio·

1650 1799 1691 1825 nis
1709 1797 1772 1825 ibid.

1703 1856 1738 1862 ——
1757 1842 1879 1874 designat
1896 1840 2124 1867 conversationem
2149 1839 2182 1864 Vl
2202 1838 2253 1865 599
2276 1838 2285 1863 1

1649 1901 1685 1907 -
1703 1887 1826 1919 designat
1838 1885 1944 1911 divitias
1957 1885 2084 1910 virtutum
2105 1883 2156 1909 617
2169 1883 2187 1909 7
2200 1897 2235 1901 -
2249 1883 2293 1908 110-

1651 1932 1729 1958 minis
1748 1930 1890 1964 spiritualis
1908 1930 2039 1962 significat
2057 1928 2251 1961 speciositatem
2265 1927 2291 1952 in

1651 1976 1720 2003 bona
1739 1975 1892 2008 operatione
1911 1974 1963 1999 619
1981 1975 1996 2000 3
2015 1987 2051 1992 -
2070 1973 2118 1999 Ρο1
2136 1971 2293 1998 vestimenta

1650 2021 1763 2047 candida
1787 2019 1937 2052 intelligitur
1961 2017 2119 2044 conscientia
2140 2016 2239 2042 munda
2257 2015 2293 2042 75

1651 2073 1679 2091 v.
1702 2065 1731 2090 10

1705 2123 1740 2128 -
1767 2108 1887 2141 puritatis
1914 2108 1992 2133 datur
2020 2114 2067 2139 per
2097 2104 2292 2138 susceptionem

1652 2155 1882 2180 sacramentorum
1912 2152 1954 2178 Vll
1984 2152 2035 2177 396
2064 2150 2098 2177 37
2117 2164 2153 2170 -
2171 2149 2294 2182 nuptialis

1651 2202 1690 2225 est
1708 2198 1811 2224 dilectio
1832 2198 1864 2223 Vl
1885 2196 1935 2222 317
1955 2195 1990 2226 74
2004 2210 2038 2214 -
2053 2194 2175 2228 nuptialis
2194 2196 2233 2220 ost
2251 2200 2294 2219 03-

1651 2244 1714 2269 ritas
1733 2242 1784 2268 497
1804 2243 1837 2268 36

1706 2288 1816 2313 Vultu
1829 2300 1864 2305 —
1883 2285 2088 2312 Christianorum
2103 2286 2163 2310 sunt
2181 2282 2294 2316 insignia

1653 2333 1781 2367 passionis
1801 2333 1833 2358 Vl
1853 2332 1905 2358 594
1927 2332 1936 2357 1

1706 2378 1755 2404 Vm
1776 2391 1809 2396 —-
1828 2377 1947 2403 Christus
1963 2379 2001 2402 est
2020 2375 2063 2401 via
2082 2375 2108 2400 in
2128 2374 2248 2406 exemplo
2262 2371 2296 2400 VI

1653 2423 1704 2449 217
1725 2431 1751 2448 ν.
1781 2423 1803 2448 1.
1834 2422 1885 2447 602
1905 2428 1932 2446 v.
1952 2421 1967 2445 6
1986 2435 2022 2438 —
2041 2419 2159 2446 Christus
2183 2421 2225 2444 est
2251 2418 2294 2443 via

1653 2468 1770 2499 dirigens
1788 2467 1909 2492 effectum
1930 2465 1981 2492 602
2001 2472 2028 2489 v.
2041 2464 2057 2489 6
2071 2477 2106 2483 —
2119 2463 2238 2490 Christus
2257 2465 2296 2488 est

1655 2514 1696 2538 via
1715 2519 1767 2538 non
1786 2518 1876 2537 errans
1895 2509 1959 2536 ibid.

1708 2570 1742 2576 --
1764 2555 1875 2581 Directio
1888 2554 1947 2579 viae
1966 2556 2005 2579 est
2025 2560 2072 2585 per
2085 2552 2197 2585 gratiam
2217 2554 2243 2577 et
2255 2558 2295 2577 ca-

1655 2601 1772 2631 ritatem,
1791 2606 1860 2633 qnae
1878 2606 1891 2625 a
1906 2599 1961 2625 solo
1982 2598 2035 2624 Deo
2054 2600 2107 2628 est,
2121 2597 2168 2622 sed
2188 2602 2297 2628 praepa·

1654 2646 1720 2671 ratio
1742 2645 1776 2670 ad
1796 2643 1967 2670 directionem
1996 2647 2035 2667 est
2054 2649 2068 2667 3
2089 2640 2164 2667 nobis
2193 2641 2223 2666 Vl
2244 2639 2296 2666 258

1656 2690 1689 2715 52
1710 2688 1739 2714 2*
1757 2702 1792 2708 --
1810 2695 1863 2721 qua
1890 2687 2018 2712 Dominus
2041 2686 2114 2711 venit
2132 2685 2164 2710 ad
2185 2691 2244 2717 nos,
2271 2686 2297 2709 et

1656 2741 1704 2759 nos
1722 2733 1791 2758 imus
1804 2739 1818 2757 a
1840 2733 1937 2762 Deum,
1954 2734 1993 2756 est
2006 2730 2101 2756 caritas
2121 2729 2171 2755 140
2186 2736 2211 2753 v.
2231 2728 2247 2754 7
2261 2742 2297 2746 —

1657 2777 1760 2803 Domini
1779 2779 1818 2802 est
1837 2776 1861 2801 in
1874 2775 1926 2801 fide
1947 2782 1994 2807 per
2006 2774 2197 2806 cognitionem,
2216 2772 2241 2798 in
2255 2779 2298 2798 ca-

1656 2822 1731 2847 ritate
1750 2828 1796 2853 per
1815 2820 1979 2846 affectionem
2001 2819 2042 2845 Vll
2064 2818 2093 2845 41
2118 2818 2167 2843 136

1709 2880 1744 2883 -
1763 2865 1797 2890 ad
1826 2864 1936 2896 patriam
1965 2863 2101 2895 potissime
2131 2861 2247 2888 consistit
2272 2860 2298 2886 in

1658 2911 1771 2942 perfecta
1797 2908 1947 2940 cognitione
1969 2907 2063 2934 Christi
2092 2913 2139 2939 per
2167 2906 2247 2932 fldem
2273 2908 2299 2931 et

1659 2955 1773 2986 perlecta
1792 2952 1936 2978 imitatione
1949 2959 1996 2984 per
2009 2958 2115 2977 crucem
2136 2951 2178 2976 Vll
2198 2949 2250 2976 225
2264 2949 2296 2975 29

1658 3012 1692 3016 —
1712 2998 1759 3023 Per
1778 2996 1905 3028 triplicem
1925 2996 1996 3021 viam
2010 2995 2162 3028 pervenitur
2181 2994 2215 3020 ad
2229 2993 2299 3020 Chri-

1658 3045 1727 3073 stum
1747 3041 1799 3066 335
1823 3041 1857 3066 85
1876 3055 1911 3059 —-
1930 3040 2021 3072 triplex
2049 3038 2195 3073 ostenditur
2222 3036 2299 3063 nobis

1659 3085 1753 3116 verbo,
1774 3085 1895 3117 exemplo
1908 3087 1934 3110 et
1946 3084 2016 3110 dono
2035 3083 2160 3109 divinitus
2173 3082 2298 3114 inspirato

1659 3129 1720 3157 ibid.

1713 3189 1747 3193 —-—
1768 3174 1814 3200 Dei
1827 3178 1888 3199 sunt
1901 3172 2080 3199 misericordia
2093 3175 2123 3202 ,et
2140 3171 2238 3197 veritas
2255 3170 2300 3196 Vll

1656 3220 1711 3245 ’488
1734 3218 1766 3244 44
1779 3232 1815 3237 -
1828 3218 1879 3251 Qui
1895 3217 1951 3243 vult
1968 3217 2026 3243 vias
2040 3216 2143 3242 Domini
2161 3215 2252 3241 videre
2265 3213 2300 3239 in-

1661 3264 1734 3296 diget
1753 3263 1874 3288 unctione
1892 3260 1956 3288 ibid.

1713 3322 1748 3326 —
1768 3306 1889 3332 veniendi
1909 3305 1943 3331 ad
1969 3305 2051 3330 Deum
2071 3301 2115 3330 est'
2132 3302 2244 3329 difficilis
2264 3301 2299 3327 ad

1661 3351 1885 3385 progrediendum
1905 3353 1931 3375 et
1949 3349 1981 3375 ad
1996 3347 2176 3380 arripiendum
2196 3347 2229 3372 Vl
2247 3346 2299 3372 567

1662 3398 1677 3421 2
1696 3410 1730 3415 -
1749 3394 1928 3421 obedientium
1942 3396 1981 3419 est
1998 3391 2160 3423 obedientia,
2174 3391 2237 3416 etin
2251 3391 2300 3416 hac

1662 3439 1704 3465 via
1722 3442 1833 3471 apparet
1845 3438 1909 3470 ipsis
1921 3437 2039 3464 Christus
2051 3436 2102 3462 623
2117 3436 2132 3461 2
2145 3448 2180 3454 -—-
2194 3433 2300 3460 Turbae
