2476 3921
274 249 340 281 472

274 339 379 369 mente
410 334 589 368 audivimus
620 335 811 366 sanatum».
844 331 930 369 Unde
963 329 1062 363 Iacobi
1086 329 1231 371 prim0¹:

281 402 297 418 «
314 389 344 421 Si
368 388 439 431 quis
471 390 611 420 vestrum
635 385 752 428 indiget
783 383 951 427 sapientia,
981 382 1118 425 postulet
1148 382 1232 414 illam

277 453 295 476 a
319 443 400 481 Deo,
424 445 455 475 et
470 441 597 474 dabitur
620 440 648 472 ei
665 453 696 471 n.
722 438 909 480 Exemplum
926 437 1023 469 huius
1047 435 1182 468 habetur
1202 434 1234 467 in

277 497 439 529 Salomone
456 494 539 527 tertii
564 495 680 535 Regum
698 492 805 530 tertio,
825 491 880 524 ubi
896 490 1027 528 dicitur,
1044 489 1128 531 quod
1148 501 1164 517 «x
1181 497 1235 530 ap-

277 549 383 591 paruit
418 548 570 580 Dominus
601 545 755 578 Salomoni
787 547 818 577 et
848 544 954 577 dixit:
988 542 1113 575 Postula
1151 541 1235 583 quod

278 603 339 641 vis,
364 605 401 634 ut
423 601 494 634 dem
518 600 572 633 tibi
590 613 620 631 ».
646 600 681 632 At
705 598 756 631 ille
779 597 878 630 dixit:
909 610 923 625 α
942 595 1036 628 Dabis
1060 604 1153 628 servo
1181 597 1236 626 tuo

278 665 333 689 cor
356 655 455 688 docile
478 657 501 683 15
523 657 581 686 etc.
608 666 623 681 ιι
638 653 673 685 Et
694 651 813 694 placuit
836 659 940 684 sermo
964 658 1069 682 coram
1086 647 1235 686 Domino,

279 708 363 750 quod
388 716 455 740 rem
480 705 659 738 huiusmodi
684 704 880 746 postulasset.
907 703 943 735 Et
966 702 1047 734 dixit
1070 700 1236 733 Dominus:

279 761 359 802 Quia
381 763 417 793 tu
440 758 602 802 postulasti
639 757 840 799 sapientiam,
872 764 961 794 ecce,
996 754 1065 787 dedi
1102 753 1157 786 tibi
1182 761 1237 785 cor

279 813 403 855 sapiens
426 815 458 845 et
479 811 655 853 intelligens
682 810 714 842 in
738 813 878 848 tantum,
907 812 943 841 ut
974 807 1081 840 nullus
1104 809 1175 839 ante
1207 808 1238 838 te

280 866 389 899 similis
412 865 458 898 tui
482 864 578 897 fuerit
600 872 657 896 nec
681 866 751 905 post
774 866 804 895 te
828 865 1032 895 surrecturus
1056 860 1096 893 sit
1111 873 1126 888 n
1148 862 1206 892 etc.

371 919 421 951 65.
448 918 548 959 (Vers.
573 916 651 957 42).
673 916 791 957 Quarto
814 918 967 957 quantum
1000 913 1038 946 ad
1067 911 1238 954 iutegrita-

156 984 267 1010 Quanum.
282 975 343 1004 tem
366 970 523 1002 sanitatis
554 968 732 1010 subiungit:
758 968 797 1000 Et
820 968 913 999 Iesus
944 966 1028 998 dixit
1060 964 1153 997 z'llz'2:
1179 965 1238 996 Re-

280 1024 388 1066 spice,·
410 1023 490 1064 fides
522 1026 582 1055 tua
613 1026 641 1054 te
671 1021 802 1064 salvum
826 1019 921 1062 fecit,
953 1028 1010 1061 per
1035 1017 1238 1061 infusionem

282 1077 416 1109 divinae
447 1075 591 1118 pratiae.
623 1075 680 1107 Per
704 1077 882 1116 respectum
913 1080 1049 1114 namque
1081 1071 1153 1103 fidei
1185 1079 1238 1103 cor

281 1133 425 1163 nostrum
449 1129 582 1171 erigitur
605 1128 643 1160 ad
660 1127 828 1166 iustitiam;
853 1126 892 1159 ad
909 1127 1061 1158 Romanos
1084 1125 1195 1167 quinto
1209 1124 1237 1155 ⁸:

287 1196 302 1212 α
319 1183 479 1216 {ustificati
504 1191 560 1224 per
581 1181 693 1219 fidem,
718 1189 825 1222 pacem
841 1180 1014 1217 habeamus
1036 1178 1074 1211 ad
1091 1179 1192 1211 Deum
1206 1191 1237 1209 ι».

284 1236 321 1268 Et
344 1236 421 1268 haec
444 1238 492 1268 est
520 1234 623 1276 prima
645 1234 765 1272 virtus,
788 1233 827 1265 de
850 1242 913 1274 qua
941 1232 979 1265 ad
1003 1232 1157 1265 Hebraeos
1181 1240 1240 1264 un-

282 1288 420 1321 decimo:
449 1300 465 1316 «
482 1286 683 1320 Accedentem
700 1289 824 1328 oportet
840 1285 968 1318 credere
984 1280 1016 1323 ἑ),
1041 1293 1112 1317 nam
1141 1297 1157 1313 «
1174 1284 1241 1326 ipsa

284 1344 332 1374 est
354 1340 527 1373 substantia
551 1348 659 1372 rerum
684 1338 909 1380 sperandarum
927 1351 942 1367 n
971 1340 1029 1369 etc.

375 1395 426 1426 66.
451 1393 552 1432 (Vers.
571 1392 662 1432 .li3.).
689 1392 729 1424 Et
756 1390 924 1434 confestim
956 1389 1056 1427 vidit,
1089 1398 1145 1431 per
1176 1388 1242 1421 eir-

139 1458 267 1489 nesumuur
285 1446 556 1489 cumspectionem
583 1444 802 1487 prudentiae;
833 1444 872 1476 ad
904 1442 1052 1485 Ephesios
1083 1442 1193 1484 quinto
1209 1442 1239 1473 ⁴:

171 1490 236 1506 '¹⁵⁰⁵'
289 1513 305 1530 α
322 1500 448 1538 Videte,
472 1499 604 1537 fratres,
629 1497 787 1540 quomodo
811 1499 901 1530 caute
924 1495 1091 1528 ambuletis
1108 1506 1144 1533 »;
1167 1495 1241 1526 Pro-

853 241 1047 275 COMMENT.
1072 241 1109 273 ΙΝ
1133 238 1371 273 EVANGELIUM
1395 236 1512 270 LUCAE
1537 235 1569 267 C.
1593 235 1668 267 XlX.

1297 326 1411 368 pebrae
1429 329 1502 358 tuae
1525 323 1713 366 praecedant
1736 330 1865 364 gressus
1888 324 1960 355 tuos
1976 335 2006 353 n.
2025 339 2066 344 —
2086 322 2125 353 Et
2146 331 2256 364 seque-

1298 379 1398 412 batur
1422 378 1532 416 illum,
1558 375 1780 418 mayuificans
1807 375 1926 413 Deum,
1949 383 2006 416 per
2027 373 2257 406 subiectionem

1298 431 1506 465 obedieutiae.
1539 428 1694 461 Glossa⁵z
1725 441 1741 457 α
1763 427 1855 461 Videt
1885 430 1917 460 et
1948 427 2093 469 sequitur
2116 427 2171 469 qui
2202 427 2257 459 bo-

1298 494 1390 524 num,
1426 483 1510 526 quod
1542 482 1700 523 intelligit,
1732 484 1884 522 operatur
1919 483 1950 513 et
1981 480 2081 513 lesum
2118 483 2259 522 praeter-

1299 541 1425 571 euntem
1454 536 1596 569 imitatur
1613 547 1647 573 »;
1673 534 1794 567 Ioannis
1819 537 1946 566 octavo:
1977 546 1992 561 α
2014 533 2077 575 Ego
2104 542 2175 566 sum
2199 533 2258 566 lux

1299 590 1426 629 mundi;
1451 589 1505 632 qui
1537 588 1681 630 sequitur
1704 596 1755 619 me
1778 596 1840 619 non
1871 586 2012 619 ambulat
2039 586 2071 619 in
2102 586 2258 625 tenebris,

1300 645 1354 679 sed
1371 643 1498 676 habebit
1521 642 1627 674 lumen
1652 640 1733 673 vitae
1745 653 1776 672 ».
1790 658 1832 664 -
1846 640 1887 672 Et
1909 639 2017 672 omnis
2037 639 2143 681 plebs,
2159 642 2198 672 ut
2212 639 2261 672 vi-

1300 698 1364 737 dit,
1381 696 1469 729 dedit
1485 694 1618 728 laudem
1643 694 1723 732 Deo,
1748 702 1804 735 per
1820 692 2101 726 manifestationem
2125 691 2261 725 divinae

1298 750 1435 794 yloriae.
1461 749 1523 781 Hoc
1554 747 1637 780 enim
1663 750 1709 779 est
1732 754 1830 788 opus,
1862 745 1893 778 in
1918 754 1982 787 quo
2013 753 2138 778 summe
2162 744 2262 777 mani-

1300 804 1432 837 festatur
1456 800 1612 844 potentia,
1637 799 1788 841 sapientia
1818 801 1850 831 et
1872 798 2103 837 misericordia,
2136 797 2261 840 quando

1301 857 1418 890 scilicet
1441 855 1479 888 de
1503 856 1666 896 peccatore
1683 852 1718 885 tit
1741 852 1862 891 iustus,
1886 851 1925 896 de
1948 852 2045 885 stulto
2069 851 2207 893 sapienS,
2223 850 2263 884 de

1301 912 1427 943 errante
1452 907 1552 940 fidelis
1575 910 1605 939 et
1621 905 1659 938 de
1682 904 1778 947 impio
1801 904 1973 937 virtuosus.
1999 904 2034 936 Et
2054 904 2124 937 ideo
2147 903 2185 936 de
2201 904 2262 936 hoc

1301 962 1440 995 maxime
1464 959 1639 993 laudandus
1663 959 1764 997 Deus;
1789 957 1873 990 unde
1903 957 1942 989 ad
1965 956 2088 990 Galatas
2111 956 2261 999 primoss:

1307 1016 1472 1058 «Ignotus
1506 1022 1593 1046 eram
1628 1012 1705 1044 facie
1729 1024 1765 1050 ι),
1800 1010 1876 1043 dicit
1910 1010 2043 1050 Paulus,
2077 1023 2093 1039 α
2118 1009 2263 1043 Ecclesiis

1302 1069 1446 1106 Iudaeae,
1463 1075 1544 1109 quae
1567 1068 1658 1099 erant
1678 1065 1709 1097 in
1733 1064 1873 1103 Cbristo;
1898 1067 2019 1096 tantum
2044 1066 2150 1096 autem
2175 1062 2265 1096 audi-

1302 1125 1369 1154 tum
1395 1120 1569 1154 habebant:
1594 1118 1743 1161 quoniam
1767 1117 1822 1159 qui
1846 1116 2097 1159 persequebatur
2127 1125 2185 1149 nos
2208 1115 2264 1148 ali-

1302 1174 1428 1218 quando
1444 1182 1528 1206 nunc
1552 1171 1743 1214 evangelizat
1766 1170 1876 1209 fidem,
1900 1178 1996 1212 quam
2020 1169 2188 1211 aliquando
2207 1160 2265 1202 ex—

1303 1227 1479 1271 pugnabam
1504 1229 1535 1258 et
1565 1225 1596 1257 in
1629 1233 1679 1257 me
1701 1223 1919 1266 glorificabant
1950 1222 2049 1255 Deum
2074 1235 2104 1254 ».
2138 1222 2174 1255 Et
2205 1222 2265 1255 hoc

1303 1281 1456 1314 debemus
1479 1279 1599 1317 facere,
1632 1276 1805 1310 secundum
1840 1275 1918 1308 illud
1951 1274 2156 1308 Ecclesiastici
2187 1283 2266 1317 qua-

1304 1333 1481 1376 dragesimo
1505 1331 1641 1365 terti0⁷:
1671 1343 1686 1359 «
1710 1330 1926 1363 Glorificantes
1956 1328 2141 1367 Dominum,
2165 1337 2267 1370 quan-

1304 1390 1513 1428 tumcumque
1536 1384 1716 1427 potueritis,
1745 1383 1959 1425 supervalebit
1982 1381 2100 1421 adhuc,
2117 1385 2149 1415 et
2167 1381 2267 1414 admi-

1305 1440 1413 1473 rabilis
1443 1437 1675 1481 magnificentia
1705 1437 1795 1476 eius,
1828 1436 2048 1469 benedicentes
2078 1435 2265 1474 Dominum,

1305 1493 1441 1526 exaltate
1458 1492 1561 1531 illum,
1579 1494 1873 1534 quantumcumque
1897 1488 2041 1532 potestis3
2066 1487 2166 1520 maior
2181 1486 2266 1520 euim

284 1553 466 1587 verbiorurn
490 1555 618 1595 quarto:
649 1564 665 1580 (ε
681 1550 770 1584 Oculi
795 1550 840 1583 tui
859 1553 943 1583 recta
966 1543 1105 1587 videant,
1129 1551 1161 1581 et
1176 1547 1241 1596 pa15
1305 1550 1353 1580 est
1375 1545 1459 1578 omni
1483 1544 1575 1578 laude
1593 1558 1622 1576 ».

1193 1622 1205 1643 s

1146 1707 1329 1740 clipunum
1353 1706 1427 1739 XlX.

338 1872 452 1900 Secundo
470 1870 590 1898 confutat
609 1869 790 1897 curiositatem
808 1869 836 1896 in
855 1868 1003 1904 possidendo
1023 1867 1183 1903 approbando

591 1913 779 1941 liberalitatem
798 1912 934 1948 duplicem.

377 2033 404 2064 1.
431 2032 471 2064 Et
492 2031 665 2074 ingressus
678 2028 934 2071 perambulabat
958 2027 1084 2061 Iericho
1101 2031 1159 2061 etc.
1185 2028 1243 2060 Su-

285 2094 343 2132 pra
373 2084 545 2118 confutavit
576 2082 777 2125 cupiditatem
802 2091 859 2124 per
882 2081 1139 2123 approbationem
1166 2089 1244 2123 pau—

286 2138 433 2180 pertatis,
458 2137 508 2170 hic
531 2135 694 2169 secundo⁸
718 2135 858 2168 confutat
875 2134 1080 2167 tenacitatem
1096 2143 1158 2176 per
1182 2143 1242 2175 ap-

283 2189 512 2232 probationem
536 2181 754 2222 liberalitatis.
787 2188 823 2220 Et
850 2187 998 2230 quoniam
1029 2186 1182 2229 dispersio
1212 2189 1244 2219 et

287 2242 528 2276 communicatio
552 2241 770 2283 temporalium
799 2244 846 2273 est
869 2240 919 2273 via
949 2240 988 2272 ad
1011 2239 1244 2281 multiplicatio-

180 2313 269 2335 nffiflo,
288 2305 359 2329 nem
383 2294 613 2338 spiritualium,
644 2294 714 2327 ideo
740 2293 773 2326 in
796 2294 855 2326 hac
883 2296 972 2335 parte
998 2293 1100 2335 primo
1130 2301 1243 2334 appro-

288 2349 341 2381 bat
364 2346 595 2380 liberalitatem
609 2345 858 2378 distribuentem
875 2344 1089 2387 temporalia,·
1106 2344 1243 2377 secundo

289 2410 379 2440 vero,
410 2399 616 2432 sedulitatem
638 2398 885 2440 multiplicandi
906 2397 1121 2440 spiritualia,
1153 2397 1195 2430 ibi
1213 2397 1242 2428 ⁹:

289 2454 378 2486 Haec
402 2453 468 2485 illis
491 2451 702 2484 audientibus
725 2451 885 2483 adiiciens
916 2454 974 2483 etc.
1004 2450 1144 2483 Primum
1167 2449 1242 2482 facit

290 2516 346 2549 per
370 2506 554 2548 exemptum
577 2513 790 2546 expressum,·
814 2503 987 2536 secundum
1003 2512 1095 2542 vero,
1112 2511 1168 2545 per
1181 2512 1245 2544 pa-

291 2558 486 2591 rabolieum.

381 2610 592 2643 lntroducitur
627 2618 702 2651 ergo
736 2608 934 2650 exemplum,
959 2616 1014 2649 per
1043 2607 1127 2649 quod
1161 2616 1245 2640 com-

143 2684 268 2710 Eoemplum
290 2664 457 2698 mendatur
481 2662 668 2701 liberalitas,
692 2665 748 2703 per
777 2662 877 2703 'quam
902 2661 1061 2694 Zachaeus
1088 2660 1126 2692 de
1150 2660 1245 2702 impio

136 2716 272 2758 ffiffififflffl
289 2717 390 2750 factus
413 2720 460 2749 est
484 2716 603 2753 iustus;
629 2718 660 2748 et
683 2723 756 2748 cum
779 2717 861 2747 esset
877 2714 1032 2752 camelus,
1050 2713 1173 2745 transiit
1190 2722 1246 2755 per

136 2764 276 2814 ⁵¹},ss2'2932³·
289 2770 428 2802 foramen
452 2777 527 2801 acus
558 2772 588 2801 et
611 2767 744 2800 formam
768 2766 853 2799 dedit
876 2766 1025 2799 divitibus
1049 2765 1184 2798 intrandi
1214 2766 1245 2797 in

153 2822 195 2842 ‘¹⁰⁰
210 2816 257 2837 ωε·
276 2823 410 2856 ‘caelum
425 2822 461 2854 ¹⁰.
488 2822 517 2854 ln
543 2822 602 2854 hoc
626 2821 722 2863 igitur
746 2820 892 2862 exemplo
916 2818 1161 2851 introducuntur
1186 2817 1247 2851 tria

1307 1865 1581 1900 commendabilia
1604 1866 1636 1899 in
1660 1865 1818 1905 Zachaeo‚
1843 1873 1900 1907 per
1931 1872 2013 1906 quae
2036 1862 2136 1905 ipsius
2159 1870 2268 1896 exem-

1308 1919 1375 1962 plar
1407 1922 1455 1952 est
1485 1918 1685 1957 imitandum,
1718 1922 1749 1951 et
1780 1920 1827 1951 est
1859 1917 1983 1959 signum
2007 1915 2101 1948 etiam
2133 1914 2270 1948 vocatio-

1307 1972 1355 2005 nis
1378 1971 1540 2014 gentium;
1566 1974 1695 2013 propter
1721 1970 1805 2013 quod
1829 1973 1860 2003 et
1884 1969 2086 2011 Evangelium
2118 1967 2203 2001 istud
2226 1968 2270 2001 le-

1306 2025 1391 2067 gitur
1415 2025 1446 2057 in
1470 2023 1663 2057 dedicatione
1686 2023 1900 2057 ecclesiarum.
1927 2023 1962 2055 Et
1979 2023 2056 2055 haec
2080 2025 2154 2055 sunt
2170 2021 2271 2064 ipsius
2289 2030 2420 2052 Summam

1307 2078 1438 2111 Zachaei
1460 2077 1657 2110 studiositas
1679 2077 1726 2110 ad
1751 2075 1919 2109 Christum
1948 2075 2146 2114 videndum;
2170 2074 2270 2117 ipsius

1308 2130 1437 2164 Zachaei
1476 2129 1686 2172 hospitalitas
1723 2129 1762 2162 ad
1801 2129 1963 2162 Christum
1998 2127 2268 2170 suscipiendum,

1306 2183 1349 2216 ibi
1364 2184 1408 2215 ¹¹:
1436 2183 1566 2215 Etcum
1582 2182 1720 2215 venisset
1743 2181 1790 2214 ad
1813 2181 1940 2219 locum;
1957 2180 2056 2223 ipsius
2077 2180 2208 2213 Zachaei
2232 2179 2270 2212 li·

1308 2236 1465 2270 beralitas
1496 2236 1542 2269 ad
1576 2235 1842 2269 distributionem
1875 2244 2038 2273 suorum,
2074 2233 2134 2267 ibi:
2171 2233 2282 2266 Stans-

1307 2294 1418 2324 autem
1441 2288 1614 2323 Zachaeus
1638 2291 1696 2322 etc.

1399 2343 1599 2376 Studiositas
1622 2345 1727 2375 autem
1753 2341 1884 2375 Zachaei
1900 2340 2139 2374 commendatur
2156 2349 2198 2373 ex
2215 2338 2271 2372 tri·
2291 2348 2438 2380 zachaeus„-

1308 2397 1387 2436 bus,
1412 2396 1530 2430 scilicet
1552 2405 1594 2428 ex
1617 2399 1707 2438 parte
1730 2394 1920 2434 attractivi,
1945 2393 2146 2427 retardativi
2168 2396 2200 2427 et
2215 2403 2270 2426 eae-
2298 2374 2429 2433 ᾱέῗιῗὲξιῗιιῖῗ

1306 2449 1451 2492 peditivi.
1488 2449 1570 2482 Vera
1600 2448 1683 2481 enim
1716 2447 1896 2481 studiositas
1919 2450 1977 2486 est,
2002 2447 2033 2479 in
2057 2456 2121 2489 qua
2144 2446 2268 2479 animus
2296 2429 2435 2486 effss5-{2‘ii'‹i¹{:

1308 2502 1479 2535 attrahitur
1502 2501 1541 2534 ad
1565 2501 1736 2540 Christum,
1753 2504 1784 2533 et
1801 2500 1826 2534 si
1850 2503 2021 2533 occurrant
2037 2499 2270 2542 impedimenta,
2295 2481 2427 2530 ‘u‘ife'rpff'm'

1310 2559 1413 2588 tamen
1449 2564 1510 2587 non
1546 2554 1702 2596 frangitur
1736 2553 1927 2587 desiderium
1944 2579 1951 2593 ,
1988 2553 2042 2586 sed
2077 2553 2150 2595 plus
2184 2552 2269 2585 inar-

1309 2607 1456 2640 descit12.

1398 2661 1428 2691 2.
1454 2659 1555 2700 (Vers.
1584 2659 1635 2700 1.).
1662 2659 1765 2691 Primo
1788 2659 1885 2701 igitur
1921 2662 2075 2701 quantum
2099 2658 2139 2691 ad
2162 2661 2270 2690 attra-
2283 2667 2358 2698 Quota
2372 2668 2440 2688 aura-

1310 2712 1451 2750 ctivum,
1476 2711 1560 2753 quod
1584 2711 1709 2753 quidem
1741 2714 1809 2744 erat
1844 2711 2021 2753 praesentia
2044 2711 2113 2744 Iesu
2136 2710 2270 2749 Christi,
2313 2696 2399 2715 ⁰²''um'

1309 2764 1400 2797 dicit:
1427 2765 1467 2796 Et
1490 2764 1661 2805 tammus
1689 2763 1947 2806 perambulabat
1978 2763 2125 2803 Iericho,
2150 2764 2181 2796 id
2205 2767 2270 2803 est,

1310 2816 1490 2850 ambulabat
1517 2825 1573 2858 per
1606 2816 1734 2849 lericho.
1769 2815 1894 2850 Iericho
1926 2817 2008 2850 enim
2040 2817 2150 2851 civitas
2182 2821 2269 2857 erat,

363 3032 369 3047 ¹
393 3033 466 3059 Vers.
489 3033 512 3058 5.
526 3046 561 3051 —
580 3031 697 3058 Subinde
716 3032 858 3063 allegantur
878 3032 915 3058 ul.
934 3032 998 3063 [leg.
1020 3031 1049 3062 3,
1069 3031 1093 3056 5.
1114 3031 1138 3055 9.
1159 3030 1245 3056 ’10-12.

363 3076 373 3091 ²
391 3076 512 3103 Codd.'C
524 3076 602 3101 DFG
621 3076 744 3102 omittunt
762 3074 809 3102 illi.

362 3118 372 3133 ⁹
393 3121 465 3146 Vers.
488 3121 496 3145 l
508 3130 515 3151 ;
533 3120 628 3146 deinde
648 3119 726 3145 llebr.
747 3120 794 3150 vll,
814 3120 839 3145 6.
858 3123 884 3145 et
907 3119 928 3145 Ι.

360 3163 371 3178 ⁴
391 3164 465 3190 Vera.
486 3164 533 3195 15,
552 3167 612 3196 post
630 3171 710 3197 quern
730 3164 807 3189 Prov.
830 3163 860 3195 la,
880 3163 922 3188 25.

363 3208 373 3222 ⁶
392 3209 493 3234 Scilicet
511 3207 653 3235 ordinaria
673 3208 713 3240 (ex
735 3208 858 3240 Cragon,
882 3207 931 3232 loc.
955 3207 997 3232 cit.
1016 3214 1040 3232 n.
1065 3207 1094 3237 8,
1114 3209 1139 3232 et
1152 3204 1249 3238 Beda),

292 3260 360 3286 quae
378 3253 435 3278 voci
453 3254 669 3286 praetereuntem
688 3251 808 3284 praefigit
823 3252 991 3284 praesentem
1010 3249 1059 3277 vel.
1080 3264 1114 3269 -—
1128 3249 1250 3282 Sequitur

293 3297 360 3322 loen.
381 3298 411 3328 8,
432 3297 472 3322 ⁴2.

362 3339 374 3354 ⁰
394 3341 468 3366 Vei-s.
490 3340 579 3367 22-24.
599 3355 633 3360 —
653 3340 779 3372 Superius
798 3347 845 3372 pro
865 3338 1056 3373 manifestatur
1079 3339 1099 3364 Α
1122 3339 1248 3369 notatur,

292 3385 313 3411 C
328 3385 347 3410 D
366 3384 533 3412 nominatur.

1382 3028 1391 3043 ⁷
1412 3029 1485 3055 Vers.
1506 3029 1548 3054 32.
1568 3031 1593 3053 et
1612 3028 1656 3054 33.

1382 3071 1392 3086 ⁸
1411 3072 1461 3099 Csr.
1480 3080 1560 3105 supra
1573 3079 1596 3098 c.
1614 3073 1656 3098 18.
1670 3079 1695 3097 n.
1709 3071 1750 3097 34.
1764 3085 1799 3091 —-
1811 3071 1895 3098 Codd.
1908 3071 1927 3098 C
1939 3072 1959 3098 D
1969 3072 1986 3097 F
2006 3073 2128 3098 omittunt
2145 3070 2272 3098 secundo.

1383 3116 1394 3131 ⁰
1414 3117 1488 3143 Vers.
1511 3117 1553 3142 ll.
1575 3130 1611 3135 —
1636 3116 1761 3148 Superius
1789 3123 1837 3148 pro
1865 3115 2066 3143 distribuentem
2093 3116 2149 3142 Vnt.
2176 3115 2272 3143 distra-

1312 3161 1425 3188 hentem.

1385 3203 1406 3219 ¹⁰
1426 3205 1573 3237 Respicitur
1592 3212 1671 3236 supra
1693 3212 1716 3230 c..
1737 3205 1777 3236 18,
1798 3205 1841 3230 25.
1860 3218 1894 3223 —
1913 3205 1962 3231 Pro
1980 3204 2100 3239 sormam
2124 3203 2194 3231 dedit
2213 3203 2273 3229 Vnt.

1312 3249 1437 3283 foramen
1455 3248 1533 3281 dedit,
1548 3252 1572 3274 et
1586 3248 1690 3274 interius
1710 3256 1758 3280 pro
1777 3248 1887 3282 sianum
1906 3248 1987 3275 etiam
2007 3249 2025 3274 B
2050 3246 2272 3283 significativum.

1386 3293 1404 3307 ¹¹
1427 3294 1501 3319 Vers.
1521 3293 1550 3325 5;
1571 3293 1674 3318 tertium
1695 3292 1805 3318 liabetur
1824 3300 1851 3318 v.
1871 3293 1894 3318 8.
1916 3306 1949 3311 —
1969 3293 2097 3325 Superius
2116 3293 2174 3318 Vat.
2199 3291 2273 3317 omit·

1314 3337 1344 3363 tit
1361 3336 1397 3363 ad
1417 3336 1555 3363 Christum
1574 3335 1734 3369 videndum,-
1755 3336 1839 3370 ipsius
1859 3336 1976 3363 Zachaei
1993 3335 2173 3371 hospitalitas.

1371 3380 1408 3395 ’Ν
1428 3382 1462 3406 lui
1482 3381 1501 3406 Α
1514 3381 1547 3413 D;
1567 3379 1766 3413 Cllardescit,
1788 3381 1829 3406 alii
1849 3381 1926 3407 codd.
1947 3384 1973 3407 et
1992 3381 2050 3407 Vnt.
2069 3379 2247 3408 acceleratur.
