2476 3921
322 260 382 291 196

317 356 389 379 vase
417 345 551 378 carnalis
583 344 816 382 immunditiae;
848 343 927 376 Osee
958 344 1110 376 octavo¹:
1140 356 1156 371 «
1181 343 1274 376 lsrael

315 400 416 432 factus
438 401 485 431 est
508 399 538 430 in
563 397 741 429 nationibus
757 397 845 438 quasi
870 405 925 429 vas
948 396 1145 428 immundum
1163 409 1193 428 ιι.
1215 396 1273 429 Sed

316 455 440 484 nonest
466 451 525 483 tale
541 459 595 482 vas
616 450 744 488 Paulus,
761 449 800 482 de
823 458 887 491 quo
904 450 1036 481 Actuum
1061 459 1157 481 nono:
1180 462 1196 477 ε(
1213 449 1273 482 Vas

315 504 473 538 electionis
496 507 543 536 est
574 503 669 542 mihi,
694 505 730 535 ut
760 506 864 544 portet
887 511 999 535 nomen
1034 511 1138 535 meum
1167 511 1273 535 coram

315 558 459 600 gentibus
483 561 513 590 et
545 557 673 598 regibus
696 560 727 588 et
758 556 829 588 filiis
861 556 954 588 lsrael
979 569 1008 587 ».
1043 555 1103 588 Hoc
1136 555 1195 588 fuit
1219 564 1273 588 vas

314 614 476 653 apertum,
513 609 595 651 quod
632 609 820 641 illuminavit
856 608 1031 647 mundum;
1070 609 1273 641 Ecclesiastici

315 663 552 706 quadragesimo
576 662 685 695 tertio:
717 662 798 694 «Sol
823 662 854 693 in
878 664 1006 703 aspectu
1030 662 1220 694 annuntians
1242 662 1272 693 in

314 717 403 750 exitu
428 725 482 748 vas
504 715 700 754 admirabile,
724 724 804 756 opus
828 715 993 747 Excelsi».
1007 732 1048 738 —
1068 716 1136 746 Aut
1156 714 1273 746 subtus

313 771 429 803 tectam
451 769 552 811 ponit.
579 769 610 801 In
636 769 711 801 tecto
727 771 831 800 autem
858 768 974 800 accidia
990 768 1185 809 designatum
1206 768 1274 800 Pro-

313 823 495 856 verbiorum
521 822 670 864 vigesimo
694 821 824 854 sext02:
856 833 872 849 (ι
888 820 974 853 Sicut
998 821 1112 853 ostium
1137 821 1272 853 vertitur

313 877 344 908 in
369 875 494 908 cardine
518 884 589 913 suo,
615 875 659 907 sic
682 875 770 916 piger
794 874 825 906 in
850 874 965 906 lectulo
989 883 1047 906 suo
1063 887 1094 905 ».
1120 873 1194 906 Hinc
1211 877 1272 913 est,

313 929 397 972 quod
423 928 665 971 reprehenditur
687 941 701 956 «
719 936 831 960 servus
847 927 912 966 ille,
930 927 984 969 qui
1001 927 1162 959 abscondit
1178 936 1272 968 pecu-

314 984 397 1015 niam
424 982 548 1015 domini,
567 981 614 1014 sui
632 995 663 1019 »‚
681 981 825 1013 Matthaei
843 980 994 1022 vigesimo
1014 980 1139 1022 quinto,
1164 983 1273 1013 contra

314 1036 391 1069 illud
415 1035 618 1068 Ecclesiastici
644 1034 793 1076 vigesimo
817 1042 916 1066 nono:
944 1038 958 1062 «'
976 1033 1017 1066 Ne
1041 1033 1213 1076 abscondas
1236 1033 1272 1065 il-

314 1091 374 1122 lam
398 1089 457 1122 sub
482 1088 582 1130 lapide
610 1088 641 1120 in
668 1087 872 1129 perditionem
899 1100 928 1118 ».
954 1086 1028 1118 Vult
1052 1095 1127 1128 ergo
1150 1086 1271 1124 dicere,

313 1143 396 1185 quod
414 1143 494 1175 sicut
510 1140 732 1174 inconveniens
755 1144 819 1178 est,
836 1140 998 1172 lucernam
1021 1148 1181 1171 accensam
1202 1139 1273 1171 abs-

313 1196 447 1230 condere
479 1196 538 1228 sub
562 1203 633 1227 vase
666 1194 714 1226 vel
743 1194 840 1231 lecto,
865 1193 908 1225 sic
932 1193 1067 1225 divinam
1100 1193 1273 1234 intelligen-

313 1250 386 1283 tiam
412 1249 580 1282 occultare.
607 1248 641 1279 Et
665 1248 724 1279 hoc
747 1250 795 1279 est
817 1246 901 1288 quod
925 1246 1040 1278 dicitur
1071 1246 1272 1278 Ecclesiastici

313 1302 502 1346 vigesimo³:
532 1314 547 1330 «
564 1300 719 1343 Sapientia
742 1300 923 1332 abscondita
946 1303 977 1332 et
1002 1300 1171 1332 thesaurus
1195 1299 1273 1332 invi-

314 1366 385 1395 sus,
410 1365 491 1398 quae
515 1355 633 1387 utilitas
657 1354 687 1386 in
714 1354 858 1395 utrisque
888 1356 928 1384 »ἲ
953 1356 984 1385 31
1008 1356 1094 1394 post:
1127 1365 1141 1380 «
1166 1352 1273 1384 Melior

313 1414 360 1443 est
384 1410 490 1447 homo,
516 1409 569 1451 qui
595 1407 755 1440 abscondit
786 1406 965 1444 stultitiam,
1001 1415 1096 1447 quam
1117 1405 1171 1447 qui
1202 1405 1273 1438 abs-

315 1463 418 1497 condit
449 1461 632 1503 sapientiam
665 1469 753 1492 suam
780 1473 809 1491 ».
842 1459 903 1491 Hoc
934 1462 1039 1492 autem
1077 1458 1272 1499 intelligitur,

314 1516 438 1559 quando
462 1515 556 1548 habet
584 1518 707 1555 tempus
730 1513 891 1545 3110311111,
917 1513 992 1544 Nam
1009 1512 1040 1543 in
1063 1512 1208 1543 Ρ5311004
1231 1511 1273 1543 di-

314 1570 395 1602 citur
415 1581 420 1600 :
451 1581 465 1596 a
480 1568 510 1599 ln
536 1567 629 1599 corde
653 1575 722 1598 meo
746 1565 891 1597 abscondi
916 1564 1039 1606 eloquia
1063 1567 1134 1602 tua,
1159 1567 1272 1596 utnon

314 1631 438 1665 peccem
463 1621 517 1653 tibi
542 1633 577 1658 »;
601 1624 632 1652 et
660 1628 807 1651 rursum:
838 1631 853 1646 «
875 1618 964 1650 Posui
996 1618 1043 1650 ori
1068 1627 1137 1650 meo
1168 1621 1272 1650 custo-

313 1677 414 1713 diam,
447 1684 518 1707 cum
543 1674 726 1706 consisteret
756 1676 898 1713 peccator
926 1671 1093 1703 adversum
1123 1680 1189 1709 me;
1219 1671 1273 1703 ob-

315 1729 416 1762 mutui
441 1732 471 1761 et
496 1727 680 1759 humiliatus
703 1735 773 1758 sum
790 1739 820 1757 ».

404 1782 455 1814 24.
481 1780 623 1813 Secundo
640 1788 715 1811 vero
739 1782 893 1820 quantum
910 1777 947 1809 ad
973 1776 1213 1818 eonyruitatem
1237 1776 1273 1808 in

188 1835 293 1858 secundm
312 1835 480 1877 proposito
512 1832 673 1874 adiungit:
706 1831 768 1863 Sed
801 1840 909 1872 supra
942 1829 1180 1862 candelabrum
1213 1838 1272 1870 po-

313 1889 364 1920 nit
376 1888 400 1926 ⁵,
418 1890 570 1929 quantum
595 1885 632 1917 ad
654 1883 885 1927 perfectionem
910 1883 1062 1921 virtutis,-
1087 1887 1124 1915 nt
1141 1883 1271 1915 intran-

315 1946 358 1974 tes
373 1941 505 1973 videant
530 1939 654 1977 lumen,
672 1947 727 1980 per
750 1937 952 1979 apertionem
969 1936 1135 1975 veritatis,
1160 1945 1270 1968 secun-

313 1993 387 2026 dum
413 1993 489 2025 illud
514 1991 656 2024 Matthaei
682 1991 809 2032 quinto:
839 2003 854 2018 «ι
873 1990 986 2022 Luceat
1010 1990 1066 2022 lux
1092 1993 1197 2021 vestra
1220 1998 1271 2021 co-

314 2056 380 2079 ram
414 2045 610 2083 hominibus,
643 2048 678 2076 ut
711 2043 836 2075 videant
865 2052 962 2084 opera
993 2046 1099 2075 vestra
1129 2042 1210 2074 bona
1241 2046 1272 2075 et

309 2100 487 2142 “glorificent
511 2099 631 2130 Patrem
657 2100 812 2133 vestrum,
845 2096 898 2137 qui
924 2096 955 2128 in
979 2096 1071 2128 caelis
1103 2099 1150 2128 est
1173 2108 1208 2134 »;
1233 2095 1272 2128 ad

314 2153 525 2194 Philippenses
549 2150 702 2183 secundo:
734 2163 748 2177 «
775 2149 856 2181 Inter
881 2158 960 2190 quos
984 2149 1095 2181 lucetis
1119 2149 1200 2181 sicut
1224 2149 1272 2181 lu-

313 2206 446 2239 minaria
461 2206 491 2239 10
516 2204 652 2242 mundo,
676 2203 807 2235 verbum
826 2202 907 2235 vitae
930 2202 1123 2235 continentes
1140 2215 1170 2233 ».
1195 2201 1273 2234 Illud

313 2262 418 2291 autem
443 2259 547 2290 lumen
565 2266 626 2289 non
652 2256 770 2294 vident,
788 2255 845 2288 nisi
871 2255 924 2297 qui
942 2255 1061 2288 intrant
1085 2264 1140 2297 per
1162 2255 1272 2294 sidem3

314 2312 388 2354 quia
420 2311 512 2343 isaiae
544 2310 700 2351 septimo⁶
730 2308 904 2341 secundum
929 2308 1147 2350 Septuaginta:
1178 2321 1193 2336 α
1211 2308 1273 2341 Ν151

314 2365 526 2402 credideritis,
552 2373 612 2395 non
645 2362 868 2404 intelligetis».
902 2362 938 2394 Et
960 2362 998 2394 de
1031 2362 1089 2394 hoc
1122 2361 1193 2394 fidei
1225 2361 1272 2394 in-

314 2427 424 2461 gressu
448 2409 563 2450 dicitur
587 2416 707 2449 loannis
730 2415 866 2448 decimo:
897 2428 912 2444 α
929 2415 986 2448 Per
1011 2424 1061 2447 me
1078 2415 1102 2447 si
1128 2415 1200 2457 quis
1225 2415 1271 2447 in-

314 2471 453 2509 troierit,
488 2470 660 2502 salvabitur
690 2481 719 2508 »;
755 2468 936 2505 introierit,
969 2477 1024 2509 per
1057 2468 1165 2506 fidem,
1198 2468 1274 2509 quia

318 2538 333 2553 α
350 2525 403 2566 qui
421 2523 589 2557 crediderit
611 2523 716 2555 salvus
732 2522 792 2554 erit
809 2535 838 2553 ».
865 2521 913 2553 isti
931 2521 1084 2554 intrantes
1108 2531 1163 2563 per
1180 2521 1273 2554 fidem

314 2577 467 2609 mediante
491 2575 632 2608 doctrina
656 2575 841 2607 Sanctorum
873 2573 1061 2615 perveniunt
1090 2573 1128 2606 ad
1160 2574 1273 2607 intelli-

314 2630 448 2671 gentiam
483 2631 766 2665 sacramentorum,
798 2626 969 2659 secundum
1005 2626 1082 2659 illud
1116 2627 1224 2659 Psalmi
1242 2627 1272 2658 ⁷:

320 2696 335 2711 «
358 2683 536 2715 illuminans
568 2685 602 2713 tu
625 2680 811 2713 mirabiliter
842 2689 860 2712 a
892 2679 1051 2712 montibus
1082 2680 1218 2712 aeternis
1243 2693 1271 2711 ι».

319 2748 333 2763 «
352 2735 409 2776 Qui
435 2735 516 2767 enim
534 2734 571 2766 ad
588 2734 738 2766 iustitiam
762 2733 912 2765 erudiunt
934 2733 1065 2770 multos,
1090 2731 1179 2773 quasi
1200 2732 1272 2764 stel-

315 2788 361 2820 lae
385 2788 415 2820 in
448 2791 616 2829 perpetuas
639 2786 839 2819 aeternitates
863 2799 893 2823 »,
918 2784 1054 2817 Danielis
1077 2784 1271 2817 duodecimo.

387 2983 394 2997 ¹
418 2985 489 3008 Vers.
510 2984 534 3008 8.
552 2997 587 3002 —
601 2984 657 3008 Duo
677 2989 751 3015 seqq.
771 2983 818 3008 loci
832 2986 892 3007 sunt
907 2985 961 3007 Act.
982 2984 1011 3012 9,
1035 2983 1074 3007 15.
1090 2986 1115 3007 et
1135 2982 1211 3007 Eccli.
1226 2981 1272 3012 43,

317 3029 339 3052 2.
360 3027 409 3053 Cir.
429 3029 552 3059 Gregor.,
573 3027 658 3052 XXX.
678 3027 762 3051 Moral.
782 3033 805 3052 c.
825 3027 867 3052 25.
888 3034 912 3051 0.
932 3026 975 3051 77.

386 3070 396 3085 ²
418 3072 491 3097 Vers.
512 3072 552 3096 14.
571 3085 606 3090 -
625 3070 741 3097 Subinde
760 3072 903 3102 allegantur
923 3071 1011 3096 Matth.
1030 3071 1078 3101 25,
1098 3072 1140 3096 26,
1160 3077 1233 3103 seqq.
1248 3075 1274 3095 et

317 3116 391 3141 Eccli.
412 3116 460 3147 29,
481 3117 521 3141 13.

387 3158 397 3173 ²³
417 3160 491 3185 vers.
520 3160 567 3190 32,
594 3163 653 3191 post
675 3167 754 3192 quem
777 3159 823 3190 ti,
845 3160 889 3189 ¹85
914 3159 962 3183 cfr.
981 3159 1029 3188 20,
1050 3160 1097 3184 33:
1123 3159 1210 3184 Melior
1235 3161 1275 3184 est

317 3204 363 3236 qui
376 3205 440 3229 celat
453 3204 626 3235 insipientiam
643 3210 731 3232 suum.
751 3210 830 3236 quam
852 3204 939 3233 homo,
952 3202 997 3234 qui
1017 3202 1153 3228 abscondit
1172 3202 1271 3234 sapien-

318 3248 378 3273 tiam
394 3239 482 3272 503111,

387 3290 398 3304 ⁴
418 3292 511 3316 Psalm.
535 3292 596 3320 118,
621 3291 658 3315 11.
678 3294 703 3315 31
721 3291 781 3316 dein
801 3291 841 3315 Ps.
860 3291 907 3321 38,
927 3292 950 3315 2.
970 3297 1025 3323 seq.

388 3333 399 3348 ⁶
419 3335 506 3360 Plures
533 3335 611 3360 codd.
640 3334 692 3360 Sed
718 3342 800 3367 supet·
825 3334 1018 3360 candelabrum
1046 3334 1211 3368 superponit.
1239 3348 1274 3353 —

319 3380 468 3412 Sequuntur
487 3380 572 3404 Metth.
593 3380 622 3410 5,
646 3379 685 3404 16.
704 3382 729 3404 et
748 3379 810 3404 Phil.
832 3380 863 3409 2,
885 3380 925 3404 15.
943 3386 998 3411 seq.
1018 3393 1051 3397 —
1071 3379 1197 3410 Superius
1216 3379 1272 3404 Vat.

319 3424 373 3448 sola
393 3422 591 3456 apparitionem
610 3422 717 3448 virtutis
736 3429 785 3453 pro
802 3422 989 3455 perfectionem
1008 3422 1124 3448 virtutis.

903 254 1095 287 COMMENT.
1122 255 1158 287 IN
1181 255 1420 288 EVANGELIUM
1444 256 1561 289 LUCAE
1586 256 1618 289 C.
1643 257 1716 290 VIII.

1337 344 1373 376 Et
1396 344 1465 377 ideo
1489 344 1640 378 Dominus
1662 345 1784 378 dicebat
1806 345 1967 388 discipulis
1990 347 2135 380 Matthaei
2158 347 2292 380 decimo:

1343 409 1358 425 «
1374 397 1463 438 Quod
1487 397 1556 429 dico
1588 397 1675 431 vobis
1699 398 1730 430 in
1763 399 1900 432 tenebris
1923 399 2016 432 dicite
2043 400 2074 432 in
2099 401 2235 439 lumine,
2263 404 2294 433 et

1337 450 1421 491 quod
1445 450 1476 482 in
1501 459 1578 483 aure
1601 451 1716 484 auditis
1740 451 1916 493 praedicate
1939 461 2035 494 super
2051 456 2132 486 tecta
2147 467 2177 486 n.

1427 504 1478 535 25.
1504 504 1605 543 (Vers.
1638 504 1712 545 17.).
1739 503 1813 537 Non
1843 509 1890 537 est
1919 505 2017 537 enim¹
2037 506 2209 539 oecultum.
2242 506 2295 539 Hic

1337 556 1474 589 secundo
1498 557 1609 589 invitat
1632 557 1755 590 eosdem
1780 557 1819 590 ad
1842 558 2160 591 communicationem·
2180 559 2295 593 doctri—

1337 618 1395 642 nae
1419 610 1605 642 necessitate
1627 611 1767 652 superni
1788 610 1909 643 iudieii
1929 611 2107 653 dupliciter,
2131 616 2197 645 tum
2223 622 2294 654 pro-

1338 666 1407 704 pter
1441 662 1581 695 futuram
1613 661 1915 704 manifestationem
1950 664 2057 696 omnis
2092 663 2190 703 boni,
2226 668 2293 697 tum

1339 719 1467 757 propter
1490 715 1631 747 futuram
1655 715 1882 748 revelationem
1906 717 2013 748 omnis
2036 717 2127 750 mati.

1429 768 1531 800 Primo
1563 768 1659 810 igitur
1683 773 1837 810 quantum
1868 769 1907 801 ad
1931 764 2071 802 futuram
2099 769 2295 813 manifesta-

1338 822 1456 853 tionem
1481 822 1590 853 omnis
1622 821 1698 861 boni
1728 821 1862 854 dicitur:
1889 821 1961 854 Non
1994 827 2039 855 est
2071 824 2157 856 enim
2188 824 2295 857 occut-

1338 878 1423 913 tum,
1449 874 1566 907 scilicet
1590 874 1724 913 bonum,
1749 875 1836 917 qnod
1859 884 1925 907 non
1947 875 2190 918 manifestetur,
2214 877 2296 910 scili-

2320 514 2352 536 De
2366 510 2467 536 necessi-⁴

2272 559 2277 564 .
2313 542 2357 562 tate
2371 542 2458 568 superni
2466 541 2467 545 ¹

2323 567 2398 589 iudicii
2412 567 2451 589 du-

2338 593 2431 621 pliciter.

2313 769 2393 800 Primo.

1337 931 1385 960 cet
1410 936 1465 968 per
1489 927 1634 959 futurum
1659 927 1827 966 iudicium3
1852 928 1936 961 unde
1960 929 2114 962 secundae
2133 929 2172 962 ad
2189 929 2296 963 Corin·
2319 956 2322 957 γ

1337 981 1419 1014 111105
1435 981 1545 1023 quinto
1558 981 1585 1011 ⁸:
1608 994 1624 1009 «x
1641 980 1772 1022 Oportet
1787 981 1886 1020 enim,
1909 991 1965 1014 nos
1980 991 2088 1015 omnes
2104 983 2296 1016 manifestari

1336 1038 1407 1066 ante
1424 1034 1562 1066 tribunal
1586 1034 1720 1073 Christi,
1745 1037 1780 1066 ut
1797 1034 1927 1076 recipiat
1950 1035 2185 1077 unusquisque,
2203 1040 2297 1078 prout

1336 1087 1431 1129 gessit
1460 1087 1491 1119 in
1515 1096 1647 1128 corpore
1668 1100 1698 1118 ».
1724 1087 1786 1119 Hoc
1809 1091 1915 1119 autem
1947 1088 2008 1120 erit
2039 1088 2071 1120 in
2095 1088 2227 1129 iudicio,
2258 1089 2297 1123 de

1337 1150 1400 1182 quo
1424 1140 1542 1181 primae
1566 1140 1604 1172 ad
1628 1140 1805 1172 Corinthios
1828 1143 1942 1182 quarto
1966 1140 2091 1180 dicitur,
2115 1142 2199 1184 quod
2228 1156 2244 1172 «
2260 1143 2296 1176 il-

1338 1192 1503 1224 luminabit
1518 1192 1699 1224 abscondita
1723 1192 1925 1225 tenebrarum
1949 1197 1980 1226 et
1995 1194 2204 1227 manifestabit
2224 1204 2296 1228 con—

1338 1245 1406 1276 silia
1429 1244 1590 1283 cordium,
1614 1248 1736 1277 311003
1761 1245 1829 1277 laus
1845 1245 1905 1278 erit
1930 1246 2150 1288 unicuique2›;
2175 1251 2206 1280 et
2222 1248 2295 1287 hoc,

1337 1297 1412 1339 quia
1436 1297 1493 1329 lux
1519 1298 1612 1330 habet
1635 1298 1857 1339 proprietatem
1884 1298 2160 1338 manifestativam,
2185 1309 2296 1333 secun-

1337 1350 1412 1383 dum
1438 1350 1514 1383 illud
1538 1351 1576 1383 ad
1602 1351 1749 1392 Ephesios
1773 1352 1900 1393 quinto:
1930 1365 1945 1380 «
1966 1352 2052 1393 Quae
2076 1357 2256 1394 arguuntur
2279 1364 2297 1387 a

1338 1404 1456 1436 lumine
1481 1404 1719 1436 manifestantur
1735 1417 1770 1443 »;
1804 1405 1886 1437 unde
1911 1405 1991 1437 bona
2023 1406 2138 1438 veritas
2163 1406 2233 1439 fidei
2266 1410 2297 1440 et

1338 1466 1462 1489 morum
1489 1461 1637 1499 tanquam
1663 1458 1720 1490 lux
1740 1459 1865 1500 quaerit
1890 1459 2090 1496 manifestari,
2108 1469 2168 1491 non
2193 1461 2297 1493 occul-

1338 1513 1412 1550 tari,
1437 1512 1610 1544 secundum
1635 1512 1710 1544 illud
1736 1512 1856 1546 loannis
1873 1513 2010 1545 tertio⁹:
2040 1526 2055 1541 «
2073 1513 2132 1554 Qui
2157 1513 2229 1545 facit
2245 1523 2297 1546 ve-

1338 1566 1461 1598 ritatem
1488 1564 1573 1597 venit
1588 1565 1627 1597 ad
1652 1565 1771 1603 lucem,
1796 1569 1832 1597 ut
1849 1566 2087 1598 manifestentur
2103 1575 2199 1607 opera
2214 1566 2296 1605 eius,

1336 1619 1411 1661 quia
1427 1619 1456 1650 in
1475 1619 1539 1650 Deo
1561 1621 1635 1650 sunt
1655 1618 1736 1650 facta
1749 1632 1779 1649 ».
1797 1618 1884 1659 Quod
1902 1619 2063 1660 potissime
2088 1619 2155 1658 fiet,
2172 1619 2298 1660 quando

1338 1673 1391 1704 lux
1419 1672 1470 1704 illa
1499 1671 1748 1704 manifestabitur
1773 1671 1804 1703 in
1833 1671 1965 1709 iudicio;
1991 1675 2120 1713 propter
2151 1672 2235 1714 quod
2266 1672 2298 1704 in

1337 1725 1471 1757 Psalmo:
1502 1737 1516 1752 «
1538 1724 1596 1765 Qui
1615 1724 1703 1756 sedes
1723 1733 1819 1765 super
1836 1724 2021 1762 Cherubim,
2046 1724 2245 1757 manifestare
2261 1737 2296 1764 ¹⁰3

1336 1781 1367 1809 et
1398 1786 1512 1809 rursus
1543 1777 1573 1809 in
1607 1777 1741 1809 Psalmo:
1773 1789 1787 1805 «
1810 1777 1893 1809 Deus
1926 1776 2087 1809 manifeste
2121 1778 2295 1822 veniet,et

1336 1840 1397 1862 non
1422 1830 1524 1862 silebit
1545 1844 1574 1861 ».

1426 1883 1478 1914 26.
1504 1883 1646 1914 Secundo
1671 1892 1745 1915 vero
1769 1886 1923 1925 quantum
1947 1882 1984 1914 ad
2010 1882 2149 1914 futuram
2175 1882 2297 1915 reveta-

1336 1935 1456 1968 tionem
1479 1935 1586 1967 omm's
1602 1935 1685 1967 mati
1700 1935 1830 1968 dicitur:
1856 1935 1920 1967 Nee
1945 1935 2191 1974 absconditum,
2216 1935 2297 1969 scili-

1336 1992 1385 2021 cet
1401 1991 1563 2030 peccatum
1582 1988 1629 2020 vel
1646 1989 1778 2027 malum,
1800 1988 1885 2031 quod
1903 1989 1996 2021 homo
2018 1988 2151 2021 libenter
2167 1988 2298 2021 abscon-

1335 2042 1394 2080 dit,
1419 2041 1592 2074 secundum
1610 2041 1686 2073 illud
1704 2042 1755 2074 lob
1780 2042 1938 2084 trigesimo
1963 2042 2064 2084 primo
2078 2042 2118 2074 ¹⁰:
2149 2055 2163 2070 «
2182 2042 2210 2074 Si
2228 2043 2298 2075 abs-

1336 2096 1426 2129 condi
1459 2095 1547 2137 quasi
1582 2095 1676 2126 homo
1712 2100 1874 2136 peccatum
1910 2104 2015 2128 meum
2042 2107 2079 2134 »3
2111 2095 2198 2139 qaod
2232 2106 2299 2128 non

1335 2152 1557 2192 cop-noscatur
1580 2152 1608 2180 et
1632 2148 1668 2180 in
1689 2147 1807 2189 palam
1830 2149 1956 2187 veniat,
1981 2149 2011 2181 id
2035 2152 2083 2181 est
2107 2149 2138 2180 10
2165 2148 2297 2188 iudicio,

1336 2202 1510 2236 secundum
1525 2201 1603 2236 illud
1617 2201 1859 2234 Proverbiorum
1877 2201 2028 2243 vigesimo
2041 2205 2131 2235 sexto
2146 2203 2186 2234 ¹¹:
2209 2214 2225 2230 cx
2238 2201 2298 2243 Qui

1336 2255 1437 2297 operit
1467 2255 1573 2287 odium
1602 2254 1835 2293 fraudulenter,
1866 2255 2058 2287 revelabitur
2091 2255 2207 2288 malitia
2230 2255 2299 2288 eius

1337 2309 1368 2341 in
1393 2308 1523 2341 concilio
1548 2321 1577 2339 n.
1603 2308 1688 2340 Unde
1714 2307 1916 2340 Ecclesiastici
1946 2307 2065 2349 primo:
2096 2321 2111 2336 «
2136 2308 2178 2341 Ne
2201 2308 2298 2341 fueris

1337 2361 1502 2402 hypocrita
1525 2361 1556 2393 111
1581 2365 1749 2403 conspectu
1767 2361 1930 2393 hominum
1947 2373 1983 2399 »;
2005 2373 2020 2389 α
2044 2370 2081 2393 03
2106 2361 2186 2394 forte
2210 2370 2297 2394 reve-

1338 2415 1380 2446 let
1404 2414 1486 2446 Deus
1502 2414 1682 2447 abscondita
1706 2418 1760 2447 tua
1776 2418 1806 2448 et
1829 2414 1860 2446 in
1879 2414 1980 2446 medio
2005 2416 2178 2456 synagogae
2203 2415 2298 2447 elidat

1339 2469 1368 2499 te
1385 2476 1420 2505 »;
1444 2467 1534 2508 quia,
1560 2467 1640 2499 sicut
1664 2467 1779 2499 dicitur
1803 2467 1977 2509 Sapientiae
2001 2467 2102 2508 primo
2116 2467 2152 2505 1²,
2179 2480 2194 2495 «
2210 2468 2297 2509 auris

1338 2520 1395 2552 zeli
1418 2519 1506 2552 audit
1530 2520 1652 2558 omnia,
1677 2523 1708 2552 et
1732 2521 1887 2553 tumultus
1913 2520 2203 2552 murmurationum
2234 2529 2296 2552 non

1337 2573 1547 2606 abscondetur
1564 2587 1593 2605 n.
1617 2586 1632 2602 «
1649 2573 1716 2615 Ipse
1732 2574 1815 2606 enim
1839 2578 1903 2612 est,
1921 2574 1974 2615 qui
2003 2573 2118 2606 revelat
2143 2572 2298 2615 profunda

1337 2630 1368 2659 et
1392 2626 1573 2658 abscondita
1604 2629 1635 2658 et
1658 2626 1744 2658 novit
1777 2626 1806 2658 in
1836 2626 1973 2658 tenebris
2004 2627 2173 2659 constituta
2195 2639 2210 2655 ι)
2237 2630 2295 2659 313.

1337 2679 1416 2721 Quia
1431 2688 1506 2720 ergo
1522 2682 1663 2720 oportet,
1688 2679 1792 2710 omnia
1810 2679 2019 2718 manifestari,
2040 2679 2172 2712 stultum
2197 2682 2244 2712 est
2258 2679 2298 2712 ad

1338 2735 1463 2774 tempus
1493 2731 1701 2770 abscondere;
1726 2740 1761 2763 ac
1786 2740 1841 2773 per
1875 2732 1933 2764 hoc
1957 2740 2082 2764 necesse
2113 2735 2160 2764 est
2182 2731 2297 2764 doctri-

1338 2795 1409 2818 nam
1433 2788 1592 2827 acceptam
1615 2783 1684 2817 aliis
1707 2785 1840 2826 aperire.

1406 2981 1417 2996 ⁰
1437 2983 1512 3008 Vei-s.
1530 2983 1561 3013 9;
1581 2984 1627 3008 cfr.
1646 2989 1725 3014 supra
1745 2989 1804 3013 pag.
1828 2982 1856 3011 4,
1876 2986 1935 3006 nota
1956 2982 1981 3006 8.
2003 2995 2037 3000 -
2051 2981 2167 3006 Subinde
2187 2981 2297 3011 allegan—

1337 3031 1377 3052 tur
1397 3028 1465 3052 1030.
1491 3028 1527 3057 10,
1548 3028 1571 3051 9.
1593 3030 1617 3051 31
1637 3027 1712 3051 Marc.
1738 3026 1780 3056 io,
1802 3026 1841 3051 16,

1406 3069 1415 3083 “’
1437 3072 1527 3096 Psalm.
1548 3071 1597 3101 75,
1618 3071 1648 3101 5,
1667 3074 1727 3102 post
1746 3077 1825 3102 quem
1847 3070 1910 3095 Dan.
1935 3070 1978 3099 12,
1999 3069 2023 3093 3.
2037 3072 2062 3093 31
2081 3068 2167 3092 Matth.
2188 3068 2233 3098 lo,
2253 3067 2296 3093 27.

1408 3112 1418 3127 ⁸
1439 3115 1512 3139 Vers.
1539 3115 1579 3138 10.
1598 3127 1633 3133 -
1653 3114 1709 3139 Duo
1728 3121 1801 3146 seqq.
1823 3113 1870 3138 1031
1891 3115 1951 3138 sunt
1970 3113 1988 3137 l.
2008 3111 2067 3136 Cor.
2087 3111 2116 3142 4,
2137 3110 2161 3136 5.
2186 3114 2212 3135 31
2231 3111 2294 3142 Eph.

1338 3158 1366 3190 5,
1387 3159 1428 3183 13.

1407 3201 1418 3216 ‘³
1439 3203 1513 3228 Vers.
1532 3204 1573 3228 21.
1595 3202 1654 3235 (AC
1667 3203 1699 3234 1),
1725 3202 1822 3227 0011550
1842 3200 1906 3234 quia
1930 3199 1959 3225 in
1978 3200 2030 3225 Deo
2050 3201 2113 3225 sunt
2139 3199 2226 3232 sacta,
2252 3199 2295 3224 ad-

1337 3245 1400 3270 dunt
1420 3247 1552 3278 quantum
1571 3244 1670 3276 habet).
1688 3258 1723 3264 —
1742 3245 1892 3276 Sequuntur
1913 3243 1952 3268 Ps.
1970 3242 2019 3273 79,
2039 3243 2062 3267 2.
2083 3245 2108 3268 et
2128 3242 2175 3273 49,
2196 3243 2221 3267 3.

1408 3288 1430 3302 ¹⁰
1451 3290 1523 3315 Vers.
1544 3290 1587 3314 33.
1608 3289 1664 3314 Vat.
1683 3289 1756 3314 addit
1775 3295 1800 3312 v.
1821 3287 1863 3313 35.

1409 3331 1428 3347 ¹¹
1451 3334 1524 3358 Vers.
1544 3334 1592 3364 26,
1613 3332 1658 3358 11111
1671 3339 1720 3364 pro
1733 3331 1825 3358 odium
1842 3330 2029 3365 fraudulenter
2049 3330 2068 3357 C
2080 3330 2294 3357 DG‘hominum

1336 3375 1560 3410 fraudulentiam.
1576 3390 1610 3395 —
1624 3375 1741 3401 Subinde
1760 3376 1905 3406 allegantur
1924 3375 1999 3400 Eccli.
2022 3376 2045 3405 1,
2065 3374 2107 3400 37.
2128 3378 2153 3400 et
2173 3374 2216 3399 39.

1408 3418 1429 3434 ¹⁹
1451 3421 1524 3446 Vers.
1546 3421 1592 3451 lo,
1611 3423 1670 3452 post
1689 3426 1768 3452 quem
1790 3419 1902 3449 Dun.,2,
1922 3419 1969 3449 22;
1989 3419 2035 3444 cfr.
2055 3417 2099 3443 lob
2120 3418 2166 3449 12,
2185 3418 2227 3443 22.

2316 1891 2422 1913 Secundo.
