2476 3921
771 194 965 250 COMMENT.
991 217 1028 250 ΙΝ
1052 216 1292 250 EVANGELlUM
1318 218 1435 251 LUCAE
1460 219 1492 252 C.
1517 220 1564 252 lX.

21 347 22 350 Ἰ
181 305 256 348 quia
278 305 311 339 in
334 314 469 347 persona
494 305 602 338 talium
626 305 760 338 dicitur:
787 319 802 334 «
819 306 930 339 Nostra
947 305 1143 338 conversatio

20 384 22 401 Α
55 371 160 399 Ερυοςιιε.
179 358 211 391 in
236 358 329 391 caelis
352 361 399 391 est
414 372 447 398 »,
470 358 509 391 ad
527 358 741 400 Philippenses
758 359 860 391 tertio.
877 377 921 381 —
937 359 983 390 Ex
1007 358 1056 390 his
1080 357 1143 390 col-

20 421 21 456 i
179 411 232 454 ligi
255 414 357 453 potest
373 411 559 444 excellentia
583 411 665 444 vitae
686 411 963 453 contemplativae,
988 414 1019 444 et
1040 420 1143 453 quan-

20 458 21 514 i
179 469 246 498 tum
264 466 304 499 sit
318 465 532 499 desideranda.
551 465 603 498 Est
619 465 701 498 enim
719 464 811 506 plena
826 464 1034 503 discretione,
1052 464 1143 506 plena

20 517 21 525 ¹
178 518 358 560 devotione,
390 519 483 561 plena
509 517 669 556 caritate,
702 517 795 559 plena
824 517 1018 555 securitate,
1052 517 1144 558 plena

178 571 436 615 tranquillitate,
461 571 761 616 plenasuavitate,
786 571 877 612 plena
901 570 1059 613 agilitate.

268 626 320 657 51.
346 625 447 666 (Vers.
473 625 551 664 29.).
580 625 617 657 Et
640 622 735 666 facta
755 627 816 662 est,
841 624 922 656 dum
946 627 1059 656 oraret
1083 627 1142 656 etc.

19 695 21 713 ‹
44 688 150 711 nevelatio
178 678 249 710 Post
271 677 486 713 antecedentia
509 677 548 710 ad
569 677 879 719 transfigurationem
904 677 1069 719 subiungit
1092 676 1144 709 hic

18 716 115 766 inoffi&
123 714 163 762 ‘3³2'-
178 731 373 773 Evangelista
389 730 645 763 concomitantia
660 731 680 762 ¹.
699 730 777 763 Haec
794 734 899 763 autem
920 730 1051 763 fuerunt
1068 730 1142 769 tria,

18 767 163 835 ἑβῗτῖξοοῖῗῃῖἷῗ
177 784 295 818 scilicet
314 782 430 827 fulqor
446 788 615 826 aspectus,
637 783 765 816 candor
780 783 932 822 vestitus,
950 782 1055 816 honor
1071 793 1144 816 con-

44 822 144 844 ¹¹²¹⁸³¹¹²¹²
177 837 373 875 comitatus‚·
397 840 433 870 ut
456 838 500 870 sic
524 840 673 879 appareat
696 836 842 870 Christus
865 837 1021 879 gloriosus
1041 840 1073 870 et
1096 837 1143 870 in-

176 894 233 936 tra·
250 900 283 924 se
310 894 341 924 et
365 891 449 924 circa
478 900 511 924 se
539 894 569 924 et
598 891 690 923 iuxta
714 899 764 930 se,
793 899 832 923 ne
862 890 937 932 quid
966 891 1047 924 desit
1077 891 1143 933 glo-

176 945 242 978 riae
265 953 350 978 suae.

18 1006 19 1038 ]
44 1009 50 1016 ·
266 997 370 1030 Primo
400 997 498 1040 igitur
530 1000 686 1040 quantum
717 996 755 1030 ad
786 996 954 1040 fulyorem
989 1002 1143 1040 aspectus

175 1051 311 1084 dicitur:
337 1052 375 1083 Et
397 1049 493 1093 facta
516 1055 581 1089 cst,
614 1050 695 1083 duni
721 1055 852 1090 oraret,
877 1051 999 1093 species
1030 1051 1142 1083 vultus

176 1104 249 1137 eius
272 1099 399 1141 altera}
422 1104 555 1136 alterata
570 1103 697 1146 quidem
715 1107 762 1137 est
780 1113 837 1146 per
853 1104 1141 1147 supereminentem

176 1157 326 1191 claritatis
349 1157 587 1199 refulgentiam3
617 1157 701 1190 unde
729 1158 874 1191 Matthaei
898 1158 1019 1191 decimo
1047 1158 1142 1200 septi-

174 1211 252 1244 mo²
275 1210 409 1250 dicitur,
434 1210 518 1252 quod
548 1211 826 1253 «transfiguratus
849 1215 896 1244 est
920 1215 992 1244 ante
1016 1220 1085 1251 eos,
1110 1215 1141 1244 et

175 1263 370 1306 resplenduit
393 1263 487 1296 facies
510 1263 579 1296 eius
603 1264 685 1296 sicut
708 1264 801 1297 sol».
828 1265 889 1297 Nec
912 1264 1045 1303 mirum,
1066 1265 1141 1306 quia

175 1317 206 1350 in
231 1317 291 1349 hoc
314 1315 449 1349 ostendit
472 1316 602 1358 gloriam
628 1317 887 1356 resurrectionis,
915 1317 954 1349 de
977 1326 1041 1359 qua
1064 1317 1140 1349 Mat-

175 1370 259 1403 thaei
282 1369 405 1402 decimo
428 1369 538 1402 tertio:
568 1383 583 1397 a
601 1370 688 1402 Tunc
704 1369 872 1412 fulgebunt
896 1370 970 1403 iusti
995 1369 1078 1403 sicut
1094 1370 1139 1402 sol

174 1423 207 1455 in
230 1432 327 1465 regno
351 1423 450 1455 Patris
473 1431 585 1455 eorum
602 1435 632 1454 n.
659 1422 694 1454 Et
718 1422 787 1455 ideo
811 1422 842 1455 in
867 1422 1019 1455 claritatis
1043 1422 1140 1455 huius

174 1476 350 1509 ostensione
373 1475 509 1508 ostendit
531 1475 693 1517 discipulis
717 1484 850 1517 regnum
876 1475 949 1515 Dei,
974 1475 1049 1518 quia
1072 1475 1140 1508 cla-

174 1529 261 1562 ritas
284 1532 331 1562 est
354 1529 524 1571 praecipua
547 1528 603 1561 dos
626 1529 880 1571 resurgentium,
905 1529 1079 1562 secundum
1104 1529 1141 1561 il-

174 1582 229 1615 lud
252 1582 373 1624 primae
388 1582 427 1615 ad
450 1582 629 1615 Corinthios
645 1582 766 1615 decimo
787 1582 898 1625 quinto
911 1583 938 1615 ⁸:
964 1596 980 1611 «
994 1583 1058 1615 Alia
1074 1583 1140 1625 glo-

174 1635 222 1668 ria
244 1635 464 1674 terrestrium,
488 1635 548 1667 alia
572 1635 769 1674 caelestium,
802 1635 862 1667 alia
889 1635 1016 1668 claritas
1047 1635 1139 1674 solis,

173 1688 234 1721 alia
257 1688 383 1721 claritas
406 1688 513 1727 lunae,
538 1687 597 1720 alia
618 1688 796 1727 stellarum3
822 1688 911 1721 stella
935 1688 1017 1721 enim
1035 1688 1141 1721 differt

174 1742 307 1775 astella
329 1741 360 1774 in
378 1741 535 1780 claritate,
560 1741 604 1773 sic
628 1744 658 1774 et
674 1741 868 1774 resurrectio
892 1745 1092 1775 mortuorum
1109 1756 1138 1774 ».

174 1813 216 1821 —
240 1795 324 1828 Hanc
346 1799 452 1827 autem
473 1794 639 1826 claritatis
661 1793 766 1827 dotem
783 1794 821 1827 ad
846 1797 971 1837 tempus
993 1795 1140 1829 Christus

173 1847 339 1886 assumsit,
364 1847 446 1880 sicut
469 1847 585 1880 dicitur
601 1847 639 1880 de
655 1847 855 1887 subtilitate,
873 1857 970 1890 quam
989 1849 1140 1881 assumsit

172 1901 205 1934 in
229 1901 406 1940 nativitate,
431 1910 504 1933 cum
528 1901 635 1933 clauso
658 1903 751 1933 utero
768 1901 879 1934 matris
902 1901 1015 1941 exivit;
1041 1903 1139 1945 apili—

174 1958 289 1994 tatem,
314 1963 388 1987 cum
420 1963 516 1996 super
539 1963 638 1996 aquas
669 1954 861 1995 ambulavit;
887 1955 1139 1998 impassibilita-

174 2011 252 2046 tem,
277 2016 349 2040 cum
373 2016 489 2049 corpus
513 2006 544 2039 in
568 2007 770 2041 Sacramento
794 2008 955 2050 discipulis
975 2009 1103 2042 tradidit
1114 2010 1137 2041 4.

173 2061 222 2094 Sic
246 2064 277 2094 et
300 2060 486 2093 claritatem
504 2060 554 2093 hic
578 2060 617 2092 ad
641 2063 767 2103 tempus
783 2062 951 2101 assumsit,
976 2063 1137 2104 propriam

173 2118 277 2148 tamen
301 2113 435 2156 effigiem
459 2123 521 2146 non
538 2113 655 2153 amisit,
681 2114 735 2147 sed
758 2114 818 2147 fuit
842 2115 873 2148 in
890 2124 927 2148 eo
950 2116 1079 2157 propria
1095 2115 1138 2148 ef-

172 2169 261 2211 figies
283 2171 315 2200 et
337 2167 471 2209 qualitas
495 2171 711 2201 consummata
742 2168 824 2201 sicut
852 2168 998 2212 qualitas
1026 2169 1139 2211 passi-

174 2221 267 2260 bilis,
292 2220 418 2253 claritas
449 2223 554 2253 autem
580 2220 662 2254 sicut
689 2221 806 2264 passio
819 2221 842 2253 ⁵.
867 2221 1137 2262 Quemadmodum

173 2274 256 2308 enim
280 2273 414 2315 pallidus
446 2273 586 2307 rubescit
609 2274 648 2307 ad
679 2278 805 2317 tempus
828 2283 911 2319 prae
928 2274 1134 2313 verecundia,

172 2330 204 2361 et
227 2327 262 2359 fit
285 2327 318 2359 iu
334 2336 373 2359 eo
393 2325 537 2360 alteratio
553 2328 591 2360 ad
616 2331 758 2370 tempus;
783 2328 827 2360 sic
852 2336 990 2369 superna
1005 2330 1037 2360 et
1057 2327 1137 2360 mira

172 2380 312 2423 potentia
335 2389 451 2423 corpus
475 2384 627 2415 terrestre
643 2382 789 2415 effectum
812 2385 860 2414 est
875 2381 915 2413 ad
938 2384 1063 2423 tempus
1079 2381 1136 2414 ful-

172 2433 279 2477 gidum
304 2437 335 2466 et
358 2434 500 2468 caeleste.
527 2435 596 2468 Sive
628 2438 734 2468 autem
758 2434 855 2478 fuerit
878 2434 909 2466 in
938 2443 974 2467 eo
998 2434 1058 2467 alia
1080 2435 1137 2468 dos

173 2488 341 2527 claritatis,
366 2488 432 2521 sive
463 2498 544 2528 non;
569 2489 629 2521 alia
657 2492 761 2521 tamen
793 2488 853 2521 fuit
876 2488 1002 2521 claritas
1031 2491 1062 2521 et
1091 2489 1134 2521 illi

18 1066 19 1070 ¹
35 1060 65 1082 De
77 1060 157 1086 fulgore

46 1088 148 1114 aspectus.

15 1807 17 1818 ⁴
29 1803 153 1826 Notandum.

245 2671 254 2685 ¹
276 2671 344 2697 Vide
363 2679 441 2703 supra
460 2679 484 2697 n.
507 2671 548 2697 43.

244 2714 254 2729 ²
276 2717 349 2742 Vers.
370 2717 398 2748 2,
419 2719 474 2748 post
496 2723 575 2748 quein
601 2716 644 2749 13,
665 2716 707 2742 43.

245 2758 256 2773 ⁸
275 2760 350 2786 Vers.
372 2760 462 2785 40-4‘2.

244 2804 255 2818 ⁴
274 2805 362 2830 Matth.
382 2805 430 2835 26,
450 2805 493 2836 26,
512 2812 582 2838 seq,
602 2805 666 2831 ibid.
688 2806 735 2839 14,
755 2806 797 2832 25.
817 2807 851 2832 de
864 2806 966 2833 Christo
985 2807 1137 2833 ambulante

174 2856 254 2881 super
274 2856 360 2879 mare,
380 2852 406 2874 et
426 2849 449 2879 l,
469 2849 513 2875 25.
532 2850 566 2875 de
585 2850 641 2876 eius
660 2851 795 2877 nativitate
814 2851 872 2884 (cfr.
892 2859 973 2884 supra
992 2852 1018 2883 2,
1036 2851 1082 2884 7.).
1102 2866 1137 2871 —

10 2915 13 2931 J
173 2894 201 2919 In
220 2893 260 2919 his
277 2893 413 2919 exhibetur
432 2894 557 2920 sententia
576 2895 644 2927 Hug.
664 2902 678 2920 a
706 2896 730 2921 S.
751 2896 819 2921 Viet.
838 2899 863 2921 et
888 2897 1018 2922 lnnocent.
1040 2897 1083 2929 lli,
1103 2897 1137 2923 de

11 2943 13 2973 ι
173 2945 227 2971 quo
247 2937 308 2963 vide
326 2940 389 2963 tom.
416 2938 456 2963 Vl.
478 2945 540 2970 pag.
566 2939 630 2972 324,
656 2942 745 2965 notam
772 2940 796 2965 5.
815 2953 852 2959 —
874 2941 1000 2972 Superius
1025 2948 1074 2972 pro
1099 2940 1137 2967 ad

11 2977 12 3020 ζ
174 2981 294 3014 tempus,
316 2980 358 3006 cui
377 2981 398 3006 H
418 2982 561 3013 praemittit
577 2984 608 3009 ut
627 2982 726 3010 dicitur
746 2983 932 3016 communiter,
951 2985 1009 3010 Vat.
1028 2984 1065 3011 ad
1081 2992 1117 3011 se.

11 3037 12 3063 1
245 3023 256 3038 ⁶
275 3025 342 3051 Vide
360 3025 479 3057 Aristot.,
497 3026 531 3052 de
546 3027 710 3053 Praedieam.
724 3035 747 3053 c.
767 3027 799 3054 de
819 3027 916 3063 Quali,
938 3027 983 3054 ubi
997 3030 1046 3054 liae
1065 3029 1135 3055 duae

175 3071 202 3094 ut
215 3069 321 3107 tertium
340 3076 425 3101 genus
438 3071 569 3103 qualitatis
581 3071 744 3098 exhibentur.
765 3071 831 3098 lbid.
843 3072 921 3098 etiam
935 3073 1043 3099 dicitur:
1058 3073 1136 3106 Quod

175 3113 245 3138 enim
265 3113 329 3139 flunt
347 3116 455 3149 propter
468 3115 583 3148 aliquam
603 3116 753 3147 passionem
774 3117 871 3143 multae
884 3117 1002 3143 colorum
1019 3118 1137 3144 mutatio-

173 3163 221 3182 nes
241 3155 320 3190 [quae
338 3160 397 3184 sunt
410 3157 530 3190 patibiles
549 3159 713 3193 qualitates}
727 3160 892 3186 manifestum
912 3164 964 3192 est;
978 3160 1137 3187 erubescens

174 3201 244 3226 enim
264 3201 358 3239 aliquis
375 3201 475 3228 rubeus
493 3203 575 3229 sactus
593 3206 645 3234 est,
664 3206 690 3229 et
703 3204 797 3230 timens
809 3205 921 3237 pallidus
940 3207 989 3231 ete.
1002 3205 1054 3231 Csr.
1072 3208 1136 3231 tom.

175 3245 217 3271 lV.
238 3252 301 3277 pag.
324 3246 390 3277 136,
413 3249 472 3272 nota
495 3247 520 3272 3.

245 3287 257 3303 ⁶
277 3289 350 3316 Vers.
369 3290 394 3316 7.
419 3290 470 3317 Cfr.
490 3291 581 3317 Glossa
600 3291 744 3319 ordinaria
763 3292 804 3326 (ex
820 3293 901 3327 Beda)
923 3293 947 3319 in
967 3294 1029 3320 Luc.
1049 3295 1079 3327 9,
1093 3295 1136 3320 29.

245 3331 255 3347 '¹
275 3334 350 3360 Vers.
370 3335 399 3367 2,
419 3334 464 3361 ubi
484 3336 596 3368 Vulgata
621 3336 782 3363 Vestimenta
800 3337 857 3364 eius
876 3337 949 3371 facta
968 3339 1034 3365 sunt
1051 3338 1136 3373 splen-

175 3377 265 3405 dentia
283 3379 309 3405 et
325 3378 440 3405 candida
459 3379 540 3406 nimis
560 3379 632 3407 velut
649 3380 714 3414 πίω,
737 3380 831 3415 qualia
849 3385 898 3408 ete.

283 3431 314 3459 S.
333 3432 437 3459 Bonav.
448 3446 483 3452 —
498 3431 577 3459 Tom.
589 3434 644 3460 Vll.

2103 224 2168 256 ⁶233

1207 305 1340 338 claritati
1365 316 1522 351 supernae
1538 308 1721 348 conformis,
1746 319 1827 352 quae
1843 311 2071 353 discipulorum
2096 321 2171 345 ocu-

1208 358 1254 391 los
1277 359 1382 392 divina
1406 361 1523 393 virtute
1547 371 1609 394 non
1641 363 1802 405 corrupit,
1831 364 1883 396 sed
1917 365 2021 405 potius
2049 365 2171 397 consor—

1207 411 1302 451 tavit,
1327 412 1370 444 ita
1393 416 1429 445 ut
1458 418 1584 456 possent
1607 414 1711 448 dicere
1741 416 1816 448 illud
1842 417 2043 450 Ecclesiastae
2074 418 2171 451 unde-

1207 464 1335 497 cimo⁶:
1365 478 1381 495 <x
1406 466 1504 500 Dulce
1528 467 1634 500 lumen
1664 471 1695 500 et
1722 469 1904 502 delectabile
1935 471 2034 503 oculis
2067 470 2172 504 videre

1208 517 1305 550 solem
1323 532 1353 550 ι».

1298 572 1350 604 52.
1376 572 1519 605 Secundo
1543 582 1619 606 vero
1639 577 1792 616 quantum
1814 575 1850 607 ad
1877 577 2054 608 candorem
2080 578 2172 609 vesti-

1208 627 1262 656 tus
1285 624 1451 658 subditur:
1479 627 1516 658 Et
1547 627 1682 660 vestitus
1705 628 1777 660 eius
1809 628 1905 660 albus
1928 634 1957 661 et
1980 629 2171 672 refulgens,

1208 677 1326 710 scilicet
1351 678 1452 712 sactus
1475 682 1532 712 est.
1558 680 1656 712 Tanta
1679 681 1761 713 enim
1786 685 1854 714 erat
1885 682 2012 721 albedo,
2038 686 2073 714 ut
2097 693 2172 725 prae

1208 730 1343 763 candore
1374 731 1471 764 nimio
1507 732 1698 774 refulgeret,
1731 733 1904 766 secundum
1937 734 2022 776 quod
2056 735 2172 768 dicitur

1208 784 1301 816 Marci
1320 793 1403 817 nono
1417 785 1446 816 ⁷:
1477 798 1492 813 «ι
1509 785 1701 818 Vestimenta
1722 786 1792 819 eius
1817 786 1896 819 facta
1913 791 1987 820 sunt
2011 788 2173 829 splendida

1207 835 1300 869 nimis
1324 839 1355 869 et
1371 836 1501 870 candida
1525 838 1612 871 velut
1628 838 1699 877 οἰκ,
1720 842 1752 871 et
1776 839 1880 881 qualia
1895 839 1973 872 fullo
1996 849 2093 882 super
2110 845 2173 874 ter-

1208 898 1276 921 ram
1300 899 1363 922 non
1395 893 1498 932 potest
1521 891 1652 924 eandida
1674 891 1777 924 facere
1794 905 1824 924 ».
1858 893 1918 925 Nee
1943 893 2079 932 mirum;
2113 893 2172 927 hoc

1207 943 1290 975 enim
1314 943 1488 986 designavit
1510 945 1696 984 candorem,
1721 945 1775 987 qui
1792 946 1956 987 apparebit
1980 946 2010 978 in
2036 947 2171 986 Sanctis,

1207 996 1382 1029 secundum
1415 997 1491 1030 illud
1521 998 1720 1040 Apocalypsis
1753 999 1892 1032 tertio⁸t
1931 1013 1946 1027 «
1970 1000 2029 1041 Qui
2064 1000 2173 1033 vicerit

1207 1050 1251 1082 sic
1275 1050 1427 1083 vestietur
1459 1051 1654 1085 vestimentis
1685 1053 1764 1085 albis
1783 1065 1819 1092 »3
1852 1057 1883 1086 et
1914 1054 2067 1095 septimo:
2099 1067 2113 1081 ιι
2139 1055 2171 1086 lli

1206 1104 1260 1145 qui
1284 1104 1389 1137 amicti
1415 1108 1490 1138 sunt
1520 1105 1608 1138 stolis
1635 1106 1733 1145 albis,
1758 1107 1812 1148 qui
1837 1110 1935 1139 sunt?
1959 1111 1990 1140 et
2014 1108 2097 1140 unde
2121 1117 2172 1141 ve-

1206 1161 1355 1190 nerunt»
1384 1160 1442 1191 ete.

1296 1210 1348 1243 53.
1374 1211 1476 1250 (Vers.
1501 1211 1553 1244 30.
1580 1212 1658 1252 31.).
1683 1213 1789 1245 Tertio
1821 1218 1975 1255 quantum
2009 1214 2047 1246 ad
2072 1213 2171 1247 liono-

1207 1273 1276 1296 rem
1300 1264 1478 1296 comitatus
1501 1265 1681 1308 subiungit:
1709 1267 1747 1298 Et
1770 1276 1858 1305 cece,
1882 1267 1948 1299 duo
1973 1267 2042 1299 viri
2065 1267 2171 1311 loque-

1205 1316 1330 1349 bantur
1353 1327 1429 1349 cum
1454 1327 1488 1350 eo
1502 1318 1524 1350 ⁰.
1550 1318 1630 1359 Quia
1653 1328 1715 1351 non
1739 1319 1884 1358 decebat,
1909 1320 2076 1353 Dominum
2105 1321 2171 1362 glo-

1204 1369 1270 1402 riae
1294 1370 1392 1403 videri
1418 1371 1537 1410 solum,
1563 1371 1616 1404 sed
1645 1372 1762 1405 habere
1795 1373 2009 1405 honorabilem
2042 1374 2171 1406 comita-

1207 1426 1288 1462 tum;
1308 1423 1378 1456 ideo
1394 1428 1549 1466 quantum
1569 1425 1717 1457 ad‘illum
1736 1426 1912 1468 subiungit:
1936 1427 2043 1459 Erant
2059 1432 2171 1459 autem

1204 1477 1331 1520 Moyses
1354 1481 1383 1510 ct
1409 1477 1518 1517 Elias,
1547 1478 1613 1511 visi
1643 1478 1680 1511 in
1703 1479 1882 1511 maiestate.
1908 1479 1942 1511 Hi
1967 1483 2074 1512 autem
2105 1480 2168 1512 duo

1204 1534 1295 1563 erant
1314 1540 1467 1573 personae
1483 1532 1698 1565 honorandae:
1721 1532 1858 1575 Moyses,
1876 1533 2020 1575 inquam,
2039 1537 2170 1575 propter

1205 1584 1459 1627 legislationem,
1490 1585 1664 1618 secundum
1696 1586 1774 1618 illud
1805 1586 2016 1619 Numerorum
2053 1586 2170 1619 duode-

1204 1637 1344 1670 cim010:
1374 1651 1390 1667 α
1407 1638 1444 1671 At
1466 1648 1529 1671 non
1554 1639 1624 1672 talis
1647 1648 1760 1672 servus
1784 1648 1873 1672 meus
1897 1640 2033 1681 Moyses,
2059 1640 2113 1682 qui
2138 1640 2168 1672 in

1203 1691 1288 1724 omni
1313 1691 1405 1724 domo
1428 1701 1499 1725 mea
1515 1692 1716 1725 fidelissimus
1739 1696 1804 1732 est;
1828 1702 1884 1726 ore
1906 1693 1989 1726 enim
2007 1693 2046 1726 ad
2067 1702 2102 1726 os
2127 1694 2170 1725 lo-

1204 1755 1287 1788 quor
1310 1745 1352 1784 ei,
1377 1749 1408 1779 et
1440 1746 1542 1788 palam
1571 1750 1603 1779 et
1626 1756 1688 1779 non
1718 1756 1775 1789 per
1798 1747 1974 1789 aenigmata
1997 1751 2028 1780 et
2051 1747 2170 1789 figuras

1203 1799 1373 1832 Dominum
1398 1799 1482 1832 videt
1497 1812 1533 1838 »;
1561 1799 1653 1832 Elias
1685 1809 1761 1833 vero
1792 1804 1922 1842 propter
1946 1800 2168 1833 excellentiam

1200 1851 1395 1895 prophetiae
1418 1861 1491 1886 cum
1514 1853 1762 1886 miraculorum
1786 1854 1981 1896 operatione.
2005 1853 2090 1887 Unde
2115 1854 2170 1886 Ec-

1203 1906 1397 1939 clesiasticus
1413 1906 1654 1949 quadragesimo
1670 1910 1780 1940 octavo
1794 1909 1819 1926 ¹¹
1840 1908 1972 1949 loquens
1995 1907 2032 1939 ad
2054 1907 2168 1939 Eliam:

1208 1971 1224 1987 «
1245 1959 1322 2000 Quis
1353 1962 1456 2001 potest
1487 1960 1542 1992 tibi
1567 1960 1711 1993 similiter
1742 1960 1897 2002 gloriari?
1920 1960 1979 2001 Qui
2013 1960 2168 1993 sustulisti

1204 2016 1367 2045 mortuum
1399 2013 1440 2045 ab
1470 2012 1578 2045 inferis
1602 2013 1640 2045 de
1669 2016 1754 2046 sorte
1778 2013 1888 2046 mortis
1920 2013 1951 2045 in
1977 2013 2073 2046 verbo
2106 2013 2166 2045 Do-

1202 2065 1279 2097 mini
1303 2065 1358 2098 Dei
1376 2079 1406 2097 ».
1424 2065 1510 2098 Unde
1527 2068 1557 2098 et
1581 2069 1710 2108 propter
1728 2066 1809 2098 hanc
1829 2066 2046 2098 excellentiam
2063 2070 2167 2099 osten-

1201 2118 1335 2151 dendam
1368 2118 1520 2151 Dominus
1556 2119 1680 2160 speciali
1714 2119 1806 2151 modo
1837 2119 1984 2160 apparuit
2020 2120 2165 2161 utrisque

1202 2171 1232 2203 in
1258 2171 1361 2213 figura
1385 2171 1415 2203 in
1435 2175 1539 2204 monte
1556 2172 1672 2204 Horeb:
1698 2173 1793 2213 Moysi
1821 2172 1947 2214 quidem
1965 2173 2083 2214 primo,
2109 2173 2167 2205 sic-

1201 2227 1237 2256 ut
1259 2224 1375 2257 dicitur
1404 2225 1502 2257 Exodi
1527 2225 1620 2258 tertio
1634 2226 1670 2264 ¹2,
1697 2225 1778 2259 Eliae
1802 2229 1907 2258 autem
1932 2231 2057 2268 postea,
2087 2226 2169 2259 sicut

1200 2277 1316 2310 dicitur
1340 2277 1567 2320 tertiiRegum
1592 2278 1713 2311 decimo
1730 2288 1827 2317 nono,
1852 2279 1884 2311 in
1908 2279 2016 2312 eodem
2050 2280 2167 2312 scilicet

1201 2334 1307 2363 monte
1330 2331 1443 2364 Horeb.
1462 2350 1502 2354 —
1517 2332 1647 2374 Propter
1671 2332 1768 2374 igitur
1790 2341 1901 2365 eorum
1926 2333 2119 2365 honestatem
2137 2337 2168 2365 et

1201 2383 1404 2426 praecipuam
1428 2384 1611 2427 dignitatem
1635 2385 1782 2427 apparuit
1806 2386 1837 2418 in
1862 2386 2013 2418 comitatu
2036 2394 2165 2425 eorum;

1200 2440 1256 2469 aut
1279 2440 1379 2476 certe,
1404 2437 1478 2480 quia
1501 2447 1585 2471 unus
1608 2448 1719 2471 eorum
1744 2443 1812 2471 erat
1833 2442 1993 2477 mortuus,
2018 2439 2097 2471 alter
2122 2439 2166 2470 vi-

1201 2499 1278 2529 vus,
1310 2499 1395 2523 unus
1426 2490 1465 2524 de
1497 2491 1597 2531 caelo,
1623 2491 1702 2524 alter
1732 2491 1770 2524 de
1794 2491 1916 2524 inferno
1932 2492 1967 2530 1⁵,
1992 2495 2028 2524 ut
2052 2491 2166 2524 habeat

1273 2672 1284 2688 ⁸
1304 2675 1379 2700 Vers.
1399 2675 1428 2707 5,
1448 2677 1508 2706 post
1520 2681 1601 2707 quem
1617 2674 1649 2706 7,
1665 2675 1704 2700 13.
1719 2688 1754 2694 -
1767 2675 1856 2700 Glossa
1870 2674 2011 2701 ordinaria
2028 2675 2068 2706 (ex
2083 2675 2164 2704 Beda,

1202 2718 1247 2751 qui
1267 2719 1386 2751 sequitur
1411 2719 1535 2750 Gregor.,
1560 2718 1666 2743 XXXll.
1692 2719 1779 2744 Moral.
1805 2726 1826 2743 e.
1848 2719 1873 2743 6.
1899 2726 1922 2743 n.
1945 2719 1979 2744 8.)
2007 2719 2033 2744 in
2053 2719 2114 2744 Luc.
2135 2719 2163 2748 9,

1202 2763 1249 2788 29:
1270 2763 1363 2788 Vestes
1382 2763 1485 2788 Domini
1506 2763 1594 2788 Sancti
1613 2766 1687 2794 sunt,
1706 2763 1752 2796 qui
1776 2762 1907 2789 Christum
1932 2763 2074 2789 induerunt
2097 2762 2165 2796 [Gal.

1203 2808 1232 2840 3,
1254 2807 1311 2841 27.]
1331 2811 1379 2833 ete.

1272 2849 1283 2865 ⁹
1305 2852 1338 2877 ltu
1358 2852 1436 2877 etiarn
1456 2852 1540 2883 Beda;
1562 2853 1687 2884 Vulgata,
1707 2859 1787 2885 quam
1807 2852 1926 2884 sequitur
1948 2853 2018 2882 Vnt„
2040 2851 2094 2878 illo.

1274 2894 1296 2909 ¹⁰
1316 2897 1390 2922 Vers.
1410 2896 1436 2922 7.
1456 2900 1482 2922 et
1502 2897 1526 2922 8.
1546 2910 1582 2916 -—
1599 2896 1726 2929 Superius
1745 2903 1793 2928 pro
1813 2895 1989 2922 honorandae
2010 2896 2066 2921 Vat.
2087 2895 2166 2922 liono-

1201 2939 1389 2966 rabilissz'mue.

1275 2982 1295 2997 ¹¹
1317 2984 1393 3010 Vers.
1413 2984 1436 3010 4.
1457 2991 1512 3018 seq.
1531 2999 1566 3004 -
1586 2985 1713 3016 Superius
1737 2987 1796 3016 post
1818 2984 1891 3010 Elius
1911 2991 1974 3010 vero
1994 2984 2051 3009 Vat,
2077 2991 2164 3015 prose-

1201 3028 1291 3061 quitur
1310 3029 1369 3054 ωιτη
1385 3030 1500 3062 propter
1513 3028 1700 3056 excellentium
1709 3028 1868 3062 prophetiae
1887 3030 1944 3055 tum
1964 3027 2162 3054 ηιὺπσιιὶονιυη

1201 3072 1393 3106 operationem.

1272 3115 1294 3131 ¹²
1315 3117 1390 3143 Vers.
1411 3118 1435 3143 l.
1454 3124 1524 3151 seq.,
1544 3117 1586 3143 eui
1606 3117 1775 3149 subiungitur
1794 3117 1832 3143 lll.
1851 3117 1916 3149 Reg.
1938 3117 1984 3147 ¹9,
2005 3117 2027 3141 Β.
2048 3123 2122 3149 seqq.

1272 3159 1295 3174 ¹⁸
1313 3161 1433 3194 Hieron,
1453 3162 1490 3188 lll.
1510 3161 1655 3188 Comment.
1678 3162 1703 3186 in
1723 3161 1810 3186 Matth.
1831 3161 1878 3191 ⁴7,
1899 3161 1927 3186 3:
1955 3170 1968 3183 a
1981 3161 2013 3186 U
2031 3160 2165 3191 Apostolo-

1200 3212 1260 3231 rum
1279 3208 1375 3238 augeat
1393 3206 1487 3237 fldem,
1506 3206 1551 3232 dat
1569 3206 1674 3238 signum
1688 3206 1722 3231 de
1735 3206 1821 3237 caelo,
1835 3205 1888 3230 Elia
1902 3205 1962 3230 inde
1976 3204 2164 3234 descendente,

1200 3257 1254 3283 quo
1282 3250 1484 3282 conscenderat,
1512 3254 1538 3276 et
1561 3250 1649 3281 Moyse
1675 3249 1708 3275 ab
1734 3249 1823 3275 interis
1848 3253 2016 3281 resurgente;
2041 3248 2114 3281 quod
2140 3252 2163 3273 et

1200 3294 1286 3320 Achaz
1305 3301 1353 3326 per
1372 3294 1463 3320 isaiam
1484 3293 1519 3328 [7‚
1543 3293 1596 3327 ll.]
1615 3294 1789 3326 praecipitur,
1809 3297 1837 3319 ut
1856 3296 1926 3325 petat
1944 3291 1993 3318 sibi
2012 3292 2116 3323 signum
2131 3291 2163 3317 de

1200 3339 1315 3370 excelso,
1335 3341 1380 3364 aut
1404 3339 1437 3364 de
1456 3339 1557 3364 interno
1577 3348 1602 3364 ν.
1621 3338 1769 3370 chrysost,
1788 3338 1883 3363 Homil.
1902 3337 1943 3362 56.
1965 3337 2037 3369 (alias
2058 3336 2110 3367 57.)
2137 3336 2162 3360 in

1200 3384 1287 3409 Matth.
1307 3391 1333 3409 n.
1352 3384 1383 3409 2:
1406 3393 1419 3406 α
1431 3381 1464 3409 Ut
1482 3383 1628 3414 discerent,
1647 3390 1708 3409 eum
1728 3386 1754 3408 et
1766 3383 1836 3408 vitae
1854 3385 1879 3408 et
1898 3382 1989 3407 mortis
2008 3384 2162 3414 potestatem

2020 3435 2053 3459 30

2188 584 2218 605 De
2235 584 2328 606 candore

2184 634 2187 635 V
2206 611 2300 632 venitus.

2193 1221 2222 1242 De
2237 1221 2316 1251 honora

2196 1250 2314 1269 comitatus.

2188 2336 2316 2357 Notandum.
