2476 3921
198 556 301 578 Primum.

170 1088 307 1119 Camalitatis

187 1118 248 1136 actus
265 1121 306 1142 pri-

189 1148 242 1162 mus.

191 1726 310 1748 Secundus.

219 2203 312 2224 Tertius.

319 294 384 328 [242

320 384 398 422 tria,
423 382 540 415 scilicet
563 381 705 424 ipsorum
723 380 953 413 Sodomitarum
970 380 1183 418 demeritum,
1200 389 1280 421 sup-

317 437 457 480 plicium
481 439 512 469 et
535 435 729 477 exemplum.
972 466 974 468 ,

410 490 548 523 Primum
572 492 727 532 quantum
752 488 791 521 ad
818 488 1014 521 demeritum
1038 487 1130 520 dicit:
1157 486 1282 519 Simili-

322 549 388 583 ter,
411 544 499 576 sieut
532 541 662 585 saccum
698 546 745 574 est
767 542 802 574 in
838 541 952 574 diebu-s
979 541 1049 579 Lot,
1082 540 1199 573 scilicet
1223 539 1282 572 viri

322 598 405 631 iusti.
432 597 467 629 Et
490 599 580 635 nota,
606 595 689 638 quod
707 595 737 627 in
755 594 962 636 descriptione
983 593 1158 636 iniquitatis
1175 592 1280 635 populi

322 650 471 693 impudici
497 649 709 692 praemittitur
733 648 851 681 iustitia
874 647 933 679 viri
958 647 1049 686 iusti,
1074 647 1148 688 quia
1164 655 1205 679 ex
1221 646 1281 678 hoc

322 704 421 747 magis
444 707 574 746 apparet
597 711 708 736 eorum
734 702 896 744 impietas,
911 701 997 743 quod
1014 701 1062 733 vir
1080 700 1183 733 iustus
1200 700 1281 731 inter

323 767 376 791 eos
398 761 480 795 erat;
511 759 639 799 propter
675 756 758 798 quod
794 755 947 788 secundae
983 753 1063 786 Petri
1100 752 1279 786 secund0¹:

328 825 343 840 α
362 812 481 844 lustum
506 811 578 848 Lot,
595 818 781 851 oppressum
798 818 816 841 a
833 808 1038 841 nefandorum
1056 806 1172 839 iniuria
1187 808 1282 847 atque

326 864 454 904 luxuria
478 863 603 905 eripuit.
628 864 760 904 Aspectu
778 862 859 895 enim
878 865 909 894 et
932 860 1041 893 auditu
1067 860 1170 892 iustus
1195 862 1281 897 erat,

325 918 469 950 habitans
492 917 574 949 inter
597 925 650 948 eos
666 916 720 958 qui
744 915 782 948 de
798 915 847 947 die
864 915 894 946 in
911 914 993 947 diem
1014 913 1150 945 animam
1168 912 1282 944 iustam

326 971 442 1013 iniquis
464 970 613 1012 operibus
629 969 811 1002 cruciabant
827 981 857 1000 ».
875 967 961 1000 Unde
978 970 1107 1009 propter
1131 965 1282 998 iustitiam

327 1025 383 1057 viri
409 1024 482 1056 iusti
506 1026 695 1065 aggravatur
719 1022 749 1054 in
769 1021 871 1063 impiis
895 1020 1065 1053 enormitas
1089 1018 1217 1061 peccati.
1241 1036 1281 1040 —-

326 1079 483 1120 Quantum
500 1077 536 1109 ad
554 1085 648 1119 quam
674 1075 793 1108 subdit:
820 1074 966 1107 Edeba-nt
989 1077 1019 1106 et
1034 1072 1200 1110 bibebant,
1225 1071 1283 1104 sci-

326 1133 398 1165 licet
428 1131 616 1168 Sodomitae,
652 1132 688 1162 ut
719 1129 851 1167 lascivi,
888 1128 970 1160 sicut
1000 1127 1060 1164 illi,
1092 1126 1130 1158 de
1166 1125 1296 1167 quibus

328 1185 424 1218 Exodi
450 1184 608 1226 trigesimo
632 1182 809 1215 secundo-⁹⁶:
839 1195 853 1209 α
871 1181 956 1213 Sedit
986 1179 1122 1222 populus
1152 1178 1283 1210 mandu-

327 1248 399 1272 care
421 1243 452 1271 et
475 1238 600 1276 bibere,
624 1239 655 1269 et
678 1238 891 1268 surrexerunt
915 1233 1023 1266 ludere
1041 1245 1070 1272 »;
1096 1236 1127 1265 et
1144 1241 1205 1264 non
1230 1231 1284 1264 ad-

326 1293 388 1332 dit,
413 1291 495 1334 quod
520 1299 638 1323 uxores
661 1289 835 1326 ducebant,
860 1288 940 1320 sicut
966 1287 1054 1328 prius
1067 1286 1090 1324 ³,
1118 1286 1194 1328 quia
1220 1294 1282 1317 non

328 1346 497 1389 peccabant
520 1343 691 1377 secundum
716 1345 880 1379 naturam,
905 1340 958 1373 sed
983 1344 1093 1373 contra
1115 1342 1281 1376 naturam;

326 1399 454 1432 Genesis
476 1398 597 1431 decimo
621 1396 730 1429 tertio:
760 1408 775 1423 ιι
789 1394 932 1427 Homines
955 1393 1130 1425 Sodomitae
1155 1391 1282 1434 pessimi

328 1456 418 1486 crant
441 1455 472 1484 et
503 1453 681 1492 peccatores
706 1448 798 1480 nimis
822 1456 927 1479 coram
952 1446 1084 1479 Domino
1105 1457 1136 1483 »3
1165 1448 1197 1477 et
1227 1444 1284 1477 Ge-

330 1506 411 1538 nesis
434 1504 554 1537 decimo
590 1511 671 1535 nono
704 1501 837 1539 dicitur,
862 1500 945 1542 quod
976 1499 1204 1531 «vallaverunt
1235 1497 1286 1530 do-

328 1567 415 1591 mum
439 1558 494 1590 Lot
517 1566 535 1589 a
559 1565 658 1598 puero
681 1563 782 1596 usque
806 1553 843 1586 ad
868 1561 992 1591 senem,
1017 1551 1118 1584 omnis
1150 1550 1286 1592 populus

329 1612 440 1650 simul,
464 1612 720 1650 vocaveruntque
745 1608 799 1639 Lot
823 1611 854 1639 et
884 1606 1036 1638 dixerunt
1059 1605 1104 1637 el:
1130 1604 1185 1636 Ubi
1211 1607 1285 1652 sunt

330 1665 407 1703 viri,
431 1663 484 1706 qui
511 1662 639 1704 ingressi
673 1664 747 1694 sunt
776 1660 813 1692 ad
841 1662 893 1692 te?
916 1658 1021 1691 Adduc
1056 1667 1109 1690 eos
1145 1654 1287 1697 huc‚,sut

330 1725 552 1760 cognoscamus
582 1725 635 1748 eos
652 1729 681 1746 n.
714 1733 757 1738 -—-
784 1712 940 1745 Emebant
974 1716 1003 1744 et
1033 1710 1224 1749 vendebant,
1249 1714 1285 1742 ut

329 1771 450 1809 avari;
476 1768 676 1803 Ecclesiastici
702 1767 851 1809 vigesimo
874 1766 1046 1808 septimo4:
1075 1778 1090 1793 «
1107 1764 1165 1806 Qui
1191 1773 1286 1806 quae-

330 1825 372 1857 rit
395 1822 576 1865 locupletari
602 1821 715 1854 avertit
738 1820 865 1853 oculum
890 1828 993 1852 suum.
1019 1818 1104 1851 Sicut
1128 1818 1159 1850 in
1185 1817 1286 1850 medio

330 1876 680 1919 compaginis'lapidum
706 1874 795 1916 palus
826 1873 953 1915 figitur,
974 1872 1017 1904 sic
1042 1872 1124 1904 inter
1149 1870 1285 1903 medium

328 1930 495 1973 emptionis
534 1933 565 1962 et
600 1928 785 1961 venditionis
820 1926 1051 1968 angustiabitur
1090 1928 1282 1967 peccator».

331 1985 459 2026 Propter
483 1983 566 2025 quod
591 1985 700 2015 contra
724 1981 781 2013 hos
815 1980 930 2012 dicitur
966 1979 1087 2021 primae
1115 1978 1153 2010 ad
1177 1977 1287 2010 Corin-

331 2035 610 2078 thios,septim0⁵:
641 2035 727 2076 «Qui
764 2037 890 2071 emunt,
916 2036 1065 2074 tanquam
1103 2041 1163 2064 non
1190 2031 1288 2073 possi-

329 2091 455 2129 dentes,
479 2093 510 2122 et
534 2089 587 2131 qui
620 2091 756 2120 utuntur
792 2087 849 2119 hoc
885 2085 1017 2123 mundo,
1042 2089 1191 2127 tanquam
1225 2093 1285 2116 non

332 2146 480 2181 utantur;
506 2141 655 2184 praeterit
690 2141 772 2173 enim
802 2140 904 2182 figura
939 2139 1035 2171 huius
1063 2138 1171 2170 mundi
1190 2151 1220 2169 n.
1244 2155 1288 2160 —-

336 2195 537 2228 plantabant
569 2199 597 2226 et
631 2193 873 2234 aedificabant,
898 2192 979 2225 sicut
1002 2191 1131 2229 securi,
1157 2190 1210 2233 qui
1235 2190 1289 2222 de-

333 2250 444 2282 berent
459 2248 491 2280 in
507 2247 652 2280 domibus
668 2247 811 2279 habitare
827 2250 857 2278 et
880 2245 1019 2278 fructum
1036 2245 1187 2277 arborum
1205 2252 1289 2276 com-

332 2302 441 2341 edere,
467 2301 548 2334 sicut
578 2301 628 2333 ille
651 2300 737 2332 dives
768 2308 865 2341 supra
899 2297 1123 2331 duodecimoss:
1153 2296 1290 2329 «Anima

333 2364 416 2393 mea,
434 2354 530 2387 habes
546 2353 644 2385 multa
666 2352 748 2384 bona
764 2351 900 2393 reposita
923 2351 953 2382 in
970 2359 1069 2382 annos
1092 2350 1245 2391 plurimos
1259 2362 1288 2380 ».

338 2421 353 2436 α
370 2407 429 2440 Sed
452 2406 604 2438 Dominus
627 2404 708 2437 dixit
731 2404 773 2437 ei:
799 2404 908 2442 Stulte,
929 2404 988 2435 hac
1019 2406 1109 2435 nocte
1125 2416 1141 2431 n
1170 2405 1228 2434 etc.
1255 2401 1290 2434 Et

334 2461 402 2493 ideo
425 2461 517 2492 Amos
541 2459 668 2501 quinto:
699 2471 714 2486 «
731 2458 845 2489 Domos
869 2456 1071 2489 aedificabitis
1096 2455 1195 2497 lapide
1212 2464 1290 2497 qua-

332 2514 408 2552 dro,
432 2516 464 2545 et
487 2521 547 2544 non
580 2511 759 2544 habitabitis
782 2510 813 2542 in
849 2510 907 2548 eis;
933 2509 1038 2541 vineas
1061 2508 1291 2541 amantissimas

333 2566 530 2609 plantabitis,
555 2569 585 2597 et
610 2573 670 2596 non
706 2563 819 2596 bibetis
847 2562 954 2594 vinum
986 2570 1114 2600 earum,
1140 2561 1215 2603 quia
1239 2570 1290 2593 co-

333 2620 425 2662 gnovi
451 2619 550 2652 multa
573 2618 692 2651 scelera
723 2620 874 2649 vestra».
908 2615 976 2648 ideo
1009 2615 1102 2647 Isaiae
1137 2614 1290 2656 quinto⁷:

338 2687 353 2702 ιι
371 2673 447 2706 Vae!
473 2672 526 2714 qui
553 2670 741 2712 coniungitis
764 2669 893 2701 domum
918 2668 956 2700 ad
972 2668 1115 2705 domum,
1132 2671 1163 2699 et
1178 2676 1291 2708 agrum

332 2735 409 2768 agro
433 2724 584 2767 copulatis
608 2732 710 2765 usque
733 2722 771 2755 ad
795 2721 965 2754 terminum
1000 2720 1056 2753 loci
1075 2733 1105 2752 ι».
1130 2719 1208 2760 Quia
1236 2719 1293 2761 igi-

898 291 1092 324 COMMENT.
1117 291 1155 323 IN
1180 290 1417 323 EVANGELIUM
1440 289 1558 323 LUCAE
1582 289 1614 321 C.
1638 289 1726 322 xvu.

1346 382 1400 411 tur
1423 378 1599 411 Sodomitae
1623 381 1654 411 et
1678 377 1797 410 lascivi
1818 380 1909 410 erant
1944 379 1975 410 et
1999 377 2102 410 avari
2123 381 2154 411 et
2176 379 2308 419 securi,

1345 431 1415 465 ideo
1438 435 1530 464 erant
1553 431 1601 463 ira
1623 431 1729 463 divina
1752 430 1851 473 digni;
1878 430 2047 463 Ezechielis
2061 431 2182 464 decimo
2198 435 2308 465 sexto:

1350 498 1366 513 «
1384 485 1463 517 Haec
1486 484 1546 517 fuit
1569 484 1719 526 iniquitas
1742 483 1911 522 Sodomae,
1936 483 2055 516 sororis
2079 487 2170 517 tuae:
2196 493 2310 527 super-

1346 538 1411 577 bia,
1436 537 1586 571 saturitas
1608 537 1698 579 panis
1721 542 1752 570 et
1767 537 1960 570 abundantia
1976 540 2007 569 et
2029 537 2129 570 otium
2155 537 2254 580 ipsius
2278 540 2311 570 et

1346 591 1483 624 filiarum
1507 590 1593 630 eius,
1618 594 1649 623 et
1672 599 1801 623 manum
1825 599 1923 632 egeno
1946 594 1977 623 et
2000 590 2132 632 pauperi
2149 600 2211 623 non
2235 600 2310 633 por-

1347 645 1491 687 rigebant
1508 657 1538 676 ι).

1437 699 1488 730 50.
1514 697 1616 738 (Vers.
1642 697 1720 737 ο.)9.).
1745 696 1923 729 Secundum
1948 700 2105 739 quantum
2128 696 2167 729 ad
2182 696 2310 739 suppli-

1347 751 1437 783 cium
1461 750 1582 783 subdit:
1609 751 1694 791 Quav
1708 749 1760 782 die
1784 753 1895 782 autem
1918 749 1999 782 exiit
2022 750 2082 782 Lot
2104 760 2127 783 a
2145 750 2309 789 Sodomis,

1347 813 1404 846 per
1427 804 1618 846 aequitatem
1653 803 1777 836 divinae
1808 803 1946 836 iustitiae
1978 803 2159 842 liberantis3
2183 803 2312 840 Genesis

1347 858 1468 891 decimo
1492 867 1574 890 nono
1587 857 1618 890 ⁸:
1647 870 1663 886 α
1680 857 1964 899 Apprebenderunt
1987 857 2091 899 Angeli
2110 866 2239 890 manum
2255 857 2313 890 Lot

1348 914 1379 943 et
1403 920 1530 943 manum
1557 911 1670 943 uxoris
1693 911 1762 943 eius
1797 914 1828 943 et
1860 919 1988 943 manum
2012 910 2149 943 duarum
2172 910 2312 943 filiarum

1348 964 1433 1003 eiuS‚
1457 973 1494 997 eo
1529 964 1614 1006 quod
1649 968 1794 1006 parceret
1828 963 1983 996 Dominus
2013 963 2068 996 eis.
2100 963 2312 996 Deduxerunt

1348 1026 1420 1050 eum
1456 1021 1488 1050 et
1522 1021 1699 1059 posuerunt
1738 1020 1832 1049 extra
1870 1016 2026 1049 civitatem
2068 1016 2176 1059 ibique
2214 1015 2312 1049 locuti

1348 1073 1422 1102 sunt
1446 1070 1484 1103 ad
1508 1079 1602 1109 eum,
1626 1070 1783 1103 dicentes:
1808 1070 1899 1102 Salva
1922 1069 2058 1102 animam
2091 1072 2207 1102 tuam»
2240 1073 2311 1108 etc.;

1348 1127 1379 1155 et
1402 1123 1484 1155 infra
1507 1123 1633 1155 eodem:
1663 1135 1679 1152 α
1696 1122 1853 1156 Liberavit
1877 1122 2031 1155 Dominus
2059 1122 2116 1154 Lot
2138 1131 2156 1154 a
2180 1122 2314 1155 subver-

1348 1176 1435 1208 sione
1459 1175 1607 1215 urbium,
1631 1175 1662 1208 in
1687 1176 1805 1218 quibus
1841 1175 2085 1208 habitaverat».
2113 1175 2144 1207 ln
2168 1184 2233 1217 quo
2255 1175 2312 1207 Lot

1348 1229 1429 1271 gerit
1460 1233 1569 1271 typum
1602 1229 1778 1267 iustorum,
1810 1228 1864 1271 qui
1897 1228 2106 1271 egrediuntur
2140 1227 2180 1261 de
2210 1227 2312 1261 medio

1350 1283 1522 1321 malorum;
1559 1282 1643 1315 unde
1674 1281 1829 1315 Glossav:
1859 1282 1966 1321 «Lot,
1992 1282 2047 1324 qui
2082 1281 2313 1323 interpretatur

1349 1335 1537 1374 declinans,
1561 1339 1609 1368 est
1626 1335 1762 1377 populus
1779 1335 1952 1368 electorum
1963 1361 1971 1375 ,
1989 1335 2063 1377 qui,
2079 1334 2155 1367 dum
2173 1334 2205 1367 in
2222 1334 2316 1367 Sodo-

1350 1389 1410 1421 mis
1421 1415 1428 1427 ,
1453 1389 1483 1421 id
1500 1392 1548 1421 est
1564 1389 1645 1421 inter
1670 1389 1836 1431 reprobos,
1854 1392 1891 1421 ut
1906 1389 2025 1422 advena
2042 1391 2196 1428 moratur,
2213 1397 2314 1431 quan-

1350 1446 1417 1474 tum
1442 1442 1538 1480 valet,
1562 1442 1682 1474 scelera
1708 1451 1818 1474 eorum
1843 1442 1979 1474 declinat
1995 1454 2028 1480 »3
2051 1446 2083 1475 et
2118 1442 2177 1474 hoc
2202 1450 2314 1475 secun-

1349 1495 1424 1528 dum
1449 1495 1526 1528 illud
1562 1495 1717 1528 secundae
1740 1495 1778 1528 ad
1810 1495 1989 1528 Corinthios
2012 1499 2104 1528 sexto
2117 1496 2162 1527 1⁰:
2191 1508 2207 1524 «x
2223 1495 2315 1528 Exite

1350 1549 1388 1582 de
1413 1549 1514 1582 medio
1539 1557 1651 1581 eoi-um
1687 1552 1718 1581 et
1749 1548 1957 1590 separamini,
1981 1548 2056 1581 dicit
2087 1548 2257 1588 Dominus,
2283 1551 2315 1581 et

1351 1602 1549 1635 immundum
1576 1611 1614 1634 ne
1650 1601 1833 1644 tetigeritis,
1858 1605 1889 1634 et
1923 1610 1981 1643 ego
2010 1601 2159 1643 recipiam
2194 1611 2251 1634 vos
2280 1604 2313 1634 et

1351 1665 1406 1688 ero
1430 1656 1518 1688 vobis
1541 1656 1572 1688 in
1598 1659 1739 1697 patrem,
1763 1658 1795 1688 et
1818 1663 1874 1687 vos
1898 1654 1987 1687 eritis
2022 1654 2099 1687 mihi
2124 1654 2155 1686 in
2180 1654 2262 1687 filios
2284 1658 2316 1687 et

1351 1709 1431 1742 filias
1447 1723 1477 1741 n.
1503 1709 1660 1742 Liberavit
1684 1708 1781 1751 igitur
1798 1708 1910 1742 >divina
1941 1707 2061 1741 iustitia
2094 1708 2150 1740 Lot
2177 1707 2315 1747 iustum,

1351 1767 1382 1795 et
1405 1772 1422 1796 e
1446 1763 1605 1796 contrario
1630 1762 1766 1805 perdidit
1789 1761 1942 1804 populum
1967 1761 2111 1803 impium.
2134 1779 2176 1786 —
2194 1761 2230 1793 Et
2246 1760 2317 1794 ideo

1350 1816 1452 1849 addit:
1479 1816 1571 1848 Pluit
1595 1816 1704 1858 iynem
1727 1820 1757 1848 et
1787 1813 1933 1857 sulphur
1965 1814 2004 1846 de
2026 1813 2115 1846 caelo
2146 1817 2176 1846 et
2206 1823 2317 1846 omnes

1348 1869 1510 1912 perdidit,
1534 1870 1653 1903 scilicet
1677 1869 1848 1907 Dominus,
1873 1876 1930 1910 per
1955 1867 2154 1901 severitatem
2180 1867 2317 1900 iustitiae

1351 1923 1548 1961 ulciscentis;
1566 1922 1694 1956 Genesis
1710 1922 1831 1955 decimo
1847 1930 1930 1954 nono
1944 1922 1988 1953 ¹¹:
2011 1934 2027 1950 α
2044 1921 2142 1963 Igitur
2158 1920 2240 1963 pluit
2254 1920 2315 1953 Do-

1351 1977 1456 2009 minus
1489 1985 1586 2018 super
1610 1976 1775 2009 Sodomam
1811 1978 1843 2008 et
1877 1975 2085 2007 Gomorrham
2119 1974 2256 2017 sulphur
2285 1976 2318 2007 et

1351 2030 1455 2072 ignem
1479 2029 1517 2062 de
1541 2029 1627 2062 caelo
1650 2038 1668 2061 a
1685 2029 1818 2061 Domino
1846 2033 1878 2061 et
1910 2028 2068 2061 subvertit
2092 2027 2234 2061 civitates
2258 2027 2316 2060 has

1351 2088 1383 2116 et
1407 2092 1531 2116 omnem
1556 2083 1641 2116 circa
1664 2083 1842 2125 regionem,
1867 2082 2034 2116 universos
2052 2082 2245 2115 habitatores
2261 2090 2318 2114 ur-

1351 2137 1439 2169 bium
1463 2140 1495 2169 et
1518 2140 1632 2169 cuncta
1656 2140 1761 2169 terrae
1786 2136 1921 2169 virentia
1936 2149 1967 2168 ι).
1994 2154 2036 2160 -
2062 2136 2097 2169 Et
2121 2139 2212 2175 nota,
2229 2134 2315 2178 quod

1353 2190 1513 2232 signanter
1536 2189 1628 2227 dicit,
1661 2189 1745 2231 quod
1775 2189 1862 2231 pluit
1899 2189 2064 2222 Dominus
2098 2198 2121 2222 a
2156 2184 2315 2228 Domino,

1353 2243 1445 2285 quia,
1470 2243 1540 2275 licet
1556 2251 1648 2275 omne
1666 2242 1816 2275 iudicium
1834 2242 1988 2276 debeatur
2012 2242 2145 2275 Domino
2161 2242 2251 2281 Filio,
2268 2251 2323 2275 se-⁴

1353 2295 1493 2328 cundum
1517 2294 1594 2327 illud
1620 2295 1740 2327 loannis
1764 2295 1875 2337 quinto
1889 2296 1933 2328 ¹²:
1963 2308 1978 2324 α
1995 2296 2086 2328 Pater
2109 2304 2172 2328 non
2200 2294 2318 2328 iudicat

1354 2356 1563 2390 quemquam,
1588 2347 1642 2380 sed
1665 2356 1758 2380 omne
1782 2347 1932 2380 iudicium
1957 2348 2043 2381 dedit
2065 2347 2140 2380 Filio
2156 2361 2188 2387 ι),
2211 2360 2227 2376 «
2243 2347 2319 2390 quia

1354 2401 1449 2433 Filius
1462 2401 1598 2433 hominis
1610 2404 1657 2433 est
1670 2412 1700 2439 »;
1718 2404 1820 2433 tamen
1838 2401 1935 2434 huius
1948 2401 2065 2443 peccati
2083 2401 2234 2434 iudicium
2247 2409 2319 2443 spe-

1355 2454 1475 2486 cialiter
1499 2453 1557 2486 sibi
1582 2453 1734 2492 debetur,
1766 2454 1841 2496 quia
1869 2454 1987 2487 directe
2018 2458 2066 2487 est
2101 2457 2210 2487 contra
2240 2454 2319 2487 Ver-

1355 2507 1429 2539 bum
1455 2507 1653 2539 incarnatum
1684 2510 1716 2539 et
1739 2511 1903 2545 naturam,
1928 2516 2023 2550 quam
2048 2507 2143 2540 Filius
2167 2507 2221 2540 Dei
2245 2507 2320 2540 fecit

1355 2560 1539 2598 caelestem,
1575 2559 1746 2601 angelicam
1782 2563 1813 2592 et
1852 2560 2008 2599 divinam,
2043 2560 2116 2593 facit
2156 2560 2317 2600 viliorem,

1356 2622 1450 2655 quam
1468 2613 1507 2645 sit
1524 2616 1637 2645 natura
1653 2613 1801 2651 brutalis‚
1827 2613 2040 2646 subvertendo
2060 2617 2192 2647 naturae
2217 2613 2318 2655 leges,

1357 2674 1436 2707 quas
1459 2665 1555 2698 bruta
1578 2665 1724 2697 animalia
1758 2669 1895 2697 servant.
1933 2665 1969 2698 Et
2002 2665 2071 2698 ideo
2095 2674 2158 2698 non
2194 2668 2317 2697 tantum

1357 2719 1450 2761 iyne,
1476 2718 1530 2751 sed
1547 2718 1639 2751 etiam
1656 2717 1818 2760 sulphure
1834 2718 1966 2760 punitur
1983 2719 2043 2751 hoc
2060 2718 2171 2751 vitium
2188 2721 2319 2760 propter

406 2885 413 2899 ¹
437 2886 509 2911 Vers.
529 2885 555 2910 7.
573 2888 598 2910 et
618 2885 640 2909 8.
663 2885 711 2909 Pro
739 2885 818 2917 alque
838 2881 953 2908 luzaria
974 2882 1031 2907 Vat.
1047 2889 1106 2907 cum
1128 2882 1241 2913 Vulgata
1260 2888 1293 2907 ac

335 2929 481 2955 luxuriosa
502 2928 710 2955 conversatione.

406 2972 416 2987 ²
438 2973 513 2998 Vers.
532 2973 558 2997 6.

406 3017 416 3031 ¹³
436 3019 519 3049 Supra
541 3024 566 3041 v.
586 3016 627 3041 27.
648 3023 674 3041 n.
694 3016 735 3041 47.
755 3029 789 3034 —
803 3015 920 3041 Subinde
940 3015 1084 3047 allegantur
1103 3015 1167 3040 Gen.
1188 3014 1230 3045 v13,
1251 3014 1293 3039 13.

335 3066 360 3088 et
381 3062 421 3094 19,
442 3062 465 3087 4.
486 3069 542 3094 seq.

406 3105 417 3120 ⁴
437 3106 513 3131 Vers.
533 3106 556 3130 i.
576 3111 630 3137 seq.
651 3105 700 3129 Pro
715 3105 842 3137 peccator
857 3104 901 3135 (ita
916 3103 1004 3134 codd.)
1019 3103 1077 3129 Vat.
1088 3102 1214 3136 pcccatis,
1232 3102 1294 3128 Vul-

337 3154 394 3182 gata
411 3151 571 3184 peccatum,·
590 3150 636 3174 cfr.
655 3155 738 3180 supra
755 3155 816 3180 pag.
836 3147 896 3180 372,
915 3151 975 3173 nota
997 3147 1019 3172 4.

406 3193 417 3208 ⁶
437 3195 510 3220 Vers.
531 3194 573 3219 30.
593 3197 618 3219 et
637 3193 679 3218 31.

407 3238 418 3253 ⁸
439 3239 511 3264 Vers.
536 3240 574 3264 19.
594 3245 649 3270 seq.
668 3241 693 3263 et
712 3237 807 3263 deinde
827 3237 907 3262 Amos
926 3237 956 3268 5,
977 3237 1017 3261 Η.
1038 3243 1092 3269 seq.

407 3281 416 3296 ⁷
439 3284 512 3308 Vers.
535 3283 559 3308 8.
581 3296 616 3301 —
635 3282 752 3308 Subinde
777 3282 902 3312 allegatur
922 3281 1013 3306 Ezech.
1036 3281 1081 3312 16,
1102 3280 1133 3306 49
1159 3280 1215 3311 (ubi
1245 3287 1294 3312 pro

335 3327 459 3362 filiarum
478 3327 497 3352 Α
509 3327 526 3352 C
538 3327 558 3352 D
577 3326 719 3361 filiorum),
733 3329 793 3357 post
811 3332 890 3358 quem
912 3325 961 3350 BH
982 3325 1094 3356 allegant
1111 3325 1229 3351 Glossam
1250 3330 1294 3350 or-

338 3372 473 3398 dinariam
495 3372 518 3397 in
540 3373 601 3397 Luc.
625 3372 672 3403 47,
692 3372 740 3397 28:
760 3370 954 3397 Praelermisso
973 3374 1022 3395 etc.

409 3416 419 3430 ⁸
441 3417 514 3442 Vers.
537 3417 575 3441 ¹6.
594 3424 649 3449 seq.
668 3420 693 3441 et
711 3416 807 3442 deinde
828 3423 852 3441 v.
873 3416 920 3445 ⁵29,
940 3415 964 3440 in
985 3415 1060 3441 cuius
1086 3415 1136 3440 ssne
1156 3422 1204 3446 pro
1224 3413 1294 3440 habi-

340 3462 443 3487 taverat
461 3460 480 3487 C
493 3461 543 3485 Dc
563 3459 706 3487 habitabat.

1427 2878 1438 2893 ⁹
1458 2880 1559 2905 Scilicet
1579 2877 1721 2905 ordinaria
1742 2878 1781 2910 (ex
1802 2878 1893 2911 Beda),
1918 2878 1944 2904 in
1973 2885 2025 2912 qua
2052 2885 2100 2910 pro
2119 2879 2247 2905 moratur
2266 2878 2319 2904 AD

1355 2923 1525 2950 morabatur.
1545 2923 1598 2949 Csr.
1617 2924 1735 2955 Gregor„
1755 2923 1773 2948 1.
1801 2923 1889 2948 Moral.
1909 2930 1932 2948 c.
1954 2923 1976 2947 l.
1998 2930 2021 2947 n.
2044 2923 2067 2948 l.
2096 2937 2130 2941 —
2149 2922 2262 2954 Hieron.,
2282 2922 2317 2948 de

1357 2968 1488 2994 Nominib.
1508 2967 1626 2993 Hebraic.
1646 2971 1699 2992 vet.
1720 2970 1820 2992 testam.
1840 2967 1874 2992 de
1892 2968 1971 2992 Gen.:
1991 2967 2054 2999 Loc,
2070 2967 2187 2998 vinctus,
2205 2967 2263 2993 sive
2276 2967 2319 2993 de-

1356 3013 1470 3038 clinatio.

1428 3056 1450 3071 ¹⁰
1470 3057 1545 3082 Vera.
1567 3056 1607 3081 17.
1627 3059 1652 3081 et
1673 3056 1715 3081 ⁴8.
2032 3055 2052 3070 ¹¹
2074 3056 2148 3082 Vers.
2167 3055 2209 3082 24.
2229 3058 2254 3082 et
2275 3055 2317 3081 25.

1429 3101 1450 3116 ¹²
1471 3101 1545 3127 Vers.
1565 3101 1608 3126 22.
1628 3104 1652 3126 et
1672 3100 1714 3125 27.
1735 3099 1817 3131 Beda,
1831 3100 1872 3125 lv.
1886 3099 2010 3125 llexadm.
2028 3100 2154 3131 Gen..t9,
2174 3099 2222 3126 24:
2241 3100 2318 3133 Quod

1357 3154 1421 3172 vero
1441 3146 1551 3177 dicitur,
1571 3146 1632 3178 qula
1653 3144 1785 3172 Dominus
1801 3143 1873 3178 pluit
1892 3151 1909 3171 α
1929 3144 2043 3171 Domi-no
2061 3144 2178 3179 sulphur
2192 3146 2218 3171 et
2228 3144 2319 3178 ionem

1357 3190 1389 3217 de
1401 3190 1489 3222 caelo,
1504 3190 1639 3215 manifeste
1652 3189 1771 3215 distincta
1785 3193 1824 3214 est
1838 3189 1919 3215 Patris
1932 3192 1957 3214 et
1969 3189 2023 3215 Filii
2038 3196 2149 3221 persona
2158 3208 2165 3220 ,
2178 3192 2204 3215 et
2213 3188 2318 3215 sabellii

1358 3235 1474 3261 haeresis
1493 3234 1644 3267 repudiata,
1663 3241 1732 3266 quae
1761 3233 1847 3265 ipsum
1874 3234 1975 3259 Patrem
1995 3233 2058 3259 dicit
2085 3240 2143 3259 esse
2171 3240 2252 3267 quem
2280 3233 2319 3258 Fi-

1358 3280 1431 3305 lium.
1455 3278 1526 3305 Pluit
1545 3282 1631 3304 autem
1652 3277 1784 3304 Dominus
1812 3284 1829 3304 a
1858 3277 1986 3310 Domi-no,
2006 3278 2085 3304 Filius
2104 3285 2117 3303 a
2139 3278 2227 3308 Patre;
2247 3277 2319 3303 unde

1358 3328 1383 3349 et
1401 3324 1462 3349 alibi
1482 3323 1538 3357 [ΡΒ.
1561 3323 1621 3354 103,
1641 3321 1695 3356 24.]
1716 3321 1810 3347 dicitur
1830 3321 1911 3347 Patri:
1932 3321 2030 3348 Omnia
2049 3322 2078 3348 in
2097 3321 2236 3356 Sapientia
2255 3320 2318 3355 feci-

1357 3368 1406 3400 sti,
1430 3369 1479 3394 hoe
1497 3371 1536 3394 est
1555 3367 1580 3393 in
1600 3367 1661 3392 Filio
1681 3369 1731 3392 etc.
1748 3379 1784 3385 —
1803 3366 1930 3397 Superius
1948 3370 2009 3392 ante
2027 3366 2096 3393 Filio
2114 3366 2133 3393 C
2146 3366 2229 3392 DGH
2241 3365 2318 3391 omit-

1359 3416 1416 3439 tunt
1434 3412 1557 3439 Dome'no.
1577 3412 1715 3444 Aliquanto
1728 3410 1835 3436 inferius
1848 3417 1896 3442 pro
1909 3410 2086 3438 subvertendo
2105 3413 2223 3437 nal-urae
2236 3409 2315 3444 [αρε-ς,

1359 3464 1427 3491 quas
1449 3457 1505 3482 Vat.
1523 3463 1579 3483 non
1598 3454 1709 3482 tenendo
1729 3454 1828 3488 leym,
1850 3461 1943 3488 quam.

2327 704 2454 728 Secund-n.
2464 699 2465 706 ¹

2332 1181 2459 1204 Notandum.

2336 2138 2465 2162 Notandum.
