2427 3872
442 204 501 230 PEC

158 246 201 271 Vl⁴
222 246 272 272 203
293 247 325 272 53
347 261 380 266 --
400 248 449 280 Qui
469 249 496 273 in
516 251 624 280 peccato
638 249 800 274 mansionem

156 293 313 322 perpetuam
337 291 476 317 collocavit
498 292 594 318 dicitur
613 292 679 317 civis
701 293 800 324 peccati

157 334 208 360 392
230 334 263 360 27

208 389 244 398 -ε
262 378 356 405 amittit
373 380 462 405 omnia
487 379 556 406 bona
581 381 681 412 gratiae
703 383 729 406 et
748 381 800 412 gio-

154 423 209 448 riae
228 423 263 449 Vl
282 423 334 449 2⁴7
359 430 385 449 v.
406 424 440 449 29
461 438 494 442 -
519 425 654 450 peccando
681 425 800 456 perditur

155 467 281 499 sapientia
301 468 334 493 79
355 475 382 494 v.
402 469 434 493 ⁴8
448 483 483 487 —
498 468 633 494 Peccando
652 471 742 494 contra
759 475 799 494 ca-

154 511 257 537 ritatem
278 512 425 543 perduntur
438 513 519 538 multa
536 511 604 538 bona
624 511 685 539 ibid.
699 527 735 531 —-
747 512 797 545 Qui

154 558 247 587 peccat
266 556 292 581 in
315 563 367 581 uno
390 559 498 588 peccato
522 556 615 582 amittit
635 557 747 589 gratiam
773 559 798 582 et

153 606 245 625 omnes
264 600 391 631 virtutes,
414 603 551 633 ,quatenus
579 605 639 626 sunt
667 601 797 633 gratuitae

154 644 188 669 80
207 651 235 677 q.
253 659 289 662 —
306 645 357 677 Qui
380 647 472 676 peccat
490 645 515 670 in
544 652 597 670 uno
615 648 674 670 actu
705 648 796 677 peccat

152 691 243 714 contra
262 689 373 721 gratiam
393 689 512 715 omnium
533 689 677 720 virtutum,
697 691 723 715 et
735 689 795 715 ideo

153 735 236 758 totum
266 736 382 759 meretur
409 733 529 758 amittere
557 732 620 759 ibid.
637 746 674 752 —
692 733 794 759 alienus

152 779 192 802 est
209 784 224 802 a
243 777 316 802 lucro
328 797 334 809 ‚
352 784 366 802 a
388 777 434 802 Dei
446 780 560 808 secreto,
579 777 614 802 ab
633 778 741 803 honoris
761 779 795 803 ta-

152 820 299 847 miliaritate
317 824 343 847 et
361 821 396 847 ab
416 821 558 847 hereditate
581 822 633 847 365
653 822 686 847 53

204 878 240 884 —
252 865 323 891 Deus
337 865 449 898 despicit
461 872 567 891 omnem
582 869 746 898 peccatorem
761 867 793 892 Vl

152 910 185 936 59
205 917 232 942 q.
251 911 267 935 2
281 923 317 929 -
329 904 399 936 Deus
418 917 471 936 non
485 910 558 936 audit
577 913 729 942 peccatores
742 910 793 936 379

151 953 185 979 37
204 967 239 973 ·—
259 954 410 980 Peccatores
439 954 465 980 in
493 957 602 986 peccato
627 955 794 986 persistentes

150 998 220 1023 Deus
239 1005 293 1024 non
312 998 385 1024 audit
409 999 443 1024 ad
463 998 572 1024 salutem
594 999 645 1024 380
672 999 705 1024 42
724 1013 760 1018 -
779 1006 793 1024 3

149 1042 263 1068 Domino
291 1043 482 1075 relinquuntur,
510 1043 571 1076 quia
602 1043 625 1069 ei
653 1043 794 1075 displicent

149 1093 198 1119 per
216 1089 323 1125 peccata
343 1087 395 1112 362
416 1087 495 1112 39—
507 1087 597 1113 divina
619 1088 793 1120 permissione

149 1131 176 1156 in
194 1131 323 1163 praesenti
337 1131 557 1164 derelinquuntur
576 1132 627 1157 363
649 1131 681 1157 44
695 1146 730 1151 -
743 1139 792 1158 nec

147 1175 232 1201 Deum
253 1175 360 1201 includit
378 1182 426 1201 nec
446 1176 528 1201 Deum
550 1176 621 1201 videt
640 1183 689 1202 nec
707 1176 730 1202 ei
744 1183 791 1209 per

148 1219 229 1246 fldem
242 1221 268 1245 et
287 1220 420 1245 caritatem
434 1220 560 1246 adhaeret
579 1220 631 1246 537
648 1221 663 1246 8
680 1235 715 1239 —
728 1223 791 1247 tem-

147 1264 182 1296 pli
202 1264 286 1290 fidelis
303 1264 405 1290 animae
418 1265 538 1296 polluunt
551 1265 725 1297 sanctitatem,
737 1267 791 1292 vio-

147 1308 200 1334 lant
237 1308 424 1340 emunitatem,
461 1309 600 1335 immutant
636 1310 789 1342 religionem

147 1352 198 1378 550
219 1353 252 1378 ⁴0

201 1411 234 1415 —
253 1404 307 1423 non
327 1396 406 1423 debet
418 1404 540 1423 enarrare
559 1398 670 1424 iustitias
690 1399 734 1424 Dei
754 1399 787 1425 vt

146 1442 161 1466 8
181 1449 207 1474 q.
229 1441 243 1467 4
263 1448 320 1473 arg.
340 1443 355 1467 2
368 1456 404 1460 —
423 1444 462 1468 est
474 1442 600 1474 indignus
616 1443 706 1468 vocari
720 1443 788 1469 1111115

146 1486 207 1518 Dei,
226 1486 289 1519 quia
317 1486 403 1518 ipsum
427 1487 585 1519 contempsit
610 1487 653 1513 vlt
682 1487 734 1513 394
754 1488 782 1513 31

146 1545 182 1549 —-
210 1530 262 1563 Qui
289 1531 410 1562 peccavit
437 1534 463 1557 et
484 1532 541 1557 vult
568 1538 678 1563 peccare
701 1536 788 1558 certus

145 1577 198 1607 est,
217 1575 290 1607 quod
309 1578 349 1601 est
367 1575 464 1607 dignus
483 1576 545 1602 odio
564 1576 597 1601 V⁴
617 1576 651 1601 72
670 1584 696 1609 q.
717 1578 732 1602 2
749 1590 785 1596 -

145 1618 329 1645 peccatoribus
360 1619 430 1645 Deus
461 1627 513 1646 non
542 1621 642 1646 revelat
671 1624 786 1652 secreta,

143 1663 205 1696 quia
225 1666 287 1689 sunt
305 1663 331 1689 in
344 1663 459 1690 tenebris
472 1665 524 1690 365
544 1665 577 1690 53
591 1679 626 1684 —
639 1665 744 1697 elongat
757 1672 786 1691 sc

143 1714 158 1733 a
177 1708 232 1733 Deo
250 1714 298 1742 per
312 1711 450 1740 peccatum
470 1709 513 1734 V⁴l
534 1709 580 1735 39⁴
605 1709 638 1735 24
657 1724 693 1728 ——
713 1710 787 1736 vadit

143 1752 169 1777 in
181 1752 317 1784 regionem
338 1753 508 1786 longinquam
528 1760 542 1779 a
560 1754 663 1780 caelesti
677 1755 786 1787 regione

142 1798 168 1821 et
186 1796 322 1828 proiicitur
341 1797 367 1822 in
387 1797 517 1823 infernum
538 1797 600 1824 ibid.

195 1854 231 1859 —
246 1841 321 1873 quasi
340 1842 459 1873 sepultus
477 1845 516 1867 est
541 1842 566 1867 in
590 1843 785 1869 continuatione

141 1885 355 1917 transgressionis
368 1893 452 1918 usque
465 1886 499 1912 ad
512 1889 625 1912 mortem
641 1887 670 1912 Vl
685 1887 719 1912 68
730 1895 756 1913 v.
767 1888 782 1913 9

141 1943 176 1948 —
195 1929 277 1955 estin
306 1930 403 1955 malitia
431 1931 549 1962 sepu⁴tus
577 1934 603 1956 et
631 1931 657 1956 in
685 1932 781 1957 malitia

141 1976 262 1999 mortuus
280 1972 343 2000 ibid.
362 1988 397 1992 —
417 1975 586 2000 Peccatorum
614 1982 727 2007 corpora
746 1976 783 2001 di-

140 2020 235 2044 cuntur
248 2018 381 2051 sepulcra,
395 2019 457 2051 quia
477 2019 547 2044 intus
563 2022 601 2045 est
614 2019 701 2044 anima
714 2026 782 2045 mor-

140 2064 184 2087 tua
216 2062 259 2087 Vll
287 2062 338 2087 306
371 2063 404 2088 88
437 2077 472 2081 -
505 2066 625 2089 mortuus
650 2070 698 2095 per
723 2071 782 2089 con-

139 2113 246 2132 sensum
266 2107 372 2132 effertur
399 2113 446 2139 per
473 2114 542 2139 opus
568 2108 681 2139 malum,
699 2107 782 2141 'sepe-

138 2150 199 2176 litur
227 2158 274 2183 per
301 2151 519 2177 consuetudinem
541 2152 637 2177 maiam
666 2152 699 2178 vt
730 2152 781 2178 406

139 2195 173 2220 63
192 2208 228 2214 -
246 2198 367 2222 mortuus
384 2196 413 2221 in
437 2203 566 2222 consensu
590 2197 782 2229 quatriduanus

139 2239 260 2271 efficitur,
288 2240 352 2266 dum
381 2247 396 2265 a
424 2247 554 2266 consensu
583 2241 737 2272 pervenitur
755 2242 781 2267 in

138 2290 219 2316 opus,
238 2283 272 2309 ab
291 2291 372 2316 opere
391 2284 416 2309 in
436 2285 668 2316 consuetudinem,
688 2293 702 2311 a
721 2292 781 2312 con-

137 2323 277 2354 suet'udine
297 2329 322 2354 in
351 2328 543 2360 impudentiam
573 2330 624 2354 399
645 2330 678 2355 30
698 2345 733 2348 -
753 2330 781 2356 flt

138 2373 265 2403 foetidus,
285 2373 392 2406 quando
421 2376 558 2405 peccatum
586 2374 644 2399 eius
671 2374 697 2400 in
717 2375 781 2401 alios

137 2417 291 2443 diffunditur
302 2424 349 2449 per
362 2417 461 2449 peccati
475 2417 666 2449 impudentiam
681 2418 732 2444 400
745 2419 780 2444 30

189 2475 225 2480 —
253 2461 422 2487 peccatorum
451 2462 613 2487 consortium
641 2462 779 2488 vitandum

136 2507 175 2531 est
194 2512 209 2530 a
229 2505 287 2531 viro
312 2508 402 2531 sancto
420 2508 447 2531 et
471 2505 598 2536 maxime,
616 2513 678 2531 cum
698 2506 779 2538 impe-

136 2549 174 2575 dit
201 2549 302 2575 honum
333 2550 373 2575 Vll
400 2549 523 2575 250107
542 2564 577 2568 -
605 2548 699 2576 occulti
727 2558 778 2576 non

135 2596 196 2619 sunt
214 2593 316 2619 vitandi
336 2594 387 2619 302
407 2593 441 2619 78

189 2652 223 2656 -
252 2638 302 2671 Qui
324 2637 430 2670 publice
455 2641 546 2670 peccat
574 2638 680 2670 publice
699 2646 776 2671 argu-

136 2681 221 2707 endus
240 2685 280 2708 est
298 2682 342 2708 Vll
363 2683 391 2707 8⁴
417 2682 450 2708 45
463 2697 498 2700 -
516 2689 569 2708 11011
588 2685 627 2708 051
646 2682 779 2714 publican-

136 2725 200 2756 dus,
213 2726 260 2752 sed
274 2729 363 2752 tamen
379 2729 464 2759 potest
478 2726 597 2752 revelari·
608 2727 649 2752 his
661 2727 706 2760 qui
720 2734 778 2759 pos—

135 2772 196 2795 sunt
214 2770 341 2801 prodesse
359 2773 385 2796 et
401 2771 492 2796 noitint
510 2770 604 2796 obesse
625 2770 657 2796 Vl
678 2770 729 2796 432
744 2770 777 2796 42

135 2825 170 2832 -
189 2820 315 2840 3001153115
334 2815 413 2840 31111111
434 2817 473 2840 051
491 2815 627 2847 hypocrita
647 2814 699 2840 354
719 2816 734 2840 8

191 2871 224 2876 —-
242 2858 373 2884 Peccatori
399 2858 516 2884 i⁴⁴uditur
543 2858 630 2890 primo
658 2865 673 2884 a
698 2858 777 2884 sedu—

135 2903 224 2933 cente,
237 2902 354 2928 secundo
374 2909 388 2928 a
402 2902 550 2928 deducente
563 2902 619 2928 sive
632 2902 776 2934 deprehen-

135 2943 227 2977 dente,
247 2952 262 2970 a
291 2946 378 2972 iudice
405 2949 430 2971 et
449 2949 547 2972 tortore
574 2946 606 2972 Vl
634 2946 685 2971 6⁴6
706 2947 721 2972 3
741 2960 776 2966 -

134 2990 194 3013 sunt
222 2989 312 3021 magni
341 2990 366 3015 in
394 2993 538 3022 conspectu
567 2990 703 3016 hominum
732 2990 775 3016 vn

136 3031 167 3056 ⁴6
188 3032 222 3058 23

188 3089 223 3094 -
242 3076 308 3103 Viae
329 3081 499 3110 peccatorum
524 3081 584 3104 sunt
607 3078 667 3104 viae
685 3078 776 3104 diffict-

133 3119 170 3144 les
189 3119 223 3145 Vl
245 3120 293 3146 ⁴39
313 3128 340 3147 v.
358 3122 375 3147 7
390 3136 422 3141 -
436 3123 501 3149 Viae
523 3126 691 3155 peccatorum
711 3123 776 3148 mul-

133 3165 188 3188 tum
203 3163 323 3196 affligunt
334 3166 449 3192 animam
469 3167 495 3192 in
509 3167 640 3199 praesenti
652 3173 700 3199 per
713 3173 775 3192 con-

132 3207 262 3233 scientiae·
274 3215 421 3236 remorsum
447 3209 510 3237 ibid.
529 3225 565 3229 -—-
584 3210 632 3237 Via
656 3213 774 3243 peccato-

132 3257 192 3276 rum
212 3250 292 3277 facilis
311 3255 350 3278 est
377 3253 403 3279 in
423 3254 543 3286 ingressu
571 3254 606 3281 ob
628 3255 774 3287 praesentis

132 3294 311 3321 delectationis
330 3296 466 3325 dulcorem
486 3301 511 3324 et
536 3299 709 3331 temporalem
737 3299 774 3325 iu—

240 3347 270 3374 S.
285 3348 389 3375 Bonav.
399 3340 525 3376 ÷⁴Tom.
539 3351 591 3377 vu.

825 162 862 194 ΙΝ
885 161 1178 195 COMMENTARIOS
1201 164 1231 195 S.
1256 164 1482 197 SCRIPTURAE

839 248 1014 279 cunditatem,
1034 249 1145 274 difficilis
1164 250 1189 275 in
1210 257 1351 282 progressu
1372 255 1480 283 propter

838 298 987 317 remorsum
1000 293 1184 325 conscientiae,
1194 294 1323 320 diffletiior
1334 295 1361 329 in
1371 302 1479 326 egressu

839 339 947 367 propter
960 337 1152 369 separationem
1166 344 1180 362 a
1192 339 1323 369 praesenti
1336 340 1480 371 voluptate,

838 380 885 405 sed
905 380 1056 406 difficillima
1077 384 1136 412 post
1148 388 1286 413 egressum
1307 386 1415 414 propter
1428 387 1480 409 tor—

838 427 955 454 mentum
976 425 1114 455 gehennae
1129 425 1137 449 ⁴
1147 425 1179 450 40
1193 433 1219 451 ν.
1239 426 1254 451 7
1268 440 1303 444 —
1316 427 1405 458 impiis
1422 434 1480 459 pec-

837 468 970 494 catoribus
989 469 1077 494 omnia
1097 473 1286 495 convertuntur
1299 470 1323 495 in
1345 472 1412 496 mala
1433 479 1479 503 per

836 512 1002 538 occasionem
1022 513 1055 538 26
1076 520 1102 545 q.
1124 513 1138 538 4

888 569 923 575 -
942 563 1035 582 omnes
1062 559 1122 582 sunt
1151 557 1238 582 miseri
1262 558 1295 583 Vl
1322 559 1374 584 209
1399 566 1425 584 ν.
1446 560 1477 584 ⁴8

834 614 868 618 —
894 600 1077 626 Peccatoribus
1105 602 1297 633 superveniunt
1324 603 1478 628 afflictiones

833 643 938 669 animae
957 647 983 669 et
1001 644 1120 676 corporis
1133 645 1180 670 231
1205 652 1231 670 v.
1251 646 1284 670 ⁴2
1297 659 1333 664 —
1346 646 1475 672 Peccatori

833 688 903 713 Deus
921 688 966 713 dat
994 688 1063 714 iusto
1083 689 1179 715 iudicio
1207 689 1374 715 afflictionem
1398 690 1430 715 27
1452 697 1477 715 v.

833 732 875 757 26.
897 732 930 757 32
943 739 969 757 v.
985 732 1017 757 ⁴0
1030 746 1065 751 —
1079 739 1139 758 cum
1159 733 1262 766 quaerit
1279 733 1387 760 delicias
1404 734 1478 759 vitio-

832 783 906 809 rum,
926 776 994 802 iusto
1015 777 1060 802 Dei
1075 777 1171 803 iudicio
1190 778 1278 810 perdit
1290 778 1345 803 illas
1362 779 1405 804 Vil
1425 778 1477 804 392

833 821 865 846 28
887 835 920 838 -
939 821 1026 846 aversi
1051 828 1064 846 a
1090 822 1144 847 Deo
1164 829 1211 853 per
1236 822 1421 848 delectationes
1439 829 1477 848 re-

832 868 961 891 vocantur
979 866 1013 891 ad
1034 866 1117 892 Deum
1132 873 1179 898 per
1195 866 1348 893 afflictiones
1367 867 1418 892 393
1442 868 1476 892 28

830 923 866 928 -
894 909 1038 935 inebriatus
1066 917 1113 942 per
1140 911 1338 936 delectationem
1368 912 1476 944 evigilat

832 961 879 986 per
908 953 1102 980 tribulationem
1124 954 1187 981 ibid.
1208 970 1244 974 —
1263 956 1395 987 Peccatori
1416 955 1475 982 sub-

831 999 940 1024 trahitur
966 999 1109 1025 consolatio
1132 1000 1256 1031 carnalis,
1276 1003 1304 1025 ut
1329 1003 1475 1026 revertatur

830 1043 863 1068 ad
883 1043 1060 1074 cognitionem
1075 1043 1119 1068 Dei
1139 1044 1217 1069 etsui
1236 1043 1299 1070 ibid.
1312 1058 1347 1063 —
1360 1052 1411 1070 non
1431 1046 1474 1070 ha-

830 1086 874 1112 bet
892 1087 1091 1113 delectationem
1115 1088 1277 1120 spirituatem
1300 1089 1331 1114 Vl
1357 1088 1390 1114 52
1410 1096 1437 1122 q.
1457 1089 1472 1114 3

882 1146 917 1150 --
930 1138 1020 1157 secum
1034 1132 1112 1157 trahit
1125 1133 1221 1158 matam
1239 1133 1424 1159 conscientiam
1439 1134 1471 1159 Vl

828 1175 880 1201 364
909 1175 943 1201 49
967 1190 1003 1194 —-
1022 1176 1190 1202 Peccatorem
1219 1179 1334 1209 arguunt
1362 1178 1469 1209 propria

827 1220 998 1253 conscientia,
1011 1227 1085 1246 sacra
1100 1221 1249 1253 Scriptura,
1269 1221 1357 1247 divina
1374 1222 1470 1248 iustitia

826 1268 852 1291 et
865 1265 954 1291 divina
970 1265 1148 1291 misericordia
1163 1266 1187 1291 in
1202 1266 1333 1298 praesenti
1347 1266 1399 1291 606
1414 1274 1440 1292 v.
1454 1267 1469 1292 8

828 1324 861 1327 —
893 1309 1005 1341 Spiritus
1036 1312 1142 1335 sanctus
1170 1310 1258 1342 arguit
1288 1313 1469 1343 peccatorem,

826 1353 989 1379 ostendendo
1009 1354 1031 1378 ei
1051 1354 1179 1380 iudicium
1194 1354 1371 1380 damnationis
1389 1359 1471 1381 aeter-

826 1404 876 1423 nae
894 1402 920 1423 et
939 1401 1076 1430 peccatum
1103 1399 1319 1430 transgressionis
1338 1401 1470 1425 humanae

824 1441 888 1468 ibid.
900 1457 935 1460 —
955 1445 1085 1468 terrentur
1098 1443 1219 1469 videntes
1238 1444 1397 1471 iudicantem
1418 1444 1469 1470 628

825 1487 850 1518 3,
865 1486 879 1512 4
892 1501 927 1505 -
939 1487 1105 1513 Peccatorem
1119 1487 1199 1513 debet
1212 1491 1310 1514 terrere
1323 1489 1469 1515 considera-

824 1531 860 1557 tio
880 1531 973 1557 iudicis
997 1532 1087 1557 omnia
1112 1532 1240 1565 videntis,
1260 1533 1349 1559 omnia
1371 1533 1470 1566 disqui-

823 1576 918 1606 rentis,
938 1576 1026 1602 omnia
1047 1577 1179 1608 punientis
1192 1576 1226 1603 ib.
1246 1575 1271 1608 5,
1290 1577 1315 1608 6,
1333 1577 1350 1602 7
1369 1590 1405 1597 —
1418 1584 1470 1603 me-

823 1620 876 1646 ruit
894 1627 908 1645 a
921 1627 1028 1646 summo
1040 1621 1128 1647 iudice
1140 1621 1264 1647 confundi
1283 1621 1311 1646 in
1330 1622 1467 1654 culparum

824 1665 1002 1696 discussione,
1022 1665 1080 1691 eiici
1099 1665 1125 1691 in
1145 1666 1290 1691 sententiae
1311 1667 1469 1699 -promu⁴ga-

823 1710 906 1742 tione¹
942 1710 1030 1742 puniri
1065 1710 1091 1735 in
1125 1711 1268 1736 sententiae
1301 1712 1469 1737 exsecutione

823 1754 875 1780 6⁴7
895 1754 911 1780 3

875 1812 911 1817 —-
930 1799 962 1824 ad
983 1799 1110 1824 iudicium
1135 1799 1263 1825 accedens
1287 1800 1467 1826 circumdatur

821 1850 835 1868 a
856 1843 1022 1868 multitudine
1041 1843 1208 1876 iniquitatum
1222 1844 1401 1870 accusantium
1423 1845 1466 1870 Vll

822 1886 873 1912 497
893 1886 927 1911 68
946 1901 981 1904 ———
1001 1889 1189 1918 coangustatur
1209 1888 1234 1912 in
1247 1887 1410 1914 districtione
1428 1888 1464 1914 di-

821 1931 944 1956 vinorum
972 1931 1130 1956 iudiciorum
1159 1930 1220 1957 ibid.
1247 1946 1281 1950 —
1304 1931 1337 1957 ad
1368 1935 1462 1958 terram

819 1974 993 2006 prosternitur
1012 1975 1038 1999 in
1067 1975 1162 2000 latione
1189 1976 1375 2001 sententiarum
1401 1975 1462 2003 ibid.

821 2033 854 2037 —
873 2018 1000 2044 evertitur
1025 2019 1133 2044 omnino
1159 2019 1184 2044 in
1204 2019 1346 2045 acerbitate
1369 2027 1463 2052 poena·

819 2070 878 2088 rum
899 2062 961 2089 ibid.
979 2077 1016 2082 -—
1034 2063 1061 2088 in
1086 2066 1170 2088 morte
1195 2064 1332 2095 temporali
1353 2064 1463 2090 circum-

819 2107 896 2133 datur
916 2107 942 2132 in
958 2107 1120 2138 infirmitate,
1140 2111 1327 2140 coangustatur
1347 2108 1373 2133 in
1392 2109 1462 2134 infir-

819 2151 915 2177 mitatis
934 2152 1136 2183 aggravatione,
1155 2152 1188 2178 ad
1202 2155 1298 2178 terram
1319 2153 1462 2185 prosterni-

819 2199 861 2222 tur
880 2196 904 2222 in
925 2201 1009 2222 morte
1028 2199 1053 2222 et
1077 2203 1186 2229 prorsus
1204 2197 1331 2223 evertitur
1350 2198 1375 2223 in
1400 2198 1462 2224 inci-

819 2241 954 2266 neratione
969 2240 1032 2267 ibid.

872 2299 906 2303 —
926 2285 1038 2317 Spiritus
1057 2288 1163 2312 sanctus
1186 2287 1270 2312 aufert
1288 2293 1317 2312 se
1337 2294 1352 2312 3
1371 2293 1462 2319 pecca·

818 2332 874 2355 tore
894 2330 918 2355 in
947 2337 1060 2362 poenam
1089 2330 1179 2356 damni
1205 2331 1238 2356 Vl
1265 2331 1316 2356 ⁴⁴3
1345 2339 1370 2357 v.
1391 2331 1407 2356 5
1425 2344 1462 2350 -

819 2374 931 2405 Spiritus
959 2377 1065 2399 sanctus
1092 2374 1216 2406 corripiet
1243 2378 1409 2407 peccatorem
1434 2375 1460 2400 in

817 2424 932 2449 poenam
945 2425 1039 2443 sensus
1052 2417 1115 2444 ibid.
1133 2431 1169 2437 -—
1187 2426 1239 2444 non
1253 2419 1401 2445 remanebit
1415 2419 1459 2444 im-

817 2462 905 2487 munis
923 2468 938 2486 a
958 2468 1042 2493 poena
1062 2461 1124 2488 ibid.
1143 2476 1179 2481 —
1197 2466 1325 2495 quantum
1346 2463 1381 2489 ad
1399 2470 1459 2495 poe-

817 2513 878 2531 nam
898 2513 991 2532 sensus
1011 2506 1035 2531 111
1054 2513 1166 2538 corpore
1183 2502 1211 2532 et
1228 2507 1255 2532 in
1274 2507 1360 2533 anima
1380 2508 1459 2539 patie-

817 2553 858 2576 tur
886 2552 1045 2575 tormentum
1078 2550 1129 2576 217
1161 2557 1186 2576 v.
1216 2551 1249 2576 29
1277 2564 1313 2570 -
1343 2550 1459 2577 tabescet

815 2594 905 2627 quoad
934 2601 1047 2626 poenam
1076 2595 1165 2620 damni
1192 2593 1254 2621 ibid.
1272 2609 1308 2613 —-
1325 2595 1404 2621 simul
1432 2596 1457 2622 in

815 2638 902 2664 anima
922 2641 947 2664 et
969 2645 1080 2671 corpore
1105 2639 1221 2671 rapietur
1242 2639 1276 2665 ad
1297 2639 1456 2672 supplicium

817 2682 867 2708 113
884 2689 910 2708 v.
924 2682 940 2708 5
953 2697 988 2700 —
1001 2683 1127 2714 punietur
1146 2690 1194 2715 pro
1213 2683 1327 2715 peccatis
1346 2684 1416 2715 suis,
1431 2684 1456 2709 11-

815 2728 856 2752 cet
874 2727 983 2752 occultis
1002 2726 1035 2753 ib.
1055 2727 1071 2752 6

868 2784 904 2790 —
922 2770 1078 2802 prohibetur
1102 2778 1116 2796 a
1134 2771 1295 2797 comestione
1320 2772 1395 2803 panis
1419 2772 1456 2797 vi-

815 2817 855 2839 tae
874 2814 901 2840 in
926 2815 1009 2846 gloria
1029 2815 1062 2841 Vt
1082 2815 1134 2841 330
1153 2815 1187 2840 76
1207 2829 1242 2835 -—
1268 2822 1321 2841 non
1347 2815 1455 2842 habebit

815 2858 895 2883 vitam
915 2861 1047 2884 aeternam
1063 2859 1108 2884 ⁴3⁴
1132 2866 1158 2885 v.
1179 2860 1212 2884 ⁴8
1231 2873 1266 2879 —
1284 2863 1408 2892 properat
1420 2861 1458 2890 ad,

814 2902 911 2928 interos
930 2902 963 2928 74
983 2909 1009 2929 ν.
1030 2903 1062 2928 10
1077 2917 1111 2922 -
1126 2902 1308 2929 peccatoribus
1326 2910 1398 2929 mors
1412 2911 1454 2936 ge-

815 2948 916 2972 hennae
935 2950 974 2972 est
992 2947 1150 2973 inevitabilis
1168 2947 1219 2973 590
1240 2948 1264 2972 11
1284 2961 1317 2966 -
1329 2955 1381 2973 11011
1402 2955 1454 2973 ma-

814 2993 858 3016 net
881 2991 991 3016 finaliter
1018 2991 1044 3017 in
1064 2991 1190 3022 Ecclesia,
1218 2991 1342 3024 quamvis
1369 2992 1402 3017 sit
1420 2992 1454 3017 de

814 3034 926 3060 Ecclesia
947 3036 1076 3067 praesenti
1088 3035 1233 3061 secundum
1248 3042 1386 3061 numerum
1402 3035 1453 3061 364

813 3078 847 3104 50
866 3091 901 3098 -
920 3079 1072 3110 eiiciuntur,
1091 3079 1152 3112 quia
1170 3086 1222 3105 non
1242 3078 1340 3105 habent
1352 3082 1452 3105 vestem

812 3122 955 3155 nuptialem
975 3122 1037 3150 ibid.
1056 3137 1091 3143 -
1110 3124 1279 3149 peccatorum
1303 3122 1452 3149 submersio

811 3166 966 3199 designatur
989 3174 1037 3199 per
1056 3174 1161 3199 porcos,
1180 3168 1226 3200 qui
1246 3167 1272 3192 in
1291 3170 1384 3199 stagno
1403 3168 1453 3193 sus-

812 3211 888 3236 100311
907 3214 968 3237 511111
986 3212 1038 3238 205
1058 3211 1091 3237 58

2091 174 2155 205 809

1816 212 1874 238 Pet:

1519 253 1569 277 382
1596 255 1611 278 2
1631 269 1665 272 -
1685 258 1746 280 sunt
1773 262 1820 287 per
1850 256 2057 284 benevolentiam
2083 263 2157 285 attra-

1519 297 1595 322 hendi
1610 298 1661 323 302
1681 298 1715 323 78
1734 313 1770 318 -—
1790 300 1905 326 Peccanti
1926 302 2103 328 miserendum
2118 307 2157 329 est

1519 340 1550 365 Vl
1570 341 1603 365 60
1624 349 1649 367 v.
1669 342 1702 367 20

1570 398 1605 403 —
1623 393 1674 411 nou
1694 386 1773 412 debet
1785 388 1935 419 desperare,
1955 390 2011 415 sive
2031 398 2154 422 [104213νο-

1517 428 1549 453 rit
1569 429 1594 453 in
1624 430 1770 462 voiuntate,
1789 432 1845 457 sive
1871 433 1894 457 in
1924 440 2019 465 opere,
2046 435 2102 460 31νο
2127 436 2153 460 111

1516 474 1707 498 consuetudine
1728 475 1757 499 V⁴
1783 475 1834 500 563
1864 477 1879 501 2
1901 491 1933 495 -
1954 484 2005 503 non
2025 478 2104 504 (101101
2129 480 2156 505 11-

1517 523 1604 548 mere,
1621 517 1667 549 qui
1694 518 1771 544 habet
1796 520 2011 546 adiuvamcntum
2042 524 2155 555 gratiae,

1517 559 1615 586 habitat
1635 561 1659 585 in
1674 562 1755 587 domo
1768 562 1947 595 obedientiae,
1967 570 2055 591 manet
2068 566 2092 591 in
2106 568 2155 592 col-

1516 604 1584 635 legio
1604 605 1735 631 societatis
1754 605 1839 632 bonae
1859 608 1910 632 586
1930 615 1954 633 v,
1977 609 1985 633 ⁴
2010 623 2045 628 -—
2065 611 2155 636 Pecca-

1516 648 1579 673 toris
1597 650 1739 674 contractio
1758 653 1796 675 oet
1810 651 1962 682 reparabi⁴is
1980 653 2005 678 in
2027 654 2074 678 1130
2095 655 2155 686 tite,

1517 698 1567 716 non
1587 691 1614 716 in
1632 693 1710 718 a⁴tera
1731 693 1773 718 Vll
1794 695 1826 719 98
1847 695 1875 719 41

1568 750 1603 753 -
1622 742 1763 763 occurrunt
1777 738 1888 764 Domino
1904 746 1951 771 per
1970 741 2155 772 poenitentiam

1515 779 1557 804 V⁴l
1580 779 1630 805 434
1651 781 1684 806 27
1703 795 1738 800 -
1757 782 1836 807 debet
1863 784 2047 815 poenitentiam
2077 793 2156 818 agere

1516 824 1547 849 V⁴
1568 824 1620 850 614
1640 825 1655 850 6
1674 839 1710 844 -
1728 827 1870 859 cognoscit,
1891 828 1936 853 ubi
1956 829 2000 859 sit,
2020 836 2080 854 cum
2101 831 2155 856 vili-

1515 870 1593 894 tatem
1613 869 1653 894 sui
1668 870 1766 901 peccati
1781 871 1929 897 considerat
1945 872 1994 898 406
2015 874 2047 898 63
2062 888 2097 893 —-
2110 874 2153 900 de-

1514 911 1557 938 bet
1576 913 1662 945 primo
1681 915 1800 940 revocari
1814 921 1918 947 amore,
1937 917 2052 943 secundo
2073 919 2154 949 pudo-

1512 964 1556 987 re,
1576 958 1652 983 tertio
1672 961 1771 984 terrore
1791 959 1832 985 Vll
1853 959 1903 985 428
1924 961 1939 985 9

1565 1016 1600 1019 -
1620 1002 1732 1028 humiies
1746 1007 1873 1029 vocantur
1886 1011 1899 1029 a
1920 1004 2021 1031 Christo
2042 1007 2081 1032 Vll
2102 1007 2152 1033 132

1511 1045 1544 1070 78
1559 1059 1594 1064 —-
1608 1046 1761 1072 Peccatores
1781 1047 1928 1080 benignitas
1946 1049 1991 1075 Dei
2011 1050 2045 1075 ad
2065 1052 2152 1082 poeni-

1510 1090 1617 1115 tentiam
1636 1091 1745 1117 adducit
1759 1092 1789 1116 Vl
1804 1092 1838 1117 69
1857 1100 1884 1125 q.
1904 1094 1919 1118 2
1939 1107 1974 1113 -
1993 1099 2153 1121 concurrunt

1508 1134 1543 1160 ad
1558 1133 1690 1161 Christum
1710 1139 1738 1161 ut
1758 1136 1790 1162 ad
1811 1137 1925 1163 amicum
1940 1138 1972 1164 ad
1992 1146 2151 1172 consequen-

1507 1178 1570 1204 dam
1584 1179 1792 1206 misericordiam
1807 1181 1849 1206 Vll
1866 1181 1916 1207 147
1931 1182 1962 1208 48
1978 1197 2010 1201 —
2029 1184 2062 1209 ad
2082 1183 2152 1210 Chri-

1507 1225 1576 1249 stum
1595 1224 1811 1257 appropinquare
1830 1225 1953 1251 vo⁴ebant
1972 1230 2081 1259 propter
2108 1236 2150 1254 ve-

1507 1268 1578 1293 niam
1593 1268 1643 1294 ⁴⁴3
1664 1270 1679 1294 2
1698 1283 1734 1287 —
1752 1270 1901 1296 relevantur
1914 1278 1928 1296 a
1943 1270 2036 1297 Christi
2056 1273 2150 1304 pictate

1507 1319 1555 1344 per
1568 1313 1800 1340 commonitionem
1820 1315 2028 1346 praedicantium
2046 1317 2097 1343 562
2116 1318 2150 1343 72

1506 1371 1542 1375 -
1559 1356 1639 1383 debet
1652 1359 1769 1384 converti
1783 1365 1830 1391 per
1843 1360 2037 1391 praedicatores
2052 1361 2084 1386 Vl
2098 1363 2150 1388 625

1506 1408 1533 1427 v.
1550 1402 1566 1426 6
1578 1416 1614 1419 -
1629 1402 1690 1427 Τ1·13
1705 1409 1802 1434 genera
1817 1404 1953 1430 hominum
1967 1412 1981 1430 a
1996 1405 2049 1431 Deo
2063 1413 2077 1431 a
2091 1413 2149 1438 pec-

1507 1449 1565 1472 cato
1584 1446 1729 1473 liberantur
1748 1447 1800 1473 592
1820 1455 1846 1474 v.
1867 1448 1883 1474 5

1561 1505 1595 1510 —
1618 1492 1666 1517 Per
1695 1492 1877 1519 contritionem
1906 1494 2024 1520 odientes
2053 1496 2149 1521 malum

1507 1535 1617 1561 veniunt
1636 1536 1669 1562 ad
1683 1537 1768 1562 lucem
1789 1538 1820 1563 Vl
1841 1538 1893 1563 285
1913 1538 1946 1564 37
1959 1553 1994 1557 -
2008 1539 2149 1565 i⁴⁴uminan-

1507 1582 1549 1606 tur
1567 1580 1602 1606 ad
1614 1581 1757 1607 videndam
1778 1582 1848 1607 viam
1861 1589 1875 1608 a
1896 1583 2008 1609 Domino
2027 1584 2150 1610 veniente

1505 1624 1533 1650 in
1551 1631 1657 1651 carnem
1678 1625 1719 1650 Vll
1741 1625 1791 1651 434
1811 1626 1845 1651 27

1559 1683 1594 1688 -—
1613 1670 1699 1695 Homo
1727 1670 1807 1696 debet
1829 1672 1947 1697 revelare
1975 1676 2080 1704 peccata
2101 1680 2148 1699 sua

1505 1713 1530 1738 in
1550 1714 1713 1739 consessione
1732 1714 1765 1739 Vl
1786 1715 1832 1740 59⁴
1858 1723 1884 1741 v.
1907 1715 1939 1741 43
1953 1730 1989 1735 -
2002 1717 2046 1749 qui
2065 1724 2094 1743 se
2107 1724 2147 1743 ac-

1503 1760 1590 1789 cusat,
1603 1758 1694 1790 incipit
1706 1759 1732 1784 in
1745 1759 1879 1785 voluntate
1893 1761 2028 1786 rectificari
2049 1761 2099 1786 435
2114 1762 2146 1787 29

1502 1815 1539 1821 -
1557 1803 1669 1828 honorat
1688 1803 1770 1828 Deum
1796 1806 1822 1829 et
1844 1805 2008 1830 sacerdotem
2036 1812 2083 1837 per
2107 1806 2147 1831 sui

1503 1846 1586 1878 ipsius
1605 1847 1798 1873 accusationem
1818 1847 1880 1874 ibid.
1901 1863 1935 1867 -
1954 1849 2019 1874 dum
2043 1850 2146 1875 consite-

1503 1892 1545 1915 tur
1564 1894 1717 1921 peccatum,
1737 1891 1820 1917 Deum
1834 1892 1898 1918 dicit
1916 1893 2014 1918 iustum
2033 1897 2058 1918 et
2076 1894 2146 1919 iusti-

1502 1934 1562 1959 sscat
1580 1941 1608 1959 se
1628 1935 1715 1966 ipsum
1737 1935 1787 1960 ⁴80
1807 1935 1840 1961 54

1553 1992 1589 1997 -
1607 1981 1636 2003 111
1654 1985 1682 2004 50
1701 1983 1849 2010 convertat,
1863 1987 1970 2006 11000550
1989 1984 2040 2012 051,
2061 1985 2089 2007 111
2102 1982 2143 2007 vi-

1500 2022 1573 2054 deat,
1593 2022 1726 2053 procidat,
1743 2023 1858 2049 confidat
1872 2024 1914 2049 Vll
1939 2025 1986 2049 122
2007 2025 2039 2050 37
2054 2039 2089 2044 -
2102 2026 2141 2052 Ad

1499 2066 1557 2092 eius
1582 2067 1742 2092 curationem
1764 2067 1810 2092 tria
1839 2068 2009 2100 requiruntur
2038 2070 2088 2094 ⁴69
2109 2071 2141 2095 ⁴8

1499 2124 1535 2130 -
1554 2111 1579 2136 ln
1593 2111 1723 2136 so⁴utione
1736 2112 1881 2142 peccatoris
1893 2116 2036 2144 operantur
2055 2121 2141 2139 sacer·

1499 2155 1575 2181 dotes
1587 2162 1635 2187 per
1647 2156 1800 2181 exteriorem
1815 2156 2036 2187 dispensationem
2053 2158 2141 2183 Sacra-

1499 2200 1594 2231 menti¹
1614 2203 1640 2225 et
1658 2203 1781 2232 peccator
1801 2206 1847 2232 per
1861 2200 2009 2226 interiorem
2031 2201 2140 2228 detesta-

1499 2244 1596 2270 tionem
1617 2244 1730 2276 peccati,
1750 2247 1775 2269 et
1803 2245 1872 2269 Deus
1900 2251 1947 2276 per
1972 2246 2137 2277 superiorem

1499 2288 1654 2314 infusionem
1679 2288 1778 2319 gratiae
1806 2288 1857 2314 345
1886 2289 1919 2314 32
1940 2303 1973 2307 -
1993 2290 2139 2316 Peccatoris

1499 2332 1608 2358 mutatio
1621 2333 1649 2358 tit
1662 2339 1710 2364 per
1723 2333 1833 2364 gratiam
1849 2333 1894 2358 Dei
1915 2333 1965 2359 465
1985 2333 2017 2358 46
2031 2347 2066 2353 -
2080 2334 2139 2360 Pec-

1498 2379 1613 2402 catorem
1634 2377 1666 2402 ad
1689 2377 1873 2408 poenitentiam
1894 2377 2023 2403 reducunt
2046 2378 2138 2404 doctri-

1498 2427 1529 2446 na
1549 2421 1753 2452 praedicatoris,
1767 2421 1850 2452 gratia
1869 2421 1928 2454 Dei,
1946 2422 2029 2453 ipsius
2048 2429 2137 2454 pecca·

1497 2464 1561 2490 toris
1579 2465 1726 2490 recordatio
1746 2465 1778 2490 V⁴
1800 2465 1850 2490 614
1871 2466 1885 2491 6

1550 2523 1585 2526 -
1605 2508 1654 2541 Qui
1673 2508 1852 2540 spiritualibus
1871 2510 1984 2541 peccatis
2007 2510 2138 2536 detinetur

1495 2552 1597 2584 indiget
1622 2553 1753 2578 humiliari
1783 2553 1807 2578 in
1827 2558 1969 2585 conspectu
1999 2555 2136 2580 hominum

1496 2596 1538 2622 Vtt
1563 2597 1613 2622 ⁴09
1643 2597 1677 2622 36
1695 2611 1731 2616 --
1749 2597 1771 2623 si
1799 2598 1855 2623 vult
1883 2598 1937 2623 Deo
1961 2599 2135 2629 reconciliari,

1495 2643 1611 2672 oportet,
1631 2641 1702 2673 quod
1723 2640 1866 2666 benefaciat
1893 2648 1944 2667 non
1971 2647 2069 2668 tantum
2090 2642 2134 2668 be-

1494 2685 1646 2715 nefacienti,
1665 2685 1712 2711 sed
1729 2685 1806 2711 etiam
1826 2685 1976 2711 adversanti
1999 2686 2046 2711 ⁴57
2065 2687 2098 2711 79

1546 2742 1582 2748 -
1598 2730 1731 2761 surgendo
1745 2730 1817 2755 venit
1829 2730 1863 2756 ad
1878 2733 1978 2762 patrem
1993 2738 2040 2763 per
2054 2731 2136 2763 ipsius

1494 2773 1664 2798 imitationem
1685 2773 1726 2798 Vll
1747 2773 1799 2799 394
1819 2774 1852 2799 32
1872 2789 1907 2792 -
1926 2775 2133 2806 praevaricando

1492 2817 1590 2842 recedit
1610 2816 1725 2849 superbe
1744 2824 1758 2842 3
1779 2821 1865 2850 patre,
1892 2819 2074 2845 satisfaciendo
2097 2826 2132 2845 re·

1492 2860 1602 2886 vertitur
1621 2861 1752 2887 humiliter
1771 2861 1831 2887 ibid.
1846 2875 1881 2881 -—
1894 2863 1943 2895 Qui
1963 2863 2082 2894 peccavit
2095 2870 2133 2888 so-

1492 2905 1546 2930 lum
1559 2905 1717 2936 cogitatione
1730 2906 1879 2931 vivificatus
1892 2907 2015 2932 continuo
2034 2907 2132 2939 surgit,

1491 2949 1553 2981 quia
1572 2955 1654 2980 parva
1674 2953 1792 2974 remanet
1811 2950 1949 2975 difficuttas
1969 2951 2020 2975 215
2041 2951 2073 2975 96
2098 2964 2131 2968 ——

1492 2992 1541 3024 Qui
1561 2993 1679 3024 peccavit
1699 2993 1722 3017 in
1749 2999 1830 3024 opere
1848 2993 1936 3023 sedet,
1961 2994 2022 3026 quia
2043 2994 2130 3020 adhuc

1492 3037 1607 3068 pronitas
1626 3040 1743 3061 remanet
1761 3035 1821 3062 ibid.
1840 3050 1877 3055 —
1896 3037 1944 3069 Qui
1964 3038 2083 3068 peccavit
2103 3038 2129 3062 in

1490 3079 1678 3105 consuetudine
1696 3079 1792 3111 ligatus
1810 3083 1860 3111 est,
1880 3080 1941 3113 quia
1961 3081 2038 3106 valde
2052 3080 2130 3106 habet

1491 3123 1646 3154 pronitatem
1674 3123 1797 3155 ligantem
1826 3123 1852 3148 in
1881 3125 1950 3149 malo
1978 3128 2003 3150 et
2021 3131 2130 3156 praepe-

1490 3167 1602 3192 dIentem
1622 3167 1648 3192 in
1668 3166 1738 3192 bono
1758 3165 1819 3192 ibid.

1544 3225 1577 3229 -
1596 3210 1765 3242 Operandum
1793 3214 1844 3243 est,
1864 3215 1892 3237 ut
1917 3215 2069 3243 peccatores
2087 3219 2129 3237 su-

865 3268 900 3274 —
919 3255 977 3281 licet
996 3255 1135 3281 videantur
1163 3255 1307 3288 repellendi
1325 3262 1356 3281 ex
1383 3255 1452 3281 iusti·
1489 3255 1611 3281 scitentur
1631 3255 1663 3280 Vl
1688 3254 1738 3280 400
1759 3255 1791 3281 30
1811 3269 1845 3274 -
1864 3255 1902 3281 Ad
1929 3259 2092 3287 peccatorem
2111 3262 2126 3281 a

812 3299 861 3330 tia,
882 3299 1043 3331 suscipiendi
1067 3302 1127 3325 sunt
1152 3306 1184 3325 ex
1203 3299 1382 3326 misericordia
1409 3299 1450 3324 V⁴⁴
1489 3299 1598 3325 mortuis
1623 3299 1800 3325 suscitandum
1826 3299 1953 3325 Dominus
1975 3299 2127 3326 sollicitabat

1969 3352 2019 3379 ⁴02
