2476 3921
43 626 171 650 Notandum.

36 1318 112 1340 Nostra
126 1325 174 1342 eru-

75 1345 136 1369 ditio.

25 1957 84 1984 Item,
95 1958 117 1979 in
128 1964 175 1980 sen·

39 1985 156 2007 teutiando.

765 212 958 246 COMMENT.
984 213 1022 246 ΙΝ
1045 213 1284 246 EVANGELIUM
1308 214 1425 247 LUCAE
1450 215 1481 248 C.
1507 216 1604 249 XXIII.

192 303 351 343 quaerunt
385 309 530 340 causam,
567 304 621 340 ut,
656 301 682 334 si
716 301 776 334 hoc
811 304 948 340 asserat,
983 301 1153 343 reprobent

192 362 264 387 eum
297 357 445 396 tanquam
477 354 714 396 blasphemum,
747 354 921 387 secundum
953 354 1031 387 illud
1066 354 1152 387 loan—

190 407 240 440 nis
262 407 411 449 quinto¹z
436 407 710 449 Persequebantur
727 407 830 440 ludaei
849 407 960 446 Iesum,
984 420 999 436 α
1015 416 1077 440 non
1102 416 1151 440 so-

191 461 277 500 lum,
309 460 384 503 quia
415 460 555 493 solvebat
590 460 760 493 Sabbatum
785 473 816 499 »,
848 460 902 493 sed
930 460 1042 499 etiam,
1077 460 1152 502 quia

196 527 211 543 «
228 514 349 547 Patrem
375 523 468 547 suum
492 513 616 547 dicebat
637 514 757 553 Deum,
781 514 944 556 aequalem
970 522 1003 547 se
1033 513 1151 547 faciens

190 567 254 600 Deo
271 580 301 599 ν.
326 567 479 609 Quoniam
504 566 601 609 igitur
625 567 677 600 hic
712 576 823 600 verum
848 567 1095 607 concludebant,
1120 571 1151 601 et

190 623 295 653 tamen
318 619 432 653 falsum
456 619 583 653 evidens
607 619 813 662 reputabant;
839 620 908 653 ideo
931 620 1077 653 Christus
1093 629 1151 654 neo

190 673 316 707 omnino
351 673 510 706 asserebat
540 682 598 706 nec
629 673 757 706 omnino
788 673 937 715 negabat,
961 673 1016 706 sed
1047 674 1150 707 medio

191 726 282 760 modo
306 726 523 768 respondebat.
542 744 584 750 —
609 726 740 769 Propter
764 727 848 769 quod
873 726 976 760 addit:
1003 727 1070 768 Qui
1085 728 1149 760 ait:

197 780 258 812 Vos
279 779 407 819 dicitis,
431 779 513 823 quia
536 789 593 822 eye
615 788 702 811 sum.
728 779 813 812 Unde
829 779 979 813 Glossa2:
1009 793 1024 810 «
1041 781 1084 813 lta
1101 789 1150 814 re-

190 833 387 875 sponsionem
404 842 494 866 suam
512 836 683 875 temperat,
701 837 736 866 ut
752 833 835 866 dicat
851 842 981 873 verum,
998 837 1029 867 et
1046 843 1150 868 sermo

190 886 258 919 eius
282 886 458 919 calumniae
482 895 543 919 non
567 889 718 928 pateat».
749 887 834 920 Unde
856 887 978 920 loannis
1005 887 1150 921 decimo-'³

190 939 310 973 Iudaeis
333 939 526 972 dicentibus:
557 952 572 968 α
588 940 632 972 De
656 939 738 973 bono
760 949 856 982 opere
880 950 942 973 non
975 941 1151 983 lapidamus

190 996 235 1032 te,
260 992 314 1026 sed
337 992 376 1025 de
400 992 612 1035 blasphemia,
636 996 668 1026 et
689 993 764 1035 quia
787 998 842 1033 tu,
873 994 968 1027 homo
991 1003 1063 1028 cum
1090 995 1150 1035 sis,

189 1046 264 1079 facis
287 1049 318 1079 te
341 1045 444 1088 ipsum
470 1046 569 1079 Deum
586 1059 617 1086 »,
642 1047 787 1080 Christus
811 1047 972 1089 respondit
989 1057 1045 1090 per
1069 1049 1152 1082 Scri-

190 1103 337 1142 pturam:
366 1113 382 1128 «
399 1099 506 1132 Nonne
530 1100 561 1132 in
585 1100 665 1142 Lege
693 1104 798 1133 vestra
822 1101 976 1143 scriptum
1001 1105 1063 1134 est:
1089 1102 1152 1144 Ego

189 1153 274 1186 dixi:
300 1153 347 1185 Dii
371 1153 471 1186 estis?
494 1153 525 1186 Si
553 1153 622 1186 illos
652 1153 735 1186 dixit
758 1154 849 1193 deOS,
874 1154 912 1187 ad
938 1164 1018 1197 quos
1047 1164 1151 1189 sermo

190 1207 246 1240 Dei
268 1206 370 1240 factus
405 1209 469 1246 est;
494 1216 550 1240 vos
584 1207 701 1246 dicitis,
734 1208 810 1250 quia
841 1208 1044 1250 blasphemo,
1077 1209 1152 1252 quia

189 1260 274 1293 dixi:
299 1260 394 1293 Filius
417 1259 472 1292 Dei
496 1268 567 1293 sum
584 1263 622 1292 »ἵ
646 1260 732 1293 Unde
764 1261 846 1294 sicut
880 1261 923 1294 ibi
959 1271 1070 1295 eorum
1102 1272 1152 1296 re-

191 1314 306 1357 pressit
329 1313 480 1346 insaniam
505 1314 708 1356 responsione
731 1314 895 1356 prudenti,
920 1315 963 1347 ita
979 1319 1010 1348 et
1034 1316 1102 1355 hic;
1119 1317 1151 1349 in

191 1377 255 1410 quo
277 1366 382 1400 erudit
416 1375 473 1399 nos
508 1366 672 1407 Christus,
696 1367 789 1400 iuxta
824 1368 903 1400 illud
932 1369 1078 1402 Matthaei
1104 1379 1152 1403 se-

188 1421 329 1463 ptim04:
360 1433 375 1449 «
391 1420 491 1453 Nolite
514 1423 658 1453 sanctum
681 1421 758 1454 dare
781 1421 926 1461 canibus,
951 1431 1055 1465 neque
1079 1432 1152 1465 pro-

188 1474 282 1507 iicere
305 1473 491 1516 margaritas
514 1477 586 1507 ante
610 1483 723 1516 porcos
739 1488 770 1507 ι).
795 1475 889 1514 Nam,
907 1475 1150 1509 Proverbiorum

190 1580 274 1620 cit»;
292 1583 323 1613 et
339 1583 426 1623 post:
449 1593 465 1609 α
481 1581 563 1614 Doce
587 1581 722 1621 iustum,
739 1584 770 1614 et
786 1581 946 1615 festinabit
962 1582 1105 1624 accipere
1119 1596 1148 1615 ».

187 1633 274 1666 Unde
297 1642 390 1667 caeco
417 1633 593 1667 illuminato
616 1634 825 1677 quaerenti⁵:
855 1647 870 1663 «
884 1634 960 1676 Quis
984 1637 1032 1667 est
1054 1635 1151 1667 Filius

189 1686 259 1726 Dei,
295 1691 332 1720 ut
360 1687 486 1720 credam
521 1687 553 1720 in
585 1690 711 1720 eum»?
739 1687 915 1729 respondit:
946 1688 1015 1720 «Et
1043 1687 1149 1721 vidisti

189 1748 277 1779 eum,
302 1742 334 1773 et
357 1741 411 1783 qui
444 1741 585 1783 loquitur
618 1744 741 1780 tecum,
765 1741 832 1783 ipse
856 1744 903 1774 est
919 1753 950 1780 »;
974 1743 1006 1774 et
1029 1741 1152 1774 Ioannis

190 1797 305 1835 quarto
329 1794 542 1827 Samaritanae
576 1794 709 1833 dicenti,
742 1794 827 1836 quod
859 1794 986 1827 Messias
1010 1794 1150 1834 veniret,

189 1846 368 1889 respondit:
399 1860 415 1877 «ι
432 1847 494 1890 Ego
518 1856 607 1887 sum,
632 1847 687 1890 qui
711 1847 825 1890 loquor
849 1851 955 1881 tecum
973 1862 1003 1881 ».

279 1900 331 1933 84.
357 1901 457 1940 (Vers.
484 1901 561 1941 71.).
587 1901 706 1943 Quarto
737 1904 892 1943 quantum
924 1901 963 1934 ad
994 1902 1151 1945 mationi-

190 1956 288 1986 tatem
312 1954 348 1986 in
370 1953 597 1986 sententiando
622 1954 803 1997 subiungit:
829 1956 872 1987 At
901 1955 952 1988 itta·
973 1956 1150 1989 disserunt.-

191 2006 280 2048 Quid
296 2006 407 2040 adhue
423 2007 654 2040 desideramus
678 2009 925 2042 testimonium?
943 2009 1015 2052 Ipsi
1037 2009 1126 2042 enim
1138 2009 1151 2029 ⁶

189 2060 384 2093 audivimus
406 2061 445 2094 cle
468 2070 525 2094 ore
548 2061 628 2094 eius.
655 2061 701 2094 Ex
725 2071 789 2104 quo
806 2066 937 2104 apparet
952 2071 1063 2096 eorum
1080 2072 1153 2105 per-

189 2114 339 2154 versitas,
363 2114 439 2157 quia
463 2115 545 2148 mala
576 2115 748 2149 intentione
771 2116 980 2158 quaerebant,
1009 2116 1154 2149 videlicet

2112 221 2174 254 565

1222 306 1286 335 «ut
1317 306 1466 345 caperent
1499 313 1572 337 eum
1609 306 1638 338 in
1671 315 1861 340 sermone».
1895 308 2029 350 Apparet
2062 310 2173 348 etiam,

1217 355 1302 397 quod
1337 357 1529 398 perversitas
1565 359 1734 392 voluntatis
1770 362 1970 402 pervertebat
2006 362 2174 402 iudicium,

1216 409 1291 450 quia
1315 409 1399 451 quod
1423 409 1568 443 Christus
1592 412 1725 444 dz'aeerat
1749 413 1846 446 dubie
1869 415 2045 456 arguebant
2070 416 2173 457 ipsum

1216 462 1409 495 asseruisse.
1436 463 1471 495 Et
1496 464 1539 496 sic
1565 465 1745 498 verificatur
1782 467 1857 499 iilud
1883 468 2085 501 Ecclesiastici
2117 478 2175 501 un-

1215 514 1337 548 decimo
1350 516 1379 548 ⁷:
1410 529 1425 545 «
1442 517 1556 550 Multae
1580 521 1654 550 sunt
1678 519 1805 552 insidiae
1822 520 1928 553 dolosi.
1948 521 2029 553 Bona
2047 522 2076 554 in
2095 523 2175 565 mala

1216 572 1418 608 convertens,
1445 569 1610 603 insidiatur
1634 575 1665 604 et
1689 572 1718 604 in
1744 573 1850 605 electis
1866 578 1959 615 ponet
1975 576 2173 608 maculam».

1216 621 1277 654 Hoc
1301 625 1405 655 autem
1431 623 1516 665 quod
1551 623 1712 663 innuerat,
1737 634 1770 657 se
1802 626 1911 658 Filium
1937 627 1990 659 Dei
2015 637 2100 666 esse,
2126 637 2175 662 re-

1215 674 1370 717 putabant
1394 675 1634 717 blasphemiam,
1659 681 1690 710 et
1706 678 1773 711 ideo
1791 681 1937 721 tanquam
1956 680 2174 722 blasphemum

1215 727 1405 769 reputabant
1429 729 1521 761 etiam
1547 733 1647 762 morte
1671 730 1819 772 dignum;
1837 732 1920 765 unde
1944 733 2036 766 Marci
2054 734 2174 767 decimo

1215 784 1329 823 quarto
1343 781 1372 814 δε
1403 795 1418 811 α
1436 782 1585 816 Summus
1608 786 1714 817 autem
1737 785 1896 824 sacerdos,
1914 786 2057 819 scindens
2082 788 2175 820 vesti-

1214 838 1320 867 menta
1336 844 1409 875 sua,
1426 836 1485 868 ait:
1504 836 1584 878 Quid
1600 837 1704 870 adhuc
1719 837 1933 872 desideramus
1950 843 2066 873 testes?
2083 841 2175 874 Audi-

1216 887 1272 920 stis
1296 887 1541 930 blasphemiam,
1567 889 1643 931 quid
1668 890 1755 924 vobis
1780 891 1903 924 videtur
1920 895 1956 924 »ἲ
1981 893 2015 925 Et
2040 897 2113 926 tunc
2132 894 2173 926 ibi

1216 941 1381 981 subditur,
1406 942 1488 984 quod
1520 955 1536 971 «ε
1552 947 1725 985 coeperunt
1748 944 1875 986 quidam
1900 955 2073 988 conspuere
2102 956 2174 980 eum

1215 998 1247 1027 et
1270 995 1376 1028 velare
1411 995 1520 1028 faciem
1556 996 1624 1029 eius
1655 1000 1686 1030 et
1710 998 1849 1039 colaphis
1885 1008 1956 1031 eum
1997 1000 2172 1033 caedere».

1217 1066 1258 1073 -
1273 1048 1319 1080 Ex
1336 1057 1400 1090 quo
1417 1052 1518 1090 potest
1535 1050 1655 1092 colligi,
1673 1051 1757 1092 quod
1774 1051 1822 1084 bis
1839 1051 1942 1085 illusio
1959 1052 2017 1085 ista
2032 1053 2113 1086 facta
2129 1056 2176 1086 est
2193 1060 2340 1108 Bicsmissfgsitnr

1215 1102 1259 1140 ei,
1284 1102 1401 1135 scilicet
1425 1106 1456 1135 et
1479 1102 1517 1135 de
1541 1107 1632 1136 nocte
1655 1107 1686 1136 et
1709 1104 1748 1136 de
1771 1104 1829 1137 die.
1861 1105 1946 1138 Unde
1979 1106 2098 1139 Ioannis
2121 1107 2175 1140 de-

1216 1155 1298 1188 otmo
1322 1156 1458 1188 octavo⁹
1482 1156 1616 1195 dicitur,
1641 1157 1725 1199 quod
1758 1158 1900 1192 minister
1931 1159 2015 1192 dedit
2049 1160 2076 1193 ei
2112 1161 2175 1193 ala-

1216 1218 1287 1250 pam
1312 1209 1343 1241 in
1367 1209 1460 1242 domo
1476 1210 1594 1250 Annae;
1612 1214 1643 1244 et
1659 1211 1710 1243 alii
1728 1211 1940 1254 Evangelistae
1956 1213 2175 1255 dicunt„quod

1216 1263 1329 1295 illusus
1352 1262 1411 1295 fuit
1434 1263 1466 1295 in
1490 1263 1582 1296 domo
1605 1264 1758 1306 Caiphae,
1784 1266 1826 1298 ita
1850 1270 1886 1298 ut
1902 1267 2081 1299 verificetur
2099 1267 2175 1300 illud

1216 1316 1364 1348 Ieremiae
1399 1316 1548 1358 vigesimo
1562 1317 1606 1349 ¹0:
1636 1318 1775 1351 «Factus
1799 1328 1869 1351 sum
1893 1320 1923 1351 in
1949 1320 2087 1353 derisum
2113 1324 2176 1353 tota

1216 1369 1283 1407 die,
1308 1378 1417 1402 omnes
1441 1370 1637 1403 subsannant
1660 1380 1727 1410 me;
1752 1372 1827 1413 quia
1851 1372 1912 1405 iam
1938 1373 2010 1405 olim
2046 1374 2175 1416 loquor,

1216 1422 1391 1455 vociferans
1422 1423 1638 1465 iniquitatem,
1671 1427 1702 1457 et
1733 1425 1910 1458 vastitatem
1942 1427 2114 1459 clamito».
2142 1427 2176 1459 Et

1217 1475 1287 1508 ideo
1311 1485 1397 1509 nunc
1422 1476 1586 1518 impletum
1609 1480 1656 1510 est
1680 1478 1758 1510 illud
1782 1479 1865 1520 quod
1897 1479 2056 1521 praedixit
2080 1489 2175 1521 supra

1215 1538 1312 1562 nono:
1342 1542 1358 1557 (ι
1375 1529 1521 1571 Oportet,
1546 1530 1657 1563 Filium
1675 1531 1810 1564 hominis
1826 1532 1925 1564 multa
1942 1533 2004 1574 pati
2022 1536 2052 1565 et
2068 1542 2176 1574 repro-

1215 1582 1284 1615 bari
1308 1591 1327 1615 a
1350 1582 1528 1615 senioribus
1551 1585 1582 1616 et
1606 1583 1801 1626 principibus
1825 1585 2022 1618 sacerdotum
2045 1589 2076 1618 et
2100 1586 2176 1618 scri—

1216 1636 1264 1669 bis
1281 1649 1311 1668 ».
1336 1635 1423 1669 Unde
1446 1639 1478 1669 et
1501 1636 1533 1668 in
1558 1644 1693 1678 persona
1709 1646 1820 1670 eorum
1841 1637 1957 1670 dicitur
1981 1638 2058 1670 iliud
2082 1638 2176 1671 Isaiae

1216 1689 1478 1731 quinquagesimo
1501 1690 1652 1722 terti011:
1684 1703 1699 1718 α
1716 1690 1968 1723 Desideravimus
1995 1691 2175 1733 despectum

1216 1751 1289 1775 eum
1326 1745 1357 1774 et
1392 1742 1598 1775 novissimum
1635 1742 1793 1782 virorum,
1827 1743 1929 1776 virum
1965 1743 2110 1776 dolorum
2146 1748 2177 1777 et

1216 1794 1367 1828 scientem
1395 1795 1628 1835 infirmitatem;
1653 1799 1684 1828 et
1707 1796 1796 1838 quasi
1832 1796 2033 1829 absconditus
2069 1797 2177 1830 vultus

1216 1848 1285 1881 eius
1308 1851 1339 1881 et
1369 1848 1550 1890 despectus,
1580 1848 1664 1881 uncle
1695 1857 1752 1881 nec
1782 1849 1999 1890 reputavimus
2030 1857 2114 1881 eum.
2141 1849 2177 1881 Et

1216 1911 1273 1935 nos
1297 1902 1480 1944 putavimus
1504 1911 1577 1934 eum
1602 1902 1691 1944 quasi
1717 1902 1876 1944 leprosum
1900 1905 1931 1935 et
1954 1911 2141 1943 percussum
2157 1911 2175 1935 a

1216 1955 1280 1988 Deo
1304 1958 1335 1988 et
1358 1955 1558 1988 humiliatum
1576 1968 1606 1987 ».
1632 1955 1664 1987 In
1689 1955 1780 1987 cuius
1797 1955 1899 1996 figura
1914 1955 2030 1987 dicitur
2047 1954 2176 1988 secundi
2201 1961 2285 1988 Figura-

1216 2009 1335 2051 Regum
1351 2011 1442 2041 sexto
1455 2008 1493 2047 1²,
1510 2007 1595 2050 quod
1616 2020 1631 2036 «
1648 2008 1778 2047 Michol,
1795 2008 1859 2040 filia
1875 2008 1966 2046 Saul,
1984 2008 2103 2049 sprevit
2119 2008 2176 2040 Da-

1217 2062 1268 2094 vid
1292 2061 1507 2095 subsilientem
1520 2073 1552 2099 »;
1577 2061 1621 2093 sic
1645 2065 1675 2093 et
1699 2070 1855 2103 synagoga
1878 2061 2037 2093 Christum
2055 2061 2174 2103 patien-

1217 2118 1298 2154 tem,
1322 2118 1354 2148 et
1376 2114 1445 2147 ideo
1469 2113 1605 2156 perdidit
1628 2114 1749 2156 prolem
1773 2117 1805 2147 et
1828 2114 2044 2147 hereditatem.

1052 2247 1236 2280 CAPITULUM
1259 2247 1358 2280 XXIII.

333 2382 378 2416 De
401 2381 599 2416 accusatione
622 2380 740 2415 Christi
765 2380 916 2416 dicuntur
940 2380 1009 2416 duo.

283 2490 310 2520 1.
337 2489 378 2521 Et
399 2498 540 2531 surgens
557 2488 665 2520 omnis
681 2487 857 2520 multitudo
874 2497 990 2520 eorum
1006 2490 1064 2520 etc.
1082 2487 1153 2520 Post

191 2541 379 2584 descriptam
411 2541 724 2584 comprehensionem
749 2543 780 2574 et
812 2541 989 2574 illusionem
1014 2540 1065 2574 hic
1090 2543 1154 2574 ter-

264 2761 273 2776 ¹
294 2763 368 2789 Vers.
390 2763 429 2788 18.

264 2805 274 2820 2
294 2806 396 2832 Scilicet
414 2805 557 2833 ordinaria
578 2806 718 2840 (ex-Beda)
740 2807 765 2833 in
785 2808 847 2833 Luc.
866 2808 913 2840 22,
932 2808 975 2833 70.

264 2850 275 2865 ³
295 2851 371 2877 Vers.
390 2851 432 2877 33.
452 2854 478 2877 et
496 2851 593 2877 deiude
613 2851 655 2878 34.
675 2859 740 2885 seq.,
760 2852 784 2878 in
803 2859 857 2885 quo
876 2853 1004 2884 allegatur
1018 2853 1059 2878 Ps.
1074 2853 1116 2883 8¹,
1131 2853 1156 2878 6.

193 2895 242 2921 Pro
261 2894 324 2928 quia
345 2894 497 2929 blasphemo
517 2896 575 2922 Vat.
597 2903 657 2922 cum
679 2896 791 2928 Vulgata
811 2895 875 2931 quia
895 2896 1074 2930 blasphemas.
1104 2897 1156 2923 Ct'r.

194 2941 219 2966 S.
238 2940 350 2972 Bonav.,
370 2939 516 2966 Comment.
538 2941 563 2966 in
582 2942 651 2967 Ioan.
671 2948 694 2967 c.
717 2942 756 2967 10.
776 2949 801 2967 u.
822 2941 864 2967 44.
884 2949 958 2975 seqq.
977 2945 1002 2967 et
1021 2949 1047 2967 u.
1066 2941 1110 2967 56.

264 2983 276 2998 ⁴
296 2985 370 3011 Vers.
390 2986 421 3016 6;
440 2987 487 3011 cfr.
506 2992 587 3017 supra
605 2992 666 3018 pag.
698 2986 762 3017 191,
782 2989 843 3012 nota
864 2987 888 3011 2.
907 3000 943 3005 -
962 2985 1080 3012 Subinde
1098 2986 1156 3012 alle-

196 3031 290 3061 gantur
308 3029 385 3055 I‘rov.
404 3030 434 3061 9,
453 3029 480 3055 7.
499 3033 524 3056 ct
543 3030 567 3055 9.

265 3072 277 3088 ⁵
295 3074 365 3100 Ioan.
384 3075 414 3105 9,
434 3074 477 3100 36.
501 3077 527 3100 et
545 3074 592 3107 37,
612 3077 672 3106 post
689 3082 757 3108 quos
776 3075 847 3100 Ioan.
867 3074 897 3105 4,
917 3074 960 3099 25.
980 3077 1005 3099 et
1025 3073 1067 3100 26.

266 3117 278 3133 ⁸
295 3117 379 3145 Codd.
398 3118 480 3145 ACD
499 3118 621 3144 omittunt
638 3118 718 3145 enim.
736 3133 771 3138 —
790 3119 914 3152 Sequitur
932 3119 995 3144 Luc.
1014 3119 1063 3149 20,
1083 3118 1124 3143 20.

267 3161 277 3177 ⁷
297 3163 372 3189 Vers.
386 3163 428 3188 31.
447 3165 473 3188 et
491 3163 539 3194 33,
559 3162 604 3188 ubi
624 3170 672 3195 pro
691 3164 770 3197 ponet
790 3162 834 3196 (ita
853 3163 884 3195 G)
899 3162 982 3189 CDH
992 3162 1082 3196 ponit,
1097 3163 1154 3188 Vat.

195 3213 257 3233 cum
275 3206 388 3238 Vulgata
406 3206 532 3240 imponet.

266 3248 278 3264 ⁸
298 3250 372 3276 Vers.
392 3251 436 3276 63.
454 3257 510 3284 seq.
530 3253 555 3276 et
573 3251 670 3277 deinde
688 3258 714 3276 v.
735 3251 777 3276 65.

267 3292 279 3308 ⁹
297 3294 372 3320 Vei-s.
387 3295 434 3326 223
453 3296 500 3320 cfr.
519 3302 545 3320 v.
567 3295 608 3321 v¹3.
636 3298 662 3321 et
689 3294 733 3321 24.
751 3309 787 3314 -
805 3295 891 3321 Matth.
921 3295 969 3328 26,
998 3294 1041 3321 57.
1061 3297 1086 3321 et
1105 3294 1154 3325 67,

198 3338 272 3364 Marc.
294 3338 340 3369 -l4,
360 3338 404 3365 53.
425 3341 449 3364 et
468 3338 516 3370 655
535 3340 581 3365 cfr.
602 3340 628 3365 S.
649 3340 754 3371 Bouav„
773 3339 920 3366 Comment.
943 3340 967 3366 in
981 3341 1049 3366 Ioan.
1069 3346 1091 3365 c.
1113 3339 1154 3364 48.

197 3390 224 3408 n.
244 3382 287 3408 36.
306 3385 331 3409 et
352 3383 393 3408 43.

1216 2380 1298 2413 tio¹³
1323 2380 1473 2413 describit
1502 2381 1756 2414 accusationem.
1783 2381 1818 2414 Et
1849 2381 1996 2424 quoniam
2030 2381 2174 2415 Christus

1216 2437 1285 2467 erat
1308 2434 1340 2466 in
1364 2434 1532 2467 Ierusalem
1562 2438 1593 2467 et
1624 2437 1700 2467 tunc
1732 2438 1861 2468 venerat
1891 2434 1929 2467 de
1954 2434 2070 2468 finibus
2093 2434 2175 2468 Gali-

1217 2487 1302 2520 laeae
1316 2488 1354 2526 ¹⁴¹,
1379 2487 1448 2520 ideo
1471 2496 1545 2530 pars
1569 2488 1628 2521 ista
1644 2488 1739 2521 habet
1754 2488 1842 2521 duas.
1865 2489 1896 2520 In
1914 2497 2052 2530 quarum
2075 2488 2176 2530 prima
2196 2492 2285 2514 Divisio·

1217 2541 1322 2583 agitur
1345 2540 1384 2574 de
1400 2541 1598 2575 accusatione
1614 2541 1729 2575 Christi
1746 2551 1860 2575 eoram
1882 2541 2007 2581 Pilato,
2032 2542 2175 2584 praeside

1291 2762 1314 2778 ¹⁰
1334 2764 1409 2789 Yers.
1427 2763 1452 2788 7.
1473 2770 1527 2796 seq.
1547 2776 1582 2781 —
1603 2762 1719 2788 Subinde
1738 2762 1865 2793 allegatur
1885 2762 1946 2786 Luc.
1969 2761 1994 2791 9,
2014 2762 2055 2786 22.

1249 2809 1251 2811 “
1292 2807 1313 2822 ¹¹
1334 2808 1410 2833 Vers.
1431 2807 1487 2839 2-4,
1508 2806 1554 2832 ubi
1573 2805 1795 2839 propinat-imus
1814 2805 1863 2830 AC
1875 2805 1895 2829 D
1907 2805 1927 2829 G
1946 2804 2130 2830 aestimamus.

1291 2851 1313 2866 ¹2
1334 2853 1407 2877 Vers.
1429 2852 1474 2882 t6;
1494 2851 1556 2876 ibid.
1576 2858 1603 2876 v.
1623 2850 1763 2882 23:1gitur
1777 2849 1881 2879 Michol,
1896 2849 1961 2874 tiliae
1976 2849 2050 2879 Saul,
2069 2856 2120 2874 non
2140 2852 2180 2874 est

1220 2899 1295 2922 natus
1313 2897 1381 2922 tilius
1400 2903 1483 2928 usque
1502 2895 1527 2920 in
1548 2895 1618 2920 diem
1639 2894 1729 2919 mortis
1747 2900 1817 2919 suae.
1838 2893 1927 2918 Glossa
1941 2892 2082 2918 ordinaria
2103 2893 2129 2917 in
2149 2893 2177 2918 II.

1181 2953 1183 2955 ·
1219 2941 1285 2972 Reg.
1304 2941 1334 2972 6,
1355 2940 1403 2965 20:
1424 2939 1516 2969 David,
1536 2945 1597 2964 cum
1617 2944 1704 2963 arcam
1724 2938 1750 2962 in
1764 2937 1900 2962 Ierusalem
1921 2938 2082 2967 transferret,
2102 2943 2115 2961 a
2136 2937 2177 2961 Mi-

1218 2985 1277 3011 chol
1296 2984 1471 3010 subsannatus
1490 2986 1542 3013 est,
1563 2986 1587 3008 et
1606 2982 1734 3013 Christus,
1750 2988 1810 3006 cum
1831 2983 2012 3006 testamentum
2033 2987 2132 3006 novum
2152 2981 2177 3006 iu

1219 3029 1359 3054 Ecclesiam
1378 3034 1453 3053 suam
1483 3028 1640 3056 transferret,
1669 3025 1769 3051 Iudaeis
1789 3025 1814 3049 in
1843 3031 1921 3050 cruce
1941 3023 2083 3049 ludibrium
2105 3025 2177 3050 snit...

1219 3073 1331 3098 Ancillae
1349 3078 1487 3097 servorum
1508 3076 1648 3102 personam
1669 3072 1770 3101 gestant
1789 3069 1958 3100 sanctorum,
1972 3068 2037 3093 inter
2051 3075 2117 3101 quos
2131 3075 2178 3100 per

1218 3116 1304 3142 crucis
1322 3116 1485 3147 triumphum
1506 3114 1642 3145 gloriosior
1661 3113 1767 3138 effectus
1786 3115 1838 3144 est;
1858 3119 1937 3145 quem
1958 3112 2022 3137 dum
2042 3113 2133 3138 Michol
2147 3113 2178 3138 ir-

1218 3161 1299 3192 ridet,
1319 3159 1455 3191 gloriosior
1475 3158 1572 3183 ancillis
1591 3160 1714 3189 apparet,
1734 3163 1802 3189 quae
1822 3157 1846 3182 in
1875 3161 1938 3188 typo
1958 3163 2111 3188 synagogae
2130 3161 2177 3182 ste·

1218 3205 1271 3230 ritis
1290 3203 1440 3236 permansit.

1290 3247 1312 3262 ¹³
1331 3247 1381 3273 Csr.
1400 3252 1480 3279 supra
1500 3253 1522 3271 c.
1543 3246 1585 3271 22.
1605 3253 1631 3271 n.
1651 3245 1693 3271 59.

1289 3292 1311 3306 ¹⁴
1332 3292 1398 3317 Vide
1417 3298 1495 3322 supra
1516 3297 1538 3316 c.
1561 3289 1606 3321 ¹7,
1627 3290 1672 3314 tt:
1693 3290 1722 3315 Et
1740 3290 1837 3315 sactum
1856 3292 1907 3320 est,
1927 3289 1991 3315 dum
2013 3289 2061 3315 iret
2075 3289 2099 3315 in
2112 3290 2178 3316 Ieru-

1217 3338 1306 3369 salem,
1326 3335 1451 3362 transibat
1469 3342 1516 3367 per
1536 3334 1650 3360 mediam
1670 3334 1815 3360 Samariam
1835 3338 1860 3360 et
1879 3334 2027 3360 Galilaeam.
2050 3348 2084 3353 —
2098 3336 2178 3367 Supe-

1217 3382 1271 3408 rius
1290 3388 1338 3414 pro
1358 3382 1383 3407 et
1401 3382 1465 3407 timo
1484 3380 1543 3405 Vnt.
1562 3380 1586 3406 et
1605 3380 1703 3405 tamen.
