2427 3872
402 212 464 239 ΒΕΑ

112 262 200 286 nostra
219 262 258 285 est
276 265 324 290 per
337 257 564 291 participationem
577 264 592 283 a
606 258 677 283 fonte
694 256 753 282 bea-

112 304 229 331 titudinis
257 302 319 329 ibid.
338 316 373 322 —
391 304 480 328 nostra
500 304 539 327 est
566 301 593 327 in
621 308 653 327 eo
681 301 752 333 solo,

111 349 157 382 qui
175 347 254 374 habet
272 347 391 373 omnium
405 345 564 372 affluentiam
584 345 599 371 4
613 345 628 371 3
642 359 678 364 -
696 345 753 371 Non

111 399 254 426 possumus
273 390 416 417 beatificari
433 385 482 416 nisi
502 390 529 416 in
548 390 602 416 Deo
621 388 655 416 ib.
682 389 697 415 4
716 403 752 409 ·—-

111 439 138 464 ln
157 438 212 463 solo
231 437 285 462 Deo
299 437 369 462 fonte
382 435 584 461 immortalitatis
597 435 677 460 homo
691 433 753 460 bea-

111 482 224 509 tificatur
241 480 274 507 ib.
295 481 311 507 5
324 494 360 500 —-
372 480 443 506 Deus
461 482 501 505 est
513 478 648 505 beatitudo
668 478 752 504 homi-

112 527 153 553 nis
172 526 222 552 208
242 533 268 552 v.
290 525 322 551 ⁴7
342 539 377 544 —
396 525 516 550 hauritur
543 531 558 549 a
585 525 655 549 fonte
681 523 752 549 vitae

110 573 232 597 aeternae
251 570 303 595 555
323 570 348 601 2,
368 570 383 595 3
396 582 432 588 -
445 569 515 594 Deus
527 568 553 594 in
568 567 665 600 nuptiis
684 567 751 599 Agni

110 622 158 648 per
167 614 398 647 desponsationem
410 612 599 639 beatitudinem
607 610 752 637 communi-

68 672 71 674 -
111 662 153 686 cat
162 660 237 692 Agno
248 663 273 685 et
283 665 331 691 per
341 664 507 691 consequens
517 657 558 683 his
570 657 617 690 qui
629 655 663 682 ab
676 656 751 688 Agno

110 707 171 731 sunt
188 704 274 730 vocati
295 704 304 728 ⁴
330 704 346 729 2
364 716 401 722 -—
420 702 478 728 Vita
498 701 574 728 beata
603 703 644 727 est.
661 700 685 726 in
706 701 751 726 Dei

110 749 277 776 adhaerentia
297 748 341 774 Vll
361 747 412 773 274
432 746 466 772 72

163 807 199 813 -
211 796 250 819 051
264 792 392 825 gaudium
405 791 440 818 de
458 791 568 817 veritate
587 790 629 816 Vll
644 789 695 816 297
709 789 753 815 62.

111 838 161 864 409
183 838 214 864 19
233 851 270 857 -
288 837 405 863 consistit
423 836 448 862 in
468 836 579 861 veritate
597 835 686 861 divina
702 833 753 860 409

111 883 144 908 49
165 896 199 901 —
217 882 335 908 consistit
354 881 380 907 in
399 881 501 907 visione
515 880 560 906 Dei
574 882 702 913 quantum
719 879 753 904 ad

110 927 249 953 essentiam
269 927 310 952 vel
329 929 458 959 quantum
471 925 504 951 ad
519 931 611 951 omnes
626 930 753 956 personas

111 972 144 998 Vl
170 971 221 997 496
248 971 276 997 ⁴⁴
308 970 336 997 2·
364 985 400 989 -
428 970 499 996 Beati
523 968 754 1002 comprehendunt

110 1016 194 1043 Deum
213 1023 261 1049 per
279 1018 397 1048 apertam
417 1015 548 1041 visionem
567 1014 619 1040 250
642 1014 673 1039 ⁴6
694 1012 723 1039 2·

162 1075 198 1080 —-
216 1063 305 1087 nostra
324 1063 363 1086 cst
390 1066 438 1092 per
466 1058 599 1085 bonorum
619 1064 752 1091 possesso-

109 1113 169 1132 rum
188 1104 409 1131 interminabilem
424 1104 590 1130 durationem
604 1103 637 1129 Vl
653 1102 668 1129 4
688 1102 704 1128 5
716 1116 753 1121 —

110 1152 210 1183 Status,
229 1150 275 1183 qui
294 1149 362 1175 finiri
387 1151 489 1182 potest,
509 1147 604 1174 beatus
627 1154 680 1173 non
698 1150 751 1178 est,

109 1195 157 1222 sed
176 1194 298 1221 miseriae
326 1193 445 1220 subiacet
468 1191 529 1219 ibid.
549 1206 585 1212 -—-
612 1193 752 1218 Beatorum

109 1239 204 1266 laetitia
223 1242 263 1266 est
280 1241 385 1266 aeterna
410 1237 473 1264 ibid.
491 1251 527 1257 --—
546 1237 688 1263 Beatorum
707 1236 753 1262 im-

110 1284 254 1311 mortalitas
272 1286 312 1309 est
329 1283 383 1309 vita
402 1282 516 1315 gloriosa
538 1282 589 1307 ⁴26
609 1288 636 1307 V.
657 1280 672 1306 4

164 1343 199 1348 —
218 1331 307 1355 nostra
326 1331 365 1354 est
383 1334 432 1360 pet·
456 1326 590 1352 bonorum
609 1332 753 1358 congrega-

110 1376 198 1400 torum
227 1372 393 1406 tranquillam
421 1371 618 1404 possessionem
646 1370 686 1397 Vl.
701 1369 715 1396 4
737 1369 752 1395 4

109 1433 145 1439 -
163 1418 219 1445 5100
238 1425 304 1451 pace
317 1424 376 1444 esse
389 1424 442 1443 non
455 1419 542 1449 potest
555 1414 617 1442 ibid.
631 1429 666 1434 —
681 1415 749 1441 Beati

109 1466 171 1489 sunt
189 1463 214 1489 in
234 1469 300 1495 pace
319 1462 366 1488 62⁴
391 1462 407 1487 2

162 1521 199 1527 —
217 1507 307 1534 Nullus
325 1506 418 1533 beatus
431 1512 489 1532 esse
502 1507 588 1537 potest
601 1504 625 1530 in
640 1503 752 1530 miseriis

109 1553 142 1579 Vl
162 1553 196 1579 36
215 1560 243 1586 q.
264 1553 289 1577 2.
309 1553 325 1578 f.
346 1553 361 1577 2
382 1565 416 1570 -
435 1550 503 1576 Felix
517 1550 586 1576 nulla
601 1548 696 1575 malitia
711 1548 751 1574 vel

109 1597 215 1624 miseria
236 1597 387 1623 molestatur
403 1596 436 1621 39
457 1602 484 1628 q.
504 1595 519 1620 3
538 1608 573 1613 —
592 1593 663 1619 Beati
681 1593 752 1626 qnie-

109 1645 185 1669 scunt
203 1642 229 1668 in
257 1642 311 1668 Deo
338 1641 388 1666 ⁴28
408 1647 435 1666 v.
454 1640 469 1665 9
488 1653 524 1660 —
543 1639 569 1665 ln
591 1637 752 1664 beatitudine

110 1690 150 1713 est
168 1687 244 1720 quies
262 1689 288 1712 et
306 1685 473 1718 refrigerium
492 1684 542 1709 ⁴⁴8
556 1690 581 1708 v.
597 1683 606 1708 ⁴
625 1697 661 1702 —
673 1682 752 1715 Quies

109 1734 232 1758 aeternae
244 1730 413 1757 iucunditatis
431 1729 527 1755 dicitur
547 1726 691 1753 Sabbatum
709 1727 752 1752 Vll

110 1776 162 1802 586
182 1777 215 1802 69
234 1790 270 1809 ,-
288 1775 359 1801 Beati
385 1781 438 1800 non
465 1773 598 1806 patiuntur
616 1772 751 1797 incursum

110 1817 258 1847 tentationis
276 1826 325 1846 nec
343 1825 494 1852 pressuram
514 1816 687 1844 tribulationis
703 1822 753 1841 nec

110 1865 257 1898 periculum
275 1871 385 1890 occasus
403 1863 437 1889 vt
457 1863 508 1888 622
529 1862 545 1888 5

164 1923 200 1929 —
219 1909 269 1935 erit
287 1909 343 1934 sine
370 1907 516 1934 defectione
543 1905 690 1932 refectionis
710 1906 752 1931 Vll

110 1954 163 1980 325
183 1954 216 1980 56
235 1967 272 1973 —
290 1954 317 1979 ln
337 1951 499 1978 beatitudine
517 1953 557 1976 est
575 1950 682 1976 refectio
696 1950 752 1976 sine

110 1999 213 2025 defectu
232 2000 258 2024 et
276 1998 332 2023 sine
351 1996 454 2023 fastidio
474 1996 525 2022 369
545 1995 580 2021 35
598 1995 674 2020 —ln
693 1993 753 2021 bea-

109 2042 222 2069 titudine
252 2041 414 2074 promittitur
449 2040 616 2073 participatio
647 2039 752 2066 divinae

110 2087 254 2120 potestatis,
282 2089 377 2119 gustus
404 2085 511 2112 divinae
538 2084 674 2115 bonitatis,
694 2090 753 2110 con·

109 2131 243 2164 templatio
261 2131 369 2157 divinae
396 2130 513 2156 veritatis
536 2132 561 2156 et
589 2129 693 2156 duratio
711 2135 752 2154 ae-

109 2176 236 2203 ternitatis
256 2176 307 2202 ⁴47
327 2176 359 2202 49
380 2190 414 2194 —
434 2176 459 2201 ln
473 2174 636 2201 beatitudine
648 2177 688 2200 est
700 2173 753 2199 lon-

110 2221 203 2253 gitudo
222 2221 388 2253 aeternitatis,
407 2220 517 2246 latitudo
531 2219 661 2251 bonitatis,
674 2217 753 2244 subli-

110 2265 188 2292 mitas
205 2266 341 2298 potestatis
368 2268 394 2291 et
421 2264 586 2298 profunditas
609 2262 753 2296 sapientiae

110 2310 167 2337 sive
185 2310 302 2336 veritatis
321 2309 384 2337 ibid.
402 2323 438 2329 —
465 2310 554 2335 Partes
582 2307 752 2334 beatitudinis

111 2357 172 2382 sunt
203 2355 332 2387 gaudium
362 2354 470 2381 interius
499 2354 616 2384 animae,
645 2352 752 2378 infe-rius

111 2400 239 2433 corporis,
252 2400 365 2426 exterius
377 2399 516 2432 societatis,
535 2397 657 2430 superius
675 2397 753 2423 visio-

110 2444 151 2471 nis
170 2444 221 2471 ⁴59
242 2445 274 2470 89

163 2503 199 2509 —
219 2489 288 2515 Beati
316 2495 370 2515 non
395 2487 529 2521 rogabunt
547 2490 575 2513 ut
595 2486 751 2518 indigentes,

111 2534 158 2561 sed
182 2534 220 2560 eis
248 2533 281 2560 ad
310 2529 402 2559 votum
430 2536 524 2559 cuncta
552 2531 699 2558 succedunt
717 2531 750 2557 Vl

112 2579 163 2605 463
183 2578 217 2604 34
235 2592 272 2598 —
290 2578 360 2604 Beati
379 2580 490 2609 regnant
517 2576 605 2603 dando
624 2575 751 2601 beneficia

113 2624 162 2649 ⁴28
182 2631 208 2649 v.
229 2624 244 2648 8
262 2637 298 2642 —
316 2622 387 2649 Beati
405 2621 504 2648 habent
521 2622 604 2647 multa
617 2620 685 2646 bona
700 2621 751 2646 126

111 2675 139 2694 v.
170 2668 185 2694 4
216 2682 252 2686 —
278 2667 351 2693 Beati
379 2667 467 2699 magni
501 2670 562 2692 sunt
592 2666 617 2692 in
645 2666 752 2692 caritate

112 2712 163 2738 522
183 2714 211 2739 21
235 2727 270 2731 -
288 2712 360 2738 Beati
379 2714 440 2738 sunt
464 2711 578 2737 maiores
605 2710 752 2737 viatoribus

110 2757 210 2783 ratione
229 2752 312 2783 status
333 2757 374 2783 Vll
396 2756 447 2782 ⁴79
466 2756 499 2782 53

164 2815 200 2821 —
218 2801 289 2827 Beati
308 2804 368 2834 post
395 2801 614 2827 resurrectionem
633 2800 751 2827 renovati

111 2853 216 2874 sursum
236 2846 344 2872 tendent
362 2848 388 2872 et
415 2852 521 2878 semper
549 2852 610 2871 cum
639 2845 753 2871 Domino

111 2891 202 2917 vivent
222 2891 263 2917 Vll
284 2890 335 2916 448
354 2891 388 2916 62
407 2905 442 2909 -
456 2890 534 2916 Electi
553 2889 753 2922 congregabun-

112 2937 154 2961 tur
173 2935 207 2961 ad
226 2934 359 2961 Christum
378 2935 445 2961 sicut
463 2935 497 2961 ad
522 2941 586 2961 suae
604 2934 753 2961 refectionis

111 2979 300 3006 abundantiam
330 2986 378 3012 per
408 2979 621 3006 ardentissimum
653 2979 754 3005 deside-

111 3024 196 3056 rium,
214 3024 429 3057 limpidissimum
448 3024 602 3056 contuitum,
622 3023 753 3055 sapidissi-

112 3075 186 3094 mum
207 3071 314 3100 gustum
340 3071 366 3094 et
393 3071 496 3094 motum
520 3068 618 3093 amoris
645 3068 754 3093 excessi-

113 3119 177 3138 vum
198 3112 249 3138 447
268 3112 302 3138 62
327 3125 363 3131 -
389 3112 460 3137 Beati
487 3115 548 3137 sunt
565 3118 627 3137 cum
649 3111 752 3138 Christo

113 3163 161 3188 per
173 3156 315 3188 gloriosam
334 3155 555 3182 cohabitationem
564 3156 596 3181 vl
608 3155 661 3181 476
674 3155 707 3181 43
717 3169 753 3175 —

781 168 818 200 IN
840 167 1132 201 COMMENTARIOS
1156 170 1185 201 S.
1211 169 1436 203 SCRIPTURAE

843 270 879 276 —
889 256 958 282 Beati
973 257 1001 282 in
1011 257 1054 283 die
1068 257 1157 283 iudicii
1171 258 1254 284 Deum
1269 264 1432 291 cognoscunt

789 303 815 326 et
827 300 960 327 Christum
981 304 1071 333 aperte
1091 302 1182 328 vident
1196 303 1227 328 Vl
1244 303 1289 329 ⁴3⁴
1310 311 1334 329 v.
1350 305 1383 329 48
1397 318 1432 323 -

789 345 861 370 Beati
889 345 978 371 omnia
1007 345 1138 372 videbunt
1163 347 1231 373 clare
1261 347 1312 373 463
1339 348 1372 373 34
1397 362 1432 367 -

789 389 860 415 Beati
879 389 1009 416 videbunt
1028 390 1166 416 damnatos
1185 391 1236 417 369
1257 391 1291 417 75
1310 406 1344 410 ——
1368 393 1430 418 Boni

789 440 842 459 non
861 437 973 465 possunt
998 434 1024 460 in
1050 435 1172 461 tenebras
1200 439 1370 467 peccatorum
1390 437 1431 462 de-

789 478 917 504 scendere
942 485 990 504 nec
1016 479 1127 505 transire
1145 479 1179 505 ad
1200 480 1339 506 damnatos
1358 488 1431 513 prae-

789 522 884 548 stando
913 523 1016 554 pietatis
1044 524 1170 549 auxilium
1199 524 1241 550 Vll
1272 522 1323 551 423
1344 525 1377 550 56
1398 540 1430 544 -

789 566 852 592 Boni
872 574 924 592 non
944 570 1054 599 possunt
1067 568 1176 594 transire
1188 569 1222 594 ad
1242 569 1325 595 malos
1344 569 1432 595 iuvan-

789 611 847 642 dos,
866 615 978 643 possunt
990 614 1077 638 tamen
1095 612 1129 638 ad
1142 613 1358 645 contemplandos
1371 612 1432 640 ibid.

789 669 824 673 ——
843 655 913 681 Beati
932 656 1088 682 rectitudine
1107 657 1218 683 iustitiae
1237 659 1433 690 constringente

790 700 858 725 nulla
877 700 911 726 ad
931 700 1060 733 reprobos
1089 703 1272 734 compassione
1293 706 1432 729 moventur

789 743 852 770 ibid.

843 803 878 807 —
897 790 1015 816 succedit
1042 791 1099 823 spei
1129 791 1172 816 Vll
1202 791 1253 817 287
1279 792 1312 817 33
1338 806 1373 810 -
1392 792 1431 818 Ad

791 832 980 860 beatitudinem
1009 838 1141 861 aeternam
1171 836 1257 862 nullus
1285 837 1356 863 venit
1383 837 1431 863 nisi

791 885 839 910 per
858 879 1067 913 misericordiam
1087 880 1133 906 Dei
1154 881 1204 906 368
1225 881 1254 906 31

843 936 879 941 —-
897 923 1018 955 Cognitio
1038 924 1082 950 Dei
1107 931 1155 956 per
1183 925 1262 951 fldem
1294 927 1431 952 formatam

790 970 829 993 est
847 967 1006 1000 principium
1026 971 1051 994 et
1070 976 1148 995 causa
1168 968 1337 996 beatitudinis
1355 970 1382 996 in
1397 972 1432 996 fu-

790 1015 849 1038 turo
869 1012 902 1038 Vl
931 1012 983 1038 205
1008 1020 1036 1039 r.
1064 1014 1078 1038 3
1098 1027 1134 1032 ——
1152 1014 1229 1040 Fides
1256 1014 1387 1040 beatificat
1406 1015 1431 1041 in

789 1063 837 1088 spe
851 1057 902 1082 430
916 1064 942 1083 v.
957 1057 989 1083 ⁴4
1009 1072 1044 1076 —-
1063 1059 1248 1092 consequenda
1268 1066 1315 1091 per
1340 1059 1430 1085 merita

790 1101 860 1133 ndei,
879 1108 927 1134 per
940 1101 1014 1128 liberi
1036 1102 1135 1128 arbitrii
1150 1104 1362 1136 cooperationem
1377 1105 1429 1130 328

790 1146 833 1177 60,
853 1147 881 1172 61
906 1161 941 1165 -
961 1147 1032 1173 Beati
1060 1150 1137 1173 erunt
1155 1148 1199 1181 qui
1220 1148 1316 1174 habent
1335 1149 1430 1181 iidem,

790 1191 955 1217 dilectionem
975 1196 999 1218 et
1019 1192 1212 1224 operationem,
1231 1194 1367 1219 veritatem
1387 1201 1430 1220 au-

789 1236 898 1269 dientes,
917 1237 1056 1269 diligentes
1068 1240 1094 1263 et
1107 1238 1230 1264 facientes
1250 1239 1293 1264 Vll
1314 1239 1364 1265 297
1386 1240 1429 1271 62,

791 1281 822 1306 63
843 1296 878 1299 -
898 1281 1082 1307 Beatilicantur
1101 1282 1127 1307 in
1153 1283 1286 1315 Scriptura
1311 1290 1363 1309 non
1391 1291 1430 1310 so-

789 1325 844 1351 lum
864 1325 1015 1358 credentes,
1035 1326 1082 1352 sed
1107 1326 1186 1352 etiam
1206 1330 1356 1359 sperantes,
1375 1328 1430 1353 dili-

790 1373 893 1402 gentes,
913 1370 1050 1402 titnentes,
1069 1375 1222 1403 operantes,
1236 1372 1392 1398 sustinentes
1405 1376 1430 1398 et

789 1415 995 1447 contemplantes
1014 1416 1047 1440 30
1068 1415 1101 1441 84
1120 1429 1155 1434 -—
1168 1416 1262 1442 Beatus
1276 1420 1315 1442 est
1334 1417 1429 1449 omnis,

789 1459 834 1492 qui
854 1459 928 1485 audit
946 1463 972 1485 et
990 1459 1081 1485 obedit
1101 1460 1152 1485 297
1172 1461 1205 1485 62

824 1518 859 1522 -
878 1504 1020 1537 acquiritur
1045 1511 1093 1536 pet·
1117 1504 1297 1531 tribulationes
1316 1506 1349 1532 vt
1378 1506 1427 1532 ⁴27

789 1555 814 1574 v.
835 1549 851 1574 5
870 1563 905 1566 —
924 1549 1040 1581 Diligens
1068 1549 1192 1575 iustitiam
1222 1557 1236 1575 a
1256 1550 1310 1576 Deo
1329 1549 1430 1576 beatisi-

789 1595 862 1618 catur
882 1593 932 1618 410
952 1601 977 1619 ν.
1003 1595 1008 1619 l

841 1651 877 1657 —
896 1638 968 1664 Beati
986 1642 1047 1665 sunt
1065 1642 1174 1671 propter
1202 1640 1325 1666 meritum
1354 1640 1430 1666 casti-

788 1683 848 1709 tatis
867 1684 910 1709 Vll
939 1684 967 1709 31
993 1684 1021 1710 91
1054 1697 1090 1703 -
1115 1685 1187 1710 Beati
1215 1688 1275 1710 sunt
1299 1691 1431 1717 pauperes

790 1727 840 1753 148
861 1728 903 1761 50,
924 1728 952 1753 51
976 1743 1012 1746 -
1032 1729 1177 1755 esurientes
1195 1729 1320 1755 iustitiam
1341 1729 1374 1755 ib.
1395 1730 1429 1755 52

789 1786 823 1790 —
847 1773 938 1798 flentes
964 1773 1014 1798 149
1044 1773 1077 1799 53
1105 1787 1141 1793 —
1168 1774 1297 1806 patientes
1322 1777 1431 1806 propter

788 1823 885 1843 nomen
905 1817 1001 1844 Christi
1019 1817 1054 1844 ib.
1073 1817 1107 1844 54

795 1898 797 1901 ι
841 1876 876 1881 -
894 1863 965 1888 solae
984 1866 1170 1895 proponuntur
1182 1864 1313 1895 perfectis,
1333 1863 1431 1896 imper-

789 1907 861 1932 fectis
880 1913 944 1932 vero
964 1914 1025 1933 cum
1044 1907 1295 1934 comminationibus
1315 1908 1358 1934 Vll
1380 1908 1429 1933 152

789 1951 822 1976 62
840 1965 877 1970 -
904 1955 1006 1984 septem
1035 1952 1196 1978 concordant
1223 1955 1325 1985 septem
1354 1953 1430 1979 donis

789 1996 902 2028 Spiritus
920 1996 1003 2023 sancti
1021 1995 1084 2023 ibid.
1096 2010 1133 2016 -—
1145 1999 1259 2029 quatuor
1271 1997 1431 2029 respondent

788 2045 902 2074 quatuor
927 2040 1069 2067 virtutibus
1097 2040 1274 2067 cardinalibus
1301 2040 1365 2068 ibid.
1395 2055 1430 2060 —-

787 2089 902 2119 quatuor
926 2085 999 2118 apud
1026 2086 1124 2112 Lucam
1153 2086 1285 2112 continent
1302 2086 1366 2112 alias
1383 2086 1430 2111 im-

788 2130 876 2162 plicite
894 2129 928 2156 ib.
948 2131 980 2156 63

841 2189 878 2194 —
895 2175 967 2201 Beati
985 2175 1030 2208 qui
1050 2182 1098 2207 per
1122 2175 1202 2201 fidem
1231 2174 1364 2201 Christum
1393 2175 1430 2200 vi-

788 2220 885 2246 derunt
903 2222 928 2245 et
946 2220 1087 2246 audierunt
1105 2219 1131 2245 in
1149 2219 1193 2245 via
1214 2220 1255 2245 Vll
1275 2220 1326 2245 266
1348 2219 1381 2245 42
1394 2233 1430 2239 -

789 2264 944 2295 Beatissimi,
963 2264 1008 2298 qui
1037 2264 1168 2290 Christum
1193 2263 1322 2290 videbunt
1339 2264 1367 2289 in
1386 2270 1430 2296 pa-

789 2309 836 2335 tria
862 2308 923 2335 ibid.
951 2323 987 2327 ——
1015 2309 1086 2334 Beati
1111 2309 1157 2342 qui
1182 2308 1272 2334 vident
1297 2308 1429 2335 Christum

790 2353 840 2379 ⁴78
860 2353 893 2379 50

841 2398 985 2424 ΒΕΕιΖεΒυΒ
1004 2412 1039 2416 --
1059 2400 1114 2423 erat
1128 2397 1226 2423 idolum
1241 2398 1371 2424 famosum
1385 2398 1428 2423 Vll

789 2442 840 2468 289
861 2442 894 2468 40
918 2456 954 2462 -
979 2443 1005 2468 10
1025 2442 1082 2468 0105
1109 2442 1249 2468 simulacro
1277 2442 1430 2468 asserebant

788 2487 877 2513 ludaei
904 2487 1050 2519 principem
1079 2487 1279 2513 daemoniorum
1311 2486 1430 2513 habitare

788 2532 840 2557 290
860 2531 893 2557 40
912 2545 949 2551 -
966 2535 1022 2557 erat
1050 2538 1147 2557 nomen
1166 2525 1351 2562 ridiculosum,
1375 2539 1430 2565 quo

788 2583 803 2601 a
822 2576 924 2602 ludaeis
943 2575 1103 2608 vocabatur,
1122 2579 1147 2602 et
1165 2579 1241 2602 sonat
1260 2576 1301 2602 vir
1329 2583 1430 2602 musca-

788 2628 848 2647 rum
868 2620 930 2647 ibid.

843 2666 892 2692 Bm.
910 2680 946 2685 —
971 2666 1088 2692 Statuam
1113 2665 1165 2692 Beli
1195 2666 1292 2691 mortui
1320 2665 1429 2699 quidam

789 2713 817 2736 ut
830 2711 913 2736 Deum
926 2711 1012 2737 colere
1026 2713 1171 2743 coeperunt
1182 2710 1291 2736 nomine
1304 2710 1356 2742 Bel,
1370 2710 1430 2736 Baal

789 2756 830 2781 vel
849 2754 999 2782 Beelzebub
1020 2756 1051 2781 vt
1072 2756 1123 2781 200
1144 2761 1170 2781 v.
1191 2755 1224 2781 ⁴5

842 2801 944 2827 Beuum
963 2815 998 2820 —
1016 2804 1056 2826 est
1073 2803 1162 2827 contra
1186 2800 1352 2826 adversarios
1370 2800 1431 2825 infe-

788 2848 886 2871 stantes
905 2845 938 2871 Vl
959 2845 988 2871 3⁴
1012 2852 1039 2870 v.
1060 2845 1074 2870 8
1094 2858 1130 2864 —
1148 2848 1187 2870 est
1215 2845 1248 2870 ad
1269 2843 1430 2876 incorrigibi-

789 2890 827 2915 les
846 2890 880 2915 32
900 2897 927 2915 v.
947 2890 962 2915 8
982 2903 1017 2908 —-
1036 2889 1134 2915 Bellare
1159 2891 1199 2914 est
1223 2888 1326 2914 virtutis
1345 2887 1430 2913 irasci-

790 2933 849 2960 bilis
867 2934 897 2959 3l
921 2941 949 2959 v.
967 2933 983 2959 7
1264 2955 1267 2956 ν

842 2992 878 2997 -
897 2980 926 3004 ut
952 2977 985 3003 sit
1007 2977 1121 3007 licitum,
1146 2979 1250 3008 oportet
1272 2975 1345 3009 quod
1370 2982 1430 3000 con-

789 3025 878 3048 currat
902 3022 1062 3048 conveniens
1085 3028 1197 3053 persona
1226 3023 1251 3045 et
1277 3027 1356 3046 causa
1386 3020 1428 3045 Vll

789 3066 823 3093 77
843 3066 877 3092 34
895 3079 931 3085 -
949 3072 1033 3097 agens
1051 3065 1131 3091 dehet
1149 3071 1208 3090 esse
1232 3064 1314 3090 laicus
1332 3066 1357 3089 et
1376 3070 1430 3089 sae-

789 3111 898 3142 cularis,
917 3117 969 3136 non
997 3109 1107 3135 clericus
1135 3109 1177 3134 vel
1205 3108 1345 3140 religiosus
1363 3106 1426 3134 ibid.

787 3168 825 3175 -
842 3155 960 3181 indicens
978 3153 1058 3180 debet
1071 3153 1174 3186 ‚hahere
1193 3156 1347 3185 potestatem
1367 3151 1428 3178 ibid.

113 3199 185 3226 Beati
197 3206 290 3225 omnes
302 3202 436 3226 suntcum
448 3199 551 3226 Christo
569 3200 671 3225 ratione
683 3206 753 3226 com·
786 3213 824 3220 —
843 3199 914 3232 quod
942 3199 1042 3231 geritur
1070 3194 1178 3230 'propter
1206 3197 1316 3229 gloriam
1345 3196 1430 3223 homi-

114 3244 201 3270 munis
229 3243 318 3275 gaudii
347 3243 398 3269 477
418 3243 452 3269 46
471 3258 505 3263 -
528 3243 599 3269 Beati
618 3244 645 3269 in
672 3246 753 3269 aeter·
789 3250 869 3276 num,
888 3243 930 3269 vel
949 3243 1094 3269 vindictam
1119 3246 1158 3268 est
1177 3242 1293 3267 illicitum
1313 3240 1375 3267 ibid.
1394 3255 1430 3260 —

113 3295 177 3314 num
197 3288 313 3320 gaudent
331 3288 365 3314 de
384 3288 467 3320 gloria
485 3287 579 3314 Christi
600 3287 650 3313 463
671 3288 703 3313 33
717 3301 752 3307 -
789 3291 828 3314 est
846 3288 944 3314 licitum
964 3295 1013 3320 pro
1041 3288 1119 3313 tutela
1148 3287 1261 3320 patriae,
1280 3286 1322 3311 vel
1342 3286 1428 3317 pacis,

114 3332 185 3358 Beati
203 3332 364 3359 delectantur
381 3332 479 3358 lumine
498 3332 592 3359 Christi
610 3332 662 3358 536
682 3333 698 3358 2

789 3332 831 3358 vel
850 3332 912 3359 ndei
931 3331 992 3359 ibid.

2049 177 2111 208 677

1767 219 1827 244 BEN

1523 274 1559 280 —-
1578 262 1732 288 Bellantiurn
1753 263 1908 295 improbitas
1928 272 1979 289 non
2005 269 2042 290 est
2064 267 2112 290 for·

1471 305 1593 331 midanda
1614 306 1677 332 viris
1698 307 1778 338 iustis,
1798 308 1842 340 qui
1873 315 1920 339 per
1941 309 2037 340 proclia
2060 316 2110 335 000

1470 350 1585 380 perdunt
1603 351 1675 383 quod
1704 355 1792 377 amant
1820 353 1860 378 Vll
1881 353 1932 378 525
1957 353 1986 378 15
2006 367 2041 372 -
2061 361 2110 379 non

1471 394 1627 420 formidatur
1640 402 1653 420 a
1675 396 1737 421 viris
1757 396 1830 422 iustis
1852 396 1913 422 ibid.
1927 411 1962 416 —
1975 405 2026 422 000
2051 403 2110 423 sunt

1471 438 1562 463 nociva
1583 439 1656 464 iustis
1675 444 1699 464 et
1719 444 1779 466 sunt
1799 445 1946 473 opportuna
1962 442 2012 467 526
2032 442 2061 467 15
2076 457 2108 461 ——

1470 484 1613 513 corporalia
1634 490 1739 515 semper
1759 486 1862 510 fuerunt
1882 490 1907 511 et
1920 490 2003 517 erunt,
2017 494 2111 519 quarn-

1470 526 1515 552 diu
1535 531 1627 558 regnat
1647 529 1856 560 concupiscentia
1878 529 1938 555 ibid.
1958 544 1992 549 -—
2007 532 2110 562 permit-

1470 573 1558 596 tuntur
1572 579 1585 596 a
1601 572 1710 598 Domino
1725 573 1757 598 ad
1771 573 1970 600 subversionem
1982 576 2111 601 malorum

1470 618 1495 640 et
1513 616 1724 642 exercitationem
1751 616 1880 643 bonorum
1910 618 1972 644 ibid.
2006 619 2066 645 Vide
2086 627 2109 645 ²1.

1470 659 1659 686 Ilomiairlium.
1689 675 1722 679 —
1751 669 1802 688 non
1828 668 1888 688 sunt
1916 664 2022 695 signum
2053 665 2110 690 ilnis

1471 704 1562 729 mundi
1581 704 1643 730 ibid.

1523 762 1558 767 —
1590 750 1642 775 Rex
1672 750 1774 783 triplex,
1804 759 1865 777 01110
1895 760 1948 785 quo
1978 753 2112 784 tripliciter

1470 794 1642 819 committitur
1667 793 1762 820 bellum
1795 796 1835 821 vlt
1866 797 1916 822 378
1943 797 1984 822 61.
2005 798 2056 823 380
2076 798 2109 823 62

1471 851 1505 855 —
1524 844 1584 863 cum
1605 840 1668 870 rege
1687 839 1829 872 superbiae
1842 842 1981 867 committit
2000 843 2044 874 qul
2060 842 2109 867 dis·
2151 857 2153 859 v

1470 883 1547 908 sentit
1558 882 1591 908 ab
1606 883 1662 914 ipso
1677 891 1724 916 per
1737 885 1924 916 poenitentiam
1936 886 1970 912 de
1983 887 2110 918 peccatis;

1470 933 1531 952 cum
1551 934 1614 959 rege
1634 928 1759 959 iustitiae,
1779 929 1824 962 qui
1845 931 1900 955 xult
1921 931 1945 955 in
1966 936 2108 962 conspectu

1470 971 1516 996 Dei
1535 978 1563 997 se
1583 972 1723 998 iustificare
1742 980 1789 1005 per
1811 974 1994 1000 confidentiam
2009 975 2042 1001 de
2057 983 2110 1002 mc-

1469 1015 1539 1047 ritis3
1559 1023 1620 1042 cum
1639 1024 1703 1049 rege
1723 1018 1918 1049 providentiae,
1932 1020 1976 1052 qui
1992 1027 2020 1045 se
2035 1024 2109 1051 parat

1469 1060 1502 1086 ad
1522 1061 1671 1087 conflictum
1686 1062 1825 1094 patientiae
1839 1063 1863 1088 in
1879 1064 1987 1095 flagellis
2001 1064 2051 1090 378
2066 1065 2110 1090 61.

1469 1105 1520 1130 380
1540 1105 1574 1130 64
1601 1119 1637 1125 -
1661 1110 1750 1132 contra
1779 1107 1913 1133 diabolum
1939 1109 2109 1134 committitur

1468 1156 1515 1181 per
1533 1157 1614 1182 opera
1628 1151 1753 1176 virtutum
1767 1155 1793 1177 et
1806 1151 2001 1178 observantiam
2016 1153 2109 1179 decem

1469 1194 1652 1220 mandatorum
1673 1195 1818 1221 resistendo
1832 1196 1900 1221 vitiis
1913 1197 2041 1229 oppositis
2057 1198 2107 1223 379

1468 1238 1501 1263 62
1522 1253 1556 1256 —
1576 1240 1600 1264 ln
1621 1238 1688 1265 bello
1708 1246 1768 1265 0010
1789 1239 1894 1266 diabolo
1923 1248 1975 1266 non
2004 1246 2041 1267 est
2072 1244 2111 1268 fu-

1467 1283 1594 1314 giendum
1614 1290 1662 1309 nec
1680 1284 1826 1310 timendum
1847 1289 1955 1317 propter
1969 1287 2109 1312 multitudi-

1468 1334 1527 1352 nem
1547 1328 1690 1360 exercitus,
1710 1329 1758 1354 sed
1786 1329 1975 1356 confidendum
1996 1331 2021 1356 in
2042 1332 2110 1356 auxi-

1468 1371 1501 1397 lio
1521 1372 1566 1397 Dei
1587 1371 1650 1398 ibid.

1520 1430 1555 1435 —
1586 1417 1758 1443 committitur
1790 1425 1849 1443 cum
1882 1426 1945 1450 rege
1977 1420 2088 1445 iustitiae
2104 1439 2110 1449 ,

1467 1461 1601 1486 offerendo
1626 1468 1707 1493 opera
1733 1463 1825 1488 decem
1852 1463 2036 1489 mandatorum
2067 1465 2109 1489 Vll

1468 1505 1519 1530 379
1539 1505 1572 1530 63
1592 1519 1627 1524 -
1646 1506 1785 1532 committit
1805 1513 1865 1532 0001
1885 1514 1948 1539 rege
1968 1508 2107 1539 providen-

1467 1549 1518 1575 tiae
1546 1556 1607 1575 cum
1640 1550 1732 1576 decem
1762 1551 1877 1577 millibus
1905 1552 1950 1585 qni
1980 1553 2034 1578 vult
2060 1560 2108 1584 pro

1467 1593 1569 1620 Christo
1589 1595 1717 1621 sustinere
1737 1602 1834 1627 magua
1854 1599 1879 1621 et
1899 1597 1980 1621 multa
2000 1596 2062 1623 ibid.
2076 1612 2110 1616 —

1468 1639 1518 1671 Qui
1536 1646 1612 1664 suam
1631 1640 1798 1671 recognoscit
1817 1640 1993 1666 infirmitatem
2014 1641 2047 1666 ad
2061 1649 2110 1674 pu-

1468 1690 1548 1715 gnam
1573 1684 1675 1716 quaerit
1703 1691 1761 1709 cam
1781 1685 1913 1710 declinare
1932 1686 2058 1711 mittendo
2079 1687 2111 1712 le-

1469 1728 1602 1759 gationem
1622 1727 1657 1754 ib.
1675 1728 1709 1754 64
1728 1742 1764 1748 -
1780 1729 1829 1754 Pro
1849 1730 1999 1762 repellenda
2020 1737 2108 1762 pugna

1469 1773 1640 1798 tentationum
1672 1773 1743 1805 regis
1771 1773 1924 1805 superbiae,
1958 1775 2108 1800 divinarum

1468 1817 1689 1849 disceptationum
1717 1818 1789 1849 regis
1815 1817 1942 1849 iustitiae,
1969 1818 2110 1844 tribulatio-

1468 1868 1546 1894 num,
1565 1869 1634 1894 quae
1654 1862 1725 1888 venit
1737 1869 1751 1888 a
1765 1869 1827 1894 rege
1846 1863 2040 1894 providentiae,
2054 1864 2109 1889 mit-

1469 1906 1545 1932 tenda
1565 1909 1604 1932 est
1622 1907 1717 1938 legatio
1736 1907 1859 1932 orationis
1878 1908 1929 1932 380
1950 1908 1982 1933 64

1522 1964 1557 1969 -—
1575 1951 1629 1976 Rex
1648 1950 1789 1983 superbiae
1816 1952 1888 1977 venit
1916 1958 1976 1977 cum
1996 1959 2108 1977 numero

1468 1995 1600 2027 geminato
1619 1995 1745 2021 vitiorum
1760 1996 1802 2021 vn
1816 1996 1867 2021 379
1888 1996 1920 2021 62
1936 2010 1968 2013 —
1982 1997 2035 2021 Rex
2048 2003 2110 2028 pro-

1467 2039 1599 2065 videntiae
1617 2040 1734 2066 occurrit.
1747 2039 1825 2066 nobis
1844 2046 1904 2066 cum
1924 2040 2016 2072 viginti
2037 2041 2110 2066 milli-

1468 2083 1532 2117 bus,
1551 2084 1613 2117 quia
1632 2083 1749 2110 Christus
1767 2091 1817 2116 pro
1835 2084 1912 2110 nobis
1931 2085 2052 2110 sustinuit
2073 2085 2109 2110 in-

1467 2128 1678 2161 comparabiliter
1698 2129 1772 2161 plura
1786 2135 1867 2162 quam
1881 2129 1975 2162 aliquis
1988 2136 2036 2161 pro
2051 2130 2108 2161 ipso

1467 2172 1500 2199 ib.
1520 2173 1553 2198 63
1574 2187 1608 2192 —
1627 2174 1680 2199 Rex
1699 2173 1812 2199 iustitiae
1836 2174 1907 2199 venit
1931 2181 1991 2199 cum
2012 2174 2107 2199 sevcri-

1467 2221 1518 2244 tate
1536 2218 1695 2244 iudiciorum
1715 2217 1777 2244 ibid.

1519 2276 1555 2282 —
1573 2262 1791 2289 committendum
1819 2266 1858 2288 est
1877 2263 1903 2288 in
1923 2264 1972 2288 hac
1991 2263 2043 2288 vita
2064 2264 2106 2288 vtt

1467 2307 1519 2334 378
1540 2307 1568 2332 6l

1519 2365 1555 2371 —
1573 2352 1618 2377 Dei
1639 2355 1727 2378 contra
1748 2351 1843 2384 impios
1856 2359 1903 2384 per
1915 2355 2047 2377 creaturas
2061 2353 2106 2377 erit

1467 2396 1592 2422 horribile
1611 2397 1643 2422 Vl
1665 2397 1716 2422 ⁴43
1735 2404 1762 2422 v.
1783 2397 1812 2422 2⁴

1521 2441 1675 2467 [1505010110
1693 2455 1730 2460 -
1753 2441 1799 2467 Dei
1824 2440 1902 2467 nobis
1928 2442 2027 2467 confert
2053 2441 2109 2466 cius

1467 2485 1595 2512 beneficia
1616 2486 1657 2511 Vll
1679 2485 1729 2511 493
1750 2485 1783 2511 56
1803 2500 1838 2505 -
1857 2486 1883 2511 ln
1903 2485 2005 2512 Christo
2022 2486 2110 2518 imple-

1467 2533 1509 2556 tae
1535 2533 1596 2556 sunt
1623 2529 1820 2556 benedictiones
1843 2531 1948 2556 patrum
1969 2531 1996 2556 61
2020 2530 2054 2555 76
2074 2544 2109 2549 -

1468 2575 1635 2601 Benedicitur
1654 2582 1667 2600 a
1687 2575 1789 2601 Christo
1815 2575 1860 2608 qui
1880 2574 1971 2600 obedit
1989 2575 2013 2600 ei
2033 2578 2056 2600 ct
2078 2576 2109 2599 fa-

1468 2621 1502 2646 cit
1520 2627 1616 2652 opera,
1644 2626 1713 2653 quae
1733 2619 1806 2650 facit,
1826 2622 1934 2652 propter
1953 2619 2035 2645 Deum
2057 2619 2107 2644 603

1468 2665 1502 2690 63
1521 2678 1557 2684 -
1576 2664 1675 2696 gratiae
1699 2663 1832 2690 obtinetur
1851 2671 1864 2689 a
1885 2663 2055 2696 vigilantibus
2077 2663 2109 2688 Vl

1468 2710 1519 2735 216
1540 2716 1567 2734 v.
1586 2709 1619 2734 28
1643 2722 1675 2727 -—
1694 2708 1740 2734 Dei
1760 2708 1913 2740 multiplicat
1933 2709 1974 2733 Vll
1994 2708 2045 2733 223
2060 2708 2099 2733 425

1520 2767 1557 2773 -
1575 2752 1686 2779 debetur
1704 2753 1759 2778 Deo
1778 2759 1827 2784 pro
1846 2753 1902 2778 eius
1921 2752 2055 2777 beneficiis
2074 2752 2107 2776 vt

1468 2799 1519 2824 209
1540 2805 1566 2823 v.
1587 2797 1628 2822 ⁴9.
1648 2798 1690 2823 Vll
1711 2797 1743 2822 39
1771 2797 1821 2822 425
1840 2810 1875 2816 -
1888 2796 1942 2822 Deo
1955 2796 2113 2822 benedicen—

1467 2842 1531 2868 dum
1551 2848 1612 2868 cum
1633 2842 1726 2866 timore
1744 2844 1770 2866 et
1787 2847 1878 2866 amore
1897 2840 1988 2866 11138
2010 2840 2055 2865 121
2073 2853 2108 2858 -

1467 2886 1678 2912 Benedicendum
1692 2885 1746 2910 Deo
1759 2891 1807 2916 per
1820 2884 1964 2916 gratiarum
1977 2884 2106 2909 actionem

1467 2930 1499 2955 59
1520 2930 1552 2955 67
1575 2943 1608 2948 -
1628 2930 1681 2955 Deo
1701 2928 1796 2954 tributa
1816 2928 1879 2953 nihil
1899 2928 1953 2953 Deo
1982 2928 2035 2959 dat,
2060 2928 2105 2953 sed

1466 2974 1594 2999 confessio
1613 2974 1667 2999 sola
1687 2976 1725 2998 est
1745 2972 1932 2998 beneficiorum
1954 2972 2004 2998 493
2025 2972 2058 2997 56
2072 2985 2107 2991 —

1466 3018 1677 3044 Benedicendum
1707 3017 1818 3043 inimicis
1836 3017 1862 3042 in
1882 3023 2003 3042 sermone
2023 3017 2107 3042 mani-

1466 3064 1531 3088 festo
1553 3062 1602 3088 153
1623 3062 1656 3087 66

1519 3107 1676 3132 Bsnmtcros
1694 3119 1729 3125 —
1748 3104 1806 3131 vide
1828 3105 1858 3130 V.
1877 3104 2034 3131 Zacharias.

1519 3165 1553 3169 —
1567 3150 1720 3182 Exemplum
1734 3150 1813 3175 sancti
1828 3149 1960 3175 Benedicti
1973 3149 2005 3174 Vl
2019 3149 2070 3174 563
2082 3150 2106 3175 5.

1467 3196 1509 3221 Vll
1529 3195 1563 3221 66
1583 3195 1616 3220 99

1520 3240 1702 3265 Remesiana
1727 3253 1762 3258 —
1791 3238 1930 3265 mandatur
1958 3239 1985 3264 in
2013 3244 2107 3272 quarto

1467 3288 1608 3316 praecepto
1639 3284 1679 3309 Vll
1711 3283 1760 3309 462
1787 3284 1831 3314 38,
1851 3283 1883 3309 39
1903 3297 1938 3303 —
1957 3283 2107 3309 Mandatum

1468 3328 1655 3355 beneficentiae
1679 3335 1707 3356 se
1725 3327 1842 3354 extendit
1859 3328 1892 3354 ad
1912 3335 2004 3354 omnes
2029 3329 2107 3354 etlam
