2427 3872
417 240 477 267 AFF

125 292 199 318 mus,
223 285 268 319 qui
295 285 481 311 concutiuntur
508 285 649 311 tentat‘10ne
671 284 767 311 diaboli

125 330 170 356 Vll
188 330 235 356 204
261 329 294 355 44

178 389 214 395 -
237 375 322 407 magis
346 374 436 401 unitur
458 381 540 407 quam
564 374 708 401 intellectus
735 374 767 400 Vl

126 419 178 445 328
210 420 244 446 56
276 433 312 439 -
342 419 371 445 ln
394 419 489 445 affectu
520 421 559 445 est
589 418 686 445 cibatio
704 417 768 445 ibid.

123 478 159 484 —
176 464 233 490 eius
252 466 292 490 εει
315 470 410 496 sapere
435 464 486 489 433
511 471 538 489 v.
558 464 573 489 3
593 477 629 483 -
647 463 704 489 eius
728 466 768 489 est

123 510 230 541 gustare
251 509 336 535 Deum
362 515 410 541 per
434 508 603 535 devotionem
628 508 679 534 442
703 516 730 534 v.
750 509 766 534 2

123 567 159 573 —
176 553 334 580 reficiendus
353 553 441 580 studio
466 553 613 586 sapientiae
633 553 683 578 463
703 560 731 578 ν.
749 553 765 578 9

123 611 160 618 -
177 598 294 624 reficitur
318 604 349 623 ex
367 598 487 631 quinque
511 597 766 623 considerationibus

121 642 267 669 intellectus
285 642 337 669 3l9
358 642 386 668 44
415 641 479 668 Vide
502 648 527 668 v.
553 641 645 668 Panis.
664 655 700 661 —
719 642 767 667 Ra-

122 686 167 713 dix
185 686 302 713 merendi
316 686 494 719 principaliter
506 686 614 718 respicit
628 686 716 712 cordis
729 687 767 712 at-

123 732 220 758 t’ectum
239 731 284 758 Vll
302 732 354 758 522
373 731 389 757 6

176 790 212 796 —
232 776 371 802 innovatur
389 782 403 801 a
422 775 529 802 caritate
548 775 592 801 Vll
613 775 664 801 l34
684 776 718 802 85
732 789 766 794 -—-

123 819 286 853 transfigitur
298 827 346 852 per
364 820 488 846 ardorem
500 819 648 846 dilectionis
668 820 700 845 Vl
714 819 765 845 590

124 864 158 890 43
171 878 206 884 -
218 864 317 891 Fervor
329 864 473 891 affectionis
486 864 651 890 necessarius
664 864 698 890 ad
711 871 767 890 ora-

121 909 221 936 tionem
239 909 294 935 Deo
307 909 429 941 placitam
446 909 491 935 Vll
504 908 556 935 448
577 909 586 934 4
604 924 640 927 -
653 909 767 935 Affectus

123 953 203 980 habet
215 954 331 980 ordinari
344 956 465 987 respectu
481 953 625 980 maiestatis
636 956 663 980 et
681 960 767 986 respe-

123 1000 168 1025 ctu
188 998 311 1025 bonitatis
331 998 382 1024 279
402 999 417 1024 8

176 1057 212 1063 —
232 1042 359 1069 Turbatio
378 1042 405 1069 in
418 1043 512 1069 affectu
530 1042 642 1075 impedit
661 1050 720 1075 nos,
734 1050 767 1069 ne

122 1087 235 1113 totaliter
248 1087 386 1114 tendamus
405 1087 432 1113 in
450 1087 536 1113 Deum
555 1087 599 1113 Vll
613 1087 665 1113 274
684 1087 713 1113 74
731 1101 767 1105 -

122 1131 281 1164 Progressus
297 1131 440 1158 affectionis
452 1131 595 1164 impeditur
614 1131 767 1164 perversita-

122 1179 148 1203 te
166 1176 316 1203 intentionis
334 1177 368 1202 Vl
385 1176 437 1202 584
456 1177 472 1202 6
486 1189 522 1195 —
534 1174 690 1202 Affectiones
709 1183 767 1209 pee-

123 1220 219 1247 catoris
242 1220 359 1253 ligantur
383 1227 431 1253 per
456 1221 555 1246 malum
580 1227 714 1252 amorem,
734 1227 767 1246 ne

123 1265 229 1297 eulpam
248 1265 391 1292 detestetur
404 1265 455 1291 593
475 1272 503 1291 v.
523 1264 557 1291 44
577 1265 587 1290 4
607 1279 641 1283 -
654 1265 767 1291 Mundus

122 1309 201 1335 trahit
212 1309 246 1335 ad
266 1316 418 1342 perversam
432 1310 596 1336 affectionem
616 1309 667 1335 473
687 1310 767 1335 27—

122 1354 191 1380 mala
216 1354 344 1386 pervertit
371 1353 505 1380 hominem
536 1354 568 1379 48
597 1353 615 1379 b
633 1368 669 1373 —
686 1361 766 1386 saepe

121 1397 248 1430 pervertit
265 1397 391 1424 iudicium
410 1398 518 1424 rationis
537 1398 570 1424 23
590 1405 605 1423 a

175 1457 211 1462 —
229 1442 385 1469 Affectioues
403 1445 465 1469 sunt
483 1442 610 1468 lavandae
630 1442 662 1468 Vl
677 1443 729 1468 598
750 1443 760 1468 4

121 1501 157 1507 -
175 1487 330 1513 Affectiones
348 1489 409 1513 sunt
426 1487 611 1513 rectificandae
624 1486 668 1512 Vll
682 1486 717 1512 72
732 1487 760 1512 44

122 1545 157 1550 --
175 1531 292 1558 carnales
311 1531 499 1564 praecingendi
517 1534 579 1560 sunt
592 1531 697 1563 cingulo
715 1531 767 1556 vir-

122 1575 185 1602 tutis
204 1575 256 1601 325
275 1576 309 1602 53

174 1634 211 1639 -
220 1619 338 1647 Christus
348 1622 453 1652 separat
462 1619 497 1646 ab
506 1620 600 1646 affectu
614 1620 710 1646 carnali
717 1611 765 1646 vu

124 1665 176 1692 332
196 1664 244 1698 75,
263 1665 298 1691 76
313 1679 346 1683 —
359 1664 471 1691 carnalis
483 1665 570 1691 reddit
587 1665 765 1697 negligentem

123 1710 159 1737 ad
171 1710 338 1743 sequendum
357 1709 490 1736 Christum
504 1710 538 1735 Vl
553 1709 604 1735 584
617 1710 642 1735 6.
658 1710 699 1735 Vll
714 1710 765 1735 332

122 1753 157 1781 75
175 1768 212 1774 -
229 1755 341 1781 carnalis
365 1757 404 1781 est
429 1754 626 1780 mortificandus
650 1761 665 1780 a
684 1755 767 1787 perse-

124 1799 172 1826 ctis
190 1798 363 1833 sequentibus
381 1798 514 1826 Christum
527 1799 571 1825 Vll
592 1798 644 1825 375
663 1799 712 1831 52,
733 1799 765 1825 53

121 1857 157 1863 -
166 1844 265 1871 Exuere
277 1844 408 1870 carnalem
418 1844 540 1870 affectum
553 1846 593 1870 est
605 1843 766 1876 principium

122 1888 265 1921 spiritualis
283 1881 353 1914 vitae
379 1887 415 1915 ib.
445 1888 488 1914 52.
508 1888 559 1915 376
583 1889 616 1915 53
637 1902 672 1907 -
691 1888 767 1914 Avul-

121 1932 160 1959 sio
179 1932 213 1958 ab
226 1932 362 1959 affectibus
375 1933 525 1959 carnalibus
537 1940 589 1959 non
608 1935 695 1966 potest
707 1939 767 1959 esse

120 1977 172 2003 nisi
191 1984 239 2010 per
251 1978 386 2011 quendam
406 1977 534 2010 impetum
553 1980 579 2004 et
596 1980 698 2004 motum
712 1977 767 2004 vio-

123 2022 222 2048 lentum
242 2021 293 2048 556
313 2021 347 2047 53
753 2029 756 2032 ·

175 2066 331 2092 Arrmumo
345 2079 379 2084 —
392 2065 489 2098 duplex
502 2065 563 2092 facit
575 2065 702 2092 maiorem
713 2072 766 2092 cer-

121 2110 260 2137 titudinem
279 2110 312 2136 Vl
333 2109 384 2136 438
405 2109 438 2135 44

176 2155 307 2180 Armeno
336 2168 370 2172 —
398 2155 545 2186 praefertur
575 2153 704 2186 voluptati
732 2154 764 2180 Vl

124 2199 159 2225 55
178 2206 205 2225 v.
225 2199 240 2225 3
256 2204 296 2218 '—
315 2198 375 2224 facit
397 2198 430 2225 ad
455 2199 538 2224 Deum
558 2198 657 2231 redire,
682 2198 724 2224 vel
750 2205 764 2224 a

123 2243 230 2270 stultitia
249 2250 353 2270 cessare
373 2243 414 2270 Vll
445 2242 496 2269 452
526 2243 554 2269 44
579 2257 614 2263 -
632 2242 724 2269 Aversi
749 2250 764 2269 a

123 2288 178 2314 Deo
196 2295 244 2321 per
263 2288 449 2315 delectationes
467 2291 625 2314 revocantur
637 2294 685 2320 per
704 2287 765 2315 affli-

122 2332 222 2359 ct10nes
247 2333 298 2359 393
325 2333 358 2358 28
378 2346 414 2352 —
436 2332 580 2365 corporalis
604 2331 684 2359 debet
707 2339 765 2358 esse

123 2377 181 2403 sine
199 2377 328 2403 fermento
347 2376 494 2409 hypocrisis
513 2377 564 2403 310
584 2377 599 2402 3

176 2435 212 2440 —
229 2421 384 2448 Peccatores
402 2421 553 2454 affliguntur
577 2421 648 2448 curis
673 2421 766 2448 inutili-

123 2465 175 2492 bus
193 2465 225 2491 vl
247 2466 280 2491 32
300 2473 326 2491 v.
345 2465 361 2491 9
384 2464 448 2492 Vide
469 2472 495 2492 v.
508 2465 640 2499 Goqnitio.
659 2480 695 2486 -
708 2466 766 2492 Pec-

122 2512 224 2536 catores
251 2510 404 2542 affliguntur
431 2510 502 2536 curis
533 2513 559 2536 et
585 2510 766 2543 voluptatibus

124 2554 168 2580 Vll
188 2554 239 2580 495
259 2555 292 2580 20

178 2599 249 2624 Acen
267 2612 303 2618 —
315 2598 401 2624 Labor
415 2599 439 2624 in
458 2606 524 2631 agro
543 2599 673 2631 significat
685 2606 765 2632 opera

124 2642 194 2669 vitae
213 2642 298 2668 bonae
312 2642 353 2668 Vll
367 2643 418 2668 399
434 2642 466 2669 43
480 2657 515 2662 -
529 2643 554 2669 ln
568 2650 633 2676 agro
647 2643 766 2670 laborare

124 2689 164 2713 est
188 2694 235 2719 per
263 2686 414 2713 exercitium
440 2687 567 2713 virtutum
594 2687 645 2713 444
674 2688 708 2714 54
731 2702 766 2707 -

125 2731 153 2756 in
171 2738 225 2764 quo
239 2730 370 2757 invenitur
389 2732 527 2757 thesaurus
539 2732 615 2764 regni
633 2732 765 2764 caelestis,

124 2777 164 2801 est
182 2778 325 2807 paupertas
344 2775 375 2801 Vl
393 2775 445 2801 6l5
457 2776 479 2801 .3

179 2820 266 2845 Aonas
295 2833 329 2838 —
354 2822 393 2846 est
417 2819 585 2852 benignitatis
612 2823 638 2846 et
668 2820 766 2847 amoris

125 2863 168 2889 Vll
188 2863 221 2888 89
241 2864 266 2889 3.
286 2864 319 2889 90
340 2863 356 2889 5
745 2858 748 2861 ’

178 2907 294 2933 Aonius
311 2921 347 2927 -
365 2908 485 2940 corporis
509 2912 548 2935 est
570 2909 602 2935 ad
628 2915 767 2942 assequen-

125 2950 190 2977 dum
209 2951 387 2978 desideratum
407 2952 440 2978 Vl
458 2952 492 2978 76
506 2959 533 2978 v.
557 2953 581 2978 11
605 2966 641 2973 -
660 2956 699 2979 est
718 2953 767 2980 dos

124 3001 268 3027 corporum
287 2995 376 3029 quoad
400 2996 580 3028 operationem
599 2997 641 3023 vel
665 3000 764 3024 motum

127 3038 179 3065 427
202 3033 225 3064 v.
244 3038 260 3064 7

179 3083 263 3109 Aenus
280 3096 316 3102 —
334 3084 403 3115 Agni
421 3087 482 3110 sunt
500 3084 632 3117 simplices
651 3088 677 3111 et
696 3092 766 3111 man-

126 3127 193 3153 sueti
208 3127 239 3152 Vl
254 3128 305 3153 230
319 3135 346 3153 v.
365 3128 380 3153 9
397 3141 432 3147 —
444 3128 573 3160 significat
591 3129 765 3155 innocentiam

126 3173 153 3196 et
171 3171 311 3202 puritatem
331 3172 382 3197 260
401 3172 444 3198 62.
459 3172 509 3198 263
530 3170 572 3198 82.
587 3172 632 3199 494
658 3173 699 3199 40.
714 3173 765 3199 543

127 3215 143 3240 2
163 3227 199 3233 -
216 3214 345 3246 significat
367 3216 597 3242 mansuetudinem
620 3220 646 3243 et
669 3217 767 3249 patien-

127 3258 190 3284 tiam
210 3259 261 3284 262
281 3258 324 3285 73,
338 3260 388 3285 263
409 3260 451 3285 82.
468 3254 522 3286 ’543
543 3261 558 3286 2
576 3259 639 3287 Vide
650 3268 675 3287 v.
690 3260 766 3287 Chri-

127 3302 194 3328 stus.
212 3315 248 3321 —
267 3302 415 3335 significant
433 3303 601 3336 imperfectos
616 3307 642 3330 et
659 3304 767 3331 tenellos

802 197 839 230 IN
861 196 1154 231 COMMENTARIOS
1178 199 1207 231 S.
1233 199 1458 233 SCRIPTURAE

806 288 868 317 gent
883 276 948 312 ibid.
963 300 996 304 ——
1010 286 1133 312 dicuntur
1146 287 1195 320 pii,
1209 288 1321 314 humiles
1339 292 1365 314 et
1378 296 1448 314 man-

806 330 872 356 sueti
893 325 935 356 Vll
956 330 1007 356 254
1028 331 1043 356 6
1057 345 1092 350 —
1105 331 1214 358 vincunt
1232 332 1308 364 lupos
1327 340 1448 359 mansue-

806 374 898 400 tudine
916 373 979 401 ibid.

859 433 895 438 —
909 419 1058 446 immolatus
1069 420 1094 446 in
1107 422 1203 452 pascha
1215 424 1271 447 erat
1284 422 1368 454 figura
1382 429 1448 448 mor-

806 463 838 489 tis
857 463 952 490 Christi
966 464 1009 490 Vll
1029 464 1080 490 540
1100 466 1125 491 2.
1140 465 1190 491 543
1213 466 1254 491 40.
1268 466 1319 492 545
1339 467 1381 492 22.
1396 467 1447 492 596

805 507 839 534 34
858 521 894 527 -
913 509 1112 535 Sacramentum
1132 510 1194 542 agni
1214 513 1343 536 mutatum
1362 514 1401 537 cst
1423 511 1447 536 in

804 556 999 580 sacramentum
1020 554 1096 586 panis
1121 554 1172 580 546
1193 555 1226 581 25
1245 569 1280 574 --
1300 556 1365 587 Agni
1389 563 1446 581 ossa

803 596 937 623 debebant
956 598 1055 630 integre
1074 600 1226 625 conservari
1247 600 1277 625 Vl
1298 600 1349 625 500
1369 600 1402 626 50

858 642 955 671 ΑοοΝιΛ
973 656 1009 662 --
1028 643 1054 668 ln
1074 643 1169 675 agonia
1189 644 1276 669 anima
1293 645 1386 670 merito
1401 647 1448 670 ter·

803 688 876 711 retur
895 687 1091 720 propinquitate
1109 688 1201 713 mortis
1222 688 1262 714 Vll
1289 688 1340 714 557
1360 688 1393 714 55
1412 702 1447 709 -—-

804 730 871 756 mira
890 734 929 757 est
949 738 1039 763 pugna
1059 731 1124 758 inter
1142 735 1261 758 naturam
1276 736 1301 758 et
1320 733 1445 765 gratiam,

804 775 871 801 inter
883 775 1010 802 rationem
1022 779 1047 802 et
1059 777 1253 803 sensualitatem
1264 776 1325 803 ibid.
1336 792 1370 796 —
1380 778 1446 809 Ago-

804 820 876 845 niam
891 819 1041 847 habuerunt
1053 822 1134 847 sancti
1148 822 1273 853 Martyres
1286 825 1311 847 et
1324 822 1372 847 viri
1387 822 1445 848 iusti

804 863 865 891 ibid.
885 878 921 884 —
944 868 1044 898 quanto
1070 866 1161 892 sortior
1186 869 1239 897 est,
1259 869 1329 892 tanto
1355 866 1446 892 fortius

804 909 915 935 orationi
934 910 1107 936 insistendum
1127 913 1166 936 est
1184 910 1245 937 ibid.

858 954 1026 981 ΑιΑΒΑετιωΜ
1037 969 1072 974 -
1082 957 1121 981 est
1133 955 1269 988 quoddam
1283 962 1367 987 genus
1381 962 1445 981 mar-

806 999 887 1025 moris
908 999 949 1025 Vll
970 999 1021 1025 483
1041 999 1075 1025 65

858 1043 983 1070 Aentcomi
1003 1057 1038 1063 —
1057 1044 1128 1070 Deus
1146 1047 1186 1070 est
1201 1044 1315 1076 agricola
1328 1051 1382 1070 non
1394 1047 1446 1070 tan-

805 1090 860 1114 tum
881 1088 926 1121 qui
951 1088 1063 1114 exterius
1088 1089 1168 1121 colat,
1194 1088 1242 1114 sed
1267 1089 1311 1121 qui
1336 1088 1446 1114 interius

804 1137 901 1165 augeat
929 1133 961 1159 Vl
990 1132 1041 1159 447
1070 1134 1085 1158 2
1105 1146 1140 1152 -
1164 1136 1203 1159 est
1231 1132 1394 1165 praedicator
1421 1135 1446 1158 et

805 1177 918 1203 maxime
931 1178 1064 1210 praelatus
1076 1177 1118 1203 Vll
1133 1178 1184 1203 339
1200 1178 1231 1203 42
1247 1191 1283 1197 -
1295 1180 1334 1203 est
1346 1177 1446 1209 praela-

805 1224 846 1248 tus
860 1225 886 1248 et
903 1222 1081 1254 praedicator,
1094 1222 1139 1255 qui
1159 1221 1261 1247 laborat
1274 1221 1298 1247 in
1318 1229 1383 1254 agro
1398 1228 1446 1254 per

804 1266 951 1292 custodiam
965 1267 1139 1292 Ecclesiarum
1154 1266 1205 1292 447
1220 1267 1254 1292 60
1276 1265 1339 1292 Vide
1356 1273 1381 1292 v.
1402 1265 1446 1293 Co·

805 1310 894 1346 lonas.

858 1355 959 1381 Ammo
978 1369 1013 1374 -
1035 1354 1098 1381 Vide
1116 1362 1141 1381 v.
1162 1354 1279 1381 Candor.

858 1399 1009 1425 ΑιιεΝιοΕΝΛ
1027 1413 1064 1418 -
1082 1399 1177 1425 dieitur
1196 1399 1240 1431 qui
1260 1398 1322 1424 alibi
1347 1398 1455 1435 habitat

803 1445 829 1469 et
842 1442 901 1469 alibi
915 1446 991 1469 natus
1004 1446 1043 1469 est
1056 1435 1098 1469 Vll
1113 1443 1163 1469 436
1176 1443 1207 1468 33
1222 1457 1257 1462 -
1267 1443 1389 1469 dicuntur
1399 1443 1444 1475 qui

803 1487 942 1513 carnaliter
963 1487 1017 1513 nati
1036 1487 1070 1513 ad
1089 1487 1209 1519 spiritum
1229 1489 1365 1512 transeunt
1382 1486 1445 1513 ibid.

858 1533 979 1557 Ammonia
992 1545 1027 1551 -
1045 1530 1107 1557 Vide
1125 1538 1150 1558 υ.
1170 1530 1250 1558 Cibus
1269 1534 1295 1556 et
1312 1537 1338 1557 v.
1352 1530 1443 1557 Panis.

856 1576 986 1601 Airitasus
1001 1576 1232 1607 —interpretatur
1255 1575 1383 1607 fugitivus
1403 1575 1445 1600 Vll

805 1619 855 1646 444
876 1620 909 1645 39

857 1665 959 1691 Amne
977 1679 1012 1683 —
1032 1665 1242 1693 holocaustorum
1263 1664 1290 1690 in
1309 1664 1407 1696 templo
1420 1666 1446 1689 et

804 1710 883 1735 altare
901 1716 1013 1735 aeneum
1033 1709 1059 1735 in
1076 1709 1141 1735 atrio
1161 1709 1192 1734 Vl
1214 1709 1264 1734 468
1284 1715 1311 1734 ν.
1331 1709 1346 1734 8
1366 1722 1400 1727 ——
1419 1709 1446 1734 ln

804 1755 903 1787 templo
921 1757 977 1780 erat
995 1755 1075 1780 altare
1094 1754 1192 1780 incensi
1205 1753 1314 1780 interius
1332 1755 1358 1779 et
1377 1753 1446 1779 holo·

804 1799 887 1825 causti
911 1799 1024 1825 exterius
1049 1799 1092 1825 Vll
1112 1799 1163 1824 308
1183 1798 1217 1824 97
1236 1812 1271 1817 -
1290 1800 1347 1824 erat
1373 1798 1446 1824 locus

804 1850 918 1876 magnae
930 1843 1093 1869 reverentiae
1107 1843 1139 1868 t5
1154 1843 1186 1868 46
1199 1856 1236 1862 -
1253 1842 1320 1874 gerit
1332 1842 1445 1875 figuram

804 1887 890 1915 crucis
905 1887 957 1914 584
972 1887 1005 1913 64
1018 1901 1051 1906 —
1061 1890 1117 1913 erat
1132 1887 1216 1919 ligura
1232 1886 1328 1914 Christi
1344 1886 1397 1912 596
1412 1886 1445 1912 34

858 1932 1001 1959 Ansam-10
1021 1924 1055 1951 -’
1075 1932 1109 1958 ad
1128 1935 1233 1964 tempus
1252 1934 1291 1957 est
1309 1931 1396 1964 passio
1412 1931 1446 1957 de

805 1984 904 2009 genere
922 1976 1054 2010 qualitatis
1066 1976 1110 2002 Vll
1126 1977 1177 2002 233
1198 1977 1226 2002 51

857 2022 1017 2048 Atrsncnio
1036 2035 1072 2040 —
1096 2020 1159 2047 Vide
1177 2027 1203 2047 v.
1221 2020 1356 2054 Liliqatio.

857 2066 983 2092 Amruno
997 2080 1031 2084 —
1044 2067 1178 2091 attestatur
1195 2065 1328 2097 potentiae
1347 2065 1380 2091 Vl
1393 2065 1444 2091 536

804 2109 819 2136 4
837 2123 874 2129 —
893 2109 963 2136 bona
987 2112 1027 2136 est
1051 2109 1092 2135 illa
1114 2116 1184 2142 quae
1208 2112 1248 2135 est
1272 2112 1331 2135 ante
1359 2109 1443 2135 Deum

803 2154 847 2181 Vll
867 2153 918 2180 4l2
938 2154 970 2179 28
989 2167 1025 2173 -
1044 2153 1113 2179 bona
1137 2156 1176 2179 est
1194 2153 1304 2179 altitudo
1328 2153 1444 2185 perfecti-

801 2198 873 2230 onis,
887 2197 1113 2230 contemplationis
1126 2199 1152 2223 et
1164 2197 1364 2229 exspectationis
1380 2196 1441 2223 ibid.

801 2256 837 2262 —
849 2249 918 2276 quae
931 2245 970 2268 est
981 2242 1009 2268 iu
1022 2244 1163 2274 conspectu
1183 2241 1319 2267 hominum
1328 2261 1334 2273 ,
1346 2240 1444 2266 abomi-

801 2287 872 2313 natio
890 2290 930 2313 est
948 2287 1020 2319 apud
1039 2287 1122 2313 Deum
1143 2286 1193 2312 413
1214 2287 1246 2311 28
1268 2299 1302 2304 -
1317 2286 1386 2311 Deus
1405 2285 1444 2311 di—

802 2332 868 2358 citur
892 2331 1039 2358 abominari
1064 2331 1226 2357 altitudinem
1253 2331 1279 2356 in
1301 2332 1443 2362 conspectu

802 2376 939 2403 hominum
962 2379 1069 2409 propter
1090 2382 1210 2402 severam
1224 2375 1306 2407 ipsius
1322 2374 1444 2400 deiectio-

802 2429 864 2447 nem
877 2420 938 2448 ibid.
953 2435 986 2439 --
999 2420 1126 2446 Dominus
1147 2419 1313 2446 abominatur
1335 2419 1444 2445 altitudi-

802 2473 863 2492 nem
883 2455 1039 2496 fastuosam,
1051 2465 1200 2491 simulatam
1219 2467 1244 2490 et
1257 2464 1391 2490 ruinosam
1410 2462 1443 2490 ib.

803 2511 837 2536 29
850 2524 885 2530 -
903 2509 1119 2542 praesumtionis,
1132 2507 1282 2534 ambitionis
1296 2511 1321 2533 et
1336 2510 1445 2533 ostenta-

803 2555 880 2581 tionis
897 2554 1065 2580 dissuadetur
1079 2557 1203 2586 tanquam
1218 2552 1330 2578 Domino
1347 2551 1445 2577 abomi-

803 2599 896 2625 nabilis
908 2597 971 2625 ibid.
982 2611 1018 2617 --
1031 2597 1244 2630 praesumtionis,
1255 2596 1404 2622 ambitionis
1419 2599 1444 2621 et

803 2643 981 2670 ostentationis
994 2643 1098 2674 elongat
1111 2641 1144 2667 ab
1163 2641 1294 2667 Altissimo
1308 2640 1342 2667 ib.
1362 2642 1394 2666 28
1410 2654 1443 2658 -

803 2687 915 2714 Mundus
927 2686 1074 2719 praetendit
1083 2686 1245 2711 altitudinem
1260 2683 1400 2717 superbiae
1410 2685 1442 2710 Vl

804 2732 819 2757 4
835 2732 866 2757 40
879 2731 979 2757 —Alta
993 2738 1045 2757 non
1059 2730 1211 2763 quaerenda
1225 2729 1319 2755 timore
1333 2729 1442 2755 cadendi

803 2776 835 2808 in
848 2776 900 2801 ima
922 2776 963 2801 Vll
983 2775 1034 2800 262
1055 2775 1083 2800 31
1379 2794 1382 2797 .

857 2833 891 2838 -
910 2820 1058 2845 Altissimus
1076 2819 1171 2845 dicitur
1194 2818 1228 2844 de
1247 2819 1322 2844 Patre
1345 2818 1444 2844 ratione

805 2864 964 2891 auctoritatis
984 2863 1016 2889 Vl
1036 2863 1087 2889 247
1108 2864 1123 2889 3

856 2909 1006 2935 Ammruno
1026 2921 1061 2927 —
1079 2907 1291 2939 compunctionis
1310 2910 1349 2933 est
1366 2907 1444 2932 maxi·

803 2960 846 2979 ma
865 2959 926 2985 pars
945 2952 1119 2985 poenitentiae
1133 2951 1175 2977 Vll
1195 2951 1246 2977 563
1266 2951 1300 2977 74

857 2997 964 3022 Auerno
983 3010 1018 3014 -
1031 2998 1070 3021 est
1083 2995 1243 3021 inordinatus
1256 2994 1388 3026 appetitus
1401 3001 1444 3020 su-

803 3040 960 3073 perioritatis
978 3043 1004 3066 et
1023 3039 1164 3072 prioritatis
1183 3039 1226 3065 Vll
1246 3039 1297 3064 362
1313 3039 1344 3064 15
1358 3052 1393 3057 -
1406 3041 1445 3064 εει

803 3084 943 3117 superbiae
969 3085 994 3110 in
1022 3085 1116 3110 affectu
1145 3084 1178 3109 33
1205 3083 1238 3108 96
1259 3097 1293 3101 -
1313 3083 1444 3111 honorum

802 3132 903 3161 spectat
920 3129 953 3155 ad
973 3135 1070 3154 vanam
1090 3128 1201 3160 gloriam
1227 3128 1277 3153 518
1298 3127 1331 3152 52
1352 3141 1385 3145 -
1405 3127 1444 3153 Ad

803 3172 973 3199 ambitionem
1003 3172 1137 3204 dignitatis
1167 3171 1284 3204 sequitur
1314 3171 1445 3203 appetitus

803 3217 888 3243 laudis
907 3216 959 3242 305
979 3216 1011 3242 87
1030 3229 1066 3235 -
1084 3217 1120 3241 Ex
1137 3215 1348 3247 concupiscentia
1367 3216 1445 3241 hono-

803 3268 863 3287 rum
877 3260 988 3292 insurgit
1003 3260 1140 3286 infirmitas
1153 3259 1304 3285 ambitionis
1318 3259 1350 3284 Vl
1364 3258 1414 3284 629
1429 3259 1444 3283 8

856 3318 892 3324 -
911 3303 1068 3330 Ambitionis
1086 3310 1161 3330 amor
1180 3306 1219 3329 est
1237 3303 1321 3329 malus
1341 3302 1372 3328 Vl
1393 3302 1444 3328 624

128 3345 155 3371 iu
173 3345 225 3371 ilde
244 3346 296 3372 526
317 3346 349 3372 40
368 3361 403 3366 -
426 3348 547 3380 ampliori
573 3351 679 3381 pastura
704 3348 767 3374 indi·
805 3350 820 3375 2
840 3362 875 3368 -—
894 3349 1051 3381 dignitatum
1076 3347 1243 3380 redarguitur
1272 3347 1314 3373 Vll
1340 3346 1391 3372 305
1411 3346 1445 3372 87

2065 205 2127 238 663

1781 248 1836 274 AM!

1486 304 1520 308 —
1540 291 1645 316 honoris
1664 292 1831 324 redarguitur
1850 293 1901 318 519
1922 293 1955 319 54
1969 307 2004 312 -
2025 294 2129 320 [raudu-

1485 334 1549 359 lenta
1580 334 1736 367 reprobatur
1765 336 1815 362 458
1845 338 1877 362 28
1897 351 1932 356 -
1960 338 2127 364 dissuadetur

1485 381 1608 411 tanquam
1630 380 1741 406 Domino
1760 381 1943 408 abominabilis
1969 374 2019 409 443
2039 384 2072 409 29
2092 398 2127 403 --

1484 423 1588 454 elongat
1616 423 1650 449 ab
1678 425 1810 451 Altissimo
1830 425 1862 452 ib.
1884 427 1915 451 28
1935 440 1971 445 -
1990 428 2017 453 ln
2042 428 2127 453 ambi-

1485 467 1556 493 tiosis
1576 469 1670 494 veritas
1689 470 1775 494 locum
1795 477 1847 495 non
1869 471 1947 496 habet
1966 472 2017 497 519
2038 472 2071 497 54
2091 487 2125 492 --

1484 511 1620 537 Ambitiosi
1649 520 1701 538 non
1720 518 1850 546 quaerunt
1878 514 2009 541 Christum
2037 517 2060 542 in
2081 518 2126 542 hu-

1485 556 1591 581 militate
1610 558 1704 588 crucis,
1724 559 1769 584 sed
1791 559 1815 584 in
1840 561 1955 591 appetitu
1977 561 2082 587 honoris
2100 565 2126 587 et

1484 600 1568 626 laudis
1587 601 1638 626 290
1660 602 1692 627 42
1705 616 1740 621 -
1753 603 1889 629 Arruntiosi
1905 608 1966 630 sunt
1979 605 2124 631 adversarii

1484 643 1577 670 Christi
1598 648 1623 670 et
1641 651 1787 679 sequuntur
1806 648 1986 674 antichristum
2007 650 2058 675 525
2083 650 2113 675 tt

1536 703 1572 708 —
1591 690 1727 716 Ambitiosi
1747 692 1814 717 sicut
1833 699 1896 719 aves
1924 694 2062 725 capiuntur
2091 695 2126 720 la-

1483 740 1552 765 queo
1581 735 1687 760 honoris
1708 736 1738 761 Vl
1764 736 1797 761 76
1819 736 1836 761 b
1854 751 1890 756 —
1913 737 2049 764 Ambitiosi
2079 743 2126 764 tra-

1483 778 1580 803 huntur
1598 785 1611 803 a
1633 779 1737 805 diabolo
1757 787 1804 812 per
1823 781 1975 813 superbiam
1989 783 2040 808 568
2059 783 2076 808 7
2091 797 2125 801 —

1483 822 1620 848 Ambitiosi
1649 825 1772 855 paulatim
1807 826 1961 857 ascendunt,
1992 828 2037 853 sed
2072 835 2122 854 non

1482 866 1607 898 paulatim
1627 868 1788 895 descendunt
1808 870 1849 895 Vll
1882 871 1932 896 262
1953 871 1981 896 31

1535 925 1570 930 -
1594 913 1761 944 praelationis
1790 921 1842 939 non
1871 916 2004 948 sequenda
2031 917 2061 942 Vl
2090 917 2118 941 8l

1482 963 1507 980 v.
1529 955 1544 981 4
1564 970 1598 974 —
1618 958 1732 983 humana
1761 958 1931 991 relinquenda
1952 967 1999 992 per
2024 961 2125 986 humili-

1483 1003 1560 1025 tatem
1581 1002 1700 1033 exemplo
1719 1001 1811 1028 Christi
1832 1003 1908 1034 positi
1934 1004 1959 1029 in
1986 1006 2123 1037 praesepio

1483 1044 1534 1069 649
1554 1051 1580 1069 ν.
1600 1046 1615 1070 2
1634 1059 1670 1064 -
1689 1046 1825 1072 lnsirmitas
1850 1047 1999 1074 ambitionis
2018 1053 2124 1075 sanatur

1482 1089 1689 1116 consideratione
1709 1091 1851 1117 Salvatoris
1864 1091 1957 1118 abiecti
1970 1096 1995 1118 et
2007 1093 2122 1125 despecti

1483 1133 1533 1158 629
1554 1133 1569 1158 9
1589 1147 1623 1152 —
1642 1135 1787 1161 excluditur
1806 1143 1853 1168 per
1869 1137 2040 1163 humilitatem
2060 1139 2123 1164 cari-

1483 1177 1541 1203 tatis
1560 1177 1586 1203 in
1606 1179 1698 1204 affectu
1719 1179 1761 1204 Vll
1782 1179 1832 1205 457
1847 1181 1879 1205 26
1893 1195 1927 1199 -
1942 1181 1966 1206 in
1986 1182 2073 1208 animo
2088 1183 2123 1208 vi-

1483 1222 1560 1247 tanda
1580 1222 1805 1254 praedicatoribus
1827 1225 1871 1249 441
1897 1225 1939 1256 92,
1959 1225 2003 1251 94.
2023 1227 2073 1252 412
2088 1227 2121 1252 98

1482 1280 1518 1285 -
1537 1266 1694 1298 dignitatum
1714 1268 1827 1294 maxime
1846 1269 1986 1295 Ecclesiam
2006 1277 2124 1297 corrum—

1483 1311 1521 1342 pit
1541 1311 1591 1336 458
1612 1312 1645 1336 28
1664 1325 1700 1331 -
1720 1313 1850 1338 honorum
1877 1317 1933 1339 erat
1952 1314 2044 1340 viuum
2064 1315 2123 1341 scri-

1484 1354 1578 1381 barum
1599 1356 1650 1381 548
1672 1356 1715 1382 52.
1735 1356 1786 1381 549
1806 1356 1839 1382 54

1535 1400 1681 1426 Anemurio
1700 1414 1735 1419 —
1753 1401 1859 1432 respicit
1883 1405 1969 1427 actum
1995 1402 2124 1429 sensibilis

1483 1443 1525 1469 Vll
1546 1443 1591 1468 471
1616 1444 1650 1469 27
1669 1459 1702 1463 -
1723 1444 1865 1470 Ambulare
1893 1446 1919 1471 in
1947 1447 2005 1472 luce
2029 1446 2123 1473 Christi

1481 1490 1520 1513 est
1538 1494 1661 1513 securum
1681 1491 1706 1514 et
1723 1492 1901 1520 opportunum
1918 1491 1948 1516 Vl
1962 1491 2014 1516 398
2035 1491 2075 1523 l9,
2089 1492 2122 1516 20

1480 1545 1515 1549 -
1534 1536 1573 1557 εει
1592 1538 1639 1563 per
1668 1532 1747 1558 tidem
1776 1533 1810 1558 ad
1838 1533 1968 1560 Christum
1998 1535 2124 1561 accedere

1482 1575 1533 1600 420
1553 1575 1586 1601 49
1606 1590 1640 1594 —-
1660 1576 1708 1602 Per
1728 1576 1859 1603 incessum
1884 1579 1983 1610 pedum
2005 1579 2124 1612 intelligi-

1481 1622 1522 1644 tur
1541 1619 1671 1646 rectitudo
1689 1621 1849 1653 operationis
1868 1621 1952 1648 bonae
1967 1623 2008 1648 Vll
2023 1624 2074 1649 213
2089 1624 2121 1649 86

1480 1676 1516 1682 -
1535 1664 1598 1690 Boni
1617 1664 1753 1691 ambulant
1772 1672 1833 1691 curn
1852 1665 1954 1692 Christo
1968 1667 1993 1692 in
2007 1667 2049 1692 ria
2063 1674 2122 1700 per-

1482 1708 1600 1734 rectionis
1629 1709 1680 1735 249
1710 1710 1760 1735 403
1779 1724 1814 1730 -
1833 1714 1873 1736 εει
1900 1718 1947 1743 per
1972 1712 2123 1738 exercitium

1482 1754 1591 1780 actionis
1620 1754 1671 1780 415
1689 1754 1706 1779 7
1725 1768 1760 1774 -
1779 1754 1975 1781 Ambulandum
2004 1756 2031 1781 iu
2059 1756 2122 1782 dile-

1482 1798 1566 1824 ctione
1585 1801 1674 1825 coutra
1693 1799 1819 1825 malitiam
1841 1801 1890 1826 428
1910 1801 1944 1826 62

1535 1843 1607 1869 Auru
1627 1857 1661 1862 -
1681 1846 1720 1870 est
1738 1843 1896 1870 adverbium
1920 1845 2069 1871 affirmandi
2090 1846 2122 1871 Vl

1482 1887 1533 1913 330
1553 1887 1596 1913 71.
1617 1888 1657 1913 Vll
1680 1888 1723 1913 401
1749 1889 1777 1914 51
1802 1902 1837 1907 -
1855 1892 1894 1914 est
1921 1889 2026 1921 signum
2046 1890 2122 1915 certi-

1482 1931 1580 1957 tudinis
1599 1931 1632 1957 Vl
1661 1932 1712 1958 428
1732 1933 1775 1958 20.
1804 1932 1855 1958 464
1875 1933 1908 1959 27
1927 1947 1963 1952 —
1981 1935 2062 1959 Amen
2083 1938 2122 1959 est

1482 1976 1606 2002 indicium
1620 1976 1782 2003 certitudinis
1794 1977 1916 2003 orationis
1929 1977 2065 2003 exauditae
2078 1977 2123 2003 Vll

1483 2021 1533 2046 282
1555 2020 1588 2046 47
1605 2033 1641 2040 -
1659 2028 1712 2047 non
1731 2024 1769 2047 est
1788 2021 1815 2046 in
1829 2021 1882 2047 fine
1894 2022 2018 2047 orationis
2035 2022 2121 2047 dorni-

1481 2065 1556 2091 nicae
1575 2065 1602 2090 in
1620 2066 1762 2097 Evangelio
1785 2066 1871 2091 Lucae
1890 2064 1951 2092 ibid.
1971 2079 2006 2085 ·—
2025 2067 2052 2091 lu
2071 2066 2123 2091 nne

1481 2109 1606 2135 orationis
1625 2110 1773 2135 dominicae
1792 2110 1868 2135 tacite
1887 2110 1982 2136 dicitur
2001 2111 2028 2136 in
2047 2111 2122 2136 Missa

1481 2160 1496 2178 a
1515 2154 1651 2179 sacerdote
1670 2153 1731 2180 ibid.

1534 2198 1629 2223 Anticus
1647 2211 1682 2217 --
1700 2200 1739 2223 cst
1757 2204 1852 2223 nomen
1882 2198 1998 2230 paritatis
2017 2198 2050 2224 Vl
2071 2198 2116 2224 451

1482 2241 1510 2267 24
1534 2253 1570 2260 -
1588 2241 1706 2267 Amicitia
1735 2241 1857 2267 definitur
1885 2241 1947 2268 ibid.
1966 2256 1999 2260 —
2026 2242 2121 2268 dicitur

1481 2286 1581 2311 ratione
1600 2285 1742 2311 sodalitatis
1761 2286 1804 2311 Vll
1823 2286 1874 2311 366
1895 2286 1928 2311 27
1947 2300 1983 2305 -
1995 2290 2121 2319 tanquam

1482 2329 1600 2355 membra
1632 2333 1693 2355 sunt
1722 2329 1798 2356 nobis
1825 2331 1960 2356 carnaliter
1991 2331 2120 2356 coniuncti

1483 2374 1534 2400 427
1554 2374 1569 2400 4
1589 2388 1624 2394 —-
1644 2376 1710 2400 inter
1729 2375 1827 2401 amicos
1846 2378 1885 2400 est
1898 2375 2001 2401 dilectio
2020 2375 2122 2400 socialis

1483 2419 1515 2445 Vl
1536 2419 1585 2445 463
1607 2420 1639 2445 36
1660 2433 1694 2438 -
1714 2419 1823 2451 Signum
1843 2420 1971 2445 amicitiae
1990 2423 2028 2444 est
2047 2426 2119 2445 reve·

1482 2464 1541 2489 latio
1561 2467 1721 2489 secretorum
1743 2463 1793 2488 459
1813 2464 1855 2489 27.
1876 2464 1922 2493 451
1947 2464 1989 2489 22.
2009 2463 2060 2489 527
2077 2463 2116 2488 44.

1483 2508 1524 2533 Vll
1544 2508 1595 2534 244
1616 2508 1658 2533 90.
1682 2508 1732 2532 386
1755 2508 1786 2532 43
1805 2521 1841 2526 -
1860 2508 1957 2533 Amicis
1976 2508 2120 2532 manifesta-

1482 2555 1523 2578 tur
1542 2552 1638 2577 veritas
1658 2552 1700 2577 Vll
1723 2552 1753 2576 12
1774 2552 1789 2577 5
1809 2566 1842 2570 -
1863 2551 1962 2577 Fideles
1987 2551 2062 2576 amici
2082 2557 2121 2576 so·

1481 2597 1532 2622 lent
1550 2596 1655 2622 exaltari
1674 2602 1687 2620 a
1708 2595 1816 2627 regibus
1835 2599 1942 2627 propter
1961 2602 2039 2632 suum
2060 2601 2121 2620 con-

1480 2641 1567 2666 silium
1589 2641 1619 2665 Vl
1639 2640 1690 2666 596
1712 2641 1725 2665 3
1746 2653 1780 2659 -
1799 2640 1916 2665 Amicitia
1946 2640 2011 2665 inter
2034 2640 2118 2664 malos

1481 2685 1563 2711 oritur
1594 2692 1625 2710 ex
1656 2684 1788 2710 inimicitia
1824 2687 1943 2715 respectu
1980 2683 2042 2709 boni
2079 2683 2121 2709 Vll

1481 2730 1532 2755 569
1557 2730 1587 2755 15

1534 2787 1569 2793 -
1590 2773 1650 2798 Veri
1669 2772 1744 2798 amici
1764 2772 1911 2804 pt·et10sitas
1940 2772 1981 2797 Vll
2001 2772 2051 2797 283
2079 2771 2120 2796 49.

1483 2818 1532 2843 406
1551 2818 1567 2843 7
1587 2832 1622 2835 —
1641 2817 1757 2842 Prudens
1771 2820 1809 2842 est
1828 2816 1872 2849 qui
1887 2816 1997 2848 acquirit
2016 2816 2120 2841 fidelem

1481 2862 1621 2888 amicitiam
1643 2861 1693 2887 405
1712 2860 1729 2885 7
1750 2874 1783 2879 —-
1802 2860 1955 2893 acquirendi
1981 2866 2028 2892 per
2047 2860 2121 2892 largi·

1481 2907 1577 2932 tionem
1591 2906 1816 2936 elcemosynarum
1838 2904 1888 2930 408
1911 2904 1942 2929 l4

1534 2964 1569 2969 —
1588 2956 1667 2975 verus
1695 2955 1800 2980 semper
1826 2948 1909 2980 diligit
1935 2948 1968 2974 Vt
1997 2948 2048 2974 502
2077 2948 2120 2974 61.

1481 2995 1523 3021 Vll
1544 2994 1595 3020 364
1615 2994 1643 3019 21
1667 3007 1702 3012 -
1721 2993 1806 3025 diligit
1824 2993 1901 3018 etiam
1917 2992 1941 3017 in
1955 2991 2121 3017 tribulatione

1482 3039 1524 3064 Vll
1538 3038 1584 3064 554
1603 3038 1636 3063 39
1649 3050 1685 3056 -
1699 3040 1798 3062 tenetur
1810 3043 1867 3062 csse
1880 3036 1963 3062 ssdclis
1976 3037 2027 3061 283
2039 3036 2071 3061 20
2085 3049 2120 3055 -

1481 3082 1615 3108 Amicitiae
1633 3082 1672 3107 lex
1690 3085 1728 3107 est
1747 3081 1772 3106 in
1791 3081 1943 3106 necessitate
1956 3087 2009 3106 non
2028 3080 2120 3106 deesse

1481 3127 1566 3153 amico
1595 3125 1645 3151 405
1670 3125 1686 3150 7
1713 3138 1747 3143 —
1776 3125 1854 3150 miser
1879 3124 2045 3156 recipiendus
2073 3131 2120 3157 per

1481 3169 1645 3195 amicabilem
1665 3168 1870 3194 misericordiam
1891 3167 1952 3193 ibid.

1534 3227 1569 3233 —
1587 3213 1627 3238 Ad
1647 3219 1740 3238 verum
1768 3212 1883 3238 amicum
1912 3211 2064 3237 fiducialiter
2083 3218 2121 3237 re·

1482 3257 1594 3284 curritur
1612 3257 1689 3290 eique
1708 3256 1860 3282 fiducialiter
1884 3256 2024 3282 necessitas
2042 3262 2121 3288 expo-

1482 3302 1551 3328 nitur
1576 3301 1619 3327 Vll
1645 3301 1696 3327 283
1718 3301 1750 3326 49
1770 3314 1804 3319 -
1823 3307 1903 3326 verus
1931 3302 2068 3326 recurrens
2087 3300 2120 3326 ad

1482 3346 1597 3372 amicum
1622 3352 1674 3371 non
1698 3345 1821 3377 desperat
1849 3343 1883 3371 ib.
1912 3345 1945 3370 22
1973 3358 2009 3364 -
2027 3344 2048 3370 εἰ
2067 3351 2122 3370 non
