2476 3921
19 1822 90 1844 ludaei
103 1825 153 1845 sunt

30 1850 146 1872 imitatores

32 1877 139 1904 nequitiae

20 1908 103 1925 suorum
120 1909 156 1931 pa-

54 1932 117 1952 trum.

762 238 957 272 COMMENT.
982 238 1020 271 lN
1045 238 1284 272 EVANGELIUM
1308 240 1425 273 LUCAE
1449 240 1481 273 C.
1506 241 1553 273 ΧΙ.

173 327 261 361 Unde
272 330 382 361 contra
396 327 473 360 istos
484 326 718 363 Deuteronomii
731 326 883 369 vigesimo
894 326 1019 369 quinto:
1042 339 1058 355 α
1070 326 1136 359 Non

174 380 305 415 habebis
328 380 359 413 in
383 380 509 414 saecu-lo
534 380 660 414 diversa
685 379 868 422 pondera›;
896 383 928 413 et
952 379 1136 412 Proverbio-

174 443 247 468 rum
270 433 439 476 vigesimo:
469 446 484 462 α
499 433 622 467 Pondus
637 436 668 467 et
684 433 820 475 pondus,
838 441 987 466 mensura
1002 435 1034 465 et
1049 440 1136 465 men-

174 490 463 529 sura;›utrumque
486 485 696 519 abominabile
719 489 767 519 est
789 485 873 528 apud
903 485 1001 518 Deum
1018 498 1049 517 υ.
1074 485 1136 518 Hoc

173 544 279 574 autem
295 543 357 579 est,
374 549 446 573 cum
473 539 567 573 homo
590 538 649 572 sibi
673 542 722 572 est
738 539 918 572 misericors
941 542 972 571 et
988 538 1136 581 proximo

174 593 224 627 vel
247 593 373 627 subdito
396 593 515 632 durus;
532 601 606 628 cum
630 592 709 626 nihil
732 595 854 635 portat,
878 592 933 626 sed
950 596 1050 625 totum
1066 591 1136 625 aliis

174 646 364 690 portandum
385 647 526 689 imponit.
551 646 638 679 Unde
658 646 901 688 chrysostomus
914 647 943 678 ¹:
972 659 987 674 a
1005 645 1059 678 Vis
1080 654 1135 687 ap-

173 709 286 743 parere
308 703 340 733 et
359 709 428 733 esse
451 699 715 733 sanctus‘e-Circa
738 700 833 733 vitam
866 703 951 732 tuam
984 701 1051 732 esto
1078 707 1135 731 au-

173 757 293 792 sterus,
318 753 403 786 circa
429 752 564 786 aliorum
588 752 752 794 benignus.
777 752 911 785 Audiant
936 755 965 785 te
994 751 1136 784 homines

173 815 271 849 parva
293 806 493 839 mandantem
516 809 549 839 et
571 806 680 848 gravia
702 805 866 839 facientem
884 819 914 838 ».

263 859 316 893 93.
341 859 443 901 (Vers.
468 859 546 899 lt7.).
578 859 642 892 Vae
665 858 775 892 vobis!
799 859 859 902 quz'
873 858 1060 900 aedificatas
1074 861 1133 891 etc.

12 917 162 971 fflffgssffi'-
173 908 339 955 Postduam
363 912 572 945 comminatus
593 915 642 944 est
664 912 709 944 eis
732 921 793 944 vae
808 921 867 954 pro
883 912 976 954 culpa
999 910 1135 944 desidiae

13 975 45 995 tur
58 971 106 993 duo.

172 975 214 999 ex
237 965 361 999 defectu
377 965 518 999 veritatis
534 965 633 1004 vitae,
658 965 710 998 hic
733 964 871 998 secundo
898 965 1029 1007 replicat
1052 964 1134 997 idem

168 1029 234 1062 pro
257 1019 356 1062 eulpa
377 1018 541 1061 perfidiae
556 1023 674 1051 eontra
689 1018 860 1051 veritatem
876 1018 1035 1057 iustitiae,
1052 1027 1134 1060 quae

172 1072 300 1115 quidem
323 1076 392 1105 erat
415 1071 446 1104 in
477 1071 588 1113 impia-
605 1071 761 1105 iustorum
790 1071 1019 1113 perseeutione.
1044 1071 1135 1104 Circa

171 1134 267 1169 quam
290 1125 393 1168 primo
409 1128 636 1167 exayyeratur
652 1125 728 1167 ipsa
744 1125 862 1168 eulpa,
879 1125 991 1158 deiude
1007 1134 1134 1168 appra-

171 1182 273 1211 vatur
296 1178 455 1211 vindicta.

261 1231 364 1264 Primo
389 1231 486 1273 igitur
513 1235 668 1274 quantum
692 1231 731 1264 ad
754 1227 1045 1274 eaeaqyeratt'onem
1069 1231 1134 1264 eul-

36 1291 67 1313 De
80 1290 234 1328 primo-pete
256 1285 345 1318 dicit:
378 1285 442 1317 Vae
473 1284 582 1317 vobis!
614 1284 674 1328 qui
703 1284 889 1327 aedificatis
920 1290 1135 1318 monumenta

172 1337 436 1381 Prophetarum,
461 1338 702 1380 praetendentes
725 1337 873 1380 pietatem
901 1339 932 1371 in
956 1338 1057 1378 facto,
1080 1339 1134 1372 sed

172 1394 317 1434 gerentes
337 1390 527 1432 impietatem
544 1389 576 1422 in
592 1390 715 1430 animo,
733 1390 814 1423 sicut
830 1394 861 1424 et
882 1395 988 1433 patres
1011 1401 1133 1425 eorum.

174 1462 216 1468 -
233 1442 465 1486 promen-‚quod
485 1443 609 1476 subdit:
631 1443 754 1476 Patres
769 1447 881 1477 autem
896 1444 999 1477 vestri
1013 1445 1135 1477 oecide-

172 1501 254 1530 runt
268 1497 354 1536 eos-²,
370 1496 489 1530 scilicet
505 1499 653 1539 tanquam
670 1497 758 1539 impii
775 1497 884 1530 iustos.
902 1497 988 1530 Unde
1001 1498 1135 1530 Actuum

171 1551 304 1593 septimo
326 1550 409 1583 dixit
432 1550 544 1584 beatus
575 1551 770 1592 Stephanus:
808 1551 936 1592 «Quem
964 1551 1134 1593 Propheta-

172 1614 244 1637 rum
267 1613 331 1637 non
351 1607 426 1637 sunt
447 1603 602 1646 persecuti
630 1607 735 1646 patres
756 1604 876 1637 vestri?
894 1604 929 1637 Et
952 1604 1136 1637 occiderunt

171 1667 225 1692 eos
247 1657 302 1701 qui
327 1658 558 1700 prophetabant
579 1658 618 1691 de
641 1657 779 1691 adventu
803 1658 876 1691 iusti
895 1671 925 1690 n.
943 1658 1002 1692 Sed
1018 1662 1050 1691 et
1065 1658 1134 1697 isti,

171 1712 244 1745 licet
265 1711 351 1744 aliud
367 1711 572 1750 simularent,
590 1714 694 1744 tamen
711 1715 802 1744 erant
818 1711 991 1745 imitatores
1012 1721 1133 1745 eorum.

262 1765 313 1797 94.
339 1764 441 1804 (Vers.
466 1765 544 1804 48).
570 1765 701 1806 Propter
725 1764 809 1807 quod
833 1764 893 1797 ait:
912 1765 974 1798 Sed
985 1763 1135 1808 profecto

172 1817 415 1860 testificamini,
439 1817 528 1861 quod
550 1817 740 1850 consentitis
756 1818 911 1860 operibus
925 1823 1067 1860 patrum
1082 1829 1134 1852 ve-

169 1875 336 1909 strorum,
360 1870 392 1903 id
414 1874 479 1909 est,
504 1870 703 1910 consentitis,
728 1871 806 1904 haec
840 1871 938 1905 fuisse
961 1881 1058 1914 opera
1080 1882 1134 1914 pa-

170 1927 257 1957 trum
285 1927 480 1963 vestrorum;
516 1924 600 1957 unde
634 1924 778 1957 Matthaei
816 1924 966 1967 vigesimo
997 1926 1133 1959 tertio-⁴⁵:

175 1991 191 2008 «
207 1977 397 2011 Testimonio
420 1978 495 2011 estis
519 1978 768 2020 vobismetipsis,
797 1979 880 2021 quod
905 1979 980 2012 estis
1003 1980 1057 2012 filii
1082 1989 1134 2013 eo-

170 2039 243 2064 rum
266 2031 322 2074 qui
341 2030 525 2064 occiderunt
548 2031 719 2073 Prophetas
734 2044 765 2064 ».
783 2050 826 2056 -
843 2031 913 2065 ldeo
928 2032 1030 2066 addit:
1049 2033 1135 2073 Quo-

152 2084 265 2117 -m'am
288 2084 356 2127 ipsi
377 2084 509 2128 quidem
532 2094 585 2117 eos
609 2085 818 2123 oeez'derunt,
837 2095 893 2118 vos
908 2089 1019 2118 autem
1043 2086 1134 2119 aedi-

169 2137 281 2179 ficatis
304 2147 420 2170 eorum
442 2138 615 2180 sepulera;
639 2141 670 2171 et
693 2137 737 2171 sic
762 2138 850 2181 signo
874 2142 906 2171 et
922 2139 1018 2172 verbo
1039 2142 1134 2172 testes

170 2194 275 2230 erant,
299 2191 385 2233 quod
408 2194 514 2233 patres
545 2200 657 2224 eorum
685 2191 770 2233 ipsos
800 2191 988 2225 occiderant.
1014 2192 1050 2225 Et
1075 2192 1133 2225 hoc

170 2244 298 2287 quidem
321 2244 530 2277 simulabant
559 2253 592 2277 se
627 2244 725 2277 verbo
756 2248 786 2277 et
822 2245 910 2287 signo
942 2245 1131 2287 reprobare;

170 2297 254 2331 unde
270 2298 415 2331 Matthaei
432 2298 582 2340 vigesimo
600 2298 692 2331 tertio
704 2300 735 2330 ⁴:
757 2311 772 2326 «
786 2298 913 2331 Ornatis
930 2302 1133 2332 monumenta

170 2351 326 2384 iustorum
352 2354 384 2384 et
405 2351 525 2384 dicitis:
550 2351 579 2384 Si
615 2351 785 2384 fuissemus
813 2352 845 2384 in
868 2351 980 2385 diebus
1004 2356 1132 2394 patrum

170 2407 351 2437 nostrorum
362 2430 370 2444 ‚
395 2414 456 2438 non
481 2405 652 2438 fuissemus
668 2405 742 2438 socii
760 2414 872 2438 eorum
890 2417 920 2443 »;
938 2405 991 2438 sed
1009 2415 1132 2448 appro-

170 2457 295 2490 babant
317 2458 468 2491 consimili
494 2458 575 2491 sacto
598 2461 630 2491 et
653 2461 743 2497 voto,
768 2458 853 2501 quod
870 2458 948 2500 ipsi,
965 2462 1002 2491 ut
1025 2463 1132 2501 patres

242 2649 250 2664 ¹
271 2651 366 2676 llomil.
393 2651 436 2676 43.
459 2651 483 2676 iu
513 2651 599 2677 Matth.
625 2652 673 2684 23,
694 2652 718 2678 4.
738 2652 798 2685 (Op.
827 2653 991 2687 importare),
1017 2654 1061 2680 ubi
1082 2661 1131 2686 pro

171 2694 273 2722 Contra
293 2694 375 2721 vitam
395 2695 439 2728 (ita
459 2695 517 2721 Vat.
543 2698 569 2721 et
594 2696 681 2727 plures
704 2697 794 2730 codd.)
820 2697 958 2729 posuimus
982 2705 1042 2724 cum
1063 2699 1131 2731 Gll,

170 2739 248 2766 Card.
267 2741 335 2772 Hug.
354 2743 380 2766 et
398 2743 467 2766 textu
487 2740 606 2772 originali
627 2739 706 2767 Circa
725 2740 821 2773 vitam,
844 2741 959 2768 subinde
972 2750 1021 2775 pro
1034 2743 1132 2777 qravia

172 2785 216 2816 (ita
237 2785 314 2810 etiam
334 2784 410 2810 Card.
431 2785 518 2818 Ilugo)
537 2786 558 2810 G
578 2792 692 2818 maana,
713 2789 797 2811 textus
816 2786 951 2818 originalis
968 2787 1096 2821 prandia.

242 2827 252 2842 ²
273 2829 399 2861 Vulgata,
418 2837 499 2863 quam
519 2834 664 2863 sequuntur
683 2830 704 2855 ll
724 2833 749 2856 et
778 2830 844 2862 Vnt„
864 2830 934 2857 illos.
952 2845 988 2851 —
1007 2832 1131 2865 Sequitur

171 2875 226 2899 Act.
246 2873 276 2904 7,
297 2873 338 2899 52.

241 2915 253 2931 ³
274 2918 345 2943 Vers.
366 2918 409 2943 31.
421 2933 457 2937 -
469 2919 555 2950 Supra
575 2926 623 2951 pro
643 2918 708 2945 haec
719 2918 804 2953 fuls-se
816 2926 899 2952 opera
913 2920 1027 2946 nonnulli
1043 2921 1131 2952 codd„

170 2965 199 2987 ut
216 2962 282 2993 DG,
302 2961 351 2989 hoc
368 2961 453 2995 suis-se
472 2969 594 2996 operum.

241 3004 252 3018 ⁴
273 3005 348 3031 Vers.
366 3006 408 3031 29.
427 3013 484 3039 seq.

241 3048 252 3062 ⁵
271 3049 342 3076 Libr.
361 3051 402 3076 lV.
421 3050 567 3077 comment.
597 3051 621 3077 in
648 3053 735 3077 ltlattli.
764 3053 812 3083 ⁴23,
832 3053 874 3078 ‘'29.
894 3059 963 3086 serp:
984 3054 1131 3080 Prudentis-

169 3093 237 3119 simo
264 3094 416 3126 syllogismo
440 3096 572 3128 coarguit,
591 3103 637 3122 eos
662 3096 729 3122 lilios
753 3104 810 3122 esse
839 3098 1045 3129 homicidarum,
1064 3099 1128 3125 dum

169 3137 218 3169 ipsi
237 3137 362 3169 opinione
381 3137 505 3164 bonitatis
532 3143 558 3165 et
582 3140 682 3172 gloriae
706 3140 731 3165 in
761 3141 875 3172 populos
899 3143 1021 3174 sepulcra
1040 3143 1130 3169 aedifi-

168 3184 228 3207 cant
246 3181 452 3214 Prophetarum,
481 3190 549 3216 quos
574 3184 687 3210 maiores
714 3191 806 3210 eorum
833 3185 1029 3219 iuterfecerunt,
1049 3190 1074 3213 et
1093 3187 1129 3213 di-

168 3229 242 3251 cunt:
262 3226 288 3251 Si
309 3226 449 3253 fuissemus
468 3231 586 3260 tempore
605 3229 661 3260 illo,
681 3236 733 3254 non
754 3229 908 3256 fecissemus
926 3237 957 3256 ea
975 3238 1045 3267 quae
1065 3232 1128 3257 fece-

168 3273 228 3295 runt
246 3273 334 3302 patres
360 3271 449 3297 nostri.
473 3272 529 3298 Hoc
557 3276 644 3298 autem
673 3273 774 3299 etiamsi
803 3281 925 3300 sermone
949 3282 1001 3301 nou
1026 3276 1129 3307 dicant,

167 3320 249 3345 opere
268 3314 424 3347 loquuntur,
444 3322 475 3341 ex
494 3323 526 3341 eo
544 3317 617 3350 quod
637 3316 775 3343 ambitiose
793 3320 820 3343 et
839 3319 980 3350 magnifice
992 3319 1130 3346 aedificent

168 3358 310 3384 memorias
328 3359 492 3391 occisorum,
510 3368 578 3393 quos
597 3368 611 3386 a
631 3361 750 3393 patribus
777 3362 832 3388 suis
850 3369 908 3389 esse
928 3363 1058 3396 iugulatos
1077 3371 1128 3390 non

168 3405 272 3434 negant.

2093 245 2157 278 307

1200 336 1329 366 eorum,
1354 331 1445 361 erant
1468 333 1686 370 persecutores
1717 331 1886 371 bonorum;
1911 336 1942 365 et
1966 342 2006 365 ex
2032 334 2090 366 hoc
2115 336 2159 366 te-

1201 384 1264 413 stes
1287 383 1396 420 erant,
1420 390 1454 414 se
1477 383 1654 416 consentire
1670 384 1819 425 operibus
1835 389 1971 427 patrum.
1991 386 2075 419 Unde
2092 387 2160 419 ilie-

1201 433 1397 475 ronymus⁶z
1426 447 1442 462 ε
1459 434 1574 468 Contra
1598 437 1802 478 vosmetipsos
1834 441 1928 470 testes
1950 439 2042 477 estis;
2066 448 2162 481 opere

1200 486 1283 518 enim
1307 495 1363 519 vos
1386 496 1455 520 esse
1478 487 1652 521 imitatores
1676 493 1801 530 patrum
1839 491 2061 529 testificamini,
2083 501 2161 533 quo-

1200 547 1272 571 rum
1295 539 1436 572 facinora
1458 540 1653 574 detestamini
1689 542 1826 575 verbo».
1852 543 1938 576 Unde
1965 544 2096 576 Actuum
2114 553 2163 577 se-

1200 591 1340 634 ptimo⁶:
1374 593 1495 626 «Dura
1528 594 1651 627 cervice
1686 599 1717 627 et
1753 595 1981 629 incircumcisis
2015 597 2163 630 cordibus

1199 648 1230 678 et
1253 646 1403 685 auribus,
1430 655 1485 679 vos
1517 655 1641 688 semper
1676 647 1806 689 Spiritui
1842 641 1951 681 sancto
1987 649 2161 687 restitistis,

1199 698 1282 731 sicut
1304 702 1410 741 patres
1434 699 1545 737 vestri,
1569 699 1612 732 ita
1635 704 1666 732 et
1691 709 1745 733 vos
1761 714 1791 732 »-

1290 753 1342 784 95.
1367 752 1469 791 (Vers.
1494 753 1571 793 49).
1598 753 1633 786 Et
1656 753 1731 795 quia
1748 754 1882 793 malitia,
1899 764 1993 796 quam
2011 756 2163 797 gerebant
2177 763 2328 812 02⁵⁸&ssss

1199 805 1230 838 in
1254 805 1363 844 corde,
1389 806 1594 847 permissione
1618 806 1672 839 Dei
1698 807 1889 849 propalanda
1912 812 1980 841 erat
2004 809 2034 841 in
2051 818 2160 851 opere,

1198 858 1268 891 ideo
1291 858 1411 892 subdit:
1438 859 1621 901 Propterea
1644 864 1673 892 et
1696 860 1863 903 sapientia
1889 862 1948 894 Dei
1970 862 2074 901 dizit,
2097 876 2111 891 α
2131 863 2161 896 id

1198 915 1260 950 est,
1283 912 1324 945 ab
1339 916 1468 945 aeterno
1491 913 1646 955 disposuit
1659 913 1670 932 ⁷
1688 927 1719 952 n,
1739 914 1786 947 vel
1812 914 1878 956 ipse
1894 915 2039 948 Christus
2058 916 2162 958 dispo-

1198 964 1262 997 suit
1278 965 1327 998 vel
1344 965 1514 1007 praevidit,
1540 966 1593 1008 qui
1611 970 1659 1000 est
1688 980 1703 995 α
1716 967 1770 1000 Dei
1796 967 1897 1000 virtus
1914 972 1945 1000 et
1968 968 2022 1001 Dei
2040 969 2163 1011 sapien-

1200 1018 1241 1050 tia
1257 1031 1287 1050 ι).
1305 1018 1359 1051 Vel
1383 1019 1488 1058 dixit,
1505 1019 1536 1052 id
1560 1023 1621 1059 est,
1640 1020 1797 1062 praedixit
1821 1030 1896 1054 voce
1913 1022 2105 1064 prophetica.
2119 1042 2163 1046 —

1198 1071 1325 1104 Mittam
1350 1071 1397 1104 ad
1420 1071 1493 1105 illos
1508 1072 1696 1115 Prophetas
1719 1078 1746 1106 et
1774 1074 1960 1116 Apostolos,
1983 1079 2012 1107 et
2031 1085 2071 1107 ex
2096 1076 2162 1108 ictis

1197 1125 1343 1158 occident
1366 1129 1395 1158 et
1419 1131 1672 1170 persequentur,
1697 1127 1871 1161 secundum
1904 1128 1980 1161 illud
2013 1129 2162 1162 leremiae

1197 1178 1374 1220 septimoss:
1404 1192 1420 1208 «
1436 1179 1502 1212 Misi
1526 1179 1565 1212 ad
1582 1189 1638 1213 vos
1661 1189 1769 1214 omnes
1793 1190 1901 1214 servos
1917 1191 2003 1228 meos
2026 1182 2163 1225 Prophe-

1198 1234 1246 1265 tas
1277 1241 1334 1274 per
1357 1232 1455 1271 diem,
1487 1242 1682 1276 consurgens
1704 1234 1843 1268 diluculo
1874 1238 1905 1268 et
1927 1235 2072 1275 mittens;
2101 1246 2162 1270 non

1197 1285 1368 1319 audierunt
1391 1295 1459 1325 me,
1484 1287 1537 1320 sed
1563 1296 1620 1320 nec
1644 1287 1876 1321 inclinaverunt
1898 1298 2008 1322 aurem
2026 1299 2114 1322 suam
2132 1294 2164 1323 et

1198 1338 1437 1372 obduraverunt
1461 1349 1550 1373 suam
1576 1341 1728 1374 cervicem
1761 1346 1792 1374 et
1824 1342 1914 1384 peius
1942 1343 2061 1384 operati
2089 1348 2163 1376 sunt

1198 1401 1293 1434 quam
1319 1397 1425 1434 patres
1448 1402 1559 1426 eorum
1577 1407 1607 1426 ι».
1634 1394 1693 1427 Hoc
1727 1395 1922 1428 verificatum
1946 1399 1994 1428 est
2025 1396 2055 1428 in
2080 1396 2162 1435 istis,

1199 1445 1253 1487 qui
1272 1454 1334 1478 non
1359 1448 1482 1479 tantum
1500 1446 1685 1488 Prophetas,
1709 1447 1762 1480 sed
1779 1447 1872 1480 etiam
1892 1448 2070 1481 Dominum
2083 1459 2163 1491 pro-

1196 1498 1313 1540 prium
1338 1498 1582 1542 interfecerunt.
1607 1500 1693 1533 Unde
1717 1501 1849 1534 Actuum
1876 1501 1993 1534 tertio⁹
2016 1502 2091 1535 dicit
2118 1503 2163 1536 eis

1200 1552 1327 1585 Petrus:
1359 1565 1374 1581 «
1390 1553 1452 1586 Vos
1474 1556 1580 1586 autem
1599 1553 1717 1586 iustum
1742 1558 1773 1587 et
1797 1558 1940 1587 sanctum
1972 1556 2109 1597 negastis
2132 1560 2164 1588 et

1199 1605 1331 1647 petistis,
1347 1605 1452 1639 virum
1470 1606 1658 1639 homicidam
1675 1607 1785 1640 donari
1799 1608 1901 1647 vobis;
1914 1612 2074 1641 auctorem
2088 1618 2163 1642 vero

1199 1658 1281 1692 vitae
1312 1659 1516 1693 interemistis
1533 1674 1562 1692 n.
1595 1660 1787 1694 Occiderunt
1821 1662 1914 1695 etiam
1945 1663 2163 1705 et-persecuti

1198 1716 1274 1746 sunt
1296 1722 1406 1746 omnes
1429 1717 1521 1746 testes
1545 1714 1662 1756 ipsius.
1688 1715 1764 1747 Nam
1788 1715 1917 1748 lacobus
1947 1716 2069 1749 occisus
2097 1720 2162 1754 est,

1198 1769 1230 1799 et
1254 1767 1365 1799 Petrus
1388 1767 1651 1808 comprehensus,
1669 1769 1802 1801 Actuum
1827 1768 2012 1802 duodecimo
2030 1770 2065 1801 ¹⁰.
2092 1770 2162 1803 Per-

1198 1819 1297 1852 secuti
1314 1822 1388 1852 sunt
1408 1819 1501 1853 etiam
1517 1820 1575 1862 ipsi
1598 1820 1729 1853 Paulum
1744 1825 1775 1854 et
1795 1822 1983 1861 Barnabam,
2005 1826 2041 1855 ut
2063 1826 2163 1856 trans-

1198 1873 1372 1915 migrarent
1386 1873 1425 1905 ad
1449 1877 1571 1915 gentes,
1588 1874 1721 1906 Actuum
1741 1874 1861 1908 decimo
1879 1875 1971 1908 tertio
1991 1879 2022 1909 et
2041 1876 2162 1909 decimo

1198 1929 1313 1968 quarto
1322 1937 1331 1965 ;
1355 1930 1387 1959 et
1409 1935 1519 1959 omues
1549 1926 1643 1959 etiam
1666 1927 1811 1969 discipuli
1835 1928 1996 1970 flagellati,
2028 1930 2161 1962 Actuum

1198 1979 1319 2021 quinto.

1289 2033 1340 2065 96.
1366 2033 1467 2075 (Vers.
1493 2033 1569 2073 50.).
1595 2034 1737 2067 Secundo
1762 2043 1837 2068 vero
1861 2038 2013 2077 quantum
2038 2036 2076 2068 ad
2102 2046 2160 2078 ay-

1195 2085 1428 2128 9ravatz'onem
1444 2086 1609 2119 vindictae
1623 2087 1715 2120 dicit:
1746 2087 1786 2120 Ut
1802 2088 1999 2132 inquiratur
2018 2090 2160 2132 sanquis

1197 2139 1347 2172 omnium
1375 2138 1629 2182 Prophetarum.
1650 2141 1840 2185 inquiritur
1863 2151 2000 2184 namque
2020 2151 2076 2185 per
2093 2143 2160 2176 vin-

1197 2192 1330 2232 dictam;
1355 2193 1439 2226 unde
1456 2193 1486 2226 in
1505 2194 1625 2227 Psalmo
1640 2196 1682 2226 ¹¹:
1705 2208 1721 2223 a
1737 2195 1889 2237 Quoniam
1908 2196 2074 2238 requirens
2090 2206 2160 2229 san-

1197 2246 1324 2288 guinem
1341 2255 1467 2285 eorum,
1485 2247 1669 2281 recordatus
1685 2251 1761 2281 est»
1782 2251 1856 2288 etc.;
1873 2252 1905 2282 et
1920 2249 2046 2283 Genesis
2063 2259 2158 2283 nono:

1202 2314 1217 2329 α
1234 2301 1279 2333 De
1295 2309 1391 2334 manu
1415 2301 1475 2334 viri
1492 2305 1523 2334 et
1546 2301 1653 2335 fratris
1677 2301 1745 2335 eius
1766 2302 1926 2345 requiram
1949 2303 2084 2336 animam
2103 2304 2159 2336 ho-

1197 2354 1298 2387 minis.
1332 2354 1531 2397 Quicumque
1566 2355 1712 2388 effuderit
1744 2356 1918 2388 humanum
1954 2357 2158 2398 sanguinem,

1197 2406 1348 2439 fundetur
1372 2407 1500 2449 sanguis
1524 2407 1608 2441 illius
1626 2421 1654 2440 n.
1681 2427 1722 2432 —
1748 2409 1941 2452 lnquiretur
1964 2409 2060 2451 igitur
2079 2419 2158 2442 san-

1194 2460 1293 2502 yut's,
1326 2460 1356 2492 id
1387 2463 1435 2493 est
1466 2460 1602 2493 vindicta
1632 2461 1792 2494 effusionis
1823 2462 2003 2504 sanguinis;
2028 2466 2158 2505 propter

1267 2653 1278 2668 ⁶
1299 2655 1372 2680 Vers-
1393 2654 1439 2685 51;
1459 2656 1504 2680 cfr.
1524 2662 1604 2686 supra
1624 2661 1685 2686 pag.
1706 2656 1771 2685 290,
1795 2659 1854 2681 uota
1875 2656 1899 2681 6.

1266 2697 1276 2712 ⁷
1296 2700 1330 2724 lta
1349 2699 1439 2725 Glossa
1464 2698 1664 2731 inte1·linearis‚·
1688 2701 1734 2725 cfr.
1760 2700 1850 2725 Glossa
1873 2699 2016 2727 ordt'naria
2042 2701 2082 2733 (cx
2108 2703 2159 2727 Au-

1196 2742 1275 2775 gust.)
1297 2744 1321 2768 in
1341 2743 1381 2768 Ps.
1400 2743 1443 2774 61,
1459 2744 1504 2775 12,
1524 2743 1558 2769 de
1577 2751 1629 2776 qua
1649 2744 1710 2769 vide
1730 2747 1793 2769 tom.
1808 2745 1839 2769 V.
1859 2751 1920 2777 pag.
1940 2746 2005 2776 323,
2024 2750 2112 2771 notai-u
2133 2747 2158 2772 3.

1195 2801 1230 2809 —-
1250 2788 1334 2818 Beda,
1354 2787 1397 2813 lV.
1417 2787 1443 2812 in
1463 2788 1525 2813 Luc.
1549 2788 1592 2818 tl,
1612 2787 1659 2813 49:
1679 2787 1847 2821 Sapientiam
1866 2788 1916 2815 Dei
1928 2796 1957 2814 se
1977 2789 2062 2821 ipsum
2083 2790 2159 2821 dicit,

1196 2832 1252 2865 ipse
1270 2836 1310 2858 cst
1327 2832 1396 2858 enim
1419 2831 1466 2858 Dei
1483 2831 1570 2858 virtus
1589 2833 1614 2858 et
1633 2831 1682 2858 ,Dei
1698 2832 1844 2867 sapientia,
1864 2833 1931 2859 sicut
1956 2834 2095 2866 Apostolus
2113 2835 2159 2861 do-

1195 2881 1236 2903 cet
1255 2876 1291 2911 [l.
1305 2876 1363 2903 Cor.
1385 2877 1414 2907 1,
1428 2876 1474 2908 24;
1494 2877 1540 2902 cfr.
1555 2884 1635 2909 supra
1655 2884 1717 2909 pag.
1731 2877 1780 2908 96,
1799 2880 1859 2903 uota
1875 2877 1917 2911 4.].
1938 2878 2074 2910 Ambros,
2096 2880 2157 2905 Vlll.

1195 2922 1220 2948 in
1240 2923 1300 2948 Luc.
1321 2929 1345 2947 n.
1367 2921 1432 2946 ⁴07:
1453 2921 1518 2954 Quis
1543 2925 1582 2947 est
1601 2914 1733 2954 Sapientia
1752 2922 1803 2948 nisi
1828 2922 1966 2949 Christus?
1987 2923 2107 2957 Denique
2131 2924 2157 2949 in

1195 2967 1322 2993 Matthaeo
1342 2965 1404 2999 [23,
1424 2965 1482 2999 31.]
1502 2965 1598 2991 habes:
1621 2966 1700 2997 Ecce,
1719 2973 1767 3000 eqo
1787 2966 1862 2993 ntitto
1882 2966 1919 2993 ad
1944 2974 1989 2994 vos
2008 2968 2157 3002 Prophetas

1195 3011 1221 3036 et
1237 3009 1380 3043 sapientes.
1398 3023 1434 3028 —
1453 3010 1502 3035 Pro
1521 3009 1569 3043 qui
1591 3011 1630 3036 est
1649 3010 1698 3036 Dei
1717 3009 1803 3037 rii-tus
1822 3010 1841 3036 C
1856 3011 1876 3036 D
1889 3011 1907 3036 F
1920 3012 1940 3036 G
1960 3010 2009 3045 qui
2026 3014 2085 3038 erat
2110 3011 2159 3038 Dei

1197 3053 1292 3080 uirtus.

1265 3097 1277 3112 ὅ
1297 3099 1370 3124 Vei-s.
1390 3100 1434 3124 25.
1453 3102 1479 3124 ct
1503 3100 1547 3125 26.
1566 3099 1615 3125 Pro
1639 3099 1704 3125 Misi
1726 3099 1764 3126 ad
1783 3107 1828 3126 vos
1853 3100 1931 3126 codd.
1951 3100 2015 3127 MLst'
2036 3101 2074 3127 ad
2091 3108 2134 3128 eos
2146 3111 2155 3133 ,-

1196 3144 1264 3170 idem
1285 3143 1395 3169 recurrit
1413 3143 1478 3169 iufra
1500 3144 1523 3169 in
1544 3144 1705 3176 expositione
1725 3145 1773 3175 20,
1797 3146 1835 3170 ¹2.

1265 3186 1276 3201 ⁹
1296 3188 1370 3213 Vers.
1391 3187 1432 3213 14.
1451 3191 1478 3213 et
1499 3188 1539 3214 15.
1558 3202 1594 3207 -
1614 3189 1740 3220 Superius
1764 3196 1812 3221 pro
1838 3189 1982 3216 Dontt‘num
2005 3190 2154 3224 proprium

1195 3232 1253 3258 Vat.
1275 3231 1421 3258 Dominum
1441 3232 1649 3266 Prophetarum.

1265 3275 1287 3291 ¹⁰
1306 3277 1382 3302 Vers.
1401 3277 1426 3302 2.
1445 3280 1471 3302 et
1490 3277 1515 3302 3.
1528 3291 1564 3296 -
1577 3277 1695 3303 Subinde
1707 3278 1853 3310 allegantur
1871 3279 1925 3304 Act.
1949 3279 1991 3309 13,
2010 3279 2051 3303 50.
2067 3283 2092 3304 ct
2109 3278 2155 3309 lb,

1194 3322 1218 3347 5.
1237 3328 1306 3353 seq.,
1325 3321 1434 3347 demum
1454 3321 1485 3353 5,
1505 3321 1547 3347 to.

1264 3363 1285 3378 ¹¹
1306 3365 1401 3390 Psaliu.
1420 3365 1449 3395 9,
1465 3365 1510 3396 13,
1530 3368 1590 3398 post
1602 3372 1682 3399 quem
1696 3366 1760 3391 Gen.
1774 3366 1805 3397 9,
1819 3366 1843 3392 ὅ.
1857 3374 1926 3399 scq.‚
1947 3366 1990 3392 ubi
2004 3366 2115 3393 vocibus
2128 3368 2153 3393 et

1191 3407 1288 3442 fratris
1307 3407 1326 3435 C
1337 3409 1386 3434 DF
1397 3409 1418 3434 G
1438 3408 1594 3435 interserunt
1612 3409 1643 3436 de
1664 3416 1756 3436 nnana.

2180 2042 2211 2064 De
2222 2042 2325 2065 secundo.
