2476 3921
127 703 256 731 Anagogtce.

126 809 259 837 septiformi·

113 839 146 858 ter
152 836 265 863 accipitur.

133 1231 260 1253 Reverentia

135 1259 255 1280 mulierum.

126 2237 186 2264 ipsae
201 2239 276 2267 parant

117 2276 119 2279 -
139 2269 267 2285 necessaria.

277 290 341 322 586

274 377 434 419 aperietur
451 388 486 415 »;
512 375 586 418 quia
606 372 890 415 contemplantibus
913 370 1056 413 aperitur
1074 370 1131 402 lux
1155 368 1237 402 veri-

276 431 355 463 tatis.
380 430 502 462 Dicitur
517 428 611 461 etiam
635 430 744 459 status
767 424 939 468 religionis
958 433 1015 457 seu
1038 421 1237 456 observantia

274 483 470 525 evangelicae
483 480 695 524 perfectionis;
710 479 804 512 Isaiae
816 477 1076 521 quinquagesimo
1088 479 1199 509 octavo
1209 476 1236 507 ¹:

279 550 295 565 α
312 536 341 569 Si
365 535 517 569 averteris
540 544 558 567 a
581 533 715 567 Sabbato
738 532 849 575 pedem
869 534 975 569 tuum,
999 530 1102 562 facere
1126 528 1237 561 volun—

275 593 370 622 tatem
394 593 481 621 tuam
506 587 537 620 in
561 586 611 619 die
634 589 741 619 sancto
765 593 849 623 meo,
873 582 1035 616 vocaberis
1066 581 1237 614 Sabbatum

275 642 442 675 delicatum
466 643 497 673 et
521 643 665 673 sanctum
689 638 806 671 donum
830 636 1003 679 gloriosum
1021 648 1050 666 ».
1064 634 1238 666 —Secun-

275 696 350 728 dum
375 693 580 737 anayoyiam
604 696 709 726 autem
737 691 854 724 dicitur
882 689 1052 722 Sabbatum
1075 687 1167 731 quies
1184 696 1238 719 ae-

277 753 389 782 ternae
405 747 641 785 iucunditati&
666 746 759 779 Isaiae
776 744 887 777 ultimo
900 744 927 775 2:
950 756 966 771 «
979 742 1044 774 Erit
1067 741 1237 774 Sabbatum

278 813 319 837 ex
336 803 470 836 Sabbato
482 816 513 833 ».
528 819 569 826 -
586 801 635 833 Sic
656 799 808 842 septimus
831 797 897 830 dies
913 795 1038 829 Sabbati
1062 794 1237 828 secundum

279 856 523 899 quadriformem
560 854 669 886 faciem
710 855 813 889 rotae,
850 850 881 883 id
919 852 967 882 est
1001 847 1238 890 intelligentiam

280 910 460 951 Scripturae
473 908 501 947 ⁸,
523 907 734 949 septiformem
751 904 845 937 habet
861 903 1087 945 acceptionem,
1105 904 1141 933 ut
1156 900 1239 933 dica-

281 967 333 996 tur
357 962 525 995 Sabbatum
549 959 736 1002 corporalis
759 957 870 1002 quies,
894 956 987 999 quies
1012 953 1156 992 Christi,
1189 963 1239 985 re-

279 1016 370 1059 quies
386 1015 603 1051 animarum,
628 1011 765 1045 cessatio
782 1020 805 1043 a
829 1008 1075 1052 perpetratione
1096 1006 1239 1049 peccati,

279 1069 381 1102 otium
398 1065 699 1109 contemplationi&
716 1068 824 1097 status
840 1061 1058 1105 religionis‘et
1070 1069 1142 1102 pam
1158 1068 1240 1091 sem-

277 1121 426 1164 piternae
449 1119 627 1162 felicitatis.

368 1175 420 1206 70.
439 1173 540 1214 (Vers.
559 1171 636 1212 55).
654 1171 773 1212 Quarto
790 1172 944 1211 quantum
960 1167 999 1200 ad
1022 1165 1241 1199 reverentiam

280 1227 460 1260 mulierum
476 1226 512 1258 in
528 1223 755 1257 subsecutione
771 1221 951 1264 subiungit:
970 1220 1168 1259 Subsecutae
1184 1225 1243 1250 au-

281 1284 342 1313 tem
369 1279 541 1317 mulieres,
570 1286 655 1321 quae
682 1285 759 1309 cum
782 1275 880 1317 ipso4
904 1277 1062 1306 venerant
1085 1272 1123 1304 (Ie
1150 1271 1242 1304 Gali-

282 1333 371 1371 laea,
395 1332 550 1364 viderunt
577 1332 836 1362 monumentum.
866 1328 927 1360 Hoc
958 1331 1064 1359 autem
1088 1325 1244 1358 faciebant

281 1395 323 1419 ex
348 1385 471 1427 pietatis
493 1384 625 1421 affectu3
650 1382 734 1415 unde
757 1381 907 1414 Glossa⁵z
938 1394 954 1409 «
970 1380 1042 1413 Aliis
1065 1379 1147 1412 notis
1174 1378 1242 1411 lesu

283 1441 353 1481 post
375 1437 550 1480 depositum
575 1444 691 1477 corpus
715 1434 951 1472 recedentibus,
976 1433 1059 1466 solae
1075 1432 1242 1470 mulieres,

284 1500 365 1534 quae
381 1491 500 1524 arctius
516 1489 680 1528 amabant,
696 1488 834 1521 officium
851 1487 971 1520 funeris
988 1485 1222 1528 inspiciebant»
1236 1496 1242 1522 ;

285 1549 316 1578 et
340 1545 416 1578 haec
433 1544 602 1582 faciebant,
619 1546 656 1576 ut
679 1542 823 1584 lugerent
840 1543 1017 1579 mortuum,
1042 1547 1137 1581 quem
1154 1537 1244 1580 prius

285 1599 463 1631 dilexerant
487 1597 686 1630 moriturum.
714 1596 749 1627 Et
772 1595 833 1627 hoc
856 1593 979 1636 pietatis
1002 1595 1050 1625 est
1065 1594 1096 1624 et
1120 1590 1244 1633 religio-

285 1652 351 1690 nis,
376 1650 549 1684 secundum
574 1649 649 1682 illud
676 1647 878 1681 Ecclesiastici
904 1646 1065 1688 trigesimo
1089 1644 1243 1677 octavo⁶:

292 1718 307 1734 α
324 1705 394 1743 Fili,
418 1705 450 1737 in
474 1707 636 1736 mortuum
660 1701 779 1744 produc
804 1701 975 1742 lacrymas,
999 1702 1030 1732 et
1062 1697 1151 1740 quasi
1175 1697 1245 1729 dira

286 1766 414 1801 passuS,
439 1757 540 1799 incipe
557 1756 682 1798 plorare
705 1758 736 1787 et
752 1753 925 1787 secundum
950 1751 1100 1784 iudicium
1117 1753 1246 1791 contege

286 1820 402 1853 corpus
426 1811 510 1843 illius
541 1814 572 1842 et
604 1818 664 1842 non
697 1806 850 1849 despicias
881 1805 1078 1847 sepulturam
1109 1803 1194 1835 illius
1216 1816 1245 1834 ».

293 1878 307 1893 (1
325 1864 360 1896 Et
383 1864 431 1896 fac
454 1864 575 1895 luctum
598 1860 772 1894 secundum
797 1858 945 1891 meritum
970 1857 1038 1890 eius
1055 1870 1084 1888 ».
1109 1875 1153 1879 -
1178 1855 1247 1887 ldeo

288 1918 347 1950 hae
363 1916 512 1949 mulieres
536 1915 604 1956 piae
620 1922 682 1946 non
704 1913 806 1945 solum
823 1910 1015 1953 aspiciebant
1034 1909 1247 1951 sepulturam,

289 1978 400 2002 verum
424 1969 517 2001 etiam
552 1975 668 2008 corpus
696 1965 874 2007 sepultum;
907 1966 938 1996 et
972 1963 1042 1995 ideo
1076 1962 1178 1995 addit:
1211 1962 1248 1994 Et

289 2021 567 2066 quemadmodum
586 2019 735 2062 positum
766 2022 840 2051 erat
863 2026 985 2059 corpus
1016 2016 1107 2055 eius,
1131 2015 1249 2048 scilicet

290 2075 454 2112 viderunt,
478 2077 509 2106 et
540 2074 598 2105 hoc
629 2072 668 2105 ad
692 2070 935 2114 impendendum
967 2068 1171 2102 humanitatis
1194 2068 1248 2105 be.-

291 2127 436 2160 neticinm
452 2126 474 2158 ⁷.

380 2181 431 2212 71.
458 2180 558 2221 (Vers.
589 2179 664 2219 56).
690 2178 819 2220 Propter
842 2176 927 2219 quod
950 2175 1108 2218 adiungit:
1136 2174 1174 2207 Et
1197 2183 1249 2206 re-

290 2237 446 2266 vertentes
476 2235 687 2275 paraverunt
718 2233 875 2263 aromata
906 2233 934 2262 et
965 2232 1157 2271 unquentffl
1188 2227 1248 2260 hoc

291 2287 372 2320 enim
398 2286 510 2319 licebat
533 2285 564 2318 in
588 2285 638 2318 die
666 2292 867 2327 parasceves,
892 2282 946 2316 sed
977 2282 1008 2315 in
1033 2281 1167 2314 Sabbato
1190 2281 1249 2313 mi-

292 2340 384 2373 nime.
403 2358 442 2362 —
461 2339 497 2371 Et
520 2338 588 2371 ideo
613 2337 792 2379 subiungit:
818 2338 858 2369 Et
882 2335 1025 2369 Sabbato
1048 2334 1180 2378 quidem
1203 2333 1248 2366 si-

292 2393 425 2426 luerunt
447 2392 628 2424 secundum
659 2390 867 2423 mandatum.
899 2390 975 2422 Nam
1008 2387 1132 2421 Levitici
1165 2387 1249 2429 vige-

1313 2387 1446 2430 inteyra
1458 2390 1489 2420 et
1499 2387 1709 2430 praedicatio
1723 2396 1813 2419 vera.
1827 2387 1958 2426 Herbae,
1975 2386 2093 2429 quibus
2109 2385 2276 2419 conficitur

364 2557 373 2572 ²
394 2558 468 2583 Vers.
489 2557 535 2587 13,
555 2555 600 2581 111)1
620 2555 723 2581 11161011.
749 2555 800 2580 ait:
820 2555 860 2580 Ad
882 2556 931 2580 boc
954 2553 1098 2580 Sabbatum
1124 2554 1195 2580 omni
1220 2555 1252 2579 16-

294 2604 407 2630 stivitate
420 2601 606 2637 celebrandum
623 2601 741 2625 Salvator
755 2606 802 2625 nos
815 2602 941 2630 provocat
954 2599 980 2624 in
996 2598 1136 2630 Evangelio
1150 2597 1250 2631 [Mattli.

296 2649 338 2678 11,
358 2646 415 2680 28.]
435 2646 542 2671 dicens:
562 2643 649 2670 Venite
661 2643 698 2670 ad
710 2650 764 2675 me,
779 2649 869 2669 omnes
884 2646 930 2668 etc.
945 2656 980 2662 —-
994 2643 1078 2674 Supra
1098 2644 1117 2667 A
1128 2641 1147 2668 C
1159 2642 1180 2667 D
1198 2649 1251 2667 non

297 2692 363 2722 male
382 2690 504 2716 omittunt
523 2688 586 2722 quia
606 2686 844 2721 contemplantibus
865 2686 996 2720 aperitur.

367 2734 377 2748 2
398 2735 472 2759 Vers.
487 2733 530 2758 23.
543 2733 593 2758 Csr.
607 2734 733 2764 August„
748 2731 826 2756 ΧΧΙΙ.
839 2731 873 2756 de
885 2730 941 2756 Civ.
956 2731 1015 2763 Dei,
1028 2737 1051 2755 c.
1065 2730 1107 2755 30.
1121 2737 1145 2758 n.
1160 2729 1185 2755 lt.
1198 2736 1253 2762 seq.

297 2783 322 2806 01
342 2780 455 2804 Tractat.
474 2777 507 2803 de
526 2776 637 2803 Caritate
656 2776 733 2808 (inter
752 2782 831 2807 opera
852 2774 987 2807 Bernardi)
1008 2781 1030 2799 c.
1051 2774 1092 2799 44.
1113 2781 1137 2799 n.
1158 2773 1200 2799 50.

368 2821 378 2835 ³
398 2823 521 2853 Gregor.‚
543 2822 558 2846 l.
578 2820 672 2845 llomil.
701 2820 727 2845 in
757 2820 846 2844 Ezecli.
876 2818 965 2843 homil.
985 2818 1010 2842 6.
1030 2824 1055 2843 n.
1074 2818 1106 2848 2,
1125 2817 1255 2848 explicans

298 2866 378 2892 verba
400 2867 491 2891 Ezecn.
514 2866 538 2897 t,
569 2865 614 2890 ¹5:
645 2864 764 2897 Cumque
792 2862 940 2896 aspicerem
959 2860 1106 2893 animalia,
1126 2859 1256 2893 apparuit

298 2913 360 2937 rota
387 2917 446 2936 una
472 2916 554 2943 super
582 2911 700 2940 terram,
729 2908 781 2933 ait:
810 2907 877 2940 Quid
897 2909 984 2932 autem
1004 2907 1066 2932 rota
1085 2905 1133 2930 nisi
1153 2911 1255 2930 sacram

300 2955 461 2986 Scripturam
490 2953 588 2984 signat,
608 2959 677 2985 quae
696 2959 725 2977 ex
745 2951 815 2977 omni
835 2954 909 2983 parte
928 2951 962 2976 ad
981 2950 1131 2976 auditorum
1155 2951 1256 2973 mentes

300 2997 414 3022 volvitur
433 3000 459 3022 et
477 2997 547 3022 1111110
566 2996 662 3021 6110115
682 2995 777 3027 angulo
797 3002 811 3020 a
831 2994 1032 3026 praedicationis
1055 3000 1119 3019 snae
1137 2993 1180 3017 via
1199 2992 1257 3017 reti-

301 3043 397 3068 netur?
418 3041 481 3067 ibid.
502 3048 526 3066 n.
548 3041 589 3066 12.
609 3041 727 3074 quatuor
746 3038 828 3073 facies
842 3039 920 3065 liuius
932 3042 1004 3065 rotae
1018 3038 1097 3072 (quae
1110 3037 1256 3064 secundnm

301 3087 326 3111 S.
347 3087 444 3112 Bonav.
464 3085 664 3119 quadruplicem
684 3091 790 3110 sensum
805 3084 955 3115 Scripturae
967 3083 1116 3116 designant)
1129 3083 1162 3108 ita
1176 3082 1257 3114 expli-

301 3134 405 3161 cantur,
433 3133 461 3155 ut
489 3130 529 3155 vel
557 3134 671 3162 quatuor
700 3132 787 3161 partes
815 3128 965 3160 Scripturae
994 3128 1069 3159 (Lex,
1098 3128 1257 3159 Prophetae,

301 3175 439 3207 Evangelia
469 3178 494 3200 et
521 3175 600 3200 Actus
628 3173 823 3206 Apostolorum)
852 3174 895 3199 vel
924 3172 1015 3199 mundi
1040 3175 1140 3205 partes,
1160 3172 1258 3205 quibus

302 3220 434 3251 Scriptura
454 3226 527 3245 sacra
547 3219 671 3250 innotuit,
690 3219 861 3250 designentur
881 3224 928 3250 per
947 3218 1027 3250 ipsas.

372 3264 382 3278 ⁴
403 3265 436 3290 lta
457 3264 534 3290 etiam
555 3264 624 3290 Beda
643 3268 669 3289 et
692 3264 733 3289 alii
763 3263 930 3294 scholastici,
950 3262 1026 3295 Card,
1047 3262 1138 3294 Ilugo,
1166 3262 1192 3287 B.
1220 3261 1258 3286 Al-

303 3307 368 3334 bert.
387 3311 451 3339 etc.;
471 3308 530 3333 vat.
548 3315 609 3333 cum
630 3306 821 3339 vulgata'cum
840 3313 879 3333 eo.

372 3351 383 3366 ⁵
403 3353 505 3378 Scilicet
523 3351 665 3378 ordinaria
685 3351 726 3384 (ex
746 3351 827 3384 Beda)
847 3351 872 3376 in
893 3351 961 3376 Luc..
975 3350 1022 3382 23,
1037 3350 1080 3375 55.
1092 3364 1126 3369 -
1140 3350 1259 3381 Gregor„

304 3397 330 3423 11.
350 3397 443 3422 llomil.
464 3396 489 3422 in
509 3391 608 3427 Evang'.
638 3396 726 3422 homil.
751 3397 793 3421 21.
813 3403 837 3421 n.
858 3396 889 3421 2:
918 3395 944 3420 Ei
971 3402 1051 3428 quem
1070 3394 1203 3420 viventem
1223 3394 1260 3420 di-

304 3440 430 3470 lexerant,
450 3440 527 3465 ctiam
549 3443 652 3471 mortuo
671 3440 758 3466 studio
778 3439 946 3465 humanitatis
964 3438 1157 3472 obsequuntur.

844 282 1038 316 COMMENT.
1064 282 1101 314 ΙΝ
1125 279 1364 313 EVANGELIUM
1388 277 1506 311 LUCAE
1531 277 1563 309 C.
1588 275 1688 309 XXlll.

1301 367 1380 400 simo
1405 364 1541 399 tertio⁸:
1572 378 1588 393 α
1604 365 1666 397 Sex
1688 363 1800 402 diebus
1824 362 1943 395 facietis
1966 370 2060 404 opus;
2085 361 2151 394 dies
2167 360 2263 402 septi-

1301 429 1391 459 mus,
1416 419 1491 462 quia
1514 417 1638 451 Sabbati
1661 416 1788 459 requies
1811 418 1876 454 est,
1901 415 2066 448 vocabitur
2093 416 2262 447 sanctus».

1301 490 1344 496 —
1361 471 1420 505 Sed
1443 471 1569 504 videtur
1593 469 1799 503 contrarietas
1822 469 1904 501 inter
1937 467 2165 510 Evangelistas;
2191 474 2264 499 nam
2284 462 2439 520 genitarum*

1302 525 1396 558 Marci
1420 525 1543 559 decimo
1566 527 1657 557 sexto
1671 523 1683 542 ⁹
1706 522 1837 561 dicitur,
1862 521 1963 564 quod,
1993 534 2009 550 α
2026 529 2098 553 cum
2123 519 2265 553 transiis-
2305 501 2428 555 ”rffiglfflffi

1301 582 1348 611 set
1376 578 1564 617 Sabbatum,
1588 577 1684 609 Maria
1707 575 1885 618 Magdalene
1916 577 1949 607 et
1978 574 2075 607 Maria
2103 573 2203 606 lacobi
2234 576 2266 606 et

1301 631 1422 664 Salome
1445 633 1592 664 emerunt
1622 632 1781 668 aromata,
1805 632 1842 661 ut
1865 627 2027 661 venientes
2041 629 2198 669 ungerent
2221 625 2266 658 le-

1301 693 1371 717 sum
1394 696 1430 723 »;
1455 683 1598 716 similiter
1615 686 1645 715 et
1661 681 1806 714 Matthaei
1831 680 1983 722 vigesimo
2010 683 2129 712 octavo.
2147 697 2191 702 —
2207 677 2267 711 Sed
2285 690 2377 713 soiuuo.

1301 737 1339 769 ad
1370 737 1429 769 hoc
1454 735 1622 778 respondet
1646 735 1853 776 Hieronymus
1866 734 1892 753 ¹⁰
1915 733 2042 766 dicens:
2072 745 2087 761 α
2104 731 2265 770 Mulieres,

1301 790 1425 832 sepulto
1442 790 1588 828 Domino,
1613 790 1807 821 revertentes
1830 787 1958 820 domum
1970 812 1978 826 ,
1995 785 2147 828 quamdiu
2162 784 2266 824 licuit,

1302 846 1495 885 paraverunt
1517 846 1658 875 aromata
1681 846 1713 874 et
1743 844 1923 883 unguenta,
1948 840 2066 873 scilicet
2094 847 2197 881 usque
2228 837 2268 870 ad

1302 897 1377 929 solis
1393 905 1557 934 occasum,
1582 899 1613 929 et
1628 899 1737 938 postea
1761 898 1825 928 toto
1841 894 1975 927 Sabbato
1992 893 2150 926 siluerunt
2166 898 2268 935 usque

1302 950 1341 982 ad
1364 950 1462 982 alium
1487 949 1561 982 solis
1584 958 1750 988 occasum3
1776 952 1807 982 et
1823 952 1915 988 tunc,
1932 949 2121 989 recuperata
2144 945 2269 979 licentia

1303 1003 1473 1045 operandi,
1505 1003 1621 1036 iterum
1653 1006 1800 1035 emerunt
1828 1002 1888 1035 alia
1915 1004 2076 1039 aromata,
2100 999 2176 1042 quia
2206 1008 2269 1032 non

1303 1056 1502 1089 sufficiebant
1525 1056 1578 1089 illa
1601 1065 1682 1098 quae
1707 1058 1914 1098 paraverant,
1943 1057 1974 1087 et
1997 1057 2063 1086 tota
2094 1056 2185 1086 nocte
2216 1052 2269 1085 illa

1303 1109 1385 1142 inter
1417 1109 1588 1142 Sabbatum
1621 1112 1653 1142 et
1683 1108 1870 1141 dominicam
1904 1109 2116 1150 paraverunt,
2147 1108 2184 1139 ut
2215 1114 2269 1138 ve-

1304 1162 1426 1195 nientes
1441 1162 1581 1195 diluculo
1597 1161 1635 1194 ad
1648 1161 1831 1203 sepulcrum
1848 1163 2005 1203 ungerent
2021 1168 2138 1201 corpus
2154 1158 2224 1191 lesu
2236 1171 2268 1190 ».

1395 1217 1447 1248 72.
1473 1214 1643 1247 Moraliter
1661 1223 1717 1256 per
1734 1214 1818 1247 istas
1842 1218 1907 1247 tres
1923 1213 2078 1246 mulieres
2094 1211 2270 1246 secundum
2280 1223 2434 1254 1101111111,ρο-

1311 1268 1512 1311 Greyorium
1527 1269 1554 1288 ¹1
1580 1268 1798 1311 significantur
1825 1268 1947 1301 animae
1970 1267 2092 1306 fideles,
2114 1274 2195 1308 quae
2210 1265 2271 1298 Do-
2297 1250 2416 1304 ⁸¹¹}‘31lif⁸‘·

1305 1321 1391 1354 mino
1414 1322 1529 1355 debent
1552 1322 1667 1354 offerre
1691 1321 1752 1354 tria
1776 1324 1938 1363 unguenta
1961 1321 2027 1353 sive
2057 1322 2214 1358 aromata,
2239 1318 2271 1352 id

1306 1379 1354 1409 est
1377 1376 1509 1408 odorem
1532 1375 1716 1414 virtutum,
1741 1375 1927 1418 opinionem
1945 1374 2107 1407 bonorum
2131 1382 2270 1415 operum

1307 1432 1339 1462 et
1372 1429 1573 1462 suavitatem
1602 1433 1803 1462 sanctarum
1835 1428 2045 1466 orationum,
2077 1426 2115 1460 de
2151 1426 2270 1469 quibus

1307 1482 1507 1516 canticorum
1532 1486 1664 1525 quarto:
1695 1495 1710 1511 «
1727 1483 1827 1524 Surge
1850 1481 1975 1524 aquilo,
2000 1484 2030 1513 et
2052 1480 2122 1513 veni
2146 1483 2269 1519 auster,

1307 1536 1408 1578 perssa
1432 1536 1561 1568 hortum
1582 1544 1709 1574 meum,
1730 1538 1761 1568 et
1785 1535 1885 1568 fluent
1909 1536 2050 1567 aromata
2074 1533 2202 1566 illius».
2227 1550 2270 1557 —

1308 1589 1486 1623 Secundum
1504 1592 1609 1622 autem
1628 1588 1844 1621 Bernardum
1858 1588 1885 1607 ¹²
1902 1596 1959 1629 per
1976 1587 2060 1619 istas
2073 1590 2138 1619 tres
2154 1585 2271 1619 mulie-
2310 1597 2370 1627 ιιεῳ,
2385 1596 2436 1626 neg-

1310 1652 1362 1676 res
1386 1642 1603 1685 significantur
1629 1642 1659 1674 in
1691 1650 1885 1684 unoquoque
1915 1640 2043 1674 homine
2074 1649 2185 1679 mens,
2211 1638 2273 1672 lin·
2291 1623 2437 1672 ffirsdffliigiil

1307 1705 1379 1738 yua
1402 1699 1433 1728 et
1454 1701 1598 1734 manus,
1631 1704 1768 1737 quarum
1800 1694 1959 1737 quaelibet
1983 1693 2078 1726 habet
2110 1695 2274 1735 unguenta
2291 1677 2340 1698 Μ’

1311 1758 1369 1782 sna
1392 1749 1481 1782 valde
1504 1748 1658 1790 pretiosa;
1683 1751 1846 1790 unguenta
1869 1747 2025 1789 siquidem
2048 1746 2166 1779 mentis
2199 1748 2274 1779 sunt
2286 1756 2336 1778 Tria
2345 1761 2438 1786 πηρω-

1310 1801 1483 1839 contritio,
1508 1801 1695 1843 compassio
1719 1804 1750 1833 et
1773 1800 1908 1833 devotio.
1926 1800 2127 1842 Unguentum
2151 1798 2275 1831 contri-
2302 1784 2423 1805 ¹²⁰³³¹¹¹¹⁵⁴

1311 1854 1411 1887 tionis
1435 1853 1601 1886 coniicitur
1624 1862 1666 1886 ex
1690 1853 1855 1895 speciebus
1878 1851 2066 1890 vilissimis,
2083 1851 2115 1884 id
2130 1855 2178 1884 est
2201 1860 2274 1893 pro-

1310 1907 1388 1949 priis
1411 1906 1564 1949 peccatis,
1596 1915 1677 1949 quae
1710 1908 1858 1939 crescunt
1888 1905 1920 1938 111
1944 1906 2037 1938 110110
2068 1907 2186 1938 1105110.
2210 1904 2274 1937 Un-

1311 1963 1462 2002 guentum
1487 1959 1729 2001 compassionis
1753 1959 1919 1992 conficitur
1935 1952 1977 1992 ex
1994 1958 2159 2000 speciebus
2179 1967 2275 1990 ama-

1312 2013 1469 2052 rissimis,
1494 2013 1525 2046 id
1549 2017 1597 2046 est
1612 2013 1759 2046 omnibus
1782 2012 1918 2046 miseriis
1936 2012 2176 2054 proximorum,
2193 2020 2275 2053 quae

1312 2070 1460 2099 crescunt
1483 2066 1515 2099 111
1540 2067 1633 2099 110110
1650 2066 1761 2099 vicino.
1778 2067 1980 2109 Unguentum
1997 2065 2177 2099 devotionis
2200 2074 2275 2098 con-

1311 2120 1418 2153 ficitur
1449 2129 1491 2153 ex
1515 2119 1679 2162 speciebus
1701 2119 1964 2162 pretiosissimis,
1993 2119 2025 2152 id
2053 2123 2101 2152 est
2128 2118 2275 2152 omnibus

1312 2173 1428 2206 Christi
1452 2173 1626 2213 beneficiis,
1651 2183 1732 2216 quae
1756 2176 1903 2207 crescunt
1927 2173 1960 2206 in
1983 2173 2077 2206 horto
2099 2172 2274 2211 dominico;

1313 2226 1518 2260 Ecclesiastici
1535 2227 1695 2269 trigesimo
1711 2230 1821 2260 octavo
1834 2227 1876 2260 ¹³:
1906 2239 1921 2255 α
1935 2226 2170 2268 Unguentarius
2185 2225 2277 2258 faciet

1312 2280 1470 2322 pigmenta
1493 2280 1657 2313 suavitatis
1681 2283 1712 2313 et
1735 2280 1900 2313 unctiones
1920 2280 2064 2313 conficiet
2087 2279 2275 2312 sanitatis».

1312 2353 1357 2357 —
1372 2334 1536 2376 Unguenta
1564 2331 1699 2377 linquae
1727 2337 1802 2367 sunt
1825 2333 1934 2366 oratio
1955 2334 2090 2372 devota,
2114 2330 2276 2375 confessio
2296 2342 2411 2396 “fflssenn‘

1386 2552 1397 2568 ⁶
1417 2554 1492 2580 Vers.
1515 2554 1554 2579 16.
1574 2556 1600 2579 61
1620 2554 1662 2579 18.

1388 2597 1398 2612 ⁷
1418 2599 1508 2624 Glossa
1528 2597 1672 2623 ordinaria
1692 2597 1733 2629 (ex
1753 2597 1840 2628 Beda;
1860 2598 1907 2623 cfr.
1929 2597 2050 2627 Hieron„
2070 2597 2113 2622 tv.
2131 2596 2277 2622 Comment.

1316 2642 1342 2667 in
1362 2643 1449 2668 Mattb.
1469 2642 1517 2674 27,
1536 2642 1578 2666 61.
1599 2641 1684 2674 seqq.)
1705 2641 1732 2666 in
1752 2642 1814 2667 Luc.
1837 2642 1885 2672 23,
1904 2641 1956 2667 55:
1976 2640 2165 2673 inspiciebant,
2179 2644 2279 2666 utcon-

1318 2693 1385 2718 gruo
1405 2692 1523 2717 tempore
1546 2693 1643 2711 munus
1670 2686 1817 2711 devotionis
1845 2692 1909 2711 snae
1937 2686 2073 2715 0116116111,
2101 2687 2280 2717 exspectantes

1317 2731 1388 2763 quod
1409 2731 1480 2755 lesus
1498 2730 1669 2761 promiserat,
1689 2732 1714 2754 et
1733 2729 1792 2755 ideo
1812 2729 1914 2761 primae
1934 2729 2065 2757 viderunt.

1388 2772 1399 2787 ⁸
1418 2775 1494 2800 Vers.
1512 2775 1537 2799 3.
1557 2773 1608 2800 Csr.
1627 2781 1707 2805 supra
1728 2781 1753 2799 11.
1772 2775 1815 2799 68.

1389 2817 1400 2832 ¹³
1420 2819 1494 2843 Vers.
1517 2819 1541 2843 l.
1562 2821 1588 2843 et
1607 2818 1703 2843 deinde
1722 2818 1810 2844 lilattli.
1829 2818 1879 2849 28,
1900 2818 1923 2843 l.

1390 2861 1412 2876 ¹⁰
1432 2862 1479 2887 Vel
1500 2862 1588 2894 potius
1609 2861 1693 2893 Beda,
1714 2862 1756 2888 Vl.
1776 2862 1800 2887 in
1820 2863 1882 2888 Luc.
1903 2863 1951 2895 23,
1971 2862 2107 2893 5651dem
2122 2862 2185 2889 dicit
2198 2863 2240 2889 lV.
2254 2863 2280 2890 in

1319 2907 1404 2931 Matth.
1424 2907 1473 2937 28,
1494 2906 1518 2931 1.
1537 2909 1562 2931 61
1581 2906 1657 2931 Marc.
1680 2906 1726 2938 ¹6,
1748 2906 1774 2937 l;
1803 2906 1896 2932 iisdem
1925 2907 1989 2932 locis
2017 2907 2108 2933 Glossa
2136 2906 2281 2934 ordinaria

1319 2951 1429 2976 eandem
1449 2950 1603 2976 sententiam
1623 2950 1735 2976 exbibet.
1754 2951 1823 2976 Beda
1844 2951 1970 2983 allegatur
1988 2951 2065 2977 ctiam
2086 2958 2100 2976 a
2120 2951 2198 2978 Card.
2211 2952 2281 2983 Hug.

1319 2996 1345 3019 et
1363 2994 1489 3023 Gorrano.
1508 2994 1585 3019 Error
1604 2994 1712 3020 sortasse
1732 2994 1836 3026 irrepsit
1854 3002 1883 3020 ex
1904 3002 1950 3026 eo,
1970 2995 2043 3028 quod
2061 2996 2153 3022 Glossa
2171 2994 2282 3022 ordina-

1319 3037 1364 3064 ria
1382 3038 1407 3063 in
1428 3038 1514 3063 Matth.
1534 3039 1581 3069 28,
1602 3038 1625 3063 1.
1646 3038 1706 3064 huie
1725 3039 1868 3064 sententiae
1893 3039 2030 3071 praemisit
2057 3040 2134 3065 aliam
2163 3038 2214 3065 sub
2239 3046 2282 3065 no-

1320 3082 1390 3107 mine
1410 3082 1568 3117 Hieronymi
1586 3082 1639 3115 (lV.
1658 3082 1805 3109 Comment.
1832 3084 1858 3109 in
1887 3084 1973 3109 Mattn.
1994 3085 2042 3116 28,
2064 3084 2114 3117 t),
2134 3084 2189 3109 scil.
2208 3083 2282 3116 quod

1320 3134 1373 3152 non
1391 3127 1423 3152 sit
1443 3127 1611 3153 contrarietas
1630 3128 1655 3153 in
1676 3128 1838 3160 Evangeliis,
1864 3128 1926 3161 quia
1947 3123 2201 3154 mulieres‘diversis
2221 3127 2282 3153 vici-

1321 3170 1371 3197 bus
1389 3171 1539 3203 sepulcrum
1558 3171 1738 3204 visitaverunt.

1392 3215 1413 3230 ¹¹
1434 3215 1504 3241 Libr.
1525 3216 1550 3241 ll.
1570 3216 1664 3241 llomil.
1684 3216 1709 3241 in
1729 3217 1829 3248 Evang.
1848 3217 1938 3242 homil.
1962 3217 2004 3242 21.
2033 3223 2060 3242 n.
2081 3217 2106 3241 2.
2126 3220 2152 3241 et
2170 3216 2203 3241 V.
2221 3216 2246 3241 in
2266 3216 2283 3241 l.

1322 3262 1386 3293 Reg.
1406 3268 1429 3286 c.
1449 3260 1472 3286 4.
1492 3268 1518 3286 11.
1538 3261 1590 3292 68;
1619 3261 1666 3287 611.
1695 3262 1777 3292 Beda,
1808 3262 1851 3288 Vl.
1871 3261 1896 3286 in
1916 3262 1979 3298 Luc.
1998 3261 2049 3292 24,-
2069 3261 2091 3286 1.
2112 3274 2145 3279 -
2165 3260 2283 3287 Subinde
2301 3275 2303 3277 ·

1322 3306 1448 3337 allegatur
1466 3304 1539 3331 Cant.
1562 3305 1591 3336 t,
1612 3305 1653 3330 16.
2047 3300 2056 3302 ”

1395 3348 1416 3364 ¹⁹
1437 3351 1521 3375 serm.
1543 3349 1585 3374 58.
1605 3349 1638 3375 de
1658 3350 1773 3375 Diversis
1792 3349 1867 3381 (alias
1882 3349 1923 3374 45.
1937 3356 1967 3375 ex
1981 3343 2082 3382 Parv'is)
2097 3357 2122 3375 n.
2142 3350 2161 3375 l.
2177 3349 2229 3376 (111.
2241 3351 2283 3375 su-

1323 3401 1370 3426 pra
1391 3400 1452 3426 pag.
1475 3393 1538 3424 185,
1558 3397 1617 3419 nota
1639 3394 1661 3418 l.
1683 3394 1707 3419 in
1729 3394 1788 3418 11116.

1395 3437 1417 3452 ¹⁸
1436 3438 1511 3463 Vers.
1530 3437 1556 3463 7.
