2476 3921
777 242 970 275 COMMENT.
996 242 1032 274 lN
1057 241 1294 274 EVANGELIUM
1319 241 1436 274 LUCAE
1459 241 1493 273 C.
1518 241 1564 273 lx.
2099 243 2162 274 227

183 335 249 368 sive
264 334 418 373 officium;
437 332 571 366 Danielis
586 342 669 365 nono
684 333 710 364 ¹:
735 345 749 360 α
762 332 903 373 Ungetur
919 331 1051 363 Sanctus
1067 330 1142 363 San-

183 391 321 426 ctorum,
339 391 374 420 ut
390 386 558 428 impleatur
574 385 652 418 visio
668 388 700 418 et
715 384 880 427 prophetia
897 398 926 416 ».
942 402 982 406 -
998 382 1142 425 intelligi-

22 449 117 478 Dignius
131 443 237 473 tri-tur
259 440 352 473 etiam
376 439 526 481 diynitas
547 437 672 480 reyaiis
694 441 724 469 et
748 435 951 479 prophetalis
981 440 1010 468 et
1032 444 1143 467 sacer-

1297 329 1348 362 36.
1374 329 1455 362 Dicit
1477 334 1602 362 autem:
1622 330 1771 372 Oportet,
1797 330 1827 362 id
1850 335 1915 369 est,
1939 330 2165 362 necessarium
2185 337 2217 368 De,
2230 340 2330 364 opportu-

1206 386 1272 421 est,
1296 391 1358 415 non
1383 382 1584 424 simpliciter,
1601 382 1656 415 sed
1671 391 1713 416 ex
1730 383 2019 425 praesuppositione
2041 383 2165 416 divinae
2197 365 2330 411 33:¹15·⁹³⁸'

1206 435 1418 477 dispositionis
1440 438 1472 468 et
1488 436 1717 477 promissionis,
1742 436 1914 468 secundum
1933 437 2008 468 illud
2033 438 2164 469 Actuum

35 659 164 684 Notandum.

0 970 1 994 ἶ
21 978 115 1002 Ecclesia
131 977 171 999 Pe<

48 1005 76 1027 tri
92 1004 170 1026 infalli-

47 1031 105 1054 bilin.

35 1244 66 1266 Do
80 1244 162 1271 quarto.

32 1828 172 1876 “altasar

66 476 123 504 '²¹⁰¹'
182 492 319 531 dotatis,
343 491 516 525 secundum
540 490 695 532 triplicem
718 489 936 523 excellentiam
953 497 1059 525 suam,
1084 488 1143 521 sci—

183 546 254 579 licet
277 545 438 588 potestatis
457 547 488 577 et
512 543 651 577 veritatis
674 546 705 576 et
728 543 910 576 sanctitatis.
934 543 964 575 ln
988 542 1080 575 cuius
1098 541 1141 574 rei

182 599 317 642 figuram
341 598 372 631 in
398 598 475 640 Lege
499 597 596 630 veteri
621 597 680 629 hae
702 600 766 629 tres
797 604 949 638 personae
972 603 1143 627 consueve-

183 655 260 685 runt
275 651 382 693 inungi
398 651 420 683 ².
438 669 479 674 —
493 651 529 682 Et
545 651 576 682 in
594 650 652 682 hoc
667 652 808 691 apparet,
824 648 981 691 quomodo
998 651 1062 681 tres
1076 647 1144 689 opi-

183 706 292 738 niones
304 704 408 743 salsae,
422 704 504 737 sicut
515 703 634 745 aliquid
651 702 808 735 habebant
827 701 957 734 rationis
974 701 1142 740 moventis,

183 758 227 790 ita
242 757 382 790 desectus
404 755 626 789 obnubilantis.
652 754 738 788 Unde
761 754 791 786 in
818 754 877 787 hoc
893 757 1041 796 apparet,
1058 754 1142 796 quod

184 811 328 844 Christus
352 810 384 842 in
407 810 466 842 hoc
498 808 595 842 verbo
618 807 790 841 confutavit
813 816 939 840 errores
970 811 1001 840 et
1032 807 1143 840 stravit

184 864 281 897 totius
304 863 375 896 fidei
399 862 652 900 fundamentum,
678 861 852 894 secundum
870 860 947 893 illud
968 860 1089 903 primae
1104 860 1142 893 ad

184 916 362 950 Corinthios
385 915 521 949 tertio³:
552 914 831 947 «Fundamentum
855 914 940 946 aliud
965 923 1058 947 nemo
1075 918 1143 956 pot·

184 974 231 1004 est
255 978 371 1012 ponere
388 982 418 1000 n.
443 968 518 1001 Hinc
538 971 603 1007 est,
626 967 711 1010 quod
728 967 850 999 Petrus
872 971 920 1000 est
945 971 1088 1006 vocatus,
1112 971 1144 1000 et

183 1023 214 1057 ei
243 1032 426 1056 concessum
451 1025 515 1061 est,
540 1025 575 1054 ut
598 1021 637 1054 de
662 1020 796 1054 Ecclesia
819 1020 888 1053 eius
911 1029 1075 1063 nunquam
1090 1020 1144 1053 de-

183 1076 268 1110 ficiat
291 1085 366 1109 vera
393 1075 484 1113 fides:
509 1075 590 1107 infra
621 1074 770 1117 vigesimo
793 1073 945 1107 secundo:
973 1086 987 1102 α
1002 1073 1063 1116 Ego
1087 1083 1144 1116 pro

184 1133 214 1163 te
237 1129 362 1172 rogavi,
387 1129 493 1168 Petre,
517 1131 554 1161 ut
576 1137 638 1161 non
662 1127 786 1161 deficiat
802 1141 818 1156 ι)
846 1131 905 1160 etc.

273 1182 325 1216 35.
349 1182 449 1224 (Vers.
468 1183 520 1215 21.
538 1181 615 1223 22).
640 1181 759 1222 Quarto
775 1189 850 1213 vero
866 1184 1020 1223 quantum
1038 1181 1077 1214 ad
1093 1191 1144 1214 eo-

182 1236 362 1280 qnitionem
385 1234 538 1279 mysterii
559 1234 793 1276 redemptionis
824 1233 993 1266 subditur:
1019 1235 1063 1266 At
1093 1234 1145 1266 itte

185 1290 362 1332 increpans
386 1298 438 1321 eos¹
450 1288 475 1326 ⁴,
498 1287 682 1330 praecepit,
707 1296 747 1319 ne
770 1286 827 1319 cui
849 1286 992 1319 dicerent
1015 1285 1091 1325 ltoc‚·
1114 1290 1146 1319 et

184 1343 261 1382 hoc,
285 1342 360 1384 quia
383 1350 444 1374 non
469 1344 537 1373 erat
557 1343 808 1373 consummatum
833 1339 1056 1381 redemptionis
1078 1348 1146 1381 my-

184 1395 334 1434 sterium,
351 1394 435 1437 quod
451 1394 533 1426 iusto
557 1393 611 1426 Dei
636 1392 751 1425 iudi-cio
774 1395 843 1425 erat
866 1392 975 1425 mundi
995 1393 1145 1435 principi-

183 1448 244 1481 bus
256 1446 487 1481 occultandum.
499 1446 583 1479 Unde
596 1446 716 1487 primae
727 1445 766 1478 ad
779 1445 957 1478 Corinthios
969 1445 1107 1478 secundo
1116 1445 1144 1477 ⁵:

189 1515 205 1530 «
226 1501 398 1543 Loquimur
422 1500 476 1532 Dei
509 1499 692 1541 sapientiam
718 1498 750 1531 in
785 1498 948 1540 mysterio,
981 1507 1063 1540 quae
1090 1499 1145 1531 ab-

185 1555 324 1589 scondita
340 1557 401 1593 est,
419 1562 513 1596 quam
531 1562 623 1586 nemo
646 1552 824 1595 principum
842 1552 938 1585 huius
954 1552 1070 1585 saeculi
1093 1561 1144 1585 co-

184 1609 311 1652 gnovit;
344 1608 369 1640 si
402 1607 484 1640 enim
516 1606 748 1648 cognovissent,
781 1614 942 1647 nunquam
976 1605 1155 1651 Dominum!

185 1662 301 1705 gloriae
332 1660 565 1694 crucifixissent
589 1673 617 1692 v.
644 1678 686 1683 -
714 1659 798 1692 Licet
827 1662 933 1691 autem
969 1668 1030 1691 non
1063 1662 1145 1691 esset

185 1715 333 1757 omnibus
353 1713 593 1757 publicandum,
618 1717 686 1746 erat
713 1717 816 1745 tamen
844 1712 1006 1754 discipulis
1022 1712 1144 1754 praedi-

185 1768 338 1807 cendum;
363 1771 492 1810 propter
515 1766 599 1809 quod
623 1766 724 1798 addit:
752 1766 887 1804 Dicens,
905 1765 986 1809 quta
1001 1769 1144 1807 oportet,

186 1822 311 1854 Filium
328 1820 472 1854 hominis
487 1820 594 1853 ntutta
614 1819 698 1862 pati.
718 1819 803 1851 Ratio
818 1823 924 1851 autem
943 1819 1038 1852 huius
1055 1827 1145 1861 prae-

185 1875 329 1908 dictionis
351 1874 529 1916 assignatur
553 1873 675 1906 loannis
697 1872 818 1905 decimo
842 1871 996 1914 quartossz
1026 1885 1042 1901 α
1058 1872 1145 1905 Nunc

185 1928 252 1961 dixi
277 1927 380 1967 vobis,
413 1927 599 1969 priusquam
623 1926 693 1965 fiat,
718 1930 769 1965 ut,
794 1934 866 1959 cum
890 1925 1007 1958 sactum
1031 1925 1145 1964 fuerit,

186 1981 321 2015 credatis
336 1994 367 2013 ».
393 1981 468 2013 Nam
484 1980 543 2022 ipsi
565 1979 710 2022 discipuli
727 1979 866 2012 nondum
891 1979 951 2012 hoc
967 1979 1145 2021 capiebant,

187 2034 360 2068 secundum
385 2033 469 2075 quod
493 2033 609 2066 dicitur
633 2032 714 2065 infra
737 2032 859 2065 decimo
878 2032 1030 2065 octavo⁷:
1060 2045 1075 2060 «
1093 2033 1145 2065 As-

187 2087 301 2121 sumsit
316 2090 421 2119 autem
440 2087 524 2119 lesus
539 2086 704 2119 duodecim
721 2090 752 2119 et
768 2085 811 2118 ait
835 2085 910 2118 illis:
929 2085 1019 2124 Ecce,
1036 2094 1144 2118 ascen-

187 2141 292 2174 dimus
313 2152 348 2179 »ς
377 2142 409 2173 et
436 2143 522 2182 post:
556 2152 571 2168 «
596 2139 631 2171 Et
654 2130 712 2181 ipsi
737 2138 815 2171 nihil
843 2139 959 2171 horum
983 2138 1147 2171 intellexe-

188 2197 280 2233 runt,
305 2193 358 2226 sed
389 2193 449 2225 hoc
480 2195 670 2234 acceperunt
692 2195 763 2233 post
789 2191 1090 2224 consummationem
1115 2205 1144 2223 ».

187 2247 273 2280 Unde
296 2246 412 2279 dicitur
428 2246 528 2278 Lucae
552 2244 681 2277 ultimo:
704 2257 720 2273 α
736 2244 815 2277 Haec
832 2247 906 2277 suut
930 2244 1040 2283 verba,
1065 2253 1146 2286 quae

188 2300 313 2333 locutus
328 2307 398 2331 sum
416 2297 518 2336 vobis,
541 2306 615 2330 cum
631 2297 734 2330 adhuc
751 2306 850 2330 essem
875 2296 1050 2335 vobiscum,
1068 2306 1146 2339 quo-

187 2353 270 2386 niam
293 2360 420 2385 necesse
447 2355 495 2384 est
525 2350 647 2392 impleri
672 2350 793 2388 onmia,
818 2358 900 2391 quae
932 2350 1049 2391 scripta
1072 2354 1146 2382 sunt

188 2407 226 2440 de
241 2415 292 2439 me
308 2418 342 2444 »;
367 2408 485 2447 etpost
508 2403 670 2437 subditur:
693 2403 851 2445 «Aperuit
867 2403 928 2435 illis
951 2411 1093 2442 sensum,
1110 2406 1147 2435 ut

188 2460 397 2502 intelligerent
420 2450 600 2500 Scripturas
616 2471 646 2489 n.

1207 488 1343 521 tertio⁸:
1374 501 1390 516 α
1414 488 1498 521 Deus
1528 491 1634 521 autem
1666 497 1747 530 quae
1779 489 2012 530 praenuntiavit
2043 498 2100 531 per
2131 499 2166 522 os

1206 541 1346 573 omnium
1372 541 1615 582 Prophetarum,
1632 541 1694 582 pati
1710 540 1870 573 Christum
1889 550 2001 580 suum,
2027 542 2166 583 implevit

1206 594 1251 627 sic
1268 608 1297 625 n.
1323 594 1377 626 Vel
1401 597 1543 635 oportet,
1568 593 1598 626 id
1615 598 1679 632 est,
1704 597 1928 636 opportunum
1951 598 1998 627 est
2014 599 2045 627 et
2069 604 2166 636 expe-

1206 647 1312 686 diens,
1336 647 1427 679 iuxta
1450 646 1533 688 quod
1559 646 1759 688 prophetavit
1789 646 1936 688 Caiphas;
1961 647 2082 680 loannis
2107 657 2165 680 un-

1205 699 1369 732 decimo⁹:
1400 712 1415 728 «
1441 699 1590 741 Expedit,
1620 703 1656 732 ut
1687 708 1772 732 unus
1796 700 1889 732 homo
1921 700 2075 732 moriatur
2108 709 2165 742 pro

1207 752 1337 794 populo,
1361 756 1393 785 et
1409 762 1469 785 non
1496 756 1559 785 tota
1574 761 1651 794 gens
1674 756 1828 794 pereat».
1849 753 1996 795 Oportet,
2022 754 2165 795 inquam,

1206 806 1313 839 muita
1334 806 1426 848 pati,
1451 806 1526 848 quia
1547 816 1611 848 pro
1633 806 1749 838 mattis
1771 806 1937 840 animabus
1960 806 2165 847 redimendis,

1202 860 1315 894 multis
1338 860 1440 902 culpis
1467 859 1681 898 remittendis,
1710 860 1818 893 multis
1841 860 1982 894 reatibus
2004 861 2166 894 absolven-

1206 913 1271 952 dis;
1298 913 1392 946 Isaiae
1416 913 1677 955 quinquagesimo
1702 913 1794 946 tertio
1808 913 1850 945 ¹⁰:
1887 926 1901 942 ι
1924 913 1991 955 lpse
2022 914 2167 947 vulnera-

1208 970 1259 999 tus
1283 969 1331 999 est
1361 971 1491 1008 propter
1515 966 1696 1008 iniquitates
1726 969 1864 1004 nostras,
1887 967 2016 1000 attritus
2040 973 2168 1010 propter

1207 1020 1326 1053 scelera
1349 1022 1457 1052 nostra
1473 1032 1503 1051 n.
1526 1032 1542 1047 «
1558 1019 1674 1052 Omnes
1691 1028 1747 1052 nos
1770 1019 1858 1062 quasi
1876 1029 1950 1052 oves
1974 1021 2167 1060 erravimus;

1209 1072 1428 1115 unusquisque
1452 1073 1482 1105 in
1516 1073 1597 1105 viam
1626 1081 1715 1105 suam
1747 1072 1931 1113 declinavit,
1955 1077 1987 1106 et
2017 1074 2169 1107 Dominus

1208 1126 1314 1168 posuit
1329 1126 1360 1158 in
1377 1134 1414 1158 eo
1431 1125 1611 1168 iniquitates
1626 1126 1768 1158 omnium
1786 1130 1931 1159 nostrum
1949 1140 1979 1158 ι.
1997 1145 2040 1150 ——
2057 1127 2169 1160 Passus

1208 1183 1256 1212 est
1270 1179 1364 1212 etiam
1381 1179 1487 1211 multa
1503 1183 1534 1212 et
1550 1188 1694 1222 maana,
1717 1188 1829 1221 passus
1845 1184 1892 1212 est
1907 1180 2001 1212 etiam
2017 1190 2040 1212 a
2056 1180 2169 1213 multis

1208 1236 1239 1265 et
1256 1233 1410 1275 inayni55
1426 1235 1555 1275 propter
1568 1233 1653 1275 quod
1669 1232 1768 1265 addit:
1789 1235 1825 1266 Et
1838 1233 2014 1275 reprobari
2030 1243 2052 1266 a
2068 1235 2169 1267 senio-

1209 1285 1304 1318 ribus
1327 1290 1355 1318 et
1375 1285 1589 1328 principibus
1611 1286 1824 1318 sacerdotum
1847 1291 1875 1318 et
1898 1287 2027 1319 scribis.
2059 1288 2168 1320 Senio-

1209 1349 1263 1372 res
1286 1338 1515 1380 praecellebant
1535 1338 1740 1380 antiquitate,
1771 1339 1939 1382 principes
1962 1341 2167 1380 auctoritate,

1209 1392 1263 1425 sed
1278 1391 1409 1424 scribae
1432 1392 1552 1424 ratione
1569 1392 1745 1431 doctrinae,
1770 1397 1806 1424 ut
1821 1393 1865 1425 sic
1889 1393 2075 1434 impleretur
2093 1395 2167 1428 illud

1208 1445 1304 1478 Isaiae
1328 1444 1430 1487 primo
1443 1446 1487 1476 ¹¹:
1517 1458 1532 1473 α
1551 1444 1641 1477 Filios
1664 1445 1801 1477 enutrivi
1819 1449 1850 1478 et
1865 1446 2019 1484 exaltavi,
2038 1447 2095 1488 ipsi
2113 1457 2168 1480 au—

1209 1501 1271 1530 tem
1296 1501 1487 1539 spreverunt
1512 1506 1603 1530 me».
1620 1516 1664 1520 —
1681 1498 1717 1529 Et
1740 1498 1815 1540 quia
1839 1499 1942 1540 passio
1965 1499 2081 1532 Christi
2107 1505 2168 1533 ter-

1208 1551 1355 1583 minanda
1370 1551 1402 1583 in
1418 1554 1519 1584 morte
1535 1555 1618 1590 erat,
1635 1551 1704 1583 ideo
1727 1551 1871 1584 additur:
1892 1553 1931 1584 Et
1946 1553 2070 1591 occidi,
2088 1554 2169 1586 scili-

1208 1607 1257 1637 cet
1280 1606 1421 1645 oportet,
1446 1603 1620 1636 secundum
1645 1603 1721 1636 illud
1739 1603 1874 1636 Danielis
1891 1613 1973 1636 nono
1987 1605 2027 1636 ¹2:
2050 1618 2065 1633 α
2082 1606 2168 1639 Occi-

1207 1656 1300 1689 detur
1316 1656 1461 1689 Christus
1476 1669 1504 1688 n.
1529 1655 1588 1688 Sed
1604 1665 1643 1689 ne
1667 1656 1825 1695 credatur,
1843 1656 1926 1698 quod
1944 1657 2084 1696 invitus,
2102 1659 2170 1691 ideo

1208 1710 1303 1743 lsaiae
1333 1709 1595 1752 quinquagesimo
1626 1709 1736 1742 tertio:
1767 1723 1781 1738 α
1799 1710 1939 1742 Tradidit
1972 1711 2001 1742 in
2036 1716 2168 1744 mortem

1207 1763 1343 1796 animam
1367 1772 1456 1795 suam
1474 1777 1504 1794 ».
1522 1781 1566 1786 —
1582 1762 1641 1795 Sed
1664 1762 1739 1804 quia
1754 1763 1857 1804 passio
1881 1763 1958 1796 haec
1983 1764 2170 1797 vivificativa

1208 1821 1276 1850 erat
1300 1820 1518 1855 mortuorum,
1550 1815 1619 1849 ideo
1650 1815 1751 1848 addit:
1778 1817 1817 1848 Et
1848 1816 1946 1848 tertia
1977 1817 2028 1849 die
2056 1827 2169 1849 resur-

1207 1880 1299 1915 9ere,
1323 1869 1497 1902 secundum
1521 1868 1598 1901 illud
1615 1868 1694 1901 Osee
1711 1867 1858 1902 sexto'13:
1889 1883 1903 1897 a
1922 1869 2098 1903 Vivificabit
2114 1880 2170 1904 nos

1209 1927 1279 1966 post
1295 1923 1375 1955 duos
1397 1921 1464 1955 dies
1479 1925 1510 1955 et
1534 1922 1565 1954 in
1582 1921 1631 1955 die
1656 1922 1748 1955 tertia
1763 1922 1927 1955 suscitabit
1950 1932 2007 1955 nos
2022 1936 2053 1955 n.
2072 1924 2170 1957 Huius

1210 1977 1343 2019 figuram
1367 1975 1443 2008 dicit
1466 1975 1607 2008 Salvator
1631 1975 1837 2017 praecessisse
1861 1975 1893 2008 in
1921 1976 1993 2008 Iona
2024 1977 2168 2009 Matthaei

1209 2030 1411 2064 duodecimo:
1441 2043 1456 2058 «ι
1474 2029 1560 2062 Sicut
1580 2029 1639 2062 fuit
1663 2029 1750 2062 lonas
1766 2042 1781 2058 n
1803 2032 1861 2062 etc.
1879 2048 1920 2053 —
1937 2030 1983 2062 Ex
2008 2030 2057 2062 bis
2073 2031 2168 2072 igitur

1209 2088 1353 2126 apparet,
1378 2092 1460 2125 quae
1476 2086 1523 2116 est
1547 2082 1684 2124 perfecta
1708 2082 1777 2115 fidei
1795 2083 1921 2122 notitia,
1945 2083 1975 2115 in
2000 2092 2063 2125 qua
2079 2083 2168 2116 Chri-

1210 2137 1249 2170 sti
1273 2137 1424 2170 fundatur
1450 2136 1600 2175 Ecclesia,
1626 2135 1743 2169 scilicet
1774 2145 1830 2178 per
1854 2145 1949 2178 quam
1974 2137 2168 2178 approbatur

1210 2190 1335 2223 divinus
1359 2190 1475 2228 honor,
1500 2189 1690 2231 reprobatur
1714 2189 1872 2222 humanus
1893 2199 1993 2229 error,
2018 2190 2169 2223 asseritur

1210 2243 1362 2276 mediator
1386 2246 1418 2276 et
1440 2242 1620 2285 agnoscitur
1641 2245 1813 2284 reparator.

1300 2296 1352 2329 37.
1378 2296 1479 2337 (Vers.
1508 2295 1585 2331 23).
1613 2295 1745 2328 Dicebat
1768 2301 1878 2329 autem
1903 2297 1949 2329 ad
1976 2306 2086 2329 omnes
2110 2301 2167 2330 etc.

1209 2349 1359 2388 Ostenso,
1383 2348 1519 2391 qualiter
1543 2349 1688 2381 Christus
1719 2349 1892 2382 secundum
1917 2349 2009 2382 fidem
2040 2355 2087 2382 est
2118 2359 2168 2382 co-

1210 2401 1421 2444 gnoscendus,
1446 2401 1497 2434 hic
1513 2401 1651 2434 secundo
1667 2401 1853 2440 ostenditur,
1871 2402 2005 2444 qualiter
2019 2412 2080 2444 per
2096 2412 2169 2434 eru-

1210 2465 1278 2488 cem
1302 2459 1348 2487 est
1371 2454 1574 2493 imitandus,
1600 2455 1675 2497 quia
1689 2456 1715 2474 ¹⁴
1744 2468 1760 2484 «
1783 2455 1860 2488 fides
1885 2460 2008 2488 mortua
2033 2461 2079 2489 est
2103 2456 2168 2488 sine

260 2639 269 2654 ¹
290 2640 363 2665 Vers.
377 2638 419 2665 24.
433 2653 468 2658 —
482 2638 608 2670 Superius
621 2644 669 2670 pro
682 2636 846 2671 Intelliyitttr
859 2636 939 2663 etiam
953 2636 1029 2664 uncti
1046 2639 1146 2663 natura

189 2684 237 2719 [ita
257 2683 302 2718 B],
321 2683 412 2718 qratia
431 2683 451 2709 Α
470 2682 635 2716 Intelliyitttr·
655 2681 683 2708 in
700 2683 802 2708 natura
816 2680 891 2708 uncti
902 2681 1007 2715 qratia,
1023 2682 1055 2707 ita
1069 2681 1146 2707 etiam

189 2729 310 2762 primitus
328 2729 365 2760 D,
384 2728 429 2761 qui
455 2735 468 2753 a
493 2727 607 2753 secunda
633 2733 711 2752 manu
738 2729 870 2752 correctus
895 2726 956 2758 legit
985 2725 1146 2759 Inleltiyitur

189 2772 297 2807 ,cratim
317 2773 374 2799 Vat.
396 2771 557 2806 Intelliqitm·
576 2770 656 2798 etiam
676 2769 764 2802 uncti,
783 2769 887 2804 qratia,
910 2769 960 2797 CH
985 2769 1147 2804 Intelliqitur

189 2816 225 2851 [Η
244 2817 317 2843 addit
335 2816 427 2849 etiam]
447 2815 538 2850 qratia
556 2816 580 2842 et
598 2816 701 2842 natura
720 2813 808 2847 uncti,
828 2821 845 2848 9
857 2814 928 2841 ntia.

261 2860 271 2876 ³
291 2861 341 2888 Csr.
361 2867 441 2893 supra
455 2861 573 2886 Prooem.
593 2867 617 2885 n.
637 2860 663 2885 3.
682 2862 707 2885 et
720 2866 743 2885 c.
764 2859 787 2885 t.
800 2866 827 2885 n.
852 2860 905 2891 36.;
920 2859 981 2885 vide
994 2858 1021 2885 C.
1034 2865 1096 2885 cam
1108 2865 1148 2885 ve-

190 2905 280 2933 nisset.
306 2906 338 2932 X.
364 2905 399 2931 de
417 2912 489 2931 sacra
509 2904 635 2931 Unctione
655 2905 681 2935 (l.
702 2904 803 2930 Decret.
827 2905 937 2936 Gregor.
956 2904 992 2929 tit.
1014 2904 1090 2937 XV.).
1112 2917 1148 2922 —

192 2950 317 2982 Superius
337 2956 385 2982 pro
405 2951 429 2975 et
446 2948 596 2976 sanctitatis
616 2948 665 2981 (ita
685 2947 792 2980 ABD),
817 2948 889 2981 quod
915 2947 933 2975 C
958 2948 1065 2979 omittit,
1085 2948 1105 2973 H
1124 2949 1148 2974 et

187 2993 295 3028 pietatis
319 2990 374 3020 sive
393 2992 529 3025 bonitatis,
551 2993 609 3018 vat.
628 2994 653 3019 et
671 2991 805 3019 bonitatis.
824 2993 883 3018 Vat.
901 2992 995 3018 omittit
1013 2999 1069 3025 seq.
1088 2999 1148 3024 pro-

191 3038 347 3071 positionem
368 3037 402 3064 Et
418 3037 447 3064 in
465 3037 515 3064 hoc
533 3039 672 3071 apparet...
691 3036 880 3063 obnubilantis.

262 3079 273 3095 ⁸
292 3082 366 3107 Vers.
388 3082 428 3107 Η.
443 3095 477 3100 -
491 3081 609 3115 Subinde
626 3081 753 3113 allegatur
772 3082 833 3107 Luc.
853 3082 900 3112 22,
920 3081 963 3106 32.
976 3080 1149 3113 —Superius

192 3131 241 3157 pro
259 3124 359 3151 stravit
375 3124 394 3151 C
405 3124 456 3150 DG
467 3125 488 3150 Η
507 3124 610 3151 sternit.

262 3167 274 3182 ⁴
293 3169 326 3194 lta
346 3168 424 3194 etiam
443 3167 520 3194 Card.
539 3168 616 3200 Hugo
635 3171 660 3194 et
678 3168 809 3200 Lyranus;
829 3168 887 3194 vat.
906 3175 967 3194 cum
987 3168 1098 3200 Vulgata
1118 3167 1149 3194 il-

194 3213 241 3240 los.
260 3226 296 3232 ·—
315 3207 442 3244 Superius
467 3219 515 3244 pro
540 3211 717 3246 cognitionem
736 3213 757 3237 G
782 3211 1006 3246 recognitionem,
1025 3213 1046 3238 Η
1072 3211 1149 3246 siqni-

193 3257 300 3284 tionem.

263 3299 275 3314 ⁶
293 3301 369 3332 Vers.
386 3299 412 3326 7.
432 3303 458 3326 et
482 3301 506 3326 8.
527 3301 575 3326 Pro
595 3295 664 3334 quae
686 3299 843 3327 abscondita
866 3302 905 3327 est
929 3301 1044 3327 nonnulli
1070 3301 1148 3327 codd.

193 3343 387 3372 absconditam.
980 3342 992 3358 ⁶
1010 3344 1085 3370 Vers.
1105 3345 1148 3370 29.

264 3386 274 3402 ”
296 3389 370 3414 Vers.
389 3389 431 3414 31.
450 3391 475 3414 et
494 3387 535 3414 34.
562 3388 610 3414 Pro
635 3387 774 3415 duodecim
794 3390 813 3414 Α
827 3387 846 3415 C
860 3389 881 3414 D
894 3389 915 3414 G
940 3387 1100 3422 discipulos,
1127 3388 1147 3414 Η

1211 2635 1350 2662 duodecim
1369 2634 1515 2669 discipulos
1540 2641 1614 2661 suos.
1633 2649 1667 2654 —
1687 2635 1804 2661 Subinde
1829 2636 1955 2667 allegatur
1978 2637 2037 2661 Luc.
2059 2636 2104 2666 24,
2126 2636 2168 2662 tt.

1210 2682 1236 2705 et
1255 2679 1297 2705 45.

1282 2722 1293 2737 Β
1312 2724 1385 2749 Vers.
1411 2724 1450 2749 18.
1469 2723 1551 2750 Codd.
1572 2722 1590 2749 C
1603 2723 1622 2748 D
1634 2723 1653 2748 G
1666 2723 1700 2748 H:
1723 2723 1792 2749 Deus
1811 2725 1910 2755 autem,
1931 2723 1979 2757 qui
1993 2724 2171 2757 praenuntiu—

1210 2768 1249 2795 vt't
1266 2772 1316 2795 etc.
1330 2782 1366 2787 —
1379 2768 1505 2800 Superius
1518 2775 1566 2800 pro
1588 2767 1656 2794 Dicit
1672 2769 1776 2794 autem.-
1797 2768 1918 2800 Oportet,
1940 2767 1967 2793 id
1984 2770 2035 2799 est,
2055 2775 2171 2795 neccssa-

1211 2813 1285 2839 rium
1304 2814 1345 2839 est
1362 2813 1439 2838 codd.
1460 2811 1531 2838 Dicit
1554 2813 1646 2838 autem
1671 2814 1851 2843 opportunum
1871 2811 1913 2838 vel
1938 2811 1967 2845 [B
1987 2811 2029 2845 et]
2054 2818 2171 2838 necessa-

1211 2857 1299 2889 rium,
1323 2860 1348 2883 et
1366 2856 1519 2882 immediate
1537 2860 1597 2888 post
1616 2862 1664 2888 pro
1683 2855 1730 2882 sed
1747 2862 1783 2882 ear
1798 2855 2049 2889 praesuppositione
2070 2856 2118 2887 (ita
2139 2857 2170 2883 Hi

1212 2903 1234 2928 D
1245 2901 1292 2928 sed
1304 2908 1339 2928 ea:
1354 2900 1607 2935 praeordinatione,
1621 2900 1661 2925 alii
1677 2900 1754 2926 codd.
1767 2907 1827 2925 cum
1849 2900 1906 2925 Vat.
1924 2899 1971 2926 sed
1983 2907 2018 2926 ez·
2030 2907 2172 2934 praesum-

1212 2946 1291 2973 tione.
1309 2945 1359 2972 Csr.
1382 2945 1461 2977 paulo
1482 2944 1588 2970 inferius
1607 2944 1722 2970 secunda
1741 2944 1876 2976 expositio.

1283 2988 1295 3004 ⁹
1316 2990 1389 3015 Vers.
1404 2989 1446 3015 50.
1460 3002 1496 3008 —
1506 2989 1634 3021 Superius
1647 2995 1696 3021 pro
1714 2987 1759 3014 Vel
1771 2990 1875 3022 oportet
1888 2990 1907 3014 Α
1918 2988 1936 3014 C
1947 2989 1968 3014 D
1986 2988 2031 3014 Vel
2044 2989 2171 3022 oportuit.

1284 3033 1306 3048 ¹⁰
1326 3034 1400 3060 Vers.
1426 3033 1450 3059 5.
1470 3036 1495 3059 et
1518 3033 1543 3058 6.

1284 3078 1305 3093 ¹¹
1327 3079 1400 3104 Vers.
1421 3079 1444 3103 2.
1460 3091 1492 3096 ·—-
1507 3077 1633 3109 Superius
1646 3080 1705 3109 post
1716 3084 1819 3110 magna
1837 3078 1859 3103 Η
1879 3077 2047 3110 prosequitur
2060 3079 2085 3103 et
2096 3084 2172 3102 aina—

1212 3131 1264 3156 ra,·
1286 3129 1387 3157 passus
1412 3123 1451 3148 est
1474 3121 1556 3148 etiam
1579 3128 1597 3147 a
1621 3121 1728 3155 mayn&
1756 3120 1848 3155 [etiam
1874 3121 1923 3147 AC
1937 3122 1956 3147 D
1980 3125 2040 3146 ante
2060 3121 2169 3155 mayuis

1212 3168 1334 3194 omittunt
1352 3166 1444 3193 multis
1463 3165 1502 3200 et]
1522 3168 1547 3192 et
1565 3164 1690 3199 inyratis.

1284 3210 1306 3226 ¹²
1325 3211 1401 3237 Vers.
1421 3210 1469 3241 26,
1488 3214 1548 3242 post
1566 3217 1645 3242 quem
1667 3210 1723 3235 lsai.
1737 3210 1771 3235 53
1805 3210 1847 3235 ⁴2.
1860 3223 1895 3229 —
1909 3210 2036 3242 Superius
2055 3217 2104 3241 pro
2123 3211 2171 3235 ter-

1212 3255 1344 3283 minanda
1363 3255 1391 3281 in
1409 3256 1495 3282 morte
1508 3256 1567 3281 erat
1588 3254 1635 3287 (ita
1656 3254 1718 3287 AD)
1740 3255 1797 3280 Vat.
1817 3254 1929 3288 yract'or
1944 3254 1973 3288 [B
1994 3254 2134 3285 ultirnata,
2149 3255 2167 3279 Η

1212 3299 1375 3333 animanda]
1395 3300 1455 3326 erat
1473 3298 1542 3326 inter
1562 3305 1653 3325 omnes
1666 3298 1814 3332 passiones.

1284 3342 1306 3358 ¹⁸
1324 3344 1399 3369 Vers.
1419 3344 1447 3375 3,
1467 3343 1508 3368 cui
1527 3342 1696 3375 subiungitur
1715 3343 1802 3368 Matth.
1827 3344 1871 3373 ¹¹2,
1892 3343 1932 3368 to.

1262 3417 1268 3423 ⁴
1283 3386 1306 3404 ¹⁴
1324 3387 1357 3413 Ut
1375 3385 1469 3413 dicitu'r
1489 3387 1538 3412 lac.
1561 3387 1589 3419 2,
1610 3387 1655 3419 20;
1675 3387 1721 3412 etr.
1738 3393 1765 3411 v.
1784 3387 1826 3412 26.

2188 602 2264 623 Aliter.

2190 2038 2319 2059 Notandum.

2208 2304 2298 2325 imitatio

2188 2331 2266 2351 cni-isti
2283 2336 2321 2357 per

2183 2363 2266 2378 crucem
2282 2363 2329 2378 sua-

2197 2384 2259 2405 detur
2274 2390 2312 2410 per

2206 2413 2303 2437 quatuor.
