2476 3921
168 674 252 702 Quinto,
268 673 294 694 de

153 700 295 729 imploratione

175 731 278 754 supernae

152 752 292 775 miserationis

151 780 270 807 dupliciter.

166 1017 210 1044 ipsa
219 1015 293 1042 implo-

196 1042 258 1064 ratio.

149 1204 251 1231 Allegalio
260 1210 294 1225 ur-

159 1231 292 1259 gentissimae

162 1258 293 1280 necessitatis

157 1284 254 1312 duplicis.

180 1393 292 1415 infelicitas

167 1421 292 1442 domestico-

167 1453 223 1469 rum.

149 1592 221 1620 Quoad
230 1592 294 1613 vivos.

148 1891 222 1919 Quoad
241 1897 295 1912 mor-

162 1921 208 1949 tuos
228 1918 295 1945 tripli-

161 1947 222 1966 citer.

150 2037 202 2059 Loca
217 2037 266 2058 duo.

164 2522 237 2544 Modus
251 2528 294 2544 mo-

190 2549 268 2570 riendl.

175 2666 296 2693 Magnitudo

187 2693 272 2720 flagelli.

153 2908 233 2930 Sensus
247 2908 290 2935 spi-

187 2934 276 2958 ritualia.

317 228 378 260 636

314 327 518 363 compitorum,
545 322 701 357 compitum
728 320 771 347 est
799 316 968 346 confluentia
994 315 1119 351 plurium
1139 313 1265 345 viarum,

313 376 416 405 dictum
438 374 517 409 quasi
543 381 559 399 a
584 368 780 405 componendo.
802 366 846 395 Ibi
867 373 933 401 ergo
962 363 1044 392 erant
1070 361 1189 394 mortui,
1217 360 1266 388 ubi

313 422 492 452 transeuntes
523 419 637 455 plurimi
668 424 762 445 eorum
794 415 856 442 visu
888 411 1085 444 tabescerent,
1115 418 1166 445 per
1192 408 1266 444 quod

314 470 498 509 spiritualiter
517 466 686 503 intelligitur
713 463 835 492 latitudo
862 461 1048 490 saecularium
1074 457 1264 493 voluptatum.

313 521 377 553 Vel,
398 518 563 547 moriuntur
578 514 700 551 parvuli
720 514 752 540 in
774 511 882 546 capite,
905 510 971 545 quia
992 507 1076 536 multi
1097 506 1165 535 sunt
1189 513 1265 534 01101·-

312 577 375 602 ves,
397 567 444 602 qui
465 564 562 593 statim
583 562 703 595 cadunt,
725 560 830 589 oriente
851 558 1016 587 tentatione.

391 614 440 643 41.
462 614 555 651 (Vers.
584 612 655 647 20.).
676 610 742 638 Rus.
771 607 855 643 Vide,
877 606 1019 640 Domine,
1049 605 1077 632 et
1103 602 1265 631 considera.

313 665 389 693 Haec
409 663 453 692 est
473 661 573 698 quinta
601 667 668 695 pars
689 657 820 693 capituli,
842 656 871 683 in
899 663 970 690 qua,
999 652 1150 688 postquam
1178 658 1266 686 supra

312 712 470 749 peccatores
497 708 647 741 excitavit,
672 706 704 735 ut
731 714 776 734 005
807 704 843 732 ad
864 701 1066 739 poenitentiam
1090 698 1264 732 inflecteret,

312 762 357 790 hic
382 758 540 795 Propheta,
561 765 673 785 causam
693 752 895 790 poenitentium
916 751 1084 786 suscipiens,
1110 756 1266 777 sermonem

318 809 456 839 convertit
475 808 511 836 ad
532 806 693 838 Dominum,
709 803 741 832 ut
754 804 851 838 ipsum
866 809 924 836 pro
941 798 1143 835 peccatoribus
1163 798 1266 825 eaoret.

311 858 406 886 Primo
426 864 492 891 ergo
513 854 654 889 implorat
673 852 822 880 caelestem
838 850 995 885 pietatem;
1017 846 1136 875 secundo
1157 845 1268 881 allegat

312 905 545 942 uryentissimam
563 902 736 933 utilitatem,
758 899 814 927 ibi:
837 898 956 934 Ergone
976 895 1131 924 comedent.

390 952 465 981 Dicit
485 960 568 987 ergo:
598 949 682 985 Vide,
711 948 853 982 Domine,
880 946 959 975 oculo
987 943 1212 977 misericordiae;
1241 944 1268 970 et

312 1001 475 1036 considera,
497 999 632 1036 populum
660 996 809 1032 multiplici
834 994 991 1023 subiectum
1017 992 1161 1026 miseriae:
1184 999 1268 1027 quem

310 1042 529 1080 'vindemiaveris
549 1049 605 1084 ita,
633 1046 768 1083 populum
788 1045 841 1073 tibi
873 1044 939 1073 olim
965 1041 1098 1071 dilectum
1123 1040 1205 1077 quasi
1225 1040 1268 1068 vi-

309 1107 390 1127 neam
413 1096 648 1130 vindemiaveris,
676 1094 799 1122 fructum
827 1100 937 1121 omnem
957 1090 1125 1123 abstuleris,
1147 1088 1193 1117 vel
1217 1096 1268 1116 au-

310 1147 377 1176 ferri
397 1145 574 1182 permiseris3
595 1144 659 1179 ita,
675 1143 734 1171 tam
755 1140 943 1174 horribiliter,
964 1139 998 1168 ut
1018 1138 1100 1174 quasi
1120 1138 1203 1166 vinea
1224 1136 1268 1165 de-

311 1195 390 1225 voret
409 1195 506 1224 botros
534 1201 598 1222 suos
624 1192 761 1228 proprios.
786 1206 826 1210 —-
850 1189 929 1217 Unde
956 1187 1102 1224 sequitur:
1131 1186 1267 1222 Eryone,

310 1245 373 1278 ubi,
402 1243 435 1272 nt
467 1242 572 1271 dictum
604 1241 660 1274 est,
692 1239 798 1276 allegat
829 1238 1021 1273 multiplicem
1051 1236 1266 1271 necessitatem,

311 1302 395 1330 quam
415 1292 506 1328 primo
526 1290 650 1320 ostendit
671 1298 721 1325 per
742 1287 942 1322 infelicitatem
967 1286 1208 1320 clomesticorum;
1229 1293 1268 1313 se-

310 1341 411 1375 cundo,
426 1349 477 1377 per
497 1339 683 1375 asperitatem
704 1338 954 1371 adversariorum,
970 1343 1055 1370 versu
1076 1334 1193 1363 ultimo:
1215 1334 1268 1363 Vo-

310 1390 392 1419 casti.
407 1405 448 1411 —
471 1388 679 1423 Infelicitatem
703 1386 797 1415 autem
819 1385 1040 1414 domesticorum
1062 1383 1157 1419 tangit
1177 1383 1268 1419 primo

311 1438 448 1475 quantum
468 1437 505 1466 ad
530 1437 622 1471 vivos,
651 1435 747 1464 deinde
769 1434 907 1470 quantum
931 1433 968 1462 ad
991 1433 1142 1461 mortuos:
1171 1431 1205 1461 Si·
1226 1440 1268 1460 oc-

312 1488 429 1517 ciditur.

389 1534 479 1564 Dicit:
501 1534 621 1571 Eryone
641 1532 785 1561 comedent
804 1532 939 1560 mulieres
959 1530 1088 1565 fructum
1109 1530 1219 1559 suum?
1239 1530 1269 1558 id

310 1584 354 1613 est
382 1583 456 1612 uteri
483 1584 535 1612 sui.
564 1583 639 1617 Quas
670 1582 805 1610 mulieres
832 1580 929 1614 vocat,
960 1588 1017 1608 non
1047 1578 1170 1612 matres,
1202 1579 1269 1615 quia

310 1633 402 1661 mater
421 1641 477 1661 non
498 1632 541 1661 est
562 1624 690 1665 dicenda,
713 1639 783 1667 quae
811 1630 855 1658 est
875 1630 1021 1658 immemor
1049 1628 1174 1665 pietatis.
1201 1628 1269 1662 Quis

311 1681 350 1710 sit
369 1680 496 1716 fructus,
519 1680 641 1709 ostendit
660 1679 796 1707 subdens:
819 1678 985 1713 Parvulos,
1012 1677 1118 1706 scilicet
1138 1678 1169 1705 in
1183 1685 1269 1713 quan-

311 1730 408 1764 titate,
429 1731 469 1758 ad
485 1737 653 1758 mensuram
668 1728 802 1764 palmae,
824 1727 852 1755 id
874 1727 918 1755 est
938 1727 1051 1755 teneros
1071 1726 1100 1754 et
1120 1727 1167 1754 vix
1185 1726 1270 1754 unius

312 1779 421 1815 palmae
441 1786 601 1807 mensuram
622 1777 767 1805 habentes.
789 1776 901 1805 Palma
913 1776 1016 1804 dicitur
1036 1775 1082 1803 1110
1103 1783 1154 1811 pro
1168 1783 1271 1811 01111311-1

313 1829 388 1857 510110
409 1835 508 1856 manus
530 1835 547 1855 a
565 1826 656 1861 capite
678 1826 786 1861 pollicis
807 1833 895 1861 usque
916 1824 952 1853 ad
974 1823 1166 1853 summitatem
1187 1823 1271 1852 medii

313 1876 402 1913 digiti.
427 1892 467 1896 -
492 1875 525 1903 Si
550 1874 709 1908 occiditur;
728 1882 801 1908 ecce,
828 1874 942 1902 miseria
962 1875 1157 1909 mortuorum,
1179 1873 1270 1909 primo

313 1925 450 1961 quantum
471 1924 506 1952 ad
534 1924 784 1952 circumstantiam
804 1923 879 1957 loci;
905 1922 1041 1957 secundo,
1068 1922 1207 1958 quantum
1234 1922 1271 1950 ad

313 1975 429 2003 modum
458 1972 619 2001 moriendi:
646 1972 778 2008 Virgines
809 1980 909 2007 meae,·
936 1971 1035 2005 tertio,
1067 1971 1207 2007 quantum
1235 1971 1271 1999 ad

313 2022 543 2059 magnitudinem
563 2021 738 2050 universalis
758 2021 892 2057 flagelli:
913 2021 1099 2055 Interfecisti.
1125 2038 1164 2041 —
1188 2020 1271 2049 Loca

312 2071 407 2107 tangit
427 2071 495 2100 duo:
522 2071 673 2107 intimum,
694 2070 799 2099 scilicet
819 2068 1032 2106 sanctuarium,
1053 2070 1082 2099 et
1103 2071 1270 2099 entremwm.

312 2136 352 2140 -—
375 2120 450 2148 Dicit
470 2128 551 2156 ergo:
574 2119 608 2148 Si
629 2120 770 2148 occiditur
789 2120 823 2147 in
843 2120 1013 2148 sanctuario
1034 2120 1160 2148 Domini
1179 2127 1271 2148 sacer-

313 2168 364 2197 dos
385 2170 412 2197 et
432 2168 605 2204 Propheta?
626 2169 707 2204 quasi
728 2168 817 2197 dicat:
847 2169 977 2204 quamvis
1008 2168 1123 2197 tantum
1144 2176 1272 2204 peccave-

312 2217 371 2246 rint
391 2218 564 2251 sacerdotes,
586 2218 712 2254 nunquid
733 2217 853 2246 interfici
868 2218 1057 2246 meruerunt?
1078 2218 1130 2246 Vel
1150 2218 1178 2246 si
1202 2218 1271 2246 occi-

313 2265 393 2294 ditur
414 2266 482 2299 etc.,
506 2266 579 2295 sicut
599 2266 632 2294 de
654 2266 788 2295 Zacharia
802 2266 921 2302 legitur,
943 2266 1071 2303 nunquid
1091 2266 1152 2295 ideo
1172 2266 1272 2294 mulie-

311 2323 357 2344 res
377 2316 521 2344 comedent
541 2316 593 2344 etc.

391 2364 439 2391 42.
462 2364 555 2400 (Vers.
577 2363 649 2400 21.).
673 2364 731 2392 sm.
752 2364 805 2392 Sed
827 2372 878 2400 pro
894 2364 955 2393 loco
977 2365 1113 2393 exteriori
1127 2364 1270 2401 sequitur:

312 2412 474 2441 Iacuerunt
494 2413 526 2441 in
547 2414 627 2441 terra
646 2412 733 2449 foris,
755 2413 896 2442 interfecti
917 2413 1013 2450 fugere
1035 2413 1162 2442 volentes
1175 2424 1181 2448 ;
1196 2422 1273 2449 puer

313 2462 341 2489 et
359 2469 458 2497 senex,
485 2461 566 2490 ambo
593 2461 721 2490 infirmae
746 2462 865 2496 aetatis,
894 2463 975 2499 quasi
1002 2463 1092 2491 dicat:
1121 2471 1173 2491 nec
1193 2471 1273 2491 sacro

312 2510 372 2538 loco
393 2510 577 2545 parcebatur,
598 2519 648 2539 nec
668 2510 751 2547 fugae
767 2511 938 2546 praesidium
959 2511 1164 2547 opitulabatur.
1179 2511 1274 2540 —Se-

313 2558 423 2594 quitur:
452 2559 585 2595 Viryines
599 2567 693 2595 meae,
715 2560 744 2588 id
764 2560 808 2588 est
821 2560 1005 2595 infirmiores,
1027 2562 1055 2589 et
1074 2561 1189 2589 iuvenes
1202 2560 1272 2596 mei,

314 2607 342 2635 id
363 2606 406 2636 est
433 2607 578 2641 fortiores,
598 2608 759 2637 ceciderunt
784 2609 817 2637 in
836 2609 952 2646 gladio,
972 2609 1010 2645 ad
1023 2609 1164 2643 litteram,
1185 2609 1275 2637 inter-

315 2655 389 2683 fecti.
402 2672 443 2676 —
456 2655 512 2684 Pro
532 2656 617 2685 tertio
632 2656 741 2685 subdit:
764 2657 943 2691 Interfecisti
963 2658 996 2686 in
1020 2657 1066 2686 die
1086 2657 1197 2692 furoris
1213 2658 1272 2693 tui,

314 2703 379 2732 illos
407 2704 454 2739 qui
474 2704 568 2740 gladio
593 2705 766 2739 ceciderunt,
786 2706 814 2734 id
828 2706 871 2734 est
892 2706 1032 2735 vindictae
1053 2706 1273 2742 irrefragabilis3

310 2753 498 2788 percussisti,
513 2753 649 2787 iacentes,
665 2755 841 2789 permissive;
856 2762 908 2783 nec
920 2755 1056 2784 misertus
1070 2763 1115 2790 es:
1128 2755 1195 2784 libri
1208 2754 1275 2784 novi

315 2799 436 2829 habent:
458 2809 509 2829 nec
528 2802 721 2838 misereberis,
743 2802 772 2831 et
791 2803 949 2839 exponatur
969 2803 1183 2840 interrogative.

395 2849 445 2877 43.
467 2849 670 2885 ›S'piritualiter
696 2851 926 2888 intelligendum,
948 2853 1023 2889 quod
1043 2852 1120 2882 Deus
1144 2852 1274 2881 terribili-

315 2897 360 2926 ter
373 2898 508 2934 quosdam
530 2899 558 2927 111
574 2899 697 2928 Ecclesia
716 2900 892 2930 vindemiat:
910 2909 999 2930 «011111
1013 2902 1091 2936 illos,
1110 2910 1180 2938 quos
1194 2902 1274 2938 prius

316 2954 366 2982 per
387 2947 591 2982 praedicatores
621 2948 752 2982 excoluit,
783 2949 881 2984 postea
908 2949 1020 2978 steriles
1049 2949 1078 2979 et
1104 2950 1204 2979 inanes
1231 2950 1275 2979 de-

316 2995 450 3032 relinquit
467 3007 501 3030 »3
526 2996 772 3027 Deuteronomium
785 2997 810 3027 ¹:
841 3009 855 3024 α
866 2998 1016 3028 Plantabis
1030 3000 1141 3028 vineam
1165 2999 1194 3028 et
1213 3007 1275 3037 ‚non

315 3044 439 3072 comedes
460 3044 569 3073 fructus
599 3046 658 3074 eius
672 3057 700 3073 ».
727 3058 741 3071 «
760 3046 919 3084 Mulieres,
944 3048 1014 3077 mali
1039 3047 1162 3084 praelati
1190 3047 1275 3076 fluxis

329 3300 333 3306 ,
376 3265 396 3305 ¹¹
416 3265 481 3298 cap.
499 3267 547 3298 28,
567 3268 613 3300 303
633 3269 728 3295 deinde
747 3270 814 3296 loan.
834 3271 882 3302 ⁴5,
903 3272 944 3297 16,
964 3285 1004 3292 -«
1018 3272 1083 3298 Tres
1095 3272 1160 3298 istae
1173 3272 1272 3305 exposi-

317 3304 400 3327 tiones
418 3305 546 3328 extractae
565 3307 624 3329 sunt
643 3312 672 3329 ex
692 3305 800 3337 Hugone
819 3313 834 3331 a
848 3306 875 3331 S.
888 3306 957 3332 Vici.
977 3307 1003 3333 111
1022 3308 1091 3333 1111110
1104 3308 1191 3334 10011111
1214 3308 1272 3333 alin-

317 3343 370 3368 que
388 3337 462 3368 plura
482 3338 559 3363 11111115
574 3340 686 3364 numeri.

388 3370 398 3386 ²
417 3371 479 3404 Cap.
501 3373 547 3405 24,
567 3375 596 3404 ·2;
617 3375 710 3399 delude
730 3377 774 3400 lcr.
795 3377 824 3407 6,
846 3378 888 3402 43.
1014 3376 1026 3392 ⁸
1042 3378 1063 3404 l.
1081 3377 1138 3404 Cor.
1161 3378 1207 3409 15,
1228 3378 1270 3403 33.

1021 210 1218 246 EXPOSlTIO
1242 209 1473 243 THRENORUM
1496 208 1528 240 C.
1553 207 1587 240 11.

1330 311 1456 339 moribus
1477 308 1612 343 emolliti,
1634 309 1682 344 (1111
1712 307 1842 342 fructwm
1862 316 1949 337 suum
1969 307 2133 344 comedunt,
2166 309 2231 344 quia
2262 309 2295 338 de

1329 359 1425 387 labore
1446 357 1611 390 ministerii,
1634 357 1659 385 si
1673 365 1755 392 quem
1769 355 1893 390 faciunt,
1915 357 1945 385 in
1966 356 2110 392 praesenti
2124 356 2184 384 vita
2206 365 2295 385 remu-

1330 406 1504 435 nerationem
1525 405 1707 441 accipiunt».
1722 404 1847 434 Econtra
1867 404 1970 433 dicitur
1984 404 2066 434 bonis
2083 404 2245 434 doctoribus
2266 406 2295 433 in

1330 455 1455 484 Ioanne:
1482 465 1497 479 (ι
1509 453 1598 483 Ρο5111
1619 461 1685 487 vos,
1707 452 1740 481 ut
1753 452 1826 481 eatis
1847 453 1877 481 et
1891 452 2015 482 fructum
2036 453 2175 487 afferatis,
2196 453 2225 482 et
2239 453 2296 482 fru-

1329 503 1393 532 ctus
1424 502 1519 531 vester
1549 502 1664 531 maneat
1684 514 1713 530 ».
1735 502 1788 531 Vel
1811 501 1940 537 fructum
1970 502 2140 539 comedumt,
2172 502 2201 532 id
2231 503 2294 536 est,

1329 551 1500 580 consumunt
1515 551 1658 587 parvulos
1673 551 1713 580 ad
1725 559 1894 579 mensuram
1908 550 2040 587 palmae,
2055 552 2121 587 quia
2140 562 2154 576 (ι
2167 551 2296 580 infirmos

1330 600 1399 634 fide,
1422 608 1492 636 quos
1513 600 1655 636 baptismo
1677 600 1722 628 vel
1743 600 1828 628 aliter
1847 599 2022 636 genuerant,
2044 600 2170 636 exemplo
2184 600 2221 628 ad
2241 599 2296 628 ter—

1330 657 1399 677 rena
1418 649 1556 682 desideria
1576 649 1732 683 inclinant3
1754 649 1800 677 vel
1820 648 1988 684 comedunt,
2011 649 2077 684 quia
2106 648 2234 678 subditos
2255 657 2296 677 re·

1330 698 1384 726 bus
1398 697 1535 733 spoliant,
1556 706 1626 734 quos
1641 706 1755 733 pascere
1769 696 1965 726 debuerant».
1983 712 2020 718 --
2037 697 2072 726 Si
2086 697 2228 725 occiditwr
2242 696 2295 726 etc.

1330 747 1386 775 Per
1406 747 1611 775 sanctuarimn
1631 746 1726 775 cultus
1747 746 1799 775 Dei
1819 745 2007 782 intelligitur3
2028 746 2182 781 Propheta
2203 747 2231 775 et
2250 755 2296 775 sa-

1331 796 1432 825 cerdos
1453 795 1619 824 occiduntur
1638 796 1668 824 in
1697 795 1875 829 sanctuario,
1897 795 2010 831 quando
2032 795 2078 823 vel
2105 795 2218 829 doctor,
2247 796 2296 831 (1111

1331 853 1382 880 per
1402 844 1576 880 Prophetam
1596 843 1784 880 intelligitur,
1813 844 1901 872 verba
1925 843 2088 879 Scripturae
2115 843 2152 872 ad
2172 844 2297 880 pravita-

1331 893 1389 922 tem
1403 893 1565 929 intorquet,
1585 893 1630 921 vel
1651 893 1763 929 quando
1778 892 1908 921 sacerdos
1928 893 2043 929 indigne
2062 901 2143 921 sacra
2160 893 2297 929 mysteria

1331 942 1489 977 dispensat.
1503 942 1667 973 Iacuerunt
1686 942 1717 970 in
1733 943 1815 970 terra
1828 940 1903 976 foris
1914 949 1991 977 puer
2005 943 2032 970 et
2045 950 2130 970 senex
2135 951 2145 976 ;
2165 942 2258 971 Isaias
2270 940 2294 970 ²:

1337 1001 1351 1016 α
1366 990 1444 1019 Sicut
1464 991 1539 1019 enim
1560 990 1699 1026 populus,
1722 990 1762 1018 sic
1790 990 1819 1018 et
1839 990 1970 1019 sacerdos
1984 1000 2016 1024 »;
2037 990 2071 1018 in
2099 991 2179 1019 terra
2203 991 2296 1019 iacue-

1331 1040 1418 1075 runt,
1441 1040 1507 1075 quia
1526 1040 1557 1068 in
1588 1039 1709 1068 terrenis
1730 1039 1875 1068 desideriis
1902 1038 2080 1075 quieverunt.
2108 1039 2175 1068 Non
2205 1039 2297 1068 solum

1332 1089 1482 1123 sederunt,
1496 1087 1530 1116 ut
1551 1096 1639 1123 supra
1653 1088 1760 1116 dictum
1781 1087 1841 1121 est,
1863 1087 1912 1115 sed
1930 1087 2101 1123 iacuerunt,
2126 1087 2297 1116 dormientes

1331 1137 1361 1165 et
1382 1137 1509 1172 seipsos
1536 1136 1713 1171 nescientes3
1742 1136 1895 1165 Ieremias:
1923 1147 1937 1160 ‹<
1951 1135 1978 1164 A
1998 1136 2114 1164 minimo
2144 1144 2233 1172 usque
2260 1136 2297 1165 ad

1331 1186 1466 1214 maiorem
1488 1193 1584 1214 omnes
1605 1185 1743 1213 avaritiae
1764 1184 1923 1213 student».
1944 1185 1985 1213 In
2007 1186 2087 1213 terra
2109 1183 2197 1219 foris,
2218 1185 2297 1214 locus

1331 1234 1423 1262 exsilii
1443 1234 1625 1270 intelligitur.
1653 1234 1789 1270 Viryines
1803 1242 1896 1267 meae,
1917 1234 2028 1262 animae
2042 1233 2295 1270 contemplativae,

1331 1284 1381 1313 sed
1401 1283 1511 1318 fatuae,
1532 1284 1578 1312 vel
1592 1283 1704 1317 fideles,
1727 1291 1798 1319 (11130
1812 1283 1879 1311 fidei
1897 1282 2093 1319 integritatem
2118 1283 2248 1318 servant3
2269 1285 2298 1312 et

1330 1334 1445 1362 iuvenes
1466 1333 1523 1362 mei
1544 1334 1576 1361 in
1594 1333 1697 1369 ,eladio
1729 1332 1907 1368 ceciderunt,
1929 1333 1958 1361 id
1978 1332 2043 1367 est,
2065 1332 2296 1368 persuasionibus

1330 1381 1537 1410 haereticorum
1565 1381 1694 1410 subversi
1725 1381 1808 1415 sunt,
1831 1381 1916 1417 quia,
1945 1380 1979 1409 ut
2005 1380 2074 1409 dicit
2094 1380 2250 1416 Apostolus
2265 1379 2295 1414 ⁸,

1336 1442 1351 1456 (ι
1369 1431 1557 1470 corrumpunt
1587 1431 1676 1459 bonos
1707 1438 1798 1459 mores
1832 1430 1972 1466 colloquia
2003 1438 2093 1465 prava
2113 1441 2142 1457 ».
2173 1429 2297 1458 Iuvenes

1332 1480 1415 1514 sunt,
1438 1480 1530 1516 quiin
1551 1479 1666 1515 proeliis
1680 1479 1812 1508 fortiores
1833 1479 1917 1512 sunt,
1940 1478 2032 1514 quiin
2053 1471 2226 1507 adversitate
2241 1478 2297 1507 dia—

1331 1528 1395 1557 bolo
1416 1537 1473 1557 non
1493 1528 1612 1562 cedunt,
1634 1527 1663 1556 et
1684 1527 1780 1556 tamen
1805 1527 1900 1563 gladio
1920 1526 2035 1562 linguae
2059 1526 2172 1562 iniquae
2200 1526 2297 1562 plures

1332 1576 1549 1605 subvertuntur.
1571 1575 1767 1612 Interfecisti,
1788 1575 1924 1605 interficIt
1944 1583 1990 1604 eos
2011 1575 2059 1611 qui
2080 1583 2131 1611 per
2149 1575 2299 1604 infidelita-

1332 1626 1390 1654 tem
1411 1625 1567 1660 corruunt;
1583 1626 1715 1661 pereutit
1734 1633 1780 1654 005
1802 1625 1850 1661 (1111
1876 1625 1907 1653 111
1927 1624 2012 1660 1311511
2040 1623 2219 1660 pereuntium
2248 1632 2299 1660 per

1332 1675 1554 1711 compassionem
1574 1674 1755 1703 carnalitatis
1776 1674 1919 1702 vulnerati
1941 1673 2028 1708 sunt;
2050 1681 2110 1702 non
2129 1673 2298 1709 miseretur,

1333 1724 1400 1753 dum
1421 1732 1472 1753 nec
1492 1724 1589 1760 lapsos
1610 1723 1695 1760 erigit
1716 1732 1767 1752 nec
1787 1723 1911 1752 dolorem
1933 1723 2073 1752 stantium
2094 1722 2267 1752 consolatur.

1414 1773 1463 1801 44.
1486 1773 1580 1809 (Vers.
1602 1773 1674 1809 22.).
1703 1773 1794 1801 Tuan.
1822 1772 1939 1801 Vocasti
1967 1772 2054 1808 quasi
2085 1771 2126 1800 ad
2145 1771 2222 1800 diem
2245 1771 2299 1800 etc.

1333 1822 1388 1850 Hic
1409 1821 1533 1851 ostendit
1552 1821 1728 1850 infelicitatis
1748 1822 1827 1850 illius
1847 1821 2073 1858 magnitudinem
2094 1829 2145 1857 per
2160 1820 2298 1856 asperita-
2339 1826 2450 1857 Asperitas

1334 1872 1389 1899 tem
1410 1870 1661 1907 admersariorwm,
1684 1879 1754 1907 quos
1772 1870 1927 1900 introducit
1951 1878 2085 1906 prospere
2108 1870 2298 1904 invadentes‚·
2315 1853 2451 1901 ssffiffmm'

1334 1928 1469 1956 prospere
1490 1920 1651 1955 capientes.-
1671 1920 1715 1949 Et
1734 1928 1794 1948 non
1813 1913 1874 1954 fuit
1892 1920 1924 1948 in
1945 1919 2008 1954 die,-
2029 1927 2163 1955 prospere
2183 1918 2299 1948 tandem

1335 1969 1511 1997 destruentes
1520 1979 1529 1997 .·
1554 1969 1630 2006 Quos
1644 1969 1763 1998 educavi
1777 1970 1805 1997 et
1817 1969 1944 1997 enutrivi
1955 1967 1977 1996 ⁴.
1991 1985 2031 1989 -—
2045 1968 2072 1997 A
2086 1968 2168 2004 parte
2182 1968 2302 1997 Iudaee-

1334 2027 1397 2047 rum
1412 2018 1458 2046 his
1479 2018 1572 2046 tribus
1586 2017 1680 2054 iungit
1702 2019 1855 2053 terrorem,
1870 2018 2063 2054 deiectionem,
2080 2017 2215 2046 laborum
2233 2025 2301 2045 con-

1334 2068 1519 2096 sumtionem.
1534 2083 1574 2088 —
1588 2067 1664 2095 Dicit
1677 2075 1760 2103 ergo:
1782 2067 1915 2103 Vocasti,
1930 2067 2012 2102 quasi
2026 2075 2122 2095 eorum
2137 2066 2192 2095 fuit
2211 2065 2298 2102 velle,
2319 2066 2350 2088 De
2370 2066 2447 2094 primo.

1335 2117 1384 2145 sed
1406 2116 1487 2156 tuum
1508 2116 1564 2145 fuit
1578 2115 1745 2152 concedere,
1766 2115 1795 2144 et
1816 2124 1866 2151 per
1880 2123 2053 2152 consequens
2072 2116 2154 2144 tuum
2175 2115 2219 2144 est
2234 2115 2301 2144 libe-

1334 2174 1411 2195 rare.
1439 2166 1569 2201 Vocasti,
1592 2165 1747 2194 Chaldaeos
1768 2164 1797 2193 et
1817 2164 1975 2199 Romanos,
1997 2164 2084 2200 quast
2108 2163 2148 2192 ad
2167 2163 2243 2193 diem
2255 2172 2301 2193 so-

1335 2215 1473 2251 lemnem,
1494 2215 1524 2243 111
1545 2222 1600 2250 (1110
1621 2213 1798 2250 prosperitas
1819 2222 1915 2242 eorum
1936 2212 2122 2249 designatum
2145 2213 2197 2248 qui
2218 2214 2301 2241 terrc-

1335 2265 1402 2292 rent
1421 2272 1466 2292 me
1486 2264 1521 2293 de
1542 2263 1682 2299 circuitu,
1703 2263 1826 2299 undique
1843 2262 1951 2298 impetu
1981 2261 2111 2291 videlicet
2131 2261 2301 2290 obsidentes.

1331 2313 1362 2342 ΧΤ
1362 2313 1404 2347 01,
1426 2313 1514 2349 quasi
1527 2312 1567 2341 ad
1585 2313 1662 2349 diem
1676 2312 1847 2348 solemnem,
1869 2311 1950 2345 dicit,
1965 2312 2032 2347 quia
2045 2311 2144 2340 Iudaei
2157 2311 2188 2339 in
2208 2310 2301 2339 tribus

1335 2362 1405 2390 anni
1436 2361 1665 2390 solemnitatibus
1699 2369 1864 2390 concurrere
1896 2360 1973 2389 soliti
2003 2359 2105 2394 erant;
2137 2360 2183 2388 vel
2213 2359 2298 2388 dicit:

1336 2411 1423 2447 quasi
1442 2411 1483 2439 aot
1503 2410 1578 2439 diem
1608 2410 1780 2446 solemnem,
1808 2410 1875 2446 quia
1905 2409 2024 2438 Romani
2052 2408 2190 2444 ceperunt
2219 2409 2301 2437 Ieru-

1336 2460 1425 2488 salem
1445 2460 1475 2488 in
1500 2459 1543 2488 die
1571 2459 1707 2487 Paschae.
1731 2475 1772 2479 -—
1795 2458 1852 2487 Pro
1874 2458 1994 2487 secundo
2016 2457 2160 2494 sequitur:
2182 2457 2226 2486 Et
2237 2465 2300 2486 non
2319 2466 2349 2488 De
2364 2466 2465 2488 secundo.

1336 2508 1396 2544 fuit
1421 2509 1472 2544 qui
1499 2508 1651 2544 effuyeret,
1683 2507 1720 2536 ad
1749 2506 1892 2540 litteram,
1919 2508 1967 2543 qui
1994 2515 2051 2536 non
2079 2506 2154 2535 esset
2184 2506 2299 2542 captus,

1336 2557 1388 2587 aut
1403 2557 1542 2586 mortuus.
1556 2557 1597 2586 In
1617 2556 1662 2585 die
1675 2556 1790 2591 furoris
1810 2556 1951 2591 Domini,
1973 2555 2002 2584 id
2015 2554 2060 2584 est
2080 2555 2199 2583 ultimae
2213 2554 2301 2591 capti-

1337 2606 1447 2635 vitatis.
1469 2607 1513 2635 Et
1536 2606 1766 2642 relinqueretur,
1793 2605 1823 2633 in
1845 2604 2018 2639 Ierusalem
2046 2604 2098 2633 hoc
2129 2604 2215 2632 etiam
2236 2612 2301 2640 quo-

1337 2656 1403 2684 dam
1423 2656 1504 2684 modo
1524 2655 1673 2691 impletum
1695 2654 1739 2683 est
1752 2655 1782 2682 in
1803 2654 1945 2683 obsidione
1962 2653 2167 2682 Chaldaeorum
2179 2652 2200 2688 ⁶,
2215 2662 2301 2690 quan-

1337 2704 1372 2733 do
1393 2704 1491 2733 nullus
1511 2703 1566 2732 fuit
1586 2703 1717 2737 relictus,
1740 2703 1789 2739 qni
1809 2710 1866 2730 non
1887 2702 1962 2730 esset
1975 2702 2107 2738 captivus
2128 2702 2173 2731 vel
2191 2710 2300 2731 servus.

1337 2769 1377 2773 —
1397 2753 1454 2782 Pro
1474 2753 1559 2782 tertio
1581 2752 1695 2781 subdit:
1727 2751 1803 2788 Quos
1824 2751 1959 2786 educavi,
1983 2752 2038 2786 per‘
2057 2751 2253 2791 disciplinam:
2274 2752 2302 2779 et
2322 2759 2353 2781 De
2372 2759 2443 2781 tertio.

1336 2802 1465 2838 nutrivi,
1487 2801 1626 2838 quantum
1647 2801 1684 2829 ad
1703 2800 1854 2834 naturam:
1875 2800 2013 2828 inimicus
2033 2808 2115 2828 meus
2141 2800 2303 2829 consumsit

1337 2860 1398 2887 eos,
1420 2851 1449 2879 id
1469 2851 1532 2884 est,
1554 2850 1667 2879 omnino
1688 2849 1793 2877 delevit
1813 2849 1887 2877 11105.

1417 2900 1496 2929 Illud
1510 2899 1605 2935 potest
1618 2898 1741 2934 intelligi
1754 2898 1905 2926 moraliter
1919 2897 1952 2926 de
1967 2898 2042 2926 liora
2055 2898 2174 2934 mortis,
2189 2897 2301 2934 quando
2316 2901 2453 2950 Senrsplsismo-

1337 2949 1431 2978 solent
1451 2949 1601 2977 daemones
1627 2947 1664 2976 ad
1683 2946 1850 2976 morientem
1880 2947 1910 2975 in
1938 2946 2058 2975 circuitu
2077 2946 2220 2975 laetanter
2239 2955 2301 2975 con-

1337 2999 1443 3027 venire.
1464 2998 1518 3027 Vel
1537 2996 1613 3026 certe
1633 2997 1663 3025 in
1685 2996 1730 3024 die
1751 2996 1854 3035 iudicii
1868 2996 1999 3032 peccator
2019 2995 2142 3031 undique
2164 2996 2239 3024 mala
2253 2995 2301 3024 ha—

1338 3046 1416 3076 bebit
1435 3045 1612 3080 accusantia,
1634 3045 1663 3073 et
1683 3053 1717 3073 ex
1737 3045 1817 3074 nulla
1838 3045 1920 3081 parte
1942 3045 2129 3073 defendentia.
2166 3056 2173 3063 ·

1406 3270 1418 3293 4
1439 3270 1524 3296 Verba
1544 3269 1592 3296 Hic
1610 3268 1821 3302 ostendensque
1833 3267 1939 3295 nutrivi
1956 3268 1982 3293 in
2001 3268 2056 3293 solo
2070 3268 2090 3293 A
2104 3267 2242 3293 habentur.
2267 3281 2300 3285 —

1335 3308 1403 3345 Infra
1422 3313 1471 3358 pm,
1489 3305 1667 3349 deiectionem,
1687 3303 1815 3331 laborum
1833 3303 1879 3337 (itu
1898 3303 1988 3336 codd.)
2003 3303 2060 3329 Vni..
2079 3302 2248 3330 deiectionem
2262 3302 2301 3328 la-

1336 3341 1493 3403 ozorqmcffi.
1506 3377 1548 3402 lV.
1567 3376 1701 3407 Reges,
1721 3375 1747 3401 5.
1765 3381 1839 3408 seqq.
1858 3377 1884 3400 ct
1903 3374 1931 3400 ll.
1951 3374 2112 3406 Paralip.36,
2134 3373 2175 3399 17.
2194 3380 2268 3405 seqq.
