2476 3921
156 649 278 676 Exemplum
284 648 303 668 Ξ.

175 1018 208 1039 Ad
223 1017 300 1038 bonum

170 1044 300 1074 operandum

181 1073 235 1091 rat-o
250 1076 292 1096 pri-

198 2820 291 2842 Primum

187 2848 305 2869 ostenditur

190 2874 310 2901 triphone„
330 2858 480 2892 (timendo
511 2858 687 2892 ostenditur
718 2857 902 2900 tripliciter,
935 2857 1052 2891 scilicet
1082 2857 1157 2900 quia
1188 2858 1291 2900 passio

318 283 383 316 354

316 369 431 412 duplici
446 367 575 410 popule,
591 364 708 398 scilicet
721 363 907 396 ludaeorum
918 387 926 400 ,
938 361 993 403 qui
1011 363 1086 393 suut
1096 358 1273 397 excaecati,

316 427 347 455 et
376 420 556 463 gentilium,
588 417 642 460 qui
674 419 749 449 sunt
779 415 886 453 electi;
918 414 957 446 ad
989 414 1143 446 Romanos
1174 411 1273 444 uude-

317 476 396 508 cimo
411 476 437 505 ¹:
458 472 561 505 «Nolo
576 471 660 504 enim
685 478 740 501 vos
756 469 916 510 ignorare,
932 466 1061 504 fratres,
1085 464 1273 507 mysterium

317 525 390 566 hoc,
414 526 488 569 quia
510 524 642 558 caecitas
661 532 702 556 ex
726 525 816 564 parte
832 520 962 562 contigit
985 519 1017 552 in
1042 518 1151 557 lsrael,
1174 517 1274 551 donec

317 579 476 623 plenitudo
499 577 639 620 gentium
664 576 817 613 intraret,
841 577 872 607 et
895 573 940 606 sic
970 572 1073 605 omnis
1096 571 1188 604 Israel
1213 570 1277 604 sal-

317 642 375 666 vus
392 633 481 665 fieret
497 644 527 662 ι).
545 629 732 671 Exemplum
752 627 845 660 etiam
870 625 966 659 huius
981 627 1113 667 apparet
1136 624 1167 656 in
1177 623 1274 662 luda,

318 686 372 729 qui
395 685 455 718 t'uit
478 683 640 726 Apostolus
668 685 699 715 et
722 681 908 718 damnatus,
931 682 963 712 et
992 679 1025 711 in
1048 678 1187 716 latrone,
1219 677 1275 719 qui

318 739 376 772 suit
400 738 551 776 salvatus,
575 735 655 768 infra
671 734 821 777 vigesimo
845 732 938 765 tertio
951 732 973 764 2.
992 731 1027 763 Et
1051 730 1198 772 exemplo
1214 730 1276 763 hu-

318 793 367 825 ius
397 799 505 824 omnes
533 789 712 822 excitantur
736 786 774 819 ad
805 786 949 818 timorem
978 784 1139 823 divinum,
1164 792 1276 816 secun-

318 845 392 877 dum
416 842 493 876 illud
524 842 644 884 primae
675 839 715 873 ad
737 838 915 872 Corinthios
945 836 1087 870 decimo:
1116 849 1132 864 α
1150 836 1210 877 Qui
1243 844 1276 869 se

318 896 476 929 existimat
499 898 583 927 stare
607 892 724 931 videat,
748 900 787 924 ne
809 890 947 924 cadat».

409 949 459 981 63.
486 948 531 980 Ex
555 947 614 979 hac
638 945 735 988 igitur
766 943 1013 977 consideratione
1038 942 1137 976 futuri
1169 942 1277 975 iudicii

319 1002 498 1035 inducimur
518 1000 560 1033 ‘ad
587 998 794 1032 insistendum
825 996 974 1030 continue
1004 996 1155 1038 operibus
1186 996 1277 1029 bonis

318 1059 447 1097 propter
471 1053 625 1096 triplicem
647 1051 798 1084 rationem
817 1050 1040 1092 praemissam:
1065 1049 1184 1092 primo,
1201 1049 1277 1092 quia

315 1103 449 1150 'difficile
469 1110 515 1139 est
538 1106 574 1138 iu
594 1108 766 1147 conspeetu
788 1103 923 1136 Domini
942 1102 1125 1145 iustificari
1147 1106 1278 1144 propter

319 1161 534 1193 difficultatem
558 1159 589 1191 in
606 1158 732 1196 merito;
754 1157 837 1190 unde
853 1157 994 1190 Psalmus
1007 1156 1035 1189 ³:
1057 1169 1073 1185 α
1089 1157 1155 1189 Non
1179 1156 1278 1189 intres

320 1214 351 1246 in
375 1213 524 1246 iudicium
549 1221 621 1245 cum
642 1220 733 1245 servo
757 1215 826 1250 tuo,
850 1210 995 1249 Domine,
1012 1210 1087 1253 quia
1110 1219 1172 1242 nou
1190 1209 1279 1243 iusti-

321 1267 466 1300 ficabitur
489 1266 522 1298 in
538 1269 707 1307 conspectu
732 1268 787 1297 tuo
802 1264 903 1297 omnis
927 1264 1036 1297 vivens
1052 1275 1087 1302 »;
1104 1267 1136 1296 et
1158 1263 1279 1305 primae

323 1320 403 1353 Petri
428 1322 559 1362 quarto:
590 1331 605 1347 α
622 1319 657 1351 Et
681 1319 705 1351 si
737 1318 840 1351 iustus
865 1317 919 1350 vix
950 1317 1137 1356 salvabitur,
1163 1317 1280 1359 impius

196 1388 302 1410 secunda.
323 1377 354 1406 et
378 1376 522 1415 peccator
554 1372 607 1405 ubi
638 1372 795 1414 parebunt
810 1374 847 1403 »2
870 1390 914 1394 —-
936 1370 1095 1410 Secundo,
1120 1370 1195 1412 quia
1218 1370 1280 1403 im-

319 1424 474 1468 possibile
498 1429 543 1457 est
566 1424 724 1457 excusari
738 1427 868 1466 propter
892 1423 1081 1466 rigiditatem
1097 1423 1128 1455 in
1148 1422 1279 1461 iudicio;

323 1478 563 1512 Proverbiorum
586 1477 737 1520 vigesimo
768 1477 921 1510 octav04:
952 1489 967 1505 α
984 1476 1042 1518 Qui
1067 1476 1203 1509 declinat
1225 1484 1281 1508 au-

322 1541 387 1566 rem
412 1541 516 1571 suam,
533 1541 572 1564 ne
587 1531 694 1564 audiat
709 1531 824 1573 legem,
849 1530 950 1563 oratio
972 1530 1041 1563 eius
1058 1530 1112 1562 fiet
1134 1537 1282 1562 exsecra-

322 1586 392 1618 bilis
408 1598 443 1624 »;
476 1589 507 1618 et
531 1585 583 1617 lob
613 1584 854 1627 quadragesimo
878 1583 1001 1625 primo:
1031 1595 1047 1611 «
1065 1583 1130 1615 Non
1154 1590 1281 1623 parcam

323 1639 366 1678 ei,
384 1638 489 1672 verbis
504 1638 684 1680 potentibus
699 1640 731 1670 et
754 1637 792 1669 ad
808 1636 1042 1679 deprecandum
1058 1635 1239 1677 compositis
1252 1647 1281 1666 n.

226 1708 305 1729 Torua.
322 1711 367 1716 -
383 1691 503 1729 Tertio,
519 1691 594 1733 quia
615 1699 741 1723 neeesse
757 1688 852 1722 babet
875 1688 1037 1721 tribulari
1052 1692 1181 1730 propter
1206 1687 1284 1720 cala·

322 1745 464 1778 mitatem
487 1744 519 1776 in
542 1742 712 1784 supplicio;
737 1740 936 1784 Apocalypsis
967 1740 1161 1782 vigesimo⁵:
1190 1753 1206 1768 α
1223 1740 1282 1781 Qui

323 1807 386 1830 non
410 1798 556 1830 inventus
587 1800 634 1829 est
658 1796 688 1828 in
720 1795 801 1827 libro
826 1795 906 1827 vitae
930 1794 1068 1836 scriptus
1091 1794 1206 1827 missus
1236 1796 1284 1827 est

324 1852 356 1883 in
387 1854 533 1892 stagnum
559 1849 638 1890 ignis
661 1852 692 1881 et
715 1847 879 1889 sulphuris
903 1859 938 1886 »;
963 1847 1107 1880 Matthaei
1133 1847 1284 1890 vigesimo

325 1903 462 1936 secundo
484 1902 599 1935 dicitur
622 1901 661 1934 de
684 1910 721 1933 eo
745 1900 799 1943 qui
828 1910 890 1933 non
914 1900 1049 1934 habebat
1080 1904 1197 1934 vestem
1224 1910 1284 1934 nu-

325 1956 472 1998 ptialem:
503 1968 518 1983 «
538 1954 652 1996 Ligatis
678 1954 823 1987 manibus
847 1958 877 1987 et
900 1954 1032 1996 pedibus
1055 1954 1141 1994 eius,
1170 1954 1284 1988 mittite

326 2018 400 2042 eum
432 2008 464 2041 in
488 2008 633 2041 tenebras
657 2008 849 2047 exteriores;
877 2007 920 2040 ibi
944 2008 1004 2041 erit
1027 2008 1122 2041 fletus
1152 2011 1183 2041 et
1211 2008 1283 2041 stri-

326 2062 384 2095 dor
407 2062 548 2095 dentium
568 2075 599 2093 ».
630 2080 670 2085 —
699 2061 735 2094 Et
765 2065 932 2104 propterea
963 2062 1080 2095 bonum
1105 2062 1284 2095 est-consi-

327 2115 404 2149 lium
437 2114 590 2156 Sapientis
625 2114 826 2148 Ecclesiastae
856 2115 978 2149 nono‘i:
1016 2128 1031 2144 α
1056 2115 1284 2158 Quodcumque

327 2167 429 2200 facere
454 2170 556 2209 potest
575 2176 690 2200 manus
707 2170 776 2206 tua,
794 2168 946 2201 instanter
961 2176 1111 2210 operare;
1129 2168 1205 2210 quia
1221 2177 1284 2200 non

328 2223 376 2252 est
398 2228 478 2261 opus
508 2228 565 2253 nec
590 2220 669 2253 ratio
700 2229 758 2254 nec
782 2221 932 2263 sapientia
955 2230 1013 2254 nec
1044 2221 1173 2254 scientia
1200 2220 1285 2263 apud

329 2272 463 2311 inferos,
487 2282 550 2315 quo
574 2276 609 2306 tu
633 2283 784 2316 properas
800 2287 830 2306 n.

420 2325 470 2357 64.
495 2325 535 2357 In
559 2326 634 2368 ipsa
657 2330 766 2359 autem
789 2327 842 2359 die
858 2330 916 2360 etc.
943 2327 1109 2369 Postquam
1134 2324 1286 2359 excitavit

176 2394 207 2415 02
221 2393 315 2425 summi.
329 2377 368 2410 ad
390 2377 564 2411 faciendum
589 2378 779 2412 incessanter
802 2389 899 2422 opera
914 2380 996 2412 bona
1019 2382 1150 2421 propter
1169 2378 1286 2411 severi-

166 2421 315 2495 ᾆῖζῖοζὲᾄξᾷἳξ
330 2434 424 2463 tatem
447 2431 649 2465 districtionis
673 2432 704 2465 in
728 2432 908 2472 iudicando,
933 2432 984 2465 hic
1008 2431 1146 2465 secundo
1169 2431 1288 2464 excitat

168 2480 189 2495 ln
210 2480 233 2496 ΓΕ
251 2480 315 2495 lmen·

165 2500 194 2522 do
208 2501 258 2523 duo.

330 2483 368 2517 ad
391 2484 473 2518 idem
503 2485 607 2528 ipsum
628 2490 764 2529 propter
793 2485 1029 2519 sublimitatem
1061 2484 1287 2527 disposicionis

331 2538 365 2570 in
388 2538 576 2571 redimendo
589 2539 611 2571 ⁷.
638 2539 733 2572 Habet
757 2542 863 2572 autem
888 2547 962 2581 pars
985 2538 1045 2571 ista
1068 2541 1174 2579 partes
1190 2537 1286 2576 duas,

329 2592 360 2624 in
377 2601 513 2634 quarum
538 2592 640 2635 prima
667 2593 859 2635 exprimitur
877 2591 1053 2625 sublimitas
1076 2590 1288 2633 dispositionis

328 2645 451 2679 divinae
474 2646 510 2679 in
527 2647 745 2689 redemptione
769 2645 912 2678 humani
924 2645 1076 2688 yenerz's;
1100 2644 1131 2677 in
1152 2643 1290 2677 secunda

329 2708 419 2738 vero,
443 2699 479 2732 iu
503 2699 731 2742 reprobatione
751 2698 855 2741 plebis
871 2697 1013 2738 rebellis,
1041 2697 1083 2730 ibi
1097 2697 1128 2729 ⁸:
1154 2697 1290 2730 Ierusa-

329 2751 405 2791 lem,
430 2751 611 2785 Ierusalem
635 2755 693 2785 etc.

419 2804 614 2838 Sublimitas
637 2808 748 2838 autem
772 2804 906 2837 divinae
929 2803 1156 2846 dispositionis
1180 2804 1215 2837 in
1239 2814 1290 2837 re-

405 3035 412 3051 ¹
436 3037 509 3062 Vcrs.
532 3038 573 3063 25.
593 3041 619 3063 ct
638 3038 681 3063 26.

403 3079 414 3096 ⁹
435 3081 509 3107 Vers.
524 3081 610 3107 43η-
620 3082 710 3108 Glossa
721 3081 902 3109 intmwinearis
914 3082 954 3115 (ex
965 3083 1044 3114 Beda,
1055 3084 1092 3110 111.
1108 3084 1132 3109 in
1147 3084 1233 3110 Mutth.
1249 3083 1291 3114 ⁴9,

334 3126 402 3159 30.):
422 3126 456 3153 Et
473 3133 544 3158 ecce,
564 3128 629 3154 sunt
646 3126 799 3159 novissimi,
819 3127 867 3161 qui
883 3128 964 3154 erant
977 3128 1076 3162 primi,
1100 3132 1128 3154 ut
1152 3128 1242 3160 ludus,
1266 3130 1292 3153 et

334 3174 394 3196 sunt
411 3170 496 3204 primi
513 3174 576 3202 etc„
596 3175 624 3197 ut
642 3171 717 3197 latro.
735 3184 771 3190 —
790 3171 908 3198 Subinde
931 3172 1058 3205 allegatur
1076 3174 1094 3198 l.
1112 3172 1171 3199 Cor.
1193 3173 1235 3204 ⁴0,
1249 3172 1293 3198 ⁴2.

405 3212 415 3228 ¹³
435 3215 528 3241 Psalm.
550 3215 613 3246 ⁴42,
632 3216 661 3248 2,
680 3215 723 3241 cui
741 3214 903 3242 subnectitur
921 3216 938 3242 1.
959 3217 1025 3242 l‘etr.
1045 3215 1074 3249 4,
1096 3217 1139 3243 18.

404 3257 416 3273 ⁴
436 3259 511 3286 Vere.
530 3260 560 3291 9,
580 3263 638 3291 post
656 3266 737 3293 quein
757 3259 801 3286 lob
820 3259 863 3291 ti,
882 3260 913 3291 ³,
932 3260 958 3286 in
976 3267 1031 3294 quo
1050 3264 1111 3293 post
1136 3260 1162 3287 ei
1181 3260 1292 3292 Vulgata

335 3302 407 3329 addit
424 3305 455 3330 et.
1074 3313 1076 3315 v

406 3345 512 3374 ⁵·Vers.
530 3348 573 3374 ⁴5.
591 3351 618 3375 et
635 3348 732 3375 deinde
751 3348 837 3375 Mutth.
857 3350 906 3380 22,
929 3350 969 3375 t3.

405 3389 416 3405 ⁶
436 3393 512 3419 vers.
532 3393 574 3418 10.

404 3433 414 3447 ⁷
435 3436 491 3461 Clr..
505 3443 584 3468 supra
604 3444 629 3462 n.
650 3437 693 3463 48.
1125 3435 1136 3451 ⁸
1156 3437 1230 3463 Vers.
1251 3436 1294 3463 34.

885 272 1078 306 COMMENT.
1103 271 1139 304 ΙΝ
1163 269 1403 304 EVANGELIUM
1427 267 1546 301 LUCAE
1570 268 1603 300 C.
1627 267 1700 300 xut,

1337 356 1452 390 Christi
1476 360 1550 390 ante
1573 360 1699 398 tempus
1713 355 1774 389 fuit
1796 355 1933 399 frustra
1956 355 1998 388 ab
2019 354 2173 388 homine⁹
2197 355 2301 388 inten-

1338 414 1430 449 tata,-
1453 411 1484 443 in
1509 414 1652 452 tempore
1678 409 1789 443 ‘debito
1812 409 1871 442 luit
1904 419 1926 441 a
1952 407 2083 442 Christo
2113 408 2300 442 voluntarie

1336 467 1510 506 suscepta;
1533 463 1573 496 ab
1596 467 1726 496 aeterno
1741 471 1818 495 vero
1842 462 1901 495 fuit
1917 460 2139 505 infallibiliter
2159 471 2300 504 praeor-

1338 516 1467 549 (limata.

1338 675 1470 709 dicitur:
1489 675 1528 708 1η
1550 675 1627 718 ipsa
1641 675 1695 708 die
1717 679 1927 708 accesserunt
1942 675 2080 719 quidam
2101 673 2303 707 Pharisaeo-

1339 739 1435 768 rum,
1460 728 1600 767 dicentes
1623 728 1690 762 illi:
1719 729 1783 761 Exi
1797 733 1826 761 et
1845 728 1929 761 vade
1952 727 2029 761 ltine
2042 728 2079 768 ¹⁰,
2103 729 2185 772 quia
2202 728 2304 761 Hero-

1339 783 1396 815 des
1421 782 1488 815 vult
1512 786 1540 815 te
1563 782 1718 815 occidere.
1736 782 1789 814 Hic
1814 782 1950 815 Herodes
1965 786 2034 815 erat
2058 781 2142 815 filius
2158 781 2303 821 Herodis,

1340 836 1413 878 qui,
1438 836 1546 869 volens
1569 835 1760 869 infantulum
1785 835 1886 868 lesum
1903 835 2045 868 occidere
2068 839 2141 868 ante
2164 838 2303 877 tempus,

1340 889 1497 922 interfecit
1520 898 1636 931 pueros
1660 889 1919 927 Bethlehemitas‚
1951 888 2125 921 secundum
2149 888 2234 930 quod
2257 888 2304 927 di-

1341 943 1424 976 citur
1455 944 1601 976 Matthaei
1636 943 1792 976 secundo:
1831 956 1846 971 α
1867 943 1955 975 Tunc
1988 942 2141 981 Herodes,
2177 942 2303 981 videus,

1341 997 1490 1039 quoniam
1507 997 1620 1030 illusus
1644 999 1726 1030 esset
1749 1006 1768 1029 a
1784 996 1895 1038 Magis,
1917 996 2045 1029 mittens
2067 995 2180 1028 occidit
2195 1004 2305 1029 omnes

1341 1058 1476 1092 pueros,
1500 1049 1554 1092 qui
1578 1053 1669 1083 erant
1692 1050 1725 1082 iu
1747 1049 1929 1082 Bethlehem
1947 1062 1976 1080 n.
2002 1048 2051 1081 Sic
2067 1052 2099 1080 et
2121 1048 2180 1081 iste
2203 1048 2304 1087 filius,

1341 1103 1464 1146 paterni
1488 1103 1616 1137 sceleris
1640 1103 1794 1142 imitator,
1818 1102 1944 1135 volebat
1966 1111 2039 1135 eum
2063 1101 2206 1135 occidere
2232 1104 2305 1135 ante

1343 1161 1485 1199 tempus,
1511 1156 1593 1189 sicut
1608 1155 1809 1189 interfecerat
1825 1163 2065 1197 praecursorem
2090 1164 2200 1194 suum;
2224 1155 2307 1188 sicut

1341 1210 1458 1243 dicitur
1482 1209 1628 1242 Matthaei
1644 1208 1766 1242 decimo
1782 1212 1897 1251 quarto
1912 1209 1955 1240 ¹¹:
1986 1221 2001 1237 «
2018 1207 2099 1241 Misit
2122 1208 2257 1242 Herodes
2273 1211 2305 1241 et

1342 1263 1507 1297 decollavit
1531 1263 1676 1296 loannem
1701 1262 1730 1295 in
1756 1271 1883 1295 carcere
1900 1275 1930 1293 n.
1956 1262 2005 1294 Sic
2036 1261 2129 1294 etiam
2153 1271 2238 1295 nunc
2262 1262 2307 1295 fa-

1344 1325 1415 1350 cere
1448 1316 1572 1349 volebat
1602 1315 1728 1348 Christo
1759 1315 1820 1348 iam
1850 1315 1972 1354 adulto,
2001 1317 2036 1347 et
2066 1314 2177 1348 deinde
2209 1324 2307 1357 nepos

1344 1370 1404 1402 hoc
1428 1369 1531 1402 facere
1555 1369 1655 1401 voluit
1679 1369 1739 1401 iam
1772 1368 1962 1410 glorificato;
1988 1367 2072 1401 unde
2102 1368 2226 1410 primus
2249 1368 2307 1401 He-

1344 1422 1437 1455 rodes
1460 1422 1520 1455 fuit
1543 1422 1663 1461 malus,
1686 1421 1846 1454 secundus
1869 1421 1972 1463 peior,
1997 1420 2052 1454 sed
2076 1421 2190 1454 tertius
2213 1421 2309 1464 pessi-

1344 1484 1426 1508 mus.
1446 1475 1481 1507 Et
1503 1483 1612 1507 omnes
1630 1474 1786 1516 persecuti
1810 1477 1885 1507 suut
1900 1474 2077 1514 Christum,
2102 1474 2156 1507 sed
2172 1474 2306 1514 frustra3

1345 1528 1420 1570 quia
1435 1528 1551 1561 dicitur
1569 1528 1598 1560 in
1617 1527 1738 1560 Psalmo
1752 1528 1795 1560 12:
1824 1540 1840 1556 α
1857 1528 2010 1561 Dominus
2024 1527 2156 1570 dissipat
2178 1527 2308 1561 consilia

1345 1581 1501 1624 gentium,
1527 1581 1675 1623 reprobat
1705 1584 1811 1614 autem
1836 1581 2038 1624 cogitationes
2061 1581 2254 1624 populorum
2277 1584 2309 1614 et

1347 1635 1495 1677 reprobat
1511 1635 1639 1668 consilia
1655 1634 1833 1678 principum
1852 1649 1881 1667 n.
1900 1653 1942 1659 —
1959 1635 1995 1668 Et
2018 1638 2111 1674 nota⁷
2133 1635 2218 1677 quod
2234 1635 2308 1667 Pha·
2328 1638 2443 1661 Notandum

1347 1688 1439 1721 risaei
1464 1688 1524 1720 hoc
1548 1688 1775 1721 nuntiaverunt
1797 1688 1940 1728 Christo,
1965 1688 2130 1730 sivequia
2152 1688 2249 1730 aliqui
2266 1696 2308 1721 ex

1346 1741 1391 1774 eis
1414 1741 1556 1774 fortassis
1579 1745 1670 1774 erant
1692 1740 1784 1780 boni,
1809 1741 1874 1774 sive
1896 1742 1971 1784 quia
1986 1741 2133 1774 volebant
2148 1740 2308 1773 Christum

1347 1795 1510 1828 deterrere
1533 1798 1565 1828 et
1587 1805 1606 1827 a
1629 1804 1662 1828 se
1688 1795 1857 1837 repellere;
1887 1795 1953 1828 sive
1984 1794 2095 1833 etiam,
2128 1793 2203 1836 quia
2225 1793 2310 1826 vole-

1347 1848 1423 1881 bant
1446 1856 1518 1881 eum
1544 1852 1683 1887 tentare,
1708 1848 1732 1881 si
1759 1857 1821 1890 pro,
1848 1848 1960 1881 timore
1990 1847 2155 1880 desisteret
2178 1856 2197 1879 a
2220 1855 2310 1889 prae-

1346 1901 1501 1935 dicatione
1525 1901 1675 1935 veritatis.
1701 1902 1737 1934 Et
1760 1901 1836 1934 illud
1862 1904 1910 1934 est
1932 1900 2031 1943 magis
2047 1899 2214 1939 credibile,
2236 1899 2311 1942 quia

1347 1955 1407 1988 hoc
1443 1958 1678 1988 consueverunt
1709 1955 1830 1993 facere;
1862 1953 1948 1987 unde
1979 1953 2125 1986 Matthaei
2160 1952 2310 1995 vigesimo

1347 2008 1486 2042 secundo
1501 2008 1544 2040 ¹³:
1568 2021 1583 2037 α
1599 2008 1756 2041 Abeuntes
1780 2006 1957 2045 Pharisaei,
1974 2006 2139 2039 consilium
2156 2006 2308 2045 inierunt,

1347 2067 1384 2095 ut
1409 2063 1510 2095 lesum
1534 2064 1683 2103 caperent
1710 2061 1741 2093 in
1774 2069 1937 2099 sermone;
1961 2063 1992 2093 et
2015 2060 2145 2093 mittunt
2167 2060 2196 2093 ei
2218 2060 2311 2093 disci-

1348 2116 1440 2158 pulos
1464 2123 1539 2148 suos
1562 2123 1634 2147 cum
1660 2113 1842 2147 Herodianis
1858 2126 1889 2145 n.

1441 2168 1493 2200 66.
1508 2167 1543 2199 Et
1560 2170 1634 2199 nota
1649 2166 1701 2199 hic
1716 2166 1891 2199 secuudum
1907 2166 2085 2210 mysticum
2102 2167 2309 2206 intellectum,
2329 2169 2437 2224 Essffiffi?

1347 2221 1434 2263 quod
1449 2219 1594 2253 Herodes
1610 2219 1839 2261 interpretatur
1863 2219 2001 2262 glorians
2017 2220 2048 2253 in
2064 2220 2200 2263 pellibus
2214 2219 2258 2259 ¹⁴,
2280 2223 2312 2253 et

1348 2273 1490 2315 designat
1513 2272 1686 2314 quemlibet
1709 2272 1882 2314 superbum
1907 2276 1939 2306 et
1962 2274 2233 2316 vanegloriosum,
2256 2273 2312 2316 qui

1349 2326 1504 2368 gloriatur
1528 2325 1559 2358 in
1583 2325 1789 2358 ostentatione
1812 2326 2009 2359 exteriorum
2033 2335 2166 2369 operum
2190 2329 2222 2359 et
2242 2335 2313 2360 ver-

1350 2379 1477 2412 borum.
1503 2378 1539 2411 Et
1562 2378 1633 2411 talis
1652 2379 1866 2422 persequitur
1892 2378 2062 2413 Christum
2077 2383 2263 2412 nascentem
2279 2380 2312 2413 in

1351 2431 1550 2470 Bethlehem,
1574 2431 1629 2474 qui
1653 2432 1794 2465 nascitur
1817 2436 1968 2476 tanquam
1991 2441 2130 2475 pauper,
2154 2432 2229 2475 quia
2260 2441 2313 2465 va-

1351 2484 1517 2527 negloriosi
1550 2489 1782 2519 consueverunt
1812 2487 1960 2529 persequi
1995 2494 2151 2529 pauperes
2185 2485 2312 2519 Christi.

1352 2538 1437 2571 Unde
1450 2538 1628 2571 Bernardus
1640 2538 1671 2571 in
1689 2539 1824 2581 quodam
1843 2549 1987 2573 sermone
2001 2539 2044 2572 ¹⁵:
2068 2553 2084 2568 α
2102 2540 2196 2579 Patet,
2213 2548 2314 2582 quan-

1352 2595 1420 2624 tum
1445 2595 1536 2624 nocet
1560 2591 1669 2634 iniqua
1692 2596 1845 2634 potestas,
1870 2592 2028 2634 quomodo
2056 2595 2150 2634 caput
2180 2592 2313 2634 impium

1353 2644 1511 2678 subiectos
1541 2653 1685 2687 quosque
1713 2654 1789 2678 suae
1820 2645 1994 2679 conformet
2017 2645 2178 2692 impietati.
2203 2644 2315 2677 Misera

1353 2697 1445 2740 plane
1475 2697 1602 2737 civitas,
1632 2698 1663 2731 in
1687 2707 1751 2741 qua
1774 2701 1884 2741 regnat
1908 2698 2061 2737 Herodes,
2085 2697 2235 2740 quoniam
2257 2697 2314 2730 He-

1354 2751 1502 2785 rodianae
1525 2751 1683 2794 particeps
1707 2752 1768 2785 erit
1790 2751 1935 2784 malitiae.
1961 2750 2134 2784 Herodiana
2149 2759 2225 2784 vero
2247 2760 2315 2784 ma-

1354 2804 1421 2838 litia
1444 2809 1491 2839 est
1515 2809 1693 2839 nascentem
1724 2805 1804 2839 velle
1835 2804 2040 2847 exstinguere
2064 2803 2257 2846 religionem.
2282 2804 2314 2837 Si

1354 2858 1430 2900 quid
1454 2867 1530 2901 ergo
1553 2858 1592 2891 ad
1623 2858 1756 2892 salutem
1780 2858 1958 2900 pertinens,
1991 2856 2017 2890 si
2049 2856 2125 2900 quid
2156 2857 2315 2900 religionis

1425 3037 1438 3052 ⁹
1456 3039 1475 3064 E
1493 3038 1571 3065 codd.
1590 3038 1673 3065 CDll
1692 3036 1875 3070 supplevimus
1893 3034 1928 3062 ab
1946 3034 2060 3062 homine.

1428 3081 1450 3096 ¹⁰
1468 3082 1552 3109 Codd.
1561 3082 1581 3109 C
1591 3082 1613 3108 D
1625 3082 1749 3108 omittunt
1761 3080 1832 3107 hinc.
1843 3093 1879 3099 —
1890 3079 2007 3106 Subinde
2020 3080 2148 3112 allegatur
2157 3080 2243 3105 Matth.
2255 3080 2280 3110 2,
2289 3079 2316 3105 7.

1428 3125 1449 3141 ¹¹
1471 3127 1546 3153 Vers.
1566 3127 1607 3152 to.
1627 3126 1680 3153 Cir.
1698 3132 1778 3157 supra
1797 3131 1820 3151 c.
1840 3124 1864 3150 3.
1884 3131 1909 3150 n.
1930 3124 1953 3150 3.
1974 3126 1999 3150 et
2018 3130 2041 3150 c.
2061 3124 2086 3150 9.
2106 3131 2131 3150 n.
2152 3124 2193 3150 ⁴2.
2212 3130 2269 3157 seq.

1428 3169 1449 3185 ¹¹
1469 3172 1562 3197 psalm.
1583 3171 1630 3201 32,
1651 3170 1698 3201 lo,
1717 3169 1744 3195 in
1763 3175 1817 3202 quo
1829 3174 1879 3200 pro
1891 3167 2019 3202 reprobat
2037 3167 2151 3195 consilia
2168 3167 2246 3194 codd.
2266 3167 2317 3194 clis-

1356 3214 1428 3249 sipat
1445 3214 1567 3242 consilia.
1586 3214 1639 3241 cfr.
1658 3220 1738 3246 supra
1756 3220 1780 3239 c.
1800 3212 1824 3238 4.
1844 3219 1869 3238 u.
1890 3212 1919 3244 8,
1939 3211 1984 3238 ubi
2002 3212 2037 3239 de
2056 3212 2151 3238 tamilla
2169 3210 2317 3238 Heredum.

1429 3258 1451 3275 ¹⁸
1471 3260 1547 3286 Ver-s.
1569 3259 1610 3285 ⁴5.
1630 3263 1656 3285 et
1675 3259 1717 3284 46.

1429 3303 1451 3318 ¹⁴
1470 3304 1586 3337 Hieron„
1598 3304 1633 3330 de
1645 3302 1777 3329 Nominib.
1789 3300 1908 3328 Hebraic.
1925 3301 1986 3327 novi
2005 3304 2106 3328 testum.
2122 3308 2153 3328 ex
2168 3301 2252 3327 Luca:
2271 3300 2317 3327 He·
2347 3318 2350 3320 -

1357 3340 1450 3380 rodes,
1474 3349 1596 3381 pelliceus
1615 3347 1755 3380 gloriosus.
2055 3355 2057 3358 >

1429 3390 1452 3406 ¹⁶
1471 3392 1556 3418 serm.
1575 3392 1600 3418 3.
1621 3392 1647 3418 ln
1665 3391 1760 3424 Epiph.
1779 3390 1897 3422 Domini,
1916 3397 1942 3416 n.
1961 3390 1987 3416 3.
2006 3390 2066 3416 Post
2090 3389 2210 3416 malinae
2234 3391 2318 3415 textus

1357 3435 1494 3468 origlnalls
1512 3436 1573 3462 binc
1592 3436 1654 3462 inde
1672 3436 1747 3468 plura
1766 3433 1904 3460 lutei-serit.

1428 570 1483 602 65.
1507 569 1609 611 (Vers.
1634 569 1712 610 31.).
1741 569 1845 602 Primo
1869 568 1966 611 igitur
1994 568 2175 602 insinuatur
2198 568 2301 611 passio
2314 541 2445 624 giassffitghii

1338 622 1455 655 Christi
1468 622 1509 655 ab
1521 622 1648 655 homine
1661 626 1737 655 ante
1749 626 1877 664 tempus
1887 621 2025 664 frustra
2037 622 2211 660 intentata,
2228 631 2301 661 cum
2315 630 2403 650 tentata.
