2476 3921
149 497 279 519 Notandum.

135 869 281 891 Confirmatio-

156 897 188 917 nis
203 896 280 917 conau-

155 923 221 944 datio.

148 1825 237 1851 Utrique
252 1826 282 1845 ta-

185 1853 242 1872 cent.

301 241 364 272 516

299 328 443 361 Patribus
459 327 641 370 praedictis,
658 327 845 369 mysterium
862 327 1110 360 incarnationis
1127 327 1158 360 in
1175 327 1257 360 rubo

298 382 419 415 ardenti
435 384 445 402 ¹
476 385 508 415 et
535 381 628 414 etiam
654 380 839 423 mysterium
861 380 1051 423 passionis,
1075 385 1107 413 et
1130 380 1162 413 in
1194 383 1258 413 tota

298 435 485 469 auctoritate
520 435 706 477 mysterium
734 434 1005 472 resurrectionis,
1034 436 1066 467 et
1093 433 1136 466 ita
1167 433 1257 475 quasi

299 492 400 522 totum
423 488 611 530 mysterium
633 487 723 530 fidei'
733 486 938 520 christianae
946 499 958 526 ;
982 487 1057 530 quia
1072 486 1174 519 omnis
1190 495 1258 527 my-

299 542 469 576 steriorum
498 542 601 584 figura
623 544 654 574 et
678 541 849 574 verborum
874 540 1009 573 varietas
1041 543 1258 573 consummata

299 599 347 629 est
381 596 413 628 in
436 595 540 628 Verbo
575 595 754 634 incarnato,
779 594 954 627 secundum
990 593 1068 626 illud
1092 593 1187 626 Isaiae
1212 592 1258 625 vi-

299 649 417 692 gesimo
444 649 598 681 octaV0²:
627 661 643 676 <x
660 648 967 680 Consummationem
991 650 1023 680 et
1050 646 1258 679 abbreviatio-

298 711 370 735 nem
402 701 507 735 audivi
531 715 546 730 ι»
574 704 652 740 etc.;
676 704 707 734 et
730 700 769 733 ad
800 700 955 733 Hebraeos
986 699 1104 742 primo:
1124 711 1140 728 «ι
1155 698 1260 732 Multi-

298 756 377 789 sarie
394 770 409 785 ιι
438 760 497 788 etc.

388 809 441 841 45.
466 809 567 850 (Vers.
597 808 673 849 39.).
698 805 817 848 Quarto
840 810 995 849 quantum
1018 806 1056 839 ad
1080 805 1260 848 confirma-

299 863 399 896 tionis
427 862 703 895 collaudationem
738 861 899 903 adiungit:
929 860 1166 902 Respondentes
1197 869 1260 891 au-

300 921 362 949 lem
378 916 516 959 quidam
540 915 734 948 scribarum
750 914 908 946 dixerunt
931 914 975 946 ei:
997 913 1167 955 Mayister,
1185 912 1260 944 bene

299 969 424 1002 dixisti.
450 969 511 1001 Hoc
543 967 803 1001 commendabant
831 967 969 1005 scribae,
994 966 1069 1008 quia
1100 968 1191 999 erant
1221 965 1260 998 de

298 1026 383 1056 secta
400 1022 654 1059 Pharisaeorum,
679 1020 733 1063 qui
750 1020 874 1058 dicunt,
899 1019 1164 1052 resurrectionem
1181 1027 1258 1051 esse.

298 1076 384 1109 Unde
400 1075 545 1108 Matthaei
561 1075 712 1116 vigesimo
728 1072 888 1106 secundo3
904 1072 1030 1111 dicitur,
1047 1072 1132 1114 quod
1153 1072 1261 1112 «Pha-

299 1129 391 1162 risaei
422 1128 581 1166 videntes,
610 1127 695 1169 quod
719 1126 878 1159 silentium
908 1126 1109 1167 imposuisset
1141 1124 1260 1157 Saddu-

298 1182 397 1220 caeis,
422 1183 638 1214 convenerunt
661 1180 692 1212 in
717 1188 825 1213 unum,
841 1193 872 1218 »‚
897 1179 972 1221 quia
987 1187 1029 1211 ex
1047 1180 1105 1210 hoc
1128 1177 1260 1219 applau-

298 1235 413 1268 debant
435 1224 473 1267 ei.
498 1234 544 1266 De
568 1234 627 1266 hoc
651 1233 734 1266 enim
759 1235 827 1265 erat
854 1232 1012 1265 contentio
1035 1232 1117 1264 inter
1141 1230 1260 1263 Saddu-

299 1298 388 1322 caeos
412 1292 443 1322 et
466 1288 667 1326 Pharisaeos;
684 1286 768 1320 unde
789 1287 922 1319 Actuum
947 1285 1098 1328 vigesimo
1121 1285 1258 1318 tertio4:

304 1355 320 1371 «
337 1342 443 1375 Sciens
470 1341 603 1380 Paulus,
628 1340 703 1382 quia
726 1349 790 1372 una
821 1348 896 1381 pars
927 1342 975 1371 est
1005 1338 1260 1372 Sadducaeorum

299 1399 330 1428 et
353 1395 452 1428 altera
475 1394 731 1432 Pharisaeorum,
755 1392 944 1425 exclamavit
968 1391 1000 1424 in
1024 1391 1169 1424 concilio:
1193 1390 1261 1423 Viri

300 1448 428 1487 fratres,
453 1457 510 1490 ego
527 1447 714 1480 Pharisaeus
733 1455 821 1485 sum;
839 1445 877 1478 de
901 1454 956 1487 spe
972 1448 1003 1477 et
1027 1443 1260 1477 resurrectione

300 1506 499 1534 mortuorum
523 1510 581 1542 ego
604 1499 735 1533 iudicor.
762 1499 797 1530 Et
820 1507 893 1531 cum
919 1498 996 1530 haec
1019 1497 1162 1536 dixisset,
1180 1496 1261 1529 facta

299 1558 347 1587 est
369 1554 521 1593 dissensio
545 1554 627 1586 inter
652 1552 835 1585 Pharisaeos
863 1555 894 1584 et
917 1551 1131 1589 Sadducaeos,
1156 1553 1187 1583 et
1211 1559 1260 1582 so-

300 1608 366 1640 luta
390 1606 567 1640 multitudo.
593 1605 763 1638 Sadducaei
787 1605 869 1638 enim
895 1605 1022 1643 dicunt,
1046 1613 1108 1636 non
1125 1612 1193 1636 esse
1210 1611 1261 1636 re-

300 1661 528 1694 surrectionem
552 1662 753 1692 mortuorum
777 1667 879 1700 neque
903 1658 1054 1700 Angelum
1078 1666 1181 1699 neque
1198 1656 1260 1698 spi-

301 1715 417 1752 ritum,
442 1713 599 1746 Pharisaei
623 1717 728 1745 autem
753 1716 929 1753 utrumque
953 1711 1143 1744 confitentur
1162 1723 1191 1742 u.

390 1767 442 1799 46.
468 1766 569 1805 (Vers.
602 1766 680 1806 lto).
705 1765 859 1806 Quoniam
894 1774 970 1806 ergo
1004 1756 1159 1806 utrosque
1187 1773 1260 1796 con-

300 1820 461 1858 fuderat⁵‚
485 1819 554 1851 ideo
579 1818 707 1860 utrique
739 1817 896 1856 tacebant3
921 1816 1005 1849 unde
1029 1816 1195 1849 subditur:
1222 1817 1262 1849 Et

301 1873 447 1916 amplius
470 1882 536 1904 non
553 1871 720 1904 audebant
736 1880 809 1903 eum
827 1870 1012 1913 quidquam
1032 1869 1261 1911 interroyarae

300 1936 342 1960 ex
366 1935 430 1968 quo
453 1928 594 1967 apparet,
617 1923 702 1966 quod
727 1933 788 1956 non
820 1922 1057 1964 interrogabant
1081 1922 1185 1955 studio
1208 1921 1262 1954 ad-

300 1979 452 2018 discendi,
477 1978 531 2011 sed
555 1977 698 2010 vincendi
722 1980 754 2010 et
785 1975 972 2018 superandi,
997 1974 1082 2008 unde
1109 1974 1261 2007 Glossa⁶:

305 2046 320 2062 «
337 2032 491 2066 Confutati
516 2032 548 2064 in
572 2030 789 2069 sermonibus,
814 2039 876 2063 non
897 2029 1033 2071 amplius
1056 2029 1262 2070 interrogant,

300 2087 353 2120 sed
376 2090 484 2129 aperte
500 2085 766 2128 comprehensum
785 2084 940 2117 Romanae
956 2083 1101 2125 potestati
1122 2082 1261 2115 tradunt.

301 2141 347 2173 Ex
371 2150 434 2183 quo
458 2139 680 2181 intelligimus,
704 2147 825 2171 venena
848 2137 982 2171 invidiae
1000 2145 1089 2179 posse
1106 2135 1261 2178 superari,

300 2193 353 2227 sed
377 2193 502 2226 difficile
525 2192 688 2234 quiescere
704 2205 735 2223 ».
761 2191 831 2224 ideo
855 2200 916 2223 non
941 2190 1099 2223 audebant
1126 2189 1261 2222 interro-

301 2255 376 2289 gare
400 2255 491 2285 eum,
516 2245 591 2287 quia
614 2244 761 2278 videbant
784 2243 903 2286 aliquid
926 2243 1068 2277 divinum
1093 2243 1125 2275 in
1149 2251 1182 2275 se
1206 2243 1262 2275 ha-

300 2300 392 2339 bere,
417 2308 490 2332 cum
516 2308 579 2341 quo
602 2298 765 2340 disputare
789 2301 895 2330 tutum
912 2306 974 2329 non
991 2300 1052 2336 est;
1070 2296 1122 2329 lob
1140 2296 1260 2328 n0n0⁷:

306 2354 482 2395 «Quantus
507 2361 595 2391 sum,
619 2355 656 2384 ut
680 2351 885 2393 respondeam
910 2351 937 2384 ei
967 2353 997 2383 et
1020 2350 1132 2392 loquar
1156 2350 1262 2383 verbis

301 2406 379 2439 meis
392 2415 464 2438 cum
477 2408 538 2438 eo?
555 2405 626 2446 Qui,
642 2404 734 2436 etiam
753 2403 777 2436 si
796 2403 938 2436 habuero
954 2402 1115 2445 quippiam
1130 2402 1261 2442 iustum,

300 2468 361 2491 non
387 2457 599 2500 respondebo,
625 2457 678 2489 sed
711 2465 816 2488 meum
846 2455 981 2489 iudicem
1017 2455 1212 2497 deprecabor
1229 2469 1260 2488 ».

300 2512 502 2545 Veriticatum
527 2514 574 2543 est
598 2510 694 2552 igitur
718 2509 749 2541 in
774 2509 823 2542 his
847 2509 923 2542 illud
953 2509 1109 2542 Psalmi8:
1140 2521 1155 2537 α
1172 2508 1262 2541 Defe-

303 2568 417 2597 cerunt
452 2567 628 2597 scrutantes
663 2563 815 2595 scrutinio
836 2575 867 2602 »3
904 2567 935 2595 et
969 2562 1061 2595 ideo:
1099 2559 1262 2594 «Accedat

302 2618 398 2650 homo
420 2618 458 2650 ad
481 2626 535 2650 cor
559 2617 677 2655 altum,
701 2620 731 2649 et
755 2616 948 2649 exaltabitur
974 2616 1056 2649 Deus
1073 2629 1102 2647 ».

374 2870 382 2885 ¹
404 2872 436 2897 Ut
454 2872 560 2904 exponit
578 2873 703 2904 (Σινεὲςοικ1
724 2872 840 2898 xxviii.
859 2871 947 2898 Moral.
968 2878 991 2897 c.
1012 2873 1036 2897 i.
1056 2879 1081 2898 n.
1097 2873 1121 2903 8,
1144 2872 1170 2898 in
1182 2879 1262 2905 quan-

303 2920 357 2941 tum
377 2916 474 2941 scilicet
495 2925 508 2939 α
522 2923 552 2942 ex
572 2916 613 2942 ilio
632 2917 730 2948 populo
750 2916 830 2942 exiret
848 2917 893 2950 qui
914 2917 938 2943 in
963 2918 1024 2949 igne
1046 2916 1152 2942 Deitatis
1177 2916 1262 2943 carnis

302 2964 406 2987 nostrae
426 2964 532 2993 peccata
551 2961 627 2993 quasi
652 2960 711 2986 rubi
733 2961 823 2993 spinas
846 2962 992 2994 susciperet
1018 2964 1043 2987 et
1068 2961 1262 2987 inconsumtam

302 3006 471 3032 humanitatis
484 3008 589 3031 nostrae
601 3005 774 3031 substantiam
787 3006 865 3032 etiam
886 3006 911 3031 in
925 3006 982 3039 ipsa
996 3006 1143 3032 Divinitatis
1154 3007 1261 3031 flamma

302 3052 419 3075 servaret
431 3059 456 3074 ».
476 3049 616 3081 Quomodo
635 3049 789 3081 mysterium
802 3049 938 3083 passionis
957 3057 1005 3082 per
1028 3050 1116 3082 ipsum
1135 3049 1262 3082 exprima-

303 3097 352 3126 tur,
371 3093 483 3119 ostendit
502 3094 527 3118 S.
547 3094 660 3126 Bonam,
679 3093 767 3119 Collat.
787 3094 813 3120 3.
832 3094 856 3120 in
876 3094 999 3120 nexaem.
1020 3102 1047 3120 n.
1070 3094 1111 3120 13.

373 3137 383 3153 ²
404 3137 479 3163 Vers.
499 3138 540 3163 22.
561 3140 587 3163 et
605 3137 701 3163 deinde
720 3137 798 3164 Hebr.
821 3139 844 3170 i,
864 3139 889 3165 i.
905 3152 940 3158 --
954 3138 1080 3171 Superius
1099 3145 1148 3170 pro
1166 3138 1261 3172 myste-

302 3181 409 3208 riorum
427 3182 519 3216 fiqura
539 3182 598 3207 vat.
618 3181 825 3216 mysteriorum,
844 3183 1010 3218 figurarum.

374 3226 384 3241 Β
404 3226 479 3252 Vers.
499 3226 545 3258 34,
566 3225 612 3252 ubl
631 3233 679 3259 pro
692 3225 809 3254 videntes
828 3227 886 3254 Vat.
905 3235 966 3253 cum
990 3227 1102 3260 Vulgata
1114 3226 1260 3254 audientes.

372 3270 383 3285 ⁴
403 3271 479 3297 Vers.
498 3272 554 3297 6-8.

373 3314 384 3329 ⁶
403 3315 468 3341 Cod.
486 3315 505 3342 C
524 3315 726 3349 confutaverat,
746 3315 768 3341 ii
786 3315 895 3350 utrique
913 3315 1046 3350 consulati
1062 3318 1136 3343 sunt.

374 3359 385 3374 ⁰
404 3360 506 3386 Scilicet
532 3359 674 3387 ordinaria
705 3360 747 3393 (ex
774 3360 865 3393 Beda).
890 3374 925 3380 —
945 3361 1072 3393 Superius
1100 3361 1153 3389 nde
1179 3360 1259 3387 codd.

303 3404 487 3435 supplevimus
504 3410 540 3430 esc
558 3411 611 3438 quo
630 3405 757 3438 apparet,
778 3403 850 3438 quod
866 3410 922 3444 non
940 3402 1153 3438 interrogabant.

886 238 1079 271 COMMENT.
1104 238 1142 271 IN
1165 237 1404 271 EVANGELiUM
1429 238 1546 271 LUCAE
1571 238 1602 271 C.
1629 238 1691 271 XX.

1371 325 1485 353 Secundo
1503 325 1657 353 confutatur
1675 333 1745 353 onor
1764 326 1834 353 eirea
1852 326 2005 363 mysterium
2024 318 2230 363 incarnationis,

1710 370 1740 397 de
1758 378 1806 405 quo
1824 370 1889 398 tria.

1412 465 1471 519 [27.¹
1491 487 1591 525 (Vers.
1609 486 1687 528 Iti).
1707 487 1800 520 Dixit
1815 491 1927 520 autem
1942 488 1988 520 ad
2004 487 2077 520 illos
2086 472 2106 520 .·ἱ
2116 487 2284 528 Quomodo

1315 528 1439 572 dicunt
1461 543 1520 573 etc.
1546 540 1713 582 Postquam
1746 540 1918 573 confutavit
1941 545 2085 574 errantes
2109 541 2193 574 circa
2217 550 2283 583 my-

1323 592 1455 625 sterium
1479 593 1738 632 resurrectionis,
1763 593 1814 626 hic
1837 592 1991 636 confutat
2012 598 2163 626 errantes
2192 594 2285 627 eirca

1322 645 1521 688 mysterium
1544 645 1790 678 incarnationis
1803 646 1835 684 ⁹,
1852 646 1907 688 qui
1924 646 2043 679 scilicet
2058 655 2120 679 non
2137 646 2285 684 credunt,

1323 698 1485 732 Christum
1509 708 1578 732 esse
1601 708 1713 732 verum
1745 699 1904 732 hominem
1933 702 1965 732 et
1988 699 2098 732 Deum.
2123 699 2206 732 Facit
2229 708 2285 732 au-

1324 755 1388 784 tem
1413 752 1472 785 hoc
1495 752 1641 785 Christus
1664 752 1846 795 quaerendo
1876 744 1921 785 et'
1938 752 2167 785 introducendo
2190 761 2287 795 quae-

1325 805 1475 844 stionem,
1501 815 1596 848 quam
1622 806 1813 848 impossibile
1844 809 1892 839 est
1920 806 2110 845 dissolvere,
2135 805 2194 839 nisi
2218 814 2287 839 cre-

1324 857 1428 897 datur.
1443 862 1474 891 et
1497 859 1691 901 intelligatur
1715 859 1861 892 Christus
1891 858 2027 901 duplicis
2050 867 2118 891 esse
2142 861 2285 891 naturae.

1325 911 1358 943 ln
1375 912 1433 944 hac
1448 912 1545 954 igitur
1562 913 1744 955 quaestione
1760 913 1923 953 Christus,
1940 912 2089 955 magister
2106 912 2193 952 fidei,
2206 922 2287 955 pro-

1322 965 1417 1006 ponit
1448 965 1547 1007 ipsius
1578 967 1694 999 Christi
1720 966 1967 1009 ⁸uenerationem
1998 960 2170 999 carnalem
2195 976 2214 999 a
2237 967 2287 999 Iu-

1325 1018 1411 1051 daeis
1434 1020 1644 1053 communiter
1660 1020 1836 1059 ¹creditam3
1861 1020 1999 1053 secundo
2023 1020 2168 1053 assumit
2193 1029 2288 1063 yene-

1325 1071 1489 1103 rationem
1521 1072 1721 1105 aeternalem
1754 1082 1773 1105 a
1807 1073 1963 1115 Propheta
1994 1072 2223 1115 praedicatam;
2256 1076 2288 1106 et

1325 1124 1493 1157 concludit
1516 1130 1731 1167 apparentem
1754 1126 1931 1169 utriusque
1943 1125 2226 1159 controversiam.

2307 923 2396 946 Divisio.

1387 1187 1396 1214 t
1416 1178 1519 1211 Primo
1544 1178 1641 1220 igitur
1665 1182 1821 1220 quantum
1845 1179 1884 1212 ad
1898 1180 2144 1223 mactationem
2163 1178 2290 1212 Christi
2306 1191 2435 1218 proponitur

1325 1231 1498 1264 carnalem
1521 1232 1739 1265 communiter
1763 1233 1925 1266 creditam
1947 1233 2036 1266 dicit:
2064 1233 2156 1266 Dixit
2176 1237 2288 1266 autem
2302 1224 2333 1266 αἱ

1325 1285 1371 1318 ad
1394 1285 1486 1318 illos:
1513 1285 1682 1326 Quomodo
1712 1286 1843 1324 dicunt,
1880 1285 2050 1319 Christum
2080 1286 2190 1328 silium
2221 1296 2288 1319 esse

1326 1339 1560 1372 DavidtfHoc
1594 1339 1806 1372 communiter
1836 1339 1945 1372 dicunt
1970 1340 2083 1377 iudaei
2114 1349 2224 1373 omnes
2256 1343 2287 1373 et

1324 1393 1418 1426 etiam
1436 1401 1545 1425 omnes
1561 1392 1621 1425 viri
1639 1392 1812 1425 christiani.
1836 1393 1912 1425 Nam
1936 1393 1994 1435 ipsi
2016 1393 2113 1426 David
2136 1393 2218 1426 facta
2241 1397 2288 1426 est

2329 1218 2423 1240 eucratio

2340 1272 2404 1293 naiis.

1325 1446 1364 1479 de
1394 1446 1520 1479 Christo
1548 1446 1771 1488 repromissio,
1802 1446 1884 1479 sicut
1907 1445 1938 1478 in
1964 1446 2084 1479 Psalmo
2097 1447 2123 1466 ¹⁰
2153 1446 2287 1480 dicitur:
2315 1458 2322 1464 ·

1330 1500 1404 1532 «De
1427 1500 1534 1533 fructu
1559 1499 1679 1533 ventris
1703 1499 1748 1532 tui
1774 1508 1887 1541 ponam
1912 1508 2009 1541 super
2025 1499 2129 1532 sedem
2154 1504 2243 1533 tuam
2255 1512 2288 1539 »;

1325 1556 1357 1586 et
1380 1553 1508 1586 secundi
1533 1553 1652 1595 Regum
1677 1553 1828 1595 septimo:
1850 1565 1865 1580 α
1880 1551 2043 1585 Suscitabo
2067 1560 2172 1585 semen
2196 1556 2288 1586 tuum

1326 1609 1397 1648 post
1420 1609 1468 1645 te,
1492 1606 1577 1648 quod
1600 1605 1782 1648 egredietur
1813 1605 1852 1638 de
1880 1608 1973 1638 utero
2006 1607 2078 1643 tuo,
2102 1607 2134 1637 et
2157 1605 2289 1638 firmabo

1327 1668 1460 1701 regnum
1486 1659 1555 1692 eius
1578 1652 1610 1692 et
1632 1659 1788 1692 stabiliam
1814 1659 1967 1691 thronum
1991 1658 2080 1700 regni
2102 1658 2171 1691 eius
2186 1668 2289 1701 usque

1326 1713 1358 1745 in
1382 1712 1654 1754 sempiternum».
1680 1712 1742 1745 Hoc
1766 1721 1828 1745 non
1852 1715 1955 1754 potest
1977 1711 2038 1744 dici
2061 1710 2122 1743 nisi
2145 1710 2183 1743 de
2200 1711 2289 1744 Chri—

1326 1769 1389 1804 sto,
1405 1766 1520 1807 Angelo
1535 1769 1712 1805 attestante,
1729 1765 1905 1798 secundum
1921 1764 2114 1806 illudsupra
2129 1763 2232 1806 primo
2245 1765 2288 1797 ¹¹:

1332 1819 1455 1852 «Dabit
1478 1818 1523 1851 illi
1548 1819 1700 1852 Dominus
1723 1819 1809 1852 Deus
1832 1818 1937 1852 sedem
1955 1817 2071 1857 David,
2096 1817 2194 1860 patris
2210 1817 2289 1856 eius,

1327 1875 1358 1905 et
1381 1872 1525 1914 regnabit
1548 1872 1579 1904 in
1604 1872 1696 1905 domo
1721 1872 1810 1905 Iacob
1834 1872 1865 1905 in
1889 1875 2054 1905 aeternum
2069 1884 2098 1903 ».
2117 1871 2187 1904 ideo
2204 1873 2289 1904 recte

1332 1938 1348 1954 «
1364 1925 1540 1958 clamabant
1564 1925 1693 1958 turbae:
1718 1926 1861 1958 iiosanna
1884 1918 1948 1958 filio
1971 1924 2088 1964 David;
2106 1924 2290 1958 benedictus

1327 1978 1391 2021 qui·
1413 1978 1499 2011 venit
1530 1978 1561 2010 in
1593 1979 1719 2011 nomine
1750 1979 1872 2011 Domini
1895 1981 1925 2012 »i
1958 1978 2104 2012 Matthaei
2139 1977 2289 2021 vigesimo

1328 2031 1440 2073 primo.
1467 2031 1502 2063 Et
1524 2031 1585 2063 hoc
1608 2031 1773 2072 Apostolus
1792 2031 1992 2073 praedicabat
2021 2031 2196 2064 secundum
2211 2029 2289 2063 illud

1328 2083 1484 2116 secundae
1507 2082 1547 2115 ad
1571 2082 1772 2116 Timotheum
1804 2083 1942 2116 seeundo
1956 2084 2001 2116 ¹2:
2031 2096 2047 2113 α
2063 2084 2180 2117 Memor
2204 2086 2288 2122 esto,

1327 2136 1497 2169 Dominum
1521 2135 1623 2168 Iesum
1647 2135 1864 2169 resurrexisse
1895 2145 1914 2169 a
1945 2137 2081 2170 mortuis
2104 2146 2146 2170 ex
2169 2136 2289 2170 semine

1327 2189 1442 2229 David,
1460 2189 1636 2223 secundum
1653 2188 1854 2231 Evangelium
1872 2198 1976 2222 meum
1994 2202 2024 2229 ²¹3
2041 2194 2073 2223 et
2088 2190 2223 2223 Actuum
2240 2199 2289 2223 se-

1327 2243 1430 2277 cundo
1446 2243 1528 2276 dixit
1544 2243 1672 2276 Petrus:
1695 2255 1711 2271 «
1729 2242 1884 2284 Propheta
1899 2251 1974 2285 ergo
1991 2252 2064 2276 cum
2079 2247 2162 2277 esset
2177 2243 2287 2282 David,

1326 2301 1358 2330 et
1381 2297 1493 2336 sciret,
1518 2296 1602 2339 quod
1634 2295 1839 2329 iureiurando
1874 2295 2009 2329 iurasset
2037 2296 2080 2329 illi
2113 2297 2215 2336 Deus,
2250 2297 2288 2330 de

1326 2351 1433 2384 fructu
1457 2351 1557 2384 lumbi
1582 2349 1650 2384 eius
1673 2350 1783 2383 sedere
1806 2358 1903 2392 super
1927 2349 2032 2382 sedem
2067 2350 2154 2390 eius,
2183 2351 2288 2393 provi-

1326 2404 1404 2437 dens
1427 2404 1552 2437 locutus
1575 2407 1624 2437 est
1639 2403 1677 2437 de
1701 2403 1935 2437 resurrectione
1951 2416 1982 2435 ».

1416 2457 1469 2490 48.
1494 2457 1594 2499 (Vers.
1628 2457 1705 2498 42).
1731 2456 1874 2490 Secundo
1897 2459 2053 2498 quantum
2085 2456 2123 2488 ad
2149 2466 2288 2499 petiera-

1326 2510 1446 2543 tionem
1468 2510 1667 2543 aeternalem
1691 2521 1714 2543 a
1731 2509 1899 2553 Propheta
1912 2510 2146 2553 praedicatam
2163 2510 2287 2543 subdit:

1328 2564 1368 2595 Et
1390 2564 1459 2605 ipse
1496 2563 1606 2596 David
1636 2563 1717 2596 dicit
1752 2563 1788 2596 in
1820 2563 1904 2596 libro
1932 2562 2174 2595 Psalmorumf
2196 2562 2295 2595 Dixit

1328 2616 1490 2648 Dominus
1521 2616 1654 2649 domino
1677 2626 1767 2649 meo.-
1793 2616 1872 2649 Sede
1895 2626 1918 2649 a
1949 2616 2076 2649 dextris
2108 2615 2198 2648 meis.
2224 2615 2285 2648 Hoc

1398 2870 1408 2886 ⁷
1429 2872 1504 2897 Vers.
1524 2871 1567 2897 1-1.
1592 2874 1617 2897 et
1644 2871 1686 2897 i5.
1705 2885 1740 2890 —
1759 2871 1888 2903 Superius
1907 2870 2019 2897 vocibus
2038 2869 2179 2905 disputare
2196 2872 2286 2898 tulum

1326 2915 1346 2941 A
1358 2915 1379 2940 D
1399 2915 1557 2941 interserunt
1576 2916 1649 2942 lunc.

1397 2958 1408 2973 ⁸
1427 2959 1524 2985 Psaim.
1542 2960 1590 2991 63,
1609 2959 1641 2991 7,
1661 2958 1706 2985 ubi
1726 2966 1775 2992 pro
1795 2957 1911 2985 Accedat
1938 2958 1997 2984 Vat.
2024 2964 2086 2984 cum
2105 2957 2220 2989 Vulgata
2239 2958 2286 2985 Ac-

1326 3003 1406 3031 cedet.

1396 3046 1408 3062 ⁰
1426 3047 1476 3074 Csr.
1496 3055 1576 3081 supra
1595 3056 1620 3074 n.
1641 3048 1683 3075 34.
1696 3062 1732 3068 -
1744 3048 1854 3075 interius
1872 3055 1921 3081 pro
1934 3046 2081 3074 dissolvere
2099 3046 2119 3072 B
2138 3044 2285 3080 disputare,

1325 3093 1344 3118 E
1363 3091 1521 3126 displicere,
1542 3092 1600 3119 Vat.
1620 3091 1758 3127 dispicere.

1397 3135 1419 3151 ¹⁰
1438 3137 1532 3163 Psaim.
1553 3137 1619 3170 131,
1639 3137 1685 3169 Μ,
1709 3140 1769 3169 post
1797 3144 1878 3170 quem
1907 3137 1934 3163 il.
1963 3137 2030 3169 Reg.
2056 3136 2088 3169 7,
2107 3136 2149 3162 ⁴2.
2175 3142 2233 3168 seq.
2252 3148 2286 3153 —

1325 3181 1416 3207 Glossa
1434 3180 1616 3208 interlinearis
1636 3180 1678 3214 (ex
1698 3181 1782 3213 neda,
1802 3181 1847 3214 qui
1860 3181 1979 3214 sequitur
1991 3179 2123 3213 Ambros.⁷
2136 3180 2171 3206 X.
2184 3180 2210 3206 in
2223 3180 2285 3206 Luc.

1324 3232 1348 3252 c.
1367 3226 1411 3251 20.
1428 3232 1456 3251 n.
1474 3226 1505 3257 2;
1519 3227 1566 3251 cfr.
1584 3225 1663 3251 etiam
1683 3225 1797 3257 Hieron„
1816 3225 1861 3251 iV.
1873 3224 2021 3252 Comment.
2033 3225 2060 3251 in
2078 3225 2166 3251 Matth.
2179 3225 2221 3256 22,
2242 3223 2285 3250 ⁴⁴.

1324 3270 1429 3303 seqq.):
1446 3268 1590 3302 Quomodo
1609 3268 1731 3296 dicunt...
1750 3268 1852 3302 David,
1877 3275 1933 3295 non
1959 3267 2203 3301 reprehenduntur,
2222 3267 2284 3301 quia

1326 3313 1410 3340 David
1429 3314 1512 3340 sslium
1530 3313 1635 3345 dicunt,
1654 3313 1701 3340 sed
1719 3313 1781 3347 quia
1801 3313 1847 3339 Dei
1865 3312 1958 3339 Filium
1977 3319 2029 3339 non
2049 3312 2167 3338 credunt.

1395 3357 1417 3373 ²¹
1438 3358 1514 3385 Vers.
1527 3358 1572 3384 32.
1588 3371 1624 3378 —
1643 3358 1766 3391 Sequitur
1785 3357 1872 3384 Matth.
1892 3357 1921 3383 24
1934 3376 1942 3389 ,
1961 3357 1987 3383 9.

1396 3401 1418 3417 ¹²
1438 3402 1513 3428 Vers.
1533 3402 1563 3433 8,
1584 3402 1627 3428 cui
1646 3400 1809 3428 subnectitur
1828 3402 1885 3427 Act.
1903 3402 1934 3432 2,
1954 3401 1998 3427 30.
2016 3407 2074 3434 seq.

2307 2468 2427 2498 Assumitui·

2314 2497 2423 2521 generatio

2309 2521 2429 2543 aeternalis.

2335 1245 2381 1266 risti
2395 1250 2436 1266 can
